None,ticker,dimension,calendardate,datekey,reportperiod,lastupdated,accoci,assets,assetsavg,assetsc,assetsnc,assetturnover,bvps,capex,cashneq,cashnequsd,cor,consolinc,currentratio,de,debt,debtc,debtnc,debtusd,deferredrev,depamor,deposits,divyield,dps,ebit,ebitda,ebitdamargin,ebitdausd,ebitusd,ebt,eps,epsdil,epsusd,equity,equityavg,equityusd,ev,evebit,evebitda,fcf,fcfps,fxusd,gp,grossmargin,intangibles,intexp,invcap,invcapavg,inventory,investments,investmentsc,investmentsnc,liabilities,liabilitiesc,liabilitiesnc,marketcap,ncf,ncfbus,ncfcommon,ncfdebt,ncfdiv,ncff,ncfi,ncfinv,ncfo,ncfx,netinc,netinccmn,netinccmnusd,netincdis,netincnci,netmargin,opex,opinc,payables,payoutratio,pb,pe,pe1,ppnenet,prefdivis,price,ps,ps1,receivables,retearn,revenue,revenueusd,rnd,roa,roe,roic,ros,sbcomp,sgna,sharefactor,sharesbas,shareswa,shareswadil,sps,tangibles,taxassets,taxexp,taxliabilities,tbvps,workingcapital
0,MTW,MRY,2020-12-31,2020-12-31,2020-12-31,2021-09-07,-97500000.0,1603500000.0,1595825000.0,866000000.0,737500000.0,0.904,18.621,-25800000.0,128700000.0,128700000.0,1188700000.0,-19100000.0,1.987,1.492,339300000.0,10500000.0,328800000.0,339300000.0,32400000.0,37500000.0,25500000.0,0.0,0.0,27100000.0,64600000.0,0.045,64600000.0,27100000.0,-2000000.0,-0.55,-0.55,-0.55,643500000.0,626400000.0,643500000.0,701775072.0,26.0,10.863,-60900000.0,-1.762,1.0,254700000.0,0.176,356700000.0,29100000.0,1021600000.0,1049250000.0,473100000.0,13600000.0,13600000.0,0.0,960000000.0,435800000.0,524200000.0,459975072.0,-70600000.0,0.0,-12000000.0,-2900000.0,0.0,-14800000.0,-25800000.0,0.0,-35100000.0,5100000.0,-19100000.0,-19100000.0,-19100000.0,0.0,0.0,-0.013,216100000.0,38600000.0,329400000.0,0.0,0.715,-24.082,-24.2,332200000.0,0.0,13.31,0.319,0.319,215100000.0,216900000.0,1443400000.0,1443400000.0,0.0,-0.012,-0.03,0.026,0.019,6500000.0,208800000.0,1.0,34558608.0,34558608.0,,41.767,1246800000.0,0.0,17100000.0,5900000.0,36.078,430200000.0
1,MTW,MRY,2019-12-31,2019-12-31,2019-12-31,2021-09-07,-121000000.0,1617700000.0,1623725000.0,872400000.0,745300000.0,1.13,18.272,-17900000.0,199300000.0,199300000.0,1490000000.0,46600000.0,1.979,1.505,349800000.0,3800000.0,346000000.0,349800000.0,30300000.0,35300000.0,25800000.0,0.0,0.0,91700000.0,127000000.0,0.069,127000000.0,91700000.0,59000000.0,1.31,1.31,1.31,645900000.0,616625000.0,645900000.0,897008305.0,10.0,7.063,-71200000.0,-2.014,1.0,344100000.0,0.188,348800000.0,32700000.0,978500000.0,1069775000.0,461400000.0,17400000.0,17400000.0,0.0,971800000.0,440900000.0,530900000.0,618608305.0,59000000.0,0.0,-7400000.0,10700000.0,0.0,3700000.0,108400000.0,126300000.0,-53300000.0,200000.0,46600000.0,46600000.0,46600000.0,0.0,0.0,0.025,235700000.0,108400000.0,340800000.0,0.0,0.958,13.275,13.359,337500000.0,0.0,17.5,0.337,0.337,168300000.0,236200000.0,1834100000.0,1834100000.0,0.0,0.029,0.076,0.086,0.05,10100000.0,225600000.0,1.0,35349046.0,35349046.0,,51.885,1268900000.0,0.0,12400000.0,5500000.0,35.896,431500000.0
2,MTW,MRY,2018-12-31,2018-12-31,2018-12-31,2021-09-07,-116600000.0,1541900000.0,1603650000.0,842900000.0,699000000.0,1.152,16.897,-18700000.0,140300000.0,140300000.0,1518700000.0,-67100000.0,1.697,1.564,273100000.0,6400000.0,266700000.0,273100000.0,25200000.0,36400000.0,9600000.0,0.0,0.0,-32800000.0,3600000.0,0.002,3600000.0,-32800000.0,-71900000.0,-1.89,-1.89,-1.89,601300000.0,657225000.0,601300000.0,706404467.0,-22.0,196.223,-531700000.0,-14.941,1.0,328100000.0,0.178,350900000.0,39100000.0,827200000.0,864725000.0,453100000.0,19400000.0,19400000.0,0.0,940600000.0,496600000.0,444000000.0,525604467.0,17300000.0,0.0,0.0,-3800000.0,0.0,-1300000.0,534400000.0,553100000.0,-513000000.0,-2800000.0,-67100000.0,-67100000.0,-67100000.0,200000.0,0.0,-0.036,347400000.0,-19300000.0,425200000.0,0.0,0.874,-7.833,-7.815,288900000.0,0.0,14.77,0.285,0.285,171800000.0,189600000.0,1846800000.0,1846800000.0,0.0,-0.042,-0.102,-0.038,-0.018,7400000.0,251600000.0,1.0,35585949.0,35585949.0,,51.897,1191000000.0,0.0,-4800000.0,5700000.0,33.468,346300000.0
3,MTW,MRY,2017-12-31,2017-12-31,2017-12-31,2021-09-07,-97400000.0,1607800000.0,1568150000.0,790400000.0,817400000.0,1.008,19.256,-21900000.0,123000000.0,123000000.0,1299400000.0,9400000.0,1.745,1.373,274900000.0,8200000.0,266700000.0,274900000.0,20800000.0,38900000.0,12700000.0,0.0,0.0,-900000.0,38000000.0,0.024,38000000.0,-900000.0,-40100000.0,0.26,0.26,0.26,677500000.0,618050000.0,677500000.0,1642422735.0,-1825.0,43.222,-346800000.0,-9.857,1.0,281900000.0,0.178,443400000.0,39200000.0,863300000.0,919400000.0,400600000.0,31100000.0,31100000.0,0.0,930300000.0,453000000.0,477300000.0,1384122735.0,49100000.0,0.0,0.0,-15400000.0,0.0,-9700000.0,381300000.0,402800000.0,-324900000.0,2400000.0,9400000.0,9400000.0,9400000.0,600000.0,0.0,0.006,273500000.0,8400000.0,375800000.0,0.0,2.043,147.247,151.308,303700000.0,0.0,39.34,0.875,0.875,179200000.0,256700000.0,1581300000.0,1581300000.0,0.0,0.006,0.015,-0.001,-0.001,8500000.0,245300000.0,1.0,35183598.0,35183598.0,,44.944,1164400000.0,0.0,-49500000.0,13000000.0,33.095,337400000.0
4,MTW,MRY,2016-12-31,2016-12-31,2016-12-31,2021-09-07,-162900000.0,1517800000.0,1675825000.0,749700000.0,768100000.0,0.963,17.021,-37500000.0,69900000.0,69900000.0,1359800000.0,-375800000.0,1.816,1.57,281500000.0,12400000.0,269100000.0,281500000.0,20300000.0,48600000.0,21000000.0,0.0,0.0,-235700000.0,-187100000.0,-0.116,-187100000.0,-235700000.0,-275300000.0,-10.91,-10.91,-10.91,590500000.0,683300000.0,590500000.0,1095257080.0,-5.0,-5.854,-663700000.0,-19.131,1.0,253300000.0,0.157,413700000.0,39600000.0,902900000.0,1013350000.0,429000000.0,62400000.0,62400000.0,0.0,927300000.0,412800000.0,514500000.0,829857080.0,8300000.0,0.0,0.0,-1134200000.0,0.0,219400000.0,414200000.0,453900000.0,-626200000.0,900000.0,-375800000.0,-375800000.0,-375800000.0,7200000.0,0.0,-0.233,396300000.0,-143000000.0,321200000.0,0.0,1.405,-2.208,-2.192,308800000.0,0.0,23.92,0.514,0.514,134400000.0,247300000.0,1613100000.0,1613100000.0,0.0,-0.224,-0.55,-0.233,-0.146,-700000.0,270400000.0,1.0,34693022.0,34693022.0,,46.496,1104100000.0,0.0,100500000.0,36600000.0,31.825,336900000.0
5,MTW,MRY,2015-12-31,2015-12-31,2015-12-31,2021-09-07,-207800000.0,3562500000.0,3757425000.0,1041600000.0,2520900000.0,0.497,24.667,-47600000.0,31500000.0,31500000.0,1533500000.0,65500000.0,1.179,3.229,1397600000.0,67200000.0,1330400000.0,1397600000.0,29700000.0,53600000.0,10300000.0,0.005,0.32,120000000.0,173600000.0,0.093,173600000.0,120000000.0,24400000.0,1.92,1.92,1.92,842300000.0,797550000.0,842300000.0,3639850529.0,30.0,20.967,53200000.0,1.558,1.0,332200000.0,0.178,425800000.0,95600000.0,3619200000.0,2841575000.0,489200000.0,65100000.0,65100000.0,0.0,2720200000.0,883600000.0,1836600000.0,2096650529.0,-4600000.0,0.0,0.0,-109700000.0,-10900000.0,-112900000.0,14100000.0,0.0,100800000.0,-6600000.0,65500000.0,65500000.0,65500000.0,-135400000.0,0.0,0.035,344600000.0,-12400000.0,436300000.0,0.167,2.489,32.01,31.979,410700000.0,0.0,61.4,1.124,1.124,155700000.0,562300000.0,1865700000.0,1865700000.0,0.0,0.017,0.082,0.042,0.064,7500000.0,316900000.0,1.0,34147403.0,34147403.0,,54.637,3136700000.0,0.0,-41100000.0,25600000.0,91.858,158000000.0
6,MTW,MRY,2014-12-31,2014-12-31,2014-12-31,2021-09-07,-130500000.0,3816600000.0,4050250000.0,1186100000.0,2630500000.0,0.569,24.324,-46700000.0,91700000.0,91700000.0,1838000000.0,147800000.0,1.173,3.631,1523500000.0,80300000.0,1443200000.0,1523500000.0,37900000.0,50500000.0,21300000.0,0.004,0.32,218900000.0,269400000.0,0.117,269400000.0,218900000.0,126100000.0,4.28,4.28,4.28,824100000.0,834375000.0,824100000.0,4642057526.0,21.0,17.231,34300000.0,1.012,1.0,467200000.0,0.203,1912800000.0,92800000.0,2324300000.0,2717350000.0,644500000.0,0.0,0.0,0.0,2992500000.0,1011300000.0,1981200000.0,2995057526.0,13100000.0,0.0,0.0,-3600000.0,-10800000.0,4000000.0,-66300000.0,0.0,81000000.0,-5600000.0,143900000.0,143900000.0,143900000.0,-150400000.0,3900000.0,0.062,360100000.0,107100000.0,807400000.0,0.075,3.634,20.813,20.654,591000000.0,0.0,88.4,1.299,1.299,227400000.0,486900000.0,2305200000.0,2305200000.0,0.0,0.036,0.172,0.081,0.095,-200000.0,350200000.0,1.0,33880741.0,33880741.0,,68.039,1903800000.0,71300000.0,-17800000.0,186200000.0,56.191,174800000.0
7,MTW,MRY,2013-12-31,2013-12-31,2013-12-31,2021-09-07,-6900000.0,3976600000.0,4104325000.0,1262900000.0,2713700000.0,0.986,23.214,-106600000.0,67700000.0,67700000.0,3026300000.0,167600000.0,1.122,4.119,1526800000.0,22700000.0,1504100000.0,1526800000.0,37600000.0,103800000.0,34900000.0,0.003,0.32,306300000.0,410100000.0,0.101,410100000.0,306300000.0,177900000.0,4.28,4.2,4.28,775500000.0,695625000.0,775500000.0,4825426811.0,16.0,11.766,216500000.0,6.481,1.0,1021800000.0,0.252,1984800000.0,128400000.0,2325500000.0,2702550000.0,720800000.0,0.0,0.0,0.0,3194300000.0,1125400000.0,2068900000.0,3116226811.0,-18300000.0,27000000.0,0.0,-252400000.0,-10700000.0,-256400000.0,-82200000.0,0.0,323100000.0,-2800000.0,141800000.0,141800000.0,141800000.0,21500000.0,25800000.0,0.035,657400000.0,364400000.0,935600000.0,0.075,4.018,21.976,21.794,578800000.0,0.0,93.28,0.77,0.77,255500000.0,353200000.0,4048100000.0,4048100000.0,0.0,0.035,0.204,0.113,0.076,14900000.0,617600000.0,1.0,33407234.0,33407234.0,,121.174,1991800000.0,89900000.0,36100000.0,214300000.0,59.622,137500000.0
8,MTW,MRY,2012-12-31,2012-12-31,2012-12-31,2021-09-07,-29400000.0,4057300000.0,4134975000.0,1328000000.0,2729300000.0,0.946,18.126,-72100000.0,83800000.0,83800000.0,2970300000.0,92600000.0,1.159,5.79,1801000000.0,69000000.0,1732000000.0,1801000000.0,37700000.0,104600000.0,24100000.0,0.005,0.32,275300000.0,379900000.0,0.097,379900000.0,275300000.0,139700000.0,3.08,3.04,3.08,600300000.0,552175000.0,600300000.0,4028377471.0,15.0,10.604,90300000.0,2.727,1.0,943000000.0,0.241,2000400000.0,135600000.0,2628200000.0,2902800000.0,692700000.0,0.0,0.0,0.0,3476000000.0,1145900000.0,2330100000.0,2077177471.0,4900000.0,0.0,0.0,-93800000.0,-10600000.0,-83200000.0,-75500000.0,0.0,162400000.0,1200000.0,101700000.0,101700000.0,101700000.0,16300000.0,-9100000.0,0.026,646100000.0,296900000.0,911500000.0,0.104,3.46,20.425,20.364,539300000.0,0.0,62.72,0.531,0.531,330700000.0,222100000.0,3913300000.0,3913300000.0,0.0,0.025,0.184,0.095,0.07,16400000.0,597600000.0,1.0,33118263.0,33118263.0,,118.161,2056900000.0,88300000.0,38000000.0,220600000.0,62.108,182100000.0
9,MTW,MRY,2011-12-31,2011-12-31,2011-12-31,2021-09-07,-24800000.0,4022600000.0,4090725000.0,1236900000.0,2785700000.0,0.877,14.889,-47300000.0,75800000.0,75800000.0,2756400000.0,-17700000.0,1.121,7.213,1890000000.0,79100000.0,1810900000.0,1890000000.0,34200000.0,117600000.0,35100000.0,0.009,0.32,147800000.0,265400000.0,0.074,265400000.0,147800000.0,2400000.0,-0.36,-0.32,-0.36,491000000.0,485125000.0,491000000.0,3213310902.0,22.0,12.107,-30200000.0,-0.916,1.0,832900000.0,0.232,2039600000.0,145400000.0,2693700000.0,2838700000.0,662300000.0,2700000.0,2700000.0,0.0,3541500000.0,1103500000.0,2438000000.0,1212210902.0,-13700000.0,143600000.0,0.0,-145400000.0,-10600000.0,-125900000.0,98400000.0,0.0,17100000.0,-3300000.0,-11200000.0,-11200000.0,-11200000.0,0.0,-6500000.0,-0.003,603400000.0,229500000.0,864200000.0,-0.889,2.469,-108.233,-102.111,564500000.0,0.0,36.76,0.338,0.338,294500000.0,131000000.0,3589300000.0,3589300000.0,0.0,-0.003,-0.023,0.052,0.041,13700000.0,561000000.0,1.0,32976358.0,32976358.0,,108.845,1983000000.0,116700000.0,13600000.0,258200000.0,60.134,133400000.0
10,MTW,MRY,2010-12-31,2010-12-31,2010-12-31,2021-09-07,9900000.0,4011100000.0,4211900000.0,1162400000.0,2848700000.0,0.739,15.589,-12700000.0,93100000.0,93100000.0,2352100000.0,-77300000.0,1.165,6.842,1997400000.0,61800000.0,1935600000.0,1997400000.0,27800000.0,123900000.0,48900000.0,0.006,0.32,126600000.0,250500000.0,0.081,250500000.0,126600000.0,-48400000.0,-2.28,-2.28,-2.28,511900000.0,536275000.0,511900000.0,3767104688.0,30.0,15.038,196600000.0,5.987,1.0,759400000.0,0.244,2066700000.0,175000000.0,2851300000.0,2966175000.0,558800000.0,2700000.0,2700000.0,0.0,3502600000.0,997400000.0,2505200000.0,1722004688.0,-20000000.0,-4800000.0,0.0,-194700000.0,-10600000.0,-204400000.0,-24900000.0,0.0,209300000.0,0.0,-74600000.0,-74600000.0,-74600000.0,8100000.0,-2700000.0,-0.024,552400000.0,207000000.0,748000000.0,-0.14,3.364,-23.083,-23.0,565800000.0,0.0,52.44,0.553,0.553,255100000.0,134700000.0,3111500000.0,3111500000.0,0.0,-0.018,-0.139,0.043,0.041,0.0,508900000.0,1.0,32837618.0,32837618.0,,94.754,1944400000.0,131300000.0,26200000.0,213300000.0,59.213,165000000.0
11,MTW,MRY,2009-12-31,2009-12-31,2009-12-31,2021-09-07,61800000.0,4278700000.0,4730550000.0,1259900000.0,3018800000.0,0.765,18.614,-49600000.0,110200000.0,110200000.0,2822400000.0,-671600000.0,1.103,6.04,2172400000.0,144900000.0,2027500000.0,2172400000.0,31800000.0,126300000.0,71000000.0,0.008,0.32,-560600000.0,-434300000.0,-0.12,-434300000.0,-560600000.0,-734600000.0,-20.56,-20.56,-20.56,607900000.0,611750000.0,607900000.0,3530597590.0,-6.0,-8.129,289900000.0,8.877,1.0,797400000.0,0.22,2102700000.0,174000000.0,3096000000.0,3582175000.0,581300000.0,2600000.0,2600000.0,0.0,3671500000.0,1142200000.0,2529300000.0,1302397590.0,-66400000.0,149200000.0,0.0,-498000000.0,-10500000.0,-506500000.0,94900000.0,0.0,339500000.0,5700000.0,-669100000.0,-669100000.0,-669100000.0,58300000.0,-2500000.0,-0.185,1281500000.0,-484100000.0,782400000.0,-0.016,2.142,-1.946,-1.94,641100000.0,0.0,39.88,0.36,0.36,294800000.0,188700000.0,3619800000.0,3619800000.0,0.0,-0.141,-1.094,-0.156,-0.155,0.0,529800000.0,1.0,32657914.0,32657914.0,,110.84,2176000000.0,142000000.0,-65500000.0,196000000.0,66.63,117700000.0
12,MTW,MRY,2008-12-31,2008-12-31,2008-12-31,2021-09-07,68500000.0,6086100000.0,3988575000.0,2155000000.0,3931100000.0,1.123,40.521,-139900000.0,178100000.0,178100000.0,3465600000.0,8100000.0,1.332,3.608,2655300000.0,182300000.0,2473000000.0,2655300000.0,56300000.0,91000000.0,48500000.0,0.009,0.32,42200000.0,133200000.0,0.03,133200000.0,42200000.0,-9400000.0,0.32,0.32,0.32,1320500000.0,1505500000.0,1320500000.0,991243072.0,23.0,7.442,166200000.0,5.1,1.0,1013600000.0,0.226,2899500000.0,51600000.0,4045700000.0,1856200000.0,925300000.0,2600000.0,2600000.0,0.0,4763800000.0,1618100000.0,3145700000.0,1128843072.0,-196800000.0,-2291500000.0,0.0,1926300000.0,-10400000.0,1926900000.0,-2425200000.0,-100000.0,306100000.0,-4600000.0,10000000.0,10000000.0,10000000.0,91700000.0,-1900000.0,0.002,492600000.0,521000000.0,1206300000.0,1.0,0.855,112.884,108.25,728800000.0,0.0,34.64,0.252,0.252,608200000.0,903400000.0,4479200000.0,4479200000.0,0.0,0.003,0.007,0.023,0.009,0.0,451900000.0,1.0,32587848.0,32587848.0,,137.45,3186600000.0,138100000.0,-19400000.0,283700000.0,97.785,536900000.0
13,MTW,MRY,2007-12-31,2007-12-31,2007-12-31,2021-09-07,114500000.0,2871400000.0,2559625000.0,1575600000.0,1295800000.0,1.439,42.991,-103000000.0,383600000.0,383600000.0,2822500000.0,336700000.0,1.466,1.127,230600000.0,13100000.0,217500000.0,230600000.0,60600000.0,86000000.0,0.0,0.002,0.3,493900000.0,579900000.0,0.157,579900000.0,493900000.0,458800000.0,10.8,10.56,10.8,1349900000.0,1051625000.0,1349900000.0,6287433546.0,13.0,10.842,141000000.0,4.49,1.0,861500000.0,0.234,672200000.0,35100000.0,971600000.0,934975000.0,591000000.0,2500000.0,2500000.0,0.0,1521500000.0,1074600000.0,446900000.0,6133033546.0,192000000.0,-75100000.0,157100000.0,-51300000.0,-9500000.0,123900000.0,-186600000.0,-100000.0,244000000.0,10700000.0,336700000.0,336700000.0,336700000.0,-21900000.0,0.0,0.091,389000000.0,472500000.0,845700000.0,0.028,4.543,18.215,18.085,468900000.0,0.0,195.32,1.665,1.665,416700000.0,903800000.0,3684000000.0,3684000000.0,0.0,0.132,0.32,0.528,0.134,0.0,377900000.0,1.0,31399926.0,31399926.0,,117.325,2199200000.0,93700000.0,122100000.0,0.0,70.038,501000000.0
14,MTW,MRY,2006-12-31,2006-12-31,2006-12-31,2021-09-07,48000000.0,2219500000.0,2126325000.0,1142700000.0,1076800000.0,1.247,25.149,-54100000.0,188800000.0,188800000.0,2039500000.0,166200000.0,1.222,1.866,268400000.0,4100000.0,264300000.0,268400000.0,71600000.0,70700000.0,0.0,0.002,0.28,287300000.0,358000000.0,0.135,358000000.0,287300000.0,241000000.0,5.44,5.28,5.44,774500000.0,672625000.0,774500000.0,3890777814.0,14.0,10.868,238900000.0,7.757,1.0,611300000.0,0.231,622100000.0,46300000.0,741600000.0,900100000.0,492400000.0,2400000.0,2400000.0,0.0,1445000000.0,935400000.0,509600000.0,3660477814.0,-54600000.0,-48400000.0,0.0,-256500000.0,-8600000.0,-232900000.0,-120800000.0,-100000.0,293000000.0,6100000.0,166200000.0,166200000.0,166200000.0,-7200000.0,0.0,0.063,320200000.0,291100000.0,839600000.0,0.051,4.726,22.025,21.849,398900000.0,0.0,118.86,1.381,1.381,285200000.0,587400000.0,2650800000.0,2650800000.0,0.0,0.078,0.247,0.319,0.108,0.0,316900000.0,1.0,30796549.0,30796549.0,,86.075,1597400000.0,112000000.0,74800000.0,0.0,51.869,207300000.0
15,MTW,MRY,2005-12-31,2005-12-31,2005-12-31,2021-09-07,16600000.0,1961800000.0,1907614000.0,953400000.0,1008400000.0,1.182,17.959,-39800000.0,229500000.0,229500000.0,1832200000.0,65800000.0,1.381,2.611,493400000.0,19400000.0,474000000.0,493400000.0,81700000.0,63500000.0,0.0,0.006,0.28,134400000.0,197900000.0,0.088,197900000.0,134400000.0,80600000.0,2.2,2.12,2.2,543300000.0,523411250.0,543300000.0,1893344444.0,14.0,9.567,66900000.0,2.211,1.0,421900000.0,0.187,569500000.0,53800000.0,965900000.0,1059789000.0,331500000.0,2300000.0,2300000.0,0.0,1418500000.0,690300000.0,728200000.0,1519256444.0,53100000.0,0.0,0.0,-40500000.0,-8400000.0,-38100000.0,-11600000.0,-100000.0,106700000.0,-3900000.0,65800000.0,65800000.0,65800000.0,-6700000.0,0.0,0.029,285100000.0,136800000.0,591800000.0,0.127,2.796,23.089,22.827,353900000.0,0.0,50.22,0.674,0.674,243200000.0,429800000.0,2254100000.0,2254100000.0,0.0,0.034,0.126,0.127,0.06,0.0,282300000.0,1.0,30252020.0,30252020.0,,74.511,1392300000.0,101100000.0,14800000.0,0.0,46.023,263100000.0
16,MTW,MRY,2004-12-31,2004-12-31,2004-12-31,2021-09-07,61014000.0,1928136000.0,1795782500.0,845961000.0,1082175000.0,1.027,19.323,-27800000.0,176415000.0,176415000.0,1469200000.0,39100000.0,1.296,2.716,583841000.0,71605000.0,512236000.0,583841000.0,82587000.0,53200000.0,0.0,0.007,0.28,104000000.0,157200000.0,0.085,157200000.0,104000000.0,48000000.0,1.46,1.44,1.46,518929000.0,409983750.0,518929000.0,1542361976.0,15.0,9.811,29200000.0,1.087,1.0,375700000.0,0.204,606210000.0,56000000.0,1076672000.0,1109931000.0,287036000.0,2248000.0,2248000.0,0.0,1409207000.0,652680000.0,756527000.0,1011090976.0,131400000.0,0.0,104900000.0,-11500000.0,-7500000.0,92600000.0,-20000000.0,0.0,57000000.0,1800000.0,39100000.0,39100000.0,39100000.0,-1000000.0,0.0,0.021,271700000.0,104000000.0,513504000.0,0.192,1.948,25.859,25.788,357568000.0,0.0,37.65,0.548,0.548,244335000.0,372398000.0,1844900000.0,1844900000.0,0.0,0.022,0.095,0.094,0.056,0.0,266400000.0,1.0,26855006.0,26855006.0,,68.699,1321926000.0,109453000.0,8900000.0,0.0,49.225,193281000.0
17,MTW,MRY,2003-12-31,2003-12-31,2003-12-31,2021-09-07,40800000.0,1660149000.0,1625339750.0,646089000.0,1014060000.0,0.903,13.398,-17256000.0,44968000.0,44968000.0,1151373000.0,3549000.0,1.185,3.663,592300000.0,25216000.0,567084000.0,592300000.0,0.0,47636000.0,0.0,0.009,0.28,61118000.0,108754000.0,0.074,108754000.0,61118000.0,5445000.0,0.13,0.13,0.13,355992000.0,316096250.0,355992000.0,1402198540.0,23.0,12.893,133607000.0,5.028,1.0,316717000.0,0.216,588181000.0,55673000.0,1074076000.0,1165760000.0,232877000.0,2220000.0,2220000.0,0.0,1304157000.0,545224000.0,758933000.0,829017540.0,16933000.0,0.0,118000.0,-115216000.0,-7446000.0,-122544000.0,-15100000.0,150000.0,150863000.0,3714000.0,3549000.0,3549000.0,3549000.0,5089000.0,0.0,0.002,243210000.0,73507000.0,454394000.0,2.154,2.329,233.592,240.0,334618000.0,0.0,31.2,0.565,0.565,245010000.0,340792000.0,1468090000.0,1468090000.0,0.0,0.002,0.011,0.052,0.042,0.0,243584000.0,1.0,26571075.0,26571075.0,,55.251,1071968000.0,106272000.0,1896000.0,0.0,40.343,100865000.0
18,MTW,MRY,2002-12-31,2002-12-31,2002-12-31,2021-09-07,-51000.0,1600646000.0,1376761250.0,647164000.0,953482000.0,0.985,12.074,-16297000.0,28035000.0,28035000.0,1035086000.0,-20502000.0,1.406,4.023,666179000.0,42632000.0,623547000.0,666179000.0,0.0,35078000.0,0.0,0.011,0.28,54890000.0,89968000.0,0.066,89968000.0,54890000.0,2927000.0,-0.82,-0.8,-0.82,318638000.0,296769250.0,318638000.0,1320404426.0,24.0,14.676,78242000.0,2.965,1.0,321337000.0,0.237,531160000.0,51963000.0,1247232000.0,1015562250.0,255218000.0,2371000.0,2371000.0,0.0,1282008000.0,460398000.0,821610000.0,672951426.0,4454000.0,976000.0,1511000.0,-79481000.0,-7432000.0,-85402000.0,-4433000.0,-220000.0,94539000.0,-250000.0,-20502000.0,-20502000.0,-20502000.0,25352000.0,0.0,-0.015,204295000.0,117042000.0,350315000.0,-0.341,2.112,-32.824,-31.098,319301000.0,0.0,25.5,0.496,0.496,226091000.0,344689000.0,1356423000.0,1356423000.0,0.0,-0.015,-0.069,0.054,0.04,0.0,192603000.0,1.0,26390252.0,26390252.0,,51.399,1069486000.0,116403000.0,23429000.0,0.0,40.526,186766000.0
19,MTW,MRY,2001-12-31,2001-12-31,2001-12-31,2021-09-07,-3937000.0,1080812000.0,994922000.0,331090000.0,749722000.0,0.989,10.868,-18885000.0,23581000.0,23581000.0,713825000.0,45548000.0,1.118,3.097,488570000.0,42048000.0,446522000.0,488570000.0,0.0,31102000.0,0.0,0.01,0.3,110831000.0,141933000.0,0.144,141933000.0,110831000.0,73423000.0,1.87,1.86,1.87,263795000.0,255543000.0,263795000.0,1222284116.0,11.0,8.612,87730000.0,3.614,1.0,270598000.0,0.275,507739000.0,37408000.0,741901000.0,644178250.0,123056000.0,2151000.0,2151000.0,0.0,817017000.0,296161000.0,520856000.0,754909116.0,9598000.0,-285533000.0,183000.0,214895000.0,-7358000.0,207720000.0,-304682000.0,-107000.0,106615000.0,-55000.0,45548000.0,45548000.0,45548000.0,-1154000.0,0.0,0.046,155381000.0,115217000.0,236131000.0,0.16,2.862,16.574,16.631,175384000.0,0.0,31.1,0.767,0.767,141211000.0,372623000.0,984423000.0,984423000.0,0.0,0.046,0.178,0.172,0.113,0.0,143039000.0,1.0,24273605.0,24273605.0,,40.555,573073000.0,28346000.0,27875000.0,5143000.0,23.609,34929000.0
20,MTW,MRY,2000-12-31,2000-12-31,2000-12-31,2021-09-07,-2569000.0,642530000.0,611752250.0,223507000.0,419023000.0,1.262,9.487,-9168000.0,13983000.0,13983000.0,554303000.0,60268000.0,0.933,1.749,218938000.0,81270000.0,137668000.0,218938000.0,0.0,15796000.0,0.0,0.01,0.3,106346000.0,122142000.0,0.158,122142000.0,106346000.0,93537000.0,2.42,2.4,2.42,233769000.0,228516250.0,233769000.0,851607076.0,8.0,6.972,53879000.0,2.187,1.0,217984000.0,0.282,308751000.0,12809000.0,299244000.0,250722000.0,91178000.0,2044000.0,2044000.0,0.0,408761000.0,239490000.0,169271000.0,714596076.0,3886000.0,-98982000.0,-49413000.0,106926000.0,-7507000.0,50006000.0,-109037000.0,-121000.0,63047000.0,-130000.0,60268000.0,60268000.0,60268000.0,-4096000.0,0.0,0.078,113697000.0,104287000.0,144713000.0,0.124,3.057,11.857,11.983,99940000.0,0.0,29.0,0.925,0.925,88231000.0,334433000.0,772287000.0,772287000.0,0.0,0.099,0.264,0.424,0.138,0.0,106976000.0,1.0,24641244.0,24641244.0,,31.341,333779000.0,20592000.0,33269000.0,0.0,13.546,-15983000.0
21,MTW,MRY,1999-12-31,1999-12-31,1999-12-31,2021-09-07,-814000.0,530240000.0,536226750.0,190998000.0,339242000.0,1.537,8.936,-7223000.0,10097000.0,10097000.0,590627000.0,66784000.0,1.009,1.284,112012000.0,32789000.0,79223000.0,112012000.0,0.0,16713000.0,0.0,0.009,0.3,116796000.0,133509000.0,0.162,133509000.0,116796000.0,106006000.0,2.57,2.55,2.57,232176000.0,232176000.0,232176000.0,989623832.0,8.0,7.412,96148000.0,3.7,1.0,233712000.0,0.284,232729000.0,10790000.0,210118000.0,217996000.0,91437000.0,1923000.0,1923000.0,0.0,298064000.0,189308000.0,108756000.0,883416832.0,-485000.0,-62104000.0,1241000.0,-27290000.0,-7799000.0,-34422000.0,-69416000.0,-89000.0,103371000.0,-18000.0,66784000.0,66784000.0,66784000.0,0.0,0.0,0.081,114761000.0,118951000.0,141909000.0,0.117,3.805,13.228,13.23,92023000.0,0.0,34.0,1.072,1.072,62802000.0,281672000.0,824339000.0,824339000.0,0.0,0.125,0.288,0.536,0.142,0.0,107369000.0,1.0,25982848.0,25982848.0,,31.726,297511000.0,22528000.0,39222000.0,0.0,11.45,1690000.0
22,MTW,MRY,1998-12-31,1998-12-31,1998-12-31,2021-09-07,-212000.0,481014000.0,446280000.0,190877000.0,290137000.0,1.577,6.651,-10349000.0,10582000.0,10582000.0,508299000.0,51380000.0,0.963,1.788,139302000.0,59468000.0,79834000.0,139302000.0,0.0,14610000.0,0.0,0.01,0.299,91153000.0,105763000.0,0.15,105763000.0,91153000.0,81412000.0,1.98,1.97,1.98,172552000.0,164512750.0,172552000.0,866855210.0,10.0,8.196,46465000.0,1.791,1.0,195621000.0,0.278,184926000.0,9741000.0,226696000.0,236911000.0,81978000.0,1834000.0,1834000.0,0.0,308462000.0,198112000.0,110350000.0,767553210.0,-1306000.0,-48175000.0,355000.0,8443000.0,-7781000.0,496000.0,-58618000.0,-94000.0,56814000.0,2000.0,51380000.0,51380000.0,51380000.0,0.0,0.0,0.073,103001000.0,92620000.0,123534000.0,0.151,4.448,14.939,14.943,93583000.0,0.0,29.587,1.09,1.09,69504000.0,222687000.0,703920000.0,703920000.0,0.0,0.115,0.312,0.385,0.129,0.0,98120000.0,1.0,25942538.0,25942538.0,,27.134,296088000.0,21682000.0,30032000.0,0.0,11.413,-7235000.0
23,MTW,MRY,1997-12-31,1997-12-31,1997-12-31,2021-09-07,-192000.0,396368000.0,357039000.0,145516000.0,250852000.0,1.529,4.966,-8507000.0,11888000.0,11888000.0,393264000.0,36423000.0,0.852,2.082,130859000.0,64500000.0,66359000.0,130859000.0,0.0,11712000.0,0.0,0.014,0.298,64047000.0,75759000.0,0.139,75759000.0,64047000.0,57817000.0,1.41,1.4,1.41,128618000.0,117559000.0,128618000.0,627298638.0,10.0,8.28,35080000.0,1.354,1.0,152600000.0,0.28,146983000.0,6230000.0,197544000.0,192976500.0,54701000.0,1741000.0,1741000.0,0.0,267750000.0,170812000.0,96938000.0,561178638.0,-2476000.0,-66979000.0,38000.0,37494000.0,-7722000.0,29520000.0,-75570000.0,-84000.0,43587000.0,-13000.0,36423000.0,36423000.0,36423000.0,0.0,0.0,0.067,87625000.0,64975000.0,96540000.0,0.211,4.363,15.407,15.366,91191000.0,0.0,21.667,1.028,1.028,59237000.0,179088000.0,545864000.0,545864000.0,0.0,0.102,0.31,0.332,0.117,0.0,84231000.0,1.0,25900552.0,25900552.0,,21.075,249385000.0,15287000.0,21394000.0,0.0,9.629,-25296000.0
24,MTW,MRY,1996-12-31,1996-12-31,1996-12-31,2021-09-07,220000.0,317710000.0,321312500.0,127875000.0,189835000.0,1.558,3.874,-6953000.0,14364000.0,14364000.0,365824000.0,25643000.0,1.159,2.167,87565000.0,11064000.0,76501000.0,87565000.0,0.0,11318000.0,0.0,0.017,0.297,51603000.0,62921000.0,0.126,62921000.0,51603000.0,42506000.0,0.993,0.987,0.993,100329000.0,90995000.0,100329000.0,,,,57561000.0,2.222,1.0,134641000.0,0.269,92200000.0,9097000.0,188409000.0,216483500.0,43978000.0,1657000.0,1657000.0,0.0,217381000.0,110302000.0,107079000.0,466209958.0,-713000.0,-300000.0,0.0,-50511000.0,-7674000.0,-58185000.0,-7352000.0,-99000.0,64514000.0,310000.0,25643000.0,25643000.0,25643000.0,0.0,0.0,0.051,83751000.0,50890000.0,90967000.0,0.299,4.647,18.181,18.127,84703000.0,0.0,18.0,0.932,0.932,53876000.0,150387000.0,500465000.0,500465000.0,0.0,0.08,0.282,0.238,0.103,0.0,79551000.0,1.0,25900553.0,25900553.0,,19.323,225510000.0,12719000.0,16863000.0,0.0,8.707,17573000.0
25,MTW,MRY,1995-12-31,1995-12-31,1995-12-31,2021-09-07,-479000.0,324915000.0,,135145000.0,189770000.0,,,-13553000.0,15077000.0,15077000.0,237679000.0,14569000.0,1.218,2.979,138076000.0,36896000.0,101180000.0,138076000.0,0.0,6706000.0,0.0,0.033,0.296,24985000.0,31691000.0,0.101,31691000.0,24985000.0,23120000.0,0.56,0.56,0.56,81661000.0,,81661000.0,,,,2814000.0,,1.0,75470000.0,0.241,92433000.0,1865000.0,244558000.0,,52928000.0,1558000.0,1558000.0,0.0,243254000.0,110923000.0,132331000.0,,10959000.0,-105944000.0,0.0,113001000.0,-7674000.0,103640000.0,-109010000.0,10487000.0,16367000.0,-38000.0,14569000.0,14569000.0,14569000.0,0.0,0.0,0.047,52318000.0,23152000.0,67531000.0,0.529,,,16.206,87674000.0,0.0,9.076,,,51011000.0,132418000.0,313149000.0,313149000.0,0.0,,,,0.08,0.0,52068000.0,1.0,,,,,232482000.0,11120000.0,8551000.0,0.0,,24222000.0
26,MTW,MRY,1994-12-31,1994-07-02,1994-07-02,2021-09-07,,,,,,,,-5342000.0,,,207456000.0,14043000.0,,,,,,,,6401000.0,,0.04,0.296,22842000.0,29243000.0,0.106,29243000.0,22842000.0,22579000.0,,,,,,,,,,31653000.0,1.073,1.0,67924000.0,0.247,,263000.0,,,,,,,,,,,-22254000.0,-10685000.0,-31091000.0,0.0,-8688000.0,-39779000.0,-19547000.0,-3520000.0,36995000.0,77000.0,14043000.0,14043000.0,14043000.0,0.0,0.0,0.051,46839000.0,21085000.0,,,,,,,0.0,7.446,,0.797,,,275380000.0,275380000.0,0.0,,,,0.083,0.0,46839000.0,1.0,,29486005.0,,9.339,,,8536000.0,,,
0,MTW,MRQ,2021-06-30,2021-06-30,2021-06-30,2021-09-07,-109500000.0,1682300000.0,,972600000.0,709700000.0,,18.8,-7300000.0,158500000.0,158500000.0,373200000.0,17900000.0,1.914,1.564,328900000.0,3700000.0,325200000.0,328900000.0,32000000.0,9800000.0,21000000.0,0.0,0.0,29200000.0,39000000.0,0.084,39000000.0,29200000.0,21900000.0,0.51,0.5,0.51,656200000.0,,656200000.0,1028806814.0,15.0,9.606,1600000.0,0.046,1.0,90400000.0,0.195,354100000.0,7300000.0,990500000.0,,529700000.0,12300000.0,12300000.0,0.0,1026100000.0,508100000.0,518000000.0,851006814.0,0.0,0.0,4400000.0,-7000000.0,0.0,-2600000.0,-7300000.0,0.0,8900000.0,1000000.0,17900000.0,17900000.0,17900000.0,0.0,0.0,0.039,63700000.0,26700000.0,415200000.0,0.0,1.297,52.531,53.261,316700000.0,0.0,24.5,0.531,0.533,233700000.0,231700000.0,463600000.0,463600000.0,0.0,,,,,2300000.0,63600000.0,1.0,34734972.0,34903657.0,35602042.0,13.282,1328200000.0,0.0,4000000.0,3600000.0,38.053,464500000.0
1,MTW,MRQ,2021-03-31,2021-03-31,2021-03-31,2021-09-07,-108100000.0,1627800000.0,,910700000.0,717100000.0,,18.185,-8000000.0,158500000.0,158500000.0,285900000.0,-3100000.0,1.904,1.572,336300000.0,10100000.0,326200000.0,336300000.0,32600000.0,10100000.0,21600000.0,0.0,0.0,8200000.0,18300000.0,0.052,18300000.0,8200000.0,1100000.0,-0.09,-0.09,-0.09,633000000.0,,633000000.0,923657911.0,27.0,12.74,32800000.0,0.942,1.0,68400000.0,0.193,353500000.0,7100000.0,973700000.0,,520400000.0,12800000.0,12800000.0,0.0,994800000.0,478400000.0,516400000.0,713057911.0,29800000.0,0.0,800000.0,-800000.0,0.0,0.0,-8000000.0,0.0,40800000.0,-3000000.0,-3100000.0,-3100000.0,-3100000.0,0.0,0.0,-0.009,57700000.0,10700000.0,378700000.0,0.0,1.126,-49.518,-49.095,321500000.0,0.0,20.62,0.486,0.489,188400000.0,213800000.0,354300000.0,354300000.0,0.0,,,,,2500000.0,57700000.0,1.0,34580888.0,34809725.0,34809725.0,10.178,1274300000.0,0.0,4200000.0,2400000.0,36.608,432300000.0
2,MTW,MRQ,2020-12-31,2020-12-31,2020-12-31,2021-09-07,-97500000.0,1603500000.0,,866000000.0,737500000.0,,18.621,-10700000.0,128700000.0,128700000.0,352300000.0,1800000.0,1.987,1.492,339300000.0,10500000.0,328800000.0,339300000.0,32400000.0,10000000.0,25500000.0,0.0,0.0,16700000.0,26700000.0,0.062,26700000.0,16700000.0,9300000.0,0.05,0.05,0.05,643500000.0,,643500000.0,701775072.0,26.0,10.863,25100000.0,0.726,1.0,78000000.0,0.181,356700000.0,7400000.0,1021600000.0,,473100000.0,13600000.0,13600000.0,0.0,960000000.0,435800000.0,524200000.0,459975072.0,27600000.0,0.0,-100000.0,-200000.0,0.0,-200000.0,-10700000.0,0.0,35800000.0,2700000.0,1800000.0,1800000.0,1800000.0,0.0,0.0,0.004,55200000.0,22800000.0,329400000.0,0.0,0.715,-24.082,-24.2,332200000.0,0.0,13.31,0.319,0.319,215100000.0,216900000.0,430300000.0,430300000.0,0.0,,,,,6500000.0,53700000.0,1.0,34558608.0,34558608.0,,12.451,1246800000.0,0.0,7500000.0,5900000.0,36.078,430200000.0
3,MTW,MRQ,2020-09-30,2020-09-30,2020-09-30,2021-09-07,-109100000.0,1590900000.0,,858500000.0,732400000.0,,18.232,-7200000.0,101100000.0,101100000.0,290500000.0,-400000.0,1.96,1.526,342900000.0,3700000.0,339200000.0,342900000.0,28800000.0,9200000.0,23100000.0,0.0,0.0,13900000.0,23100000.0,0.065,23100000.0,13900000.0,6600000.0,-0.01,-0.01,-0.01,629700000.0,,629700000.0,556522140.0,19.0,8.536,20600000.0,0.596,1.0,65100000.0,0.183,352000000.0,7300000.0,1042800000.0,,526700000.0,14300000.0,14300000.0,0.0,961200000.0,437900000.0,523300000.0,290322140.0,-27200000.0,0.0,0.0,-51200000.0,0.0,-51200000.0,-7200000.0,0.0,27800000.0,3400000.0,-400000.0,-400000.0,-400000.0,0.0,0.0,-0.001,53400000.0,11700000.0,342200000.0,0.0,0.461,-25.028,-24.735,323000000.0,0.0,8.41,0.197,0.197,184100000.0,215100000.0,355600000.0,355600000.0,0.0,,,,,0.0,49500000.0,1.0,34521063.0,34538814.0,34538814.0,10.296,1238900000.0,0.0,7000000.0,7500000.0,35.87,420600000.0
4,MTW,MRQ,2020-06-30,2020-06-30,2020-06-30,2021-09-07,-124100000.0,1604900000.0,,881700000.0,723200000.0,,17.836,-4400000.0,128300000.0,128300000.0,279900000.0,-12700000.0,2.096,1.607,394500000.0,4300000.0,390200000.0,394500000.0,27400000.0,9200000.0,15800000.0,0.0,0.0,-4800000.0,4400000.0,0.013,4400000.0,-4800000.0,-12000000.0,-0.37,-0.37,-0.37,615700000.0,,615700000.0,618652524.0,14.0,7.801,-24500000.0,-0.71,1.0,48400000.0,0.147,347900000.0,7200000.0,1102500000.0,,534500000.0,14000000.0,14000000.0,0.0,989200000.0,420700000.0,568500000.0,375452524.0,24700000.0,0.0,0.0,49000000.0,0.0,49000000.0,-4400000.0,0.0,-20100000.0,200000.0,-12700000.0,-12700000.0,-12700000.0,0.0,0.0,-0.039,50000000.0,-1600000.0,332600000.0,0.0,0.61,55.214,60.444,320600000.0,0.0,10.88,0.239,0.239,171900000.0,215500000.0,328300000.0,328300000.0,0.0,,,,,2500000.0,49700000.0,1.0,34508504.0,34519889.0,34519889.0,9.51,1257000000.0,0.0,700000.0,4300000.0,36.414,461000000.0
5,MTW,MRQ,2020-03-31,2020-03-31,2020-03-31,2021-09-07,-133400000.0,1584000000.0,,862800000.0,721200000.0,,17.552,-3500000.0,103600000.0,103600000.0,266000000.0,-7800000.0,1.909,1.569,346800000.0,3900000.0,342900000.0,346800000.0,25700000.0,9100000.0,21000000.0,0.0,0.0,1300000.0,10400000.0,0.032,10400000.0,1300000.0,-5900000.0,-0.22,-0.22,-0.22,616700000.0,,616700000.0,451202690.0,4.0,3.2,-82100000.0,-2.337,1.0,63200000.0,0.192,345200000.0,7200000.0,1030100000.0,,545600000.0,15100000.0,15100000.0,0.0,967300000.0,451900000.0,515400000.0,300702690.0,-95700000.0,0.0,-11900000.0,-500000.0,0.0,-12400000.0,-3500000.0,0.0,-78600000.0,-1200000.0,-7800000.0,-7800000.0,-7800000.0,0.0,0.0,-0.024,57500000.0,5700000.0,358400000.0,0.0,0.488,4.591,4.62,322500000.0,0.0,8.5,0.172,0.171,169300000.0,228200000.0,329200000.0,329200000.0,0.0,,,,,3400000.0,55900000.0,1.0,35376787.0,35135525.0,35135525.0,9.369,1238800000.0,0.0,1900000.0,3200000.0,35.258,410900000.0
6,MTW,MRQ,2019-12-31,2019-12-31,2019-12-31,2021-09-07,-121000000.0,1617700000.0,,872400000.0,745300000.0,,18.272,-12700000.0,199300000.0,199300000.0,383100000.0,9300000.0,1.979,1.505,349800000.0,3800000.0,346000000.0,349800000.0,30300000.0,8800000.0,25800000.0,0.0,0.0,18500000.0,27300000.0,0.059,27300000.0,18500000.0,11400000.0,0.26,0.26,0.26,645900000.0,,645900000.0,897008305.0,10.0,7.063,131900000.0,3.731,1.0,80300000.0,0.173,348800000.0,7100000.0,978500000.0,,461400000.0,17400000.0,17400000.0,0.0,971800000.0,440900000.0,530900000.0,618608305.0,131800000.0,0.0,-200000.0,-1600000.0,0.0,-1400000.0,-12700000.0,0.0,144600000.0,1300000.0,9300000.0,9300000.0,9300000.0,0.0,0.0,0.02,62500000.0,17800000.0,340800000.0,0.0,0.958,13.275,13.359,337500000.0,0.0,17.5,0.337,0.337,168300000.0,236200000.0,463400000.0,463400000.0,0.0,,,,,10100000.0,60900000.0,1.0,35349046.0,35349046.0,,13.109,1268900000.0,0.0,2100000.0,5500000.0,35.896,431500000.0
7,MTW,MRQ,2019-09-30,2019-09-30,2019-09-30,2021-09-07,-131000000.0,1590700000.0,,864000000.0,726700000.0,,17.684,-300000.0,67500000.0,67500000.0,359600000.0,18000000.0,1.912,1.545,345900000.0,4300000.0,341600000.0,345900000.0,29900000.0,8900000.0,9700000.0,0.0,0.0,28300000.0,37200000.0,0.083,37200000.0,28300000.0,21100000.0,0.51,0.51,0.51,625100000.0,,625100000.0,762144325.0,96.0,17.561,37200000.0,1.052,1.0,88400000.0,0.197,346100000.0,7200000.0,1071000000.0,,521900000.0,16600000.0,16600000.0,0.0,965600000.0,452000000.0,513600000.0,441844325.0,32500000.0,0.0,100000.0,-4800000.0,0.0,-4700000.0,-300000.0,0.0,37500000.0,0.0,18000000.0,18000000.0,18000000.0,0.0,0.0,0.04,55900000.0,32500000.0,372500000.0,0.0,0.707,-10.777,-10.776,321400000.0,0.0,12.5,0.234,0.234,225300000.0,226900000.0,448000000.0,448000000.0,0.0,,,,,0.0,54800000.0,1.0,35347546.0,35348597.0,35458956.0,12.674,1244600000.0,0.0,3100000.0,2000000.0,35.209,412000000.0
8,MTW,MRQ,2019-06-30,2019-06-30,2019-06-30,2021-09-07,-116200000.0,1652600000.0,,907500000.0,745100000.0,,17.409,-5300000.0,35000000.0,35000000.0,409500000.0,46000000.0,1.783,1.667,355300000.0,8700000.0,346600000.0,355300000.0,28500000.0,8700000.0,10600000.0,0.0,0.0,57400000.0,66100000.0,0.131,66100000.0,57400000.0,49900000.0,1.29,1.29,1.29,619700000.0,,619700000.0,974227237.0,-100.0,37.615,26600000.0,0.747,1.0,95200000.0,0.189,350200000.0,7500000.0,1113800000.0,,552300000.0,17900000.0,17900000.0,0.0,1032900000.0,508900000.0,524000000.0,637027237.0,-14000000.0,0.0,-7400000.0,-32500000.0,0.0,-39900000.0,-5300000.0,0.0,31900000.0,-700000.0,46000000.0,46000000.0,46000000.0,0.0,0.0,0.091,53300000.0,41900000.0,421900000.0,0.0,1.028,-13.411,-13.185,331100000.0,0.0,17.8,0.337,0.336,265100000.0,208900000.0,504700000.0,504700000.0,0.0,,,,,0.0,50500000.0,1.0,35788047.0,35595718.0,35725908.0,14.179,1302400000.0,0.0,3900000.0,5300000.0,36.589,398600000.0
9,MTW,MRQ,2019-03-31,2019-03-31,2019-03-31,2021-09-07,-118500000.0,1633900000.0,,888300000.0,745600000.0,,16.155,400000.0,49000000.0,49000000.0,337800000.0,-26700000.0,1.758,1.838,386200000.0,5900000.0,380300000.0,386200000.0,26100000.0,8900000.0,13300000.0,0.0,0.0,-12500000.0,-3600000.0,-0.009,-3600000.0,-12500000.0,-23400000.0,-0.75,-0.75,-0.75,575800000.0,,575800000.0,717047921.0,-15.0,-54.736,-266900000.0,-7.488,1.0,80200000.0,0.192,350000000.0,10900000.0,1115800000.0,,538100000.0,18700000.0,18700000.0,0.0,1058100000.0,505300000.0,552800000.0,584247921.0,-91300000.0,0.0,100000.0,49600000.0,0.0,49700000.0,126700000.0,126300000.0,-267300000.0,-400000.0,-26700000.0,-26700000.0,-26700000.0,0.0,0.0,-0.064,64000000.0,16200000.0,420300000.0,0.0,1.015,-6.972,-6.924,335200000.0,0.0,16.41,0.311,0.311,239700000.0,162900000.0,418000000.0,418000000.0,0.0,,,,,0.0,59400000.0,1.0,35603164.0,35642832.0,35642832.0,11.727,1283900000.0,0.0,3300000.0,4400000.0,36.021,383000000.0
10,MTW,MRQ,2018-12-31,2018-12-31,2018-12-31,2021-09-07,-116600000.0,1541900000.0,,842900000.0,699000000.0,,16.897,-9500000.0,140300000.0,140300000.0,426100000.0,-78300000.0,1.697,1.564,273100000.0,6400000.0,266700000.0,273100000.0,25200000.0,9000000.0,9600000.0,0.0,0.0,-65300000.0,-56300000.0,-0.109,-56300000.0,-65300000.0,-75100000.0,-2.21,-2.2,-2.21,601300000.0,,601300000.0,706404467.0,-22.0,196.223,-102000000.0,-2.866,1.0,89200000.0,0.173,350900000.0,9800000.0,827200000.0,,453100000.0,19400000.0,19400000.0,0.0,940600000.0,496600000.0,444000000.0,525604467.0,49700000.0,0.0,-2500000.0,800000.0,0.0,800000.0,142300000.0,151800000.0,-92500000.0,-900000.0,-78300000.0,-78300000.0,-78300000.0,0.0,0.0,-0.152,151200000.0,-62000000.0,425200000.0,0.0,0.874,-7.833,-7.815,288900000.0,0.0,14.77,0.285,0.285,171800000.0,189600000.0,515300000.0,515300000.0,0.0,,,,,7400000.0,67000000.0,1.0,35585949.0,35585949.0,,14.48,1191000000.0,0.0,3200000.0,5700000.0,33.468,346300000.0
11,MTW,MRQ,2018-09-30,2018-09-30,2018-09-30,2021-09-07,-116300000.0,1590500000.0,,816600000.0,773900000.0,,19.072,-2400000.0,90600000.0,90600000.0,370100000.0,11500000.0,1.75,1.345,271400000.0,6900000.0,264500000.0,271400000.0,19300000.0,9000000.0,11800000.0,0.0,0.0,10700000.0,19700000.0,0.044,19700000.0,10700000.0,800000.0,0.32,0.32,0.32,678300000.0,,678300000.0,1041218524.0,28.0,14.09,-154600000.0,-4.347,1.0,80000000.0,0.178,435300000.0,9900000.0,869500000.0,,493100000.0,20000000.0,20000000.0,0.0,912200000.0,466500000.0,445700000.0,852518524.0,6900000.0,0.0,500000.0,-1600000.0,0.0,-1100000.0,160900000.0,163300000.0,-152200000.0,-700000.0,11500000.0,11500000.0,11500000.0,0.0,0.0,0.026,63100000.0,16900000.0,391300000.0,0.0,1.257,18.334,18.313,283900000.0,0.0,23.99,0.47,0.471,157300000.0,267900000.0,450100000.0,450100000.0,0.0,,,,,0.0,62100000.0,1.0,35536412.0,35564946.0,35928327.0,12.656,1155200000.0,0.0,-10700000.0,9500000.0,32.481,350100000.0
12,MTW,MRQ,2018-06-30,2018-06-30,2018-06-30,2021-09-07,-114700000.0,1638300000.0,,846200000.0,792100000.0,,18.745,-6700000.0,83700000.0,83700000.0,404800000.0,9700000.0,1.648,1.46,272400000.0,7000000.0,265400000.0,272400000.0,20600000.0,9200000.0,15300000.0,0.0,0.0,17900000.0,27100000.0,0.055,27100000.0,17900000.0,8500000.0,0.27,0.27,0.27,666000000.0,,666000000.0,1092823461.0,33.0,15.724,-106600000.0,-3.0,1.0,90500000.0,0.183,437500000.0,9400000.0,875900000.0,,469600000.0,24900000.0,24900000.0,0.0,972300000.0,513600000.0,458700000.0,918523461.0,-15700000.0,0.0,700000.0,-900000.0,0.0,-200000.0,87300000.0,94000000.0,-99900000.0,-2900000.0,9700000.0,9700000.0,9700000.0,200000.0,0.0,0.02,66400000.0,24100000.0,433000000.0,0.0,1.379,20.595,20.524,292200000.0,0.0,25.86,0.521,0.521,210200000.0,256400000.0,495300000.0,495300000.0,0.0,,,,,0.0,62100000.0,1.0,35519082.0,35530356.0,36064108.0,13.94,1200800000.0,0.0,-1200000.0,10200000.0,33.796,332600000.0
13,MTW,MRQ,2018-03-31,2018-03-31,2018-03-31,2021-09-07,-85300000.0,1643900000.0,,818000000.0,825900000.0,,19.32,-100000.0,99400000.0,99400000.0,317700000.0,-10000000.0,1.689,1.406,273700000.0,7600000.0,266100000.0,273700000.0,22100000.0,9200000.0,14400000.0,0.0,0.0,3900000.0,13100000.0,0.034,13100000.0,3900000.0,-6100000.0,-0.28,-0.28,-0.28,683300000.0,,683300000.0,1161676332.0,42.0,18.01,-168500000.0,-4.764,1.0,68400000.0,0.177,447600000.0,10000000.0,886300000.0,,471500000.0,28900000.0,28900000.0,0.0,960600000.0,484300000.0,476300000.0,1005976332.0,-23600000.0,0.0,1300000.0,-2100000.0,0.0,-800000.0,143900000.0,144000000.0,-168400000.0,1700000.0,-10000000.0,-10000000.0,-10000000.0,0.0,0.0,-0.026,66700000.0,1700000.0,403100000.0,0.0,1.472,28.417,28.46,306100000.0,0.0,28.46,0.605,0.606,168600000.0,246700000.0,386100000.0,386100000.0,0.0,,,,,0.0,60400000.0,1.0,35347025.0,35367340.0,35367340.0,10.917,1196300000.0,0.0,3900000.0,15000000.0,33.825,333700000.0
14,MTW,MRQ,2017-12-31,2017-12-31,2017-12-31,2021-09-07,-97400000.0,1607800000.0,,790400000.0,817400000.0,,19.256,-11600000.0,123000000.0,123000000.0,400300000.0,35300000.0,1.745,1.373,274900000.0,8200000.0,266700000.0,274900000.0,20800000.0,9100000.0,12700000.0,0.0,0.0,4900000.0,14000000.0,0.029,14000000.0,4900000.0,-4900000.0,1.0,1.0,1.0,677500000.0,,677500000.0,1642422735.0,-1825.0,43.222,-42400000.0,-1.205,1.0,81200000.0,0.169,443400000.0,9800000.0,863300000.0,,400600000.0,31100000.0,31100000.0,0.0,930300000.0,453000000.0,477300000.0,1384122735.0,89700000.0,0.0,-3700000.0,-14300000.0,0.0,-12300000.0,131400000.0,142900000.0,-30800000.0,1400000.0,35300000.0,35300000.0,35300000.0,300000.0,0.0,0.073,72700000.0,8500000.0,375800000.0,0.0,2.043,147.247,151.308,303700000.0,0.0,39.34,0.875,0.875,179200000.0,256700000.0,481500000.0,481500000.0,0.0,,,,,8500000.0,66500000.0,1.0,35183598.0,35183598.0,,13.685,1164400000.0,0.0,-40200000.0,13000000.0,33.095,337400000.0
15,MTW,MRQ,2017-09-30,2017-09-30,2017-09-30,2021-09-07,-108100000.0,1583200000.0,,777400000.0,805800000.0,,17.872,-3700000.0,29300000.0,29300000.0,326900000.0,9600000.0,1.758,1.521,287600000.0,10200000.0,277400000.0,287600000.0,19200000.0,9200000.0,15600000.0,0.0,0.0,6100000.0,15300000.0,0.038,15300000.0,6100000.0,-3500000.0,0.27,0.27,0.27,627900000.0,,627900000.0,1528253316.0,-48.0,160.869,-106900000.0,-3.043,1.0,72500000.0,0.182,438600000.0,9600000.0,960800000.0,,482200000.0,35600000.0,35600000.0,0.0,955300000.0,442100000.0,513200000.0,1265453316.0,4100000.0,0.0,800000.0,-3700000.0,0.0,-2900000.0,110000000.0,113600000.0,-103200000.0,200000.0,9600000.0,9600000.0,9600000.0,100000.0,0.0,0.024,62700000.0,9800000.0,360300000.0,0.0,2.015,-21.34,-21.176,314100000.0,0.0,36.0,0.856,0.856,165000000.0,221400000.0,399400000.0,399400000.0,0.0,,,,,0.0,59000000.0,1.0,35151481.0,35132857.0,35834295.0,11.368,1144600000.0,0.0,-13100000.0,43500000.0,32.579,335300000.0
16,MTW,MRQ,2017-06-30,2017-06-30,2017-06-30,2021-09-07,-128000000.0,1575700000.0,,786500000.0,789200000.0,,16.978,-4500000.0,26300000.0,26300000.0,318300000.0,500000.0,1.711,1.643,289100000.0,11000000.0,278100000.0,289100000.0,19000000.0,9600000.0,23000000.0,0.0,0.0,12500000.0,22100000.0,0.056,22100000.0,12500000.0,2800000.0,0.01,0.01,0.01,596100000.0,,596100000.0,1090037280.0,-6.0,-8.398,-86100000.0,-2.452,1.0,76300000.0,0.193,431200000.0,9700000.0,947600000.0,,476200000.0,47000000.0,47000000.0,0.0,979600000.0,459700000.0,519900000.0,844637280.0,-9900000.0,0.0,200000.0,6100000.0,0.0,6300000.0,65200000.0,69500000.0,-81600000.0,200000.0,500000.0,500000.0,500000.0,200000.0,0.0,0.001,64400000.0,11900000.0,370900000.0,0.0,1.417,-4.03,-3.974,313700000.0,0.0,24.04,0.591,0.591,181600000.0,211800000.0,394600000.0,394600000.0,0.0,,,,,0.0,58400000.0,1.0,35134662.0,35109426.0,35654672.0,11.239,1144500000.0,0.0,2300000.0,41300000.0,32.598,326800000.0
17,MTW,MRQ,2017-03-31,2017-03-31,2017-03-31,2021-09-07,-151700000.0,1505900000.0,,735500000.0,770400000.0,,16.296,-2100000.0,36100000.0,36100000.0,253900000.0,-36000000.0,1.72,1.639,281500000.0,12900000.0,268600000.0,281500000.0,18800000.0,11000000.0,22800000.0,0.0,0.0,-24400000.0,-13400000.0,-0.044,-13400000.0,-24400000.0,-34500000.0,-1.03,-1.03,-1.03,570700000.0,,570700000.0,1010686904.0,-6.0,-7.492,-111400000.0,-3.181,1.0,51900000.0,0.17,417700000.0,10100000.0,905900000.0,,461300000.0,47400000.0,47400000.0,0.0,935200000.0,427700000.0,507500000.0,799086904.0,-34800000.0,0.0,2700000.0,-3500000.0,0.0,-800000.0,74700000.0,76800000.0,-109300000.0,600000.0,-36000000.0,-36000000.0,-36000000.0,0.0,0.0,-0.118,73700000.0,-21800000.0,336100000.0,0.0,1.4,-3.701,-3.666,306200000.0,0.0,22.8,0.536,0.535,138100000.0,211300000.0,305800000.0,305800000.0,0.0,,,,,0.0,61400000.0,1.0,35047671.0,35020428.0,35020428.0,8.732,1088200000.0,0.0,1500000.0,37700000.0,31.073,307800000.0
18,MTW,MRQ,2016-12-31,2016-12-31,2016-12-31,2021-09-07,-162900000.0,1517800000.0,,749700000.0,768100000.0,,17.021,-5000000.0,69900000.0,69900000.0,332700000.0,-33400000.0,1.816,1.57,281500000.0,12400000.0,269100000.0,281500000.0,20300000.0,11500000.0,21000000.0,0.0,0.0,-26000000.0,-14500000.0,-0.038,-14500000.0,-26000000.0,-36000000.0,-0.95,-0.95,-0.95,590500000.0,,590500000.0,1095257080.0,-5.0,-5.854,-401700000.0,-11.579,1.0,45500000.0,0.12,413700000.0,10000000.0,902900000.0,,429000000.0,62400000.0,62400000.0,0.0,927300000.0,412800000.0,514500000.0,829857080.0,28800000.0,0.0,-6400000.0,-26600000.0,0.0,-23600000.0,449400000.0,453900000.0,-396700000.0,-300000.0,-33400000.0,-33400000.0,-33400000.0,1400000.0,0.0,-0.088,59000000.0,-13500000.0,321200000.0,0.0,1.405,-2.208,-2.192,308800000.0,0.0,23.92,0.514,0.514,134400000.0,247300000.0,378200000.0,378200000.0,0.0,,,,,-700000.0,51600000.0,1.0,34693022.0,34693022.0,,10.901,1104100000.0,0.0,-2600000.0,36600000.0,31.825,336900000.0
19,MTW,MRQ,2016-09-30,2016-09-30,2016-09-30,2021-09-07,-116400000.0,1599200000.0,,786600000.0,812600000.0,,18.017,-8700000.0,42900000.0,42900000.0,309000000.0,-140700000.0,1.805,1.565,308300000.0,15300000.0,293000000.0,308300000.0,23600000.0,12000000.0,10300000.0,0.017,0.0,-136000000.0,-124000000.0,-0.354,-124000000.0,-136000000.0,-146000000.0,-4.08,-4.08,-4.08,623500000.0,,623500000.0,894092110.0,-5.0,-8.019,-11700000.0,-0.338,1.0,40800000.0,0.117,428700000.0,10000000.0,1000200000.0,,496300000.0,60400000.0,60400000.0,0.0,975700000.0,435700000.0,540000000.0,658992110.0,2100000.0,0.0,3900000.0,10500000.0,0.0,14400000.0,-9300000.0,0.0,-3000000.0,0.0,-140700000.0,-140700000.0,-140700000.0,1800000.0,0.0,-0.402,175000000.0,-134200000.0,350300000.0,0.0,1.057,-2.222,-2.228,315300000.0,0.0,19.16,0.371,0.373,132500000.0,238300000.0,349800000.0,349800000.0,0.0,,,,,0.0,73000000.0,1.0,34394160.0,34605738.0,34605738.0,10.108,1170500000.0,0.0,-5300000.0,41600000.0,33.824,350900000.0
20,MTW,MRQ,2016-06-30,2016-06-30,2016-06-30,2021-09-07,-123400000.0,1765900000.0,,850100000.0,915800000.0,,21.914,-14100000.0,57100000.0,57100000.0,370400000.0,-5800000.0,1.76,1.35,292200000.0,17200000.0,275000000.0,292200000.0,22500000.0,12200000.0,9800000.0,0.015,0.0,4800000.0,17000000.0,0.037,17000000.0,4800000.0,-5100000.0,-0.16,-0.16,-0.16,751300000.0,,751300000.0,945341080.0,-201.0,19.492,-30400000.0,-0.887,1.0,87300000.0,0.191,426200000.0,9900000.0,1091900000.0,,499900000.0,58200000.0,58200000.0,0.0,1014600000.0,482900000.0,531700000.0,746741080.0,-46400000.0,0.0,600000.0,-16500000.0,0.0,-15900000.0,-13800000.0,0.0,-16300000.0,-400000.0,-5800000.0,-5800000.0,-5800000.0,800000.0,0.0,-0.013,83400000.0,3900000.0,395500000.0,0.0,0.994,-4.942,-5.0,415400000.0,0.0,21.8,0.4,0.4,189700000.0,378300000.0,457700000.0,457700000.0,0.0,,,,,0.0,73400000.0,1.0,34254178.0,34284555.0,34284555.0,13.35,1339700000.0,0.0,700000.0,40600000.0,39.076,367200000.0
21,MTW,MRQ,2016-03-31,2016-03-31,2016-03-31,2021-09-07,-109600000.0,1820400000.0,,899000000.0,921400000.0,,22.486,-9700000.0,104400000.0,104400000.0,347700000.0,-195900000.0,1.707,1.371,303000000.0,33700000.0,269300000.0,303000000.0,26200000.0,12900000.0,10300000.0,0.018,0.0,-78500000.0,-65600000.0,-0.153,-65600000.0,-78500000.0,-88200000.0,-5.72,-5.72,-5.72,767900000.0,,767900000.0,1925204877.0,53.0,21.391,-219900000.0,-6.439,1.0,79700000.0,0.186,434000000.0,9700000.0,1058400000.0,,498900000.0,0.0,0.0,0.0,1052500000.0,526600000.0,525900000.0,592504877.0,23800000.0,0.0,1900000.0,-1101600000.0,0.0,244500000.0,-12100000.0,0.0,-210200000.0,1600000.0,-195900000.0,-195900000.0,-195900000.0,3200000.0,0.0,-0.458,78900000.0,800000.0,424300000.0,0.0,0.772,-4.857,-4.92,416900000.0,0.0,17.32,0.314,0.314,185600000.0,386300000.0,427400000.0,427400000.0,0.0,,,,,0.0,72400000.0,1.0,34209288.0,34149978.0,34149978.0,12.515,1386400000.0,0.0,107700000.0,37700000.0,40.597,372400000.0
22,MTW,MRQ,2015-12-31,2015-12-31,2015-12-31,2021-09-07,-207800000.0,3562500000.0,,1041600000.0,2520900000.0,,24.667,-21900000.0,31500000.0,31500000.0,451100000.0,45800000.0,1.179,3.229,1397600000.0,67200000.0,1330400000.0,1397600000.0,29700000.0,14800000.0,10300000.0,0.005,0.32,46300000.0,61100000.0,0.113,61100000.0,46300000.0,22000000.0,1.36,1.36,1.36,842300000.0,,842300000.0,3639850529.0,30.0,20.967,152800000.0,4.475,1.0,92000000.0,0.169,425800000.0,24300000.0,3619200000.0,,489200000.0,65100000.0,65100000.0,0.0,2720200000.0,883600000.0,1836600000.0,2096650529.0,-11800000.0,0.0,-4000000.0,-222700000.0,-10900000.0,-230000000.0,46700000.0,0.0,174700000.0,-3200000.0,45800000.0,45800000.0,45800000.0,-56400000.0,0.0,0.084,102100000.0,-10100000.0,436300000.0,0.235,2.489,32.01,31.979,410700000.0,0.0,61.4,1.124,1.124,155700000.0,562300000.0,543100000.0,543100000.0,0.0,,,,,7500000.0,77100000.0,1.0,34147403.0,34147403.0,,15.905,3136700000.0,0.0,-23800000.0,25600000.0,91.858,158000000.0
23,MTW,MRQ,2015-09-30,2015-09-30,2015-09-30,2021-09-07,-199100000.0,3804800000.0,,1277200000.0,2527600000.0,,23.204,-8300000.0,95300000.0,95300000.0,368300000.0,4800000.0,1.372,3.817,1638500000.0,63200000.0,1575300000.0,1638500000.0,35700000.0,13300000.0,27300000.0,0.005,0.0,22700000.0,36000000.0,0.082,36000000.0,22700000.0,-1300000.0,0.16,0.16,0.16,789900000.0,,789900000.0,3589787555.0,32.0,29.138,-2000000.0,-0.059,1.0,69900000.0,0.16,1801800000.0,24000000.0,2615200000.0,,717900000.0,0.0,0.0,0.0,3014900000.0,931000000.0,2083900000.0,2048787555.0,7500000.0,0.0,100000.0,13500000.0,0.0,13500000.0,-11500000.0,0.0,6300000.0,-800000.0,4800000.0,4800000.0,4800000.0,-34400000.0,0.0,0.011,78100000.0,-8200000.0,720700000.0,0.0,2.594,38.876,37.5,551800000.0,0.0,60.0,2.631,2.623,259000000.0,506600000.0,438200000.0,438200000.0,0.0,,,,,0.0,77600000.0,1.0,34146459.0,34041013.0,34041013.0,12.873,2003000000.0,67400000.0,-6100000.0,180800000.0,58.841,346200000.0
24,MTW,MRQ,2015-06-30,2015-06-30,2015-06-30,2021-09-07,-181700000.0,3845500000.0,,1280600000.0,2564900000.0,,23.483,-10900000.0,87900000.0,87900000.0,382800000.0,23300000.0,1.32,3.812,1628900000.0,67500000.0,1561400000.0,1628900000.0,36300000.0,12900000.0,38900000.0,0.004,0.0,45600000.0,58500000.0,0.122,58500000.0,45600000.0,21600000.0,0.68,0.68,0.68,799200000.0,,799200000.0,4251088668.0,25.0,21.969,44600000.0,1.311,1.0,94900000.0,0.199,1872600000.0,24000000.0,2543800000.0,,743400000.0,0.0,0.0,0.0,3046300000.0,970100000.0,2076200000.0,2668488668.0,-500000.0,0.0,500000.0,-48100000.0,0.0,-47400000.0,-11400000.0,0.0,55500000.0,2800000.0,23300000.0,23300000.0,23300000.0,-29600000.0,0.0,0.049,80700000.0,14200000.0,764700000.0,0.0,3.339,22.054,21.778,569500000.0,0.0,78.4,2.011,2.011,251000000.0,501800000.0,477700000.0,477700000.0,0.0,,,,,0.0,79500000.0,1.0,34036845.0,34032715.0,34496475.0,14.036,1972900000.0,68800000.0,-1700000.0,182100000.0,57.971,310500000.0
25,MTW,MRQ,2015-03-31,2015-03-31,2015-03-31,2021-09-07,-196000000.0,3816900000.0,,1251200000.0,2565700000.0,,22.377,-6500000.0,91600000.0,91600000.0,331300000.0,-8400000.0,1.339,4.03,1674200000.0,66500000.0,1607700000.0,1674200000.0,36800000.0,12600000.0,28500000.0,0.004,0.0,7500000.0,20100000.0,0.049,20100000.0,7500000.0,-15800000.0,-0.24,-0.24,-0.24,758800000.0,,758800000.0,4355873189.0,20.0,17.203,-142200000.0,-4.193,1.0,75400000.0,0.185,1877000000.0,23300000.0,2588100000.0,,694900000.0,0.0,0.0,0.0,3058100000.0,934400000.0,2123700000.0,2924073189.0,200000.0,0.0,3400000.0,147600000.0,0.0,151000000.0,-9700000.0,0.0,-135700000.0,-5400000.0,-8400000.0,-8400000.0,-8400000.0,-17100000.0,0.0,-0.021,83700000.0,-8300000.0,741000000.0,0.0,3.854,20.264,19.963,566000000.0,0.0,86.24,1.57,1.571,236400000.0,478500000.0,406700000.0,406700000.0,0.0,,,,,0.0,82700000.0,1.0,33906229.0,33910478.0,33910478.0,11.993,1939900000.0,69900000.0,-7400000.0,178800000.0,57.207,316800000.0
26,MTW,MRQ,2014-12-31,2014-12-31,2014-12-31,2021-09-07,-130500000.0,3816600000.0,,1186100000.0,2630500000.0,,24.324,2400000.0,91700000.0,91700000.0,-270700000.0,33000000.0,1.173,3.631,1523500000.0,80300000.0,1443200000.0,1523500000.0,37900000.0,-26600000.0,21300000.0,0.004,0.32,35200000.0,8600000.0,-0.016,8600000.0,35200000.0,11500000.0,1.0,1.04,1.0,824100000.0,,824100000.0,4642057526.0,21.0,17.231,222800000.0,6.576,1.0,-273200000.0,0.502,1912800000.0,23700000.0,2324300000.0,,644500000.0,0.0,0.0,0.0,2992500000.0,1011300000.0,1981200000.0,2995057526.0,-6800000.0,0.0,-25200000.0,-208700000.0,-10800000.0,-219100000.0,-4400000.0,0.0,220400000.0,-3700000.0,33000000.0,33000000.0,33000000.0,-162900000.0,0.0,-0.061,-150000000.0,-123200000.0,807400000.0,0.32,3.634,20.813,20.654,591000000.0,0.0,88.4,1.299,1.299,227400000.0,486900000.0,-543900000.0,-543900000.0,0.0,,,,,-200000.0,-128700000.0,1.0,33880741.0,33880741.0,,-16.053,1903800000.0,71300000.0,-21500000.0,186200000.0,56.191,174800000.0
27,MTW,MRQ,2014-09-30,2014-09-30,2014-09-30,2021-09-07,-55500000.0,4077900000.0,,1423900000.0,2654000000.0,,25.848,-16200000.0,99900000.0,99900000.0,742400000.0,73100000.0,1.419,3.667,1746900000.0,74800000.0,1672100000.0,1746900000.0,34800000.0,26600000.0,37700000.0,0.003,0.0,79700000.0,106300000.0,0.108,106300000.0,79700000.0,55000000.0,2.16,2.12,2.16,873800000.0,,873800000.0,4865145440.0,20.0,14.364,43600000.0,1.29,1.0,243900000.0,0.247,1937200000.0,24700000.0,2784300000.0,,808900000.0,0.0,0.0,0.0,3204100000.0,1003400000.0,2200700000.0,3172745440.0,-28700000.0,0.0,2400000.0,-73500000.0,0.0,-71100000.0,-15800000.0,0.0,59800000.0,-1600000.0,73100000.0,73100000.0,73100000.0,1300000.0,0.0,0.074,162600000.0,81300000.0,787100000.0,0.0,3.631,24.072,23.929,595000000.0,0.0,93.8,0.803,0.802,303000000.0,464100000.0,986300000.0,986300000.0,0.0,,,,,0.0,152100000.0,1.0,33824578.0,33805603.0,34399451.0,29.176,2140700000.0,86200000.0,-18100000.0,224400000.0,63.324,420500000.0
28,MTW,MRQ,2014-06-30,2014-06-30,2014-06-30,2021-09-07,-5900000.0,4187800000.0,,1492100000.0,2695700000.0,,25.051,-17200000.0,129300000.0,129300000.0,742000000.0,46600000.0,1.425,3.954,1821700000.0,74700000.0,1747000000.0,1821700000.0,35400000.0,27300000.0,27000000.0,0.002,0.0,90900000.0,118200000.0,0.117,118200000.0,90900000.0,65800000.0,1.4,1.36,1.4,845400000.0,,845400000.0,6182260616.0,24.0,17.259,55000000.0,1.63,1.0,270800000.0,0.267,1967400000.0,25100000.0,2865500000.0,,830900000.0,0.0,0.0,0.0,3342400000.0,1047300000.0,2295100000.0,4441460616.0,24700000.0,0.0,2900000.0,-33200000.0,0.0,-30300000.0,-17200000.0,0.0,72200000.0,0.0,46600000.0,46600000.0,46600000.0,300000.0,0.0,0.046,175400000.0,95400000.0,840600000.0,0.0,5.254,39.798,39.119,601600000.0,0.0,131.44,1.116,1.115,316900000.0,391000000.0,1012800000.0,1012800000.0,0.0,,,,,0.0,165500000.0,1.0,33790784.0,33747596.0,34356660.0,30.011,2220400000.0,88800000.0,19200000.0,231700000.0,65.794,444800000.0
29,MTW,MRQ,2014-03-31,2014-03-31,2014-03-31,2021-09-07,-3800000.0,4118700000.0,,1436300000.0,2682400000.0,,23.674,-15700000.0,104700000.0,104700000.0,624300000.0,-4900000.0,1.46,4.186,1845500000.0,65800000.0,1779700000.0,1845500000.0,37000000.0,23200000.0,25900000.0,0.003,0.0,13100000.0,36300000.0,0.043,36300000.0,13100000.0,-6200000.0,-0.28,-0.24,-0.28,794200000.0,,794200000.0,5679014328.0,21.0,15.529,-287100000.0,-8.558,1.0,225700000.0,0.266,1980200000.0,19300000.0,2895300000.0,,824000000.0,0.0,0.0,0.0,3324500000.0,984000000.0,2340500000.0,4219914328.0,23900000.0,0.0,19900000.0,311800000.0,0.0,324500000.0,-28900000.0,0.0,-271400000.0,-300000.0,-8800000.0,-8800000.0,-8800000.0,10900000.0,3900000.0,-0.01,172100000.0,53600000.0,788800000.0,0.0,5.313,34.42,34.185,579800000.0,0.0,125.8,1.054,1.054,298400000.0,344400000.0,850000000.0,850000000.0,0.0,,,,,0.0,161300000.0,1.0,33544629.0,33546792.0,34261928.0,25.338,2138500000.0,88300000.0,2600000.0,234000000.0,63.747,452300000.0
30,MTW,MRQ,2013-12-31,2013-12-31,2013-12-31,2021-09-07,-6900000.0,3976600000.0,,1262900000.0,2713700000.0,,23.214,-35200000.0,67700000.0,67700000.0,842700000.0,54400000.0,1.122,4.119,1526800000.0,22700000.0,1504100000.0,1526800000.0,37600000.0,24100000.0,34900000.0,0.003,0.32,53800000.0,77900000.0,0.071,77900000.0,53800000.0,22200000.0,0.64,0.64,0.64,775500000.0,,775500000.0,4825426811.0,16.0,11.766,235300000.0,7.043,1.0,261600000.0,0.237,1984800000.0,31600000.0,2325500000.0,,720800000.0,0.0,0.0,0.0,3194300000.0,1125400000.0,2068900000.0,3116226811.0,-29400000.0,-12200000.0,-3800000.0,-240700000.0,-10700000.0,-248500000.0,-50600000.0,0.0,270500000.0,-800000.0,20900000.0,20900000.0,20900000.0,5000000.0,33500000.0,0.019,163100000.0,98500000.0,935600000.0,0.5,4.018,21.976,21.794,578800000.0,0.0,93.28,0.77,0.77,255500000.0,353200000.0,1104300000.0,1104300000.0,0.0,,,,,14900000.0,151900000.0,1.0,33407234.0,33407234.0,,33.056,1991800000.0,89900000.0,1300000.0,214300000.0,59.622,137500000.0
31,MTW,MRQ,2013-09-30,2013-09-30,2013-09-30,2021-09-07,-25500000.0,4167100000.0,,1462500000.0,2704600000.0,,22.278,-25800000.0,94000000.0,94000000.0,750000000.0,50600000.0,1.277,4.658,1803200000.0,97200000.0,1706000000.0,1803200000.0,39800000.0,24300000.0,35400000.0,0.004,0.0,101500000.0,125800000.0,0.124,125800000.0,101500000.0,69900000.0,1.6,1.56,1.6,741200000.0,,741200000.0,4406788072.0,14.0,10.386,89200000.0,2.681,1.0,262100000.0,0.259,1982700000.0,31600000.0,2748700000.0,,854900000.0,2700000.0,2700000.0,0.0,3452600000.0,1144900000.0,2307700000.0,2612088072.0,-7300000.0,0.0,900000.0,-98600000.0,0.0,-97700000.0,-24600000.0,0.0,115000000.0,0.0,52900000.0,52900000.0,52900000.0,3200000.0,-2300000.0,0.052,158800000.0,103300000.0,902900000.0,0.0,3.524,16.809,16.719,575000000.0,0.0,78.244,0.643,0.641,291300000.0,343000000.0,1012100000.0,1012100000.0,0.0,,,,,0.0,149600000.0,1.0,33383877.0,33269814.0,33826125.0,30.421,2184400000.0,88400000.0,17000000.0,229400000.0,65.657,317600000.0
32,MTW,MRQ,2013-06-30,2013-06-30,2013-06-30,2021-09-07,-45500000.0,4151200000.0,,1458500000.0,2692700000.0,,19.973,-25200000.0,102400000.0,102400000.0,761100000.0,54500000.0,1.314,5.288,1897100000.0,96200000.0,1800900000.0,1897100000.0,41300000.0,26600000.0,25000000.0,0.004,0.0,99100000.0,125700000.0,0.121,125700000.0,99100000.0,66900000.0,1.72,1.72,1.72,664100000.0,,664100000.0,4231519907.0,15.0,10.718,20400000.0,0.614,1.0,276000000.0,0.266,1983500000.0,32200000.0,2852300000.0,,815900000.0,2700000.0,2700000.0,0.0,3511500000.0,1110100000.0,2401400000.0,2391019907.0,-9400000.0,0.0,200000.0,-28100000.0,0.0,-27900000.0,-25100000.0,0.0,45600000.0,-2000000.0,57600000.0,57600000.0,57600000.0,7600000.0,-3100000.0,0.056,169300000.0,106700000.0,878200000.0,0.0,3.6,19.174,19.053,559900000.0,0.0,71.64,0.598,0.596,340500000.0,290100000.0,1037100000.0,1037100000.0,0.0,,,,,0.0,159500000.0,1.0,33375487.0,33249945.0,33778182.0,31.191,2167700000.0,89100000.0,9300000.0,226100000.0,65.194,348400000.0
33,MTW,MRQ,2013-03-31,2013-03-31,2013-03-31,2021-09-07,-45600000.0,4122400000.0,,1447500000.0,2674900000.0,,18.191,-20400000.0,112200000.0,112200000.0,672500000.0,8100000.0,1.329,5.887,1952700000.0,85600000.0,1867100000.0,1952700000.0,40800000.0,28800000.0,25200000.0,0.004,0.0,51900000.0,80700000.0,0.09,80700000.0,51900000.0,18900000.0,0.32,0.32,0.32,601700000.0,,601700000.0,4470778964.0,16.0,11.481,-128400000.0,-3.882,1.0,222100000.0,0.248,1990100000.0,33000000.0,2883700000.0,,802000000.0,2700000.0,2700000.0,0.0,3542000000.0,1089100000.0,2452900000.0,2729978964.0,27800000.0,39200000.0,2700000.0,115000000.0,0.0,117700000.0,18100000.0,0.0,-108000000.0,0.0,10400000.0,10400000.0,10400000.0,5700000.0,-2300000.0,0.012,166200000.0,55900000.0,867600000.0,0.0,4.537,24.288,23.907,555300000.0,0.0,82.24,0.69,0.688,342600000.0,232500000.0,894600000.0,894600000.0,0.0,,,,,0.0,156600000.0,1.0,33195270.0,33076684.0,33748264.0,27.046,2132300000.0,90200000.0,8500000.0,220500000.0,64.465,358400000.0
34,MTW,MRQ,2012-12-31,2012-12-31,2012-12-31,2021-09-07,-29400000.0,4057300000.0,,1328000000.0,2729300000.0,,18.126,-22600000.0,83800000.0,83800000.0,862100000.0,32100000.0,1.159,5.79,1801000000.0,69000000.0,1732000000.0,1801000000.0,37700000.0,25600000.0,24100000.0,0.005,0.32,66500000.0,92100000.0,0.082,92100000.0,66500000.0,32100000.0,1.04,1.0,1.04,600300000.0,,600300000.0,4028377471.0,15.0,10.604,210700000.0,6.362,1.0,254600000.0,0.228,2000400000.0,34400000.0,2628200000.0,,692700000.0,0.0,0.0,0.0,3476000000.0,1145900000.0,2330100000.0,2077177471.0,5200000.0,0.0,-2600000.0,-198200000.0,-10600000.0,-205000000.0,-23000000.0,0.0,233300000.0,-100000.0,34500000.0,34500000.0,34500000.0,16600000.0,-2400000.0,0.031,165600000.0,89000000.0,911500000.0,0.308,3.46,20.425,20.364,539300000.0,0.0,62.72,0.531,0.531,330700000.0,222100000.0,1116700000.0,1116700000.0,0.0,,,,,4600000.0,148600000.0,1.0,33118263.0,33118263.0,,33.719,2056900000.0,88300000.0,-2400000.0,220600000.0,62.108,182100000.0
35,MTW,MRQ,2012-09-30,2012-09-30,2012-09-30,2021-09-07,-9900000.0,4255200000.0,,1500500000.0,2754700000.0,,17.943,-15000000.0,78400000.0,78400000.0,713600000.0,19700000.0,1.301,6.286,2029600000.0,114000000.0,1915600000.0,2029600000.0,34000000.0,26200000.0,27900000.0,0.006,0.0,70100000.0,96300000.0,0.102,96300000.0,70100000.0,35700000.0,0.68,0.68,0.68,586300000.0,,586300000.0,3760842724.0,15.0,10.389,35900000.0,1.099,1.0,233900000.0,0.247,2053400000.0,34400000.0,2999600000.0,,866400000.0,2700000.0,2700000.0,0.0,3685500000.0,1153400000.0,2532100000.0,1764942724.0,11500000.0,0.0,1000000.0,-42300000.0,0.0,-26500000.0,-14900000.0,0.0,50900000.0,2000000.0,22200000.0,22200000.0,22200000.0,-300000.0,-2500000.0,0.023,164400000.0,69500000.0,890400000.0,0.0,3.01,21.497,21.175,561600000.0,0.0,53.36,0.468,0.463,339300000.0,197000000.0,947500000.0,947500000.0,0.0,,,,,3200000.0,152500000.0,1.0,33076138.0,32676224.0,33150573.0,28.997,2201800000.0,115700000.0,13500000.0,267700000.0,67.382,347100000.0
36,MTW,MRQ,2012-06-30,2012-06-30,2012-06-30,2021-09-07,-38800000.0,4111700000.0,,1422600000.0,2689100000.0,,15.7,-20300000.0,66900000.0,66900000.0,746000000.0,43000000.0,1.285,7.05,2062800000.0,116600000.0,1946200000.0,2062800000.0,32400000.0,25700000.0,23600000.0,0.007,0.0,94600000.0,120300000.0,0.121,120300000.0,94600000.0,60800000.0,1.4,1.36,1.4,512500000.0,,512500000.0,3512552764.0,14.0,9.553,-12200000.0,-0.374,1.0,251200000.0,0.252,1984200000.0,33800000.0,3016500000.0,,808600000.0,2600000.0,2600000.0,0.0,3613300000.0,1106900000.0,2506400000.0,1547052764.0,-14000000.0,0.0,400000.0,2900000.0,0.0,3300000.0,-23500000.0,0.0,8100000.0,-1900000.0,45300000.0,45300000.0,45300000.0,-400000.0,-2300000.0,0.045,159200000.0,92000000.0,847300000.0,0.0,3.019,18.505,18.281,555800000.0,0.0,46.8,0.412,0.407,326300000.0,156200000.0,997200000.0,997200000.0,0.0,,,,,3700000.0,149600000.0,1.0,33056683.0,32643791.0,33348020.0,30.548,2127500000.0,120000000.0,15500000.0,215800000.0,65.173,315700000.0
37,MTW,MRQ,2012-03-31,2012-03-31,2012-03-31,2021-09-07,5000000.0,4115700000.0,,1394600000.0,2721100000.0,,15.614,-14200000.0,77900000.0,77900000.0,648600000.0,-2200000.0,1.269,7.099,2043400000.0,99200000.0,1944200000.0,2043400000.0,32800000.0,27100000.0,27100000.0,0.006,0.0,44100000.0,71200000.0,0.084,71200000.0,44100000.0,11100000.0,0.0,0.0,0.0,509600000.0,,509600000.0,3642136703.0,18.0,11.464,-144100000.0,-4.415,1.0,203300000.0,0.239,2015200000.0,33000000.0,2966900000.0,,777100000.0,2700000.0,2700000.0,0.0,3617900000.0,1099100000.0,2518800000.0,1827936703.0,2200000.0,0.0,1200000.0,143800000.0,0.0,145000000.0,-14100000.0,0.0,-129900000.0,1200000.0,-300000.0,-300000.0,-300000.0,0.0,-1900000.0,0.0,156900000.0,46400000.0,850500000.0,,3.587,44.26,44.71,562900000.0,0.0,55.44,0.493,0.488,319200000.0,113700000.0,851900000.0,851900000.0,0.0,,,,,4900000.0,146900000.0,1.0,32971441.0,32637670.0,33420444.0,26.102,2100500000.0,119300000.0,11400000.0,215900000.0,64.358,295500000.0
38,MTW,MRQ,2011-12-31,2011-12-31,2011-12-31,2021-09-07,-24800000.0,4022600000.0,,1236900000.0,2785700000.0,,14.889,-20800000.0,75800000.0,75800000.0,766100000.0,12500000.0,1.121,7.213,1890000000.0,79100000.0,1810900000.0,1890000000.0,34200000.0,25800000.0,35100000.0,0.009,0.32,48400000.0,74200000.0,0.076,74200000.0,48400000.0,14700000.0,0.44,0.48,0.44,491000000.0,,491000000.0,3213310902.0,22.0,12.107,178600000.0,5.416,1.0,205800000.0,0.212,2039600000.0,33700000.0,2693700000.0,,662300000.0,2700000.0,2700000.0,0.0,3541500000.0,1103500000.0,2438000000.0,1212210902.0,-20100000.0,0.0,-1600000.0,-195800000.0,-10600000.0,-199400000.0,-18900000.0,0.0,199400000.0,-1200000.0,14900000.0,14900000.0,14900000.0,-36700000.0,-2400000.0,0.015,141200000.0,64600000.0,864200000.0,0.727,2.469,-108.233,-102.111,564500000.0,0.0,36.76,0.338,0.338,294500000.0,131000000.0,971900000.0,971900000.0,0.0,,,,,2700000.0,132200000.0,1.0,32976358.0,32976358.0,,29.473,1983000000.0,116700000.0,-200000.0,258200000.0,60.134,133400000.0
39,MTW,MRQ,2011-09-30,2011-09-30,2011-09-30,2021-09-07,23000000.0,4177900000.0,,1451600000.0,2726300000.0,,14.757,-10800000.0,99300000.0,99300000.0,712300000.0,21600000.0,1.223,7.692,2100400000.0,102900000.0,1997500000.0,2100400000.0,30100000.0,31400000.0,35600000.0,0.012,0.0,70600000.0,102000000.0,0.109,102000000.0,70600000.0,36600000.0,0.72,0.72,0.72,481500000.0,,481500000.0,2875763762.0,26.0,12.514,-5800000.0,-0.178,1.0,223100000.0,0.239,2040400000.0,34000000.0,2951700000.0,,816700000.0,2700000.0,2700000.0,0.0,3703900000.0,1186900000.0,2517000000.0,885063762.0,9000000.0,0.0,1600000.0,-4100000.0,0.0,17500000.0,-10500000.0,0.0,5000000.0,-3000000.0,23700000.0,23700000.0,23700000.0,100000.0,-2100000.0,0.025,154300000.0,68800000.0,934500000.0,0.0,1.838,-9.548,-9.451,537200000.0,0.0,26.84,0.259,0.256,329900000.0,78700000.0,935400000.0,935400000.0,0.0,,,,,11000000.0,143200000.0,1.0,32975550.0,32627707.0,33259069.0,28.669,2137500000.0,124600000.0,12900000.0,213200000.0,65.512,264700000.0
40,MTW,MRQ,2011-06-30,2011-06-30,2011-06-30,2021-09-07,63600000.0,4154200000.0,,1436400000.0,2717800000.0,,15.202,-8900000.0,90600000.0,90600000.0,724800000.0,1900000.0,1.244,7.39,2081300000.0,103200000.0,1978100000.0,2081300000.0,29200000.0,28400000.0,35000000.0,0.005,0.0,41900000.0,70300000.0,0.074,70300000.0,41900000.0,3600000.0,0.08,0.08,0.08,495800000.0,,495800000.0,4140013237.0,45.0,19.799,-41900000.0,-1.285,1.0,225000000.0,0.237,2067200000.0,38300000.0,2923000000.0,,734900000.0,2700000.0,2700000.0,0.0,3663800000.0,1154700000.0,2509100000.0,2219313237.0,8700000.0,0.0,0.0,49200000.0,0.0,50000000.0,-8600000.0,0.0,-33000000.0,300000.0,3000000.0,3000000.0,3000000.0,500000.0,-1100000.0,0.003,157100000.0,67900000.0,901300000.0,0.0,4.476,-19.298,-19.136,555000000.0,0.0,67.36,0.675,0.668,427800000.0,55000000.0,949800000.0,949800000.0,0.0,,,,,0.0,145400000.0,1.0,32947049.0,32614265.0,33455630.0,29.122,2087000000.0,125800000.0,600000.0,214000000.0,63.99,281700000.0
41,MTW,MRQ,2011-03-31,2011-03-31,2011-03-31,2021-09-07,48300000.0,4008200000.0,,1284400000.0,2723800000.0,,14.479,-6800000.0,82200000.0,82200000.0,551700000.0,-53300000.0,1.202,7.497,2002900000.0,78700000.0,1924200000.0,2002900000.0,26900000.0,32000000.0,30900000.0,0.004,0.0,-11600000.0,20400000.0,0.028,20400000.0,-11600000.0,-51000000.0,-1.6,-1.6,-1.6,472200000.0,,472200000.0,4779298567.0,43.0,20.442,-161100000.0,-4.94,1.0,180500000.0,0.247,2074000000.0,39400000.0,2786400000.0,,681500000.0,2700000.0,2700000.0,0.0,3540300000.0,1068500000.0,2471800000.0,2874998567.0,-11300000.0,143600000.0,0.0,5300000.0,0.0,6000000.0,136400000.0,0.0,-154300000.0,600000.0,-52400000.0,-52400000.0,-52400000.0,36100000.0,-900000.0,-0.072,150800000.0,29700000.0,843400000.0,0.0,6.089,-27.671,-27.696,563600000.0,0.0,87.52,0.91,0.903,325300000.0,52300000.0,732200000.0,732200000.0,0.0,,,,,0.0,140200000.0,1.0,32849618.0,32612030.0,32612030.0,22.452,1934200000.0,133700000.0,1400000.0,215000000.0,59.309,215900000.0
42,MTW,MRQ,2010-12-31,2010-12-31,2010-12-31,2021-09-07,9900000.0,4011100000.0,,1162400000.0,2848700000.0,,15.589,-3900000.0,93100000.0,93100000.0,614100000.0,-67500000.0,1.165,6.842,1997400000.0,61800000.0,1935600000.0,1997400000.0,27800000.0,25600000.0,48900000.0,0.006,0.32,11500000.0,37100000.0,0.046,37100000.0,11500000.0,-33500000.0,-2.04,-2.04,-2.04,511900000.0,,511900000.0,3767104688.0,30.0,15.038,153200000.0,4.665,1.0,186600000.0,0.233,2066700000.0,45000000.0,2851300000.0,,558800000.0,2700000.0,2700000.0,0.0,3502600000.0,997400000.0,2505200000.0,1722004688.0,-27400000.0,-3800000.0,0.0,-165700000.0,-10600000.0,-176000000.0,-9100000.0,0.0,157100000.0,600000.0,-67000000.0,-67000000.0,-67000000.0,10500000.0,-500000.0,-0.084,136100000.0,50500000.0,748000000.0,-0.157,3.364,-23.083,-23.0,565800000.0,0.0,52.44,0.553,0.553,255100000.0,134700000.0,800700000.0,800700000.0,0.0,,,,,0.0,126500000.0,1.0,32837618.0,32837618.0,,24.384,1944400000.0,131300000.0,33500000.0,213300000.0,59.213,165000000.0
43,MTW,MRQ,2010-09-30,2010-09-30,2010-09-30,2021-09-07,28100000.0,4267700000.0,,1366700000.0,2901000000.0,,17.577,-6200000.0,122900000.0,122900000.0,606900000.0,500000.0,1.161,6.441,2168000000.0,162500000.0,2005500000.0,2168000000.0,32700000.0,31000000.0,40600000.0,0.002,0.0,50300000.0,81300000.0,0.101,81300000.0,50300000.0,4100000.0,0.04,0.04,0.04,573900000.0,,573900000.0,3672797761.0,22.0,12.412,35700000.0,1.093,1.0,200200000.0,0.248,2185900000.0,46200000.0,2949900000.0,,652900000.0,2700000.0,2700000.0,0.0,3696600000.0,1177000000.0,2519600000.0,1590097761.0,800000.0,3800000.0,0.0,-41700000.0,0.0,-41500000.0,-3500000.0,0.0,41900000.0,3900000.0,1400000.0,1400000.0,1400000.0,-1900000.0,-900000.0,0.002,146300000.0,53900000.0,858200000.0,0.0,2.771,397.524,403.667,606200000.0,0.0,48.44,0.532,0.53,353700000.0,181100000.0,807100000.0,807100000.0,0.0,,,,,0.0,133400000.0,1.0,32826130.0,32651354.0,33058064.0,24.719,2081800000.0,161300000.0,2700000.0,224000000.0,63.758,189700000.0
44,MTW,MRQ,2010-06-30,2010-06-30,2010-06-30,2021-09-07,-29300000.0,4240800000.0,,1358300000.0,2882500000.0,,15.703,-500000.0,124300000.0,124300000.0,613100000.0,13300000.0,1.171,7.277,2207000000.0,144200000.0,2062800000.0,2207000000.0,29200000.0,33800000.0,58700000.0,0.004,0.0,61200000.0,95000000.0,0.116,95000000.0,61200000.0,18000000.0,0.44,0.44,0.44,512600000.0,,512600000.0,3297429189.0,21.0,11.529,79400000.0,2.432,1.0,206200000.0,0.252,2164600000.0,43200000.0,2998900000.0,,640100000.0,2600000.0,2600000.0,0.0,3730100000.0,1160000000.0,2570100000.0,1200029189.0,12600000.0,0.0,0.0,-60400000.0,0.0,-60400000.0,-5100000.0,0.0,79900000.0,-1800000.0,14100000.0,14100000.0,14100000.0,-400000.0,-800000.0,0.017,135500000.0,70700000.0,842300000.0,0.0,2.341,-120.003,-114.25,600000000.0,0.0,36.56,0.392,0.39,376100000.0,179600000.0,819300000.0,819300000.0,0.0,,,,,0.0,124500000.0,1.0,32823556.0,32643511.0,33152284.0,25.098,2076200000.0,143400000.0,3900000.0,221600000.0,63.602,198300000.0
45,MTW,MRQ,2010-03-31,2010-03-31,2010-03-31,2021-09-07,21200000.0,4328000000.0,,1368200000.0,2959800000.0,,16.756,-2100000.0,105500000.0,105500000.0,518000000.0,-23600000.0,1.176,6.919,2202900000.0,93500000.0,2109400000.0,2202900000.0,31900000.0,33500000.0,77500000.0,0.005,0.0,3600000.0,37100000.0,0.054,37100000.0,3600000.0,-37000000.0,-0.72,-0.72,-0.72,546700000.0,,546700000.0,3759707364.0,31.0,15.485,-71700000.0,-2.198,1.0,166400000.0,0.243,2197100000.0,40600000.0,3064600000.0,,630600000.0,2600000.0,2600000.0,0.0,3782400000.0,1163700000.0,2618700000.0,1699607364.0,-6000000.0,-4800000.0,0.0,73100000.0,0.0,73500000.0,-7200000.0,0.0,-69600000.0,-2700000.0,-23200000.0,-23200000.0,-23200000.0,-100000.0,-400000.0,-0.034,134400000.0,32000000.0,811700000.0,0.0,3.109,-46.693,-46.429,638900000.0,0.0,52.0,0.519,0.518,408300000.0,165500000.0,684400000.0,684400000.0,0.0,,,,,0.0,124600000.0,1.0,32684757.0,32626768.0,32626768.0,20.977,2130900000.0,144600000.0,-13800000.0,220500000.0,65.311,204500000.0
46,MTW,MRQ,2009-12-31,2009-12-31,2009-12-31,2021-09-07,61800000.0,4278700000.0,,1259900000.0,3018800000.0,,18.614,10400000.0,110200000.0,110200000.0,522000000.0,12400000.0,1.103,6.04,2172400000.0,144900000.0,2027500000.0,2172400000.0,31800000.0,29100000.0,71000000.0,0.008,0.08,53400000.0,82500000.0,0.122,82500000.0,53400000.0,9800000.0,0.36,0.36,0.36,607900000.0,,607900000.0,3530597590.0,-6.0,-8.129,170000000.0,5.205,1.0,154000000.0,0.228,2102700000.0,43600000.0,3096000000.0,,581300000.0,2600000.0,2600000.0,0.0,3671500000.0,1142200000.0,2529300000.0,1302397590.0,-51900000.0,400000.0,0.0,-218600000.0,-2600000.0,-219100000.0,7500000.0,0.0,159600000.0,100000.0,11700000.0,11700000.0,11700000.0,-600000.0,700000.0,0.017,94100000.0,59900000.0,782400000.0,0.222,2.142,-1.946,-1.94,641100000.0,0.0,39.88,0.36,0.36,294800000.0,188700000.0,676000000.0,676000000.0,0.0,,,,,0.0,109800000.0,1.0,32657914.0,32657914.0,,20.699,2176000000.0,142000000.0,-1900000.0,196000000.0,66.63,117700000.0
47,MTW,MRQ,2009-09-30,2009-09-30,2009-09-30,2021-09-07,86300000.0,4645100000.0,,1588300000.0,3056800000.0,,19.747,-17600000.0,165000000.0,165000000.0,680000000.0,-14100000.0,1.31,6.224,2393200000.0,176200000.0,2217000000.0,2393200000.0,40100000.0,31400000.0,54200000.0,0.008,0.08,40000000.0,71400000.0,0.081,71400000.0,40000000.0,-9000000.0,-0.4,-0.4,-0.4,643200000.0,,643200000.0,3643876813.0,-4.0,-4.935,180200000.0,5.532,1.0,201500000.0,0.229,2192800000.0,49000000.0,3468300000.0,,718900000.0,2600000.0,2600000.0,0.0,4003300000.0,1212200000.0,2791100000.0,1236276813.0,38500000.0,0.0,0.0,-142100000.0,-2700000.0,-144200000.0,-18900000.0,0.0,197800000.0,3800000.0,-12600000.0,-12600000.0,-12600000.0,4400000.0,-1500000.0,-0.014,153900000.0,47600000.0,822100000.0,-0.2,1.922,-1.403,-1.403,715000000.0,0.0,37.88,0.299,0.298,420000000.0,203500000.0,881500000.0,881500000.0,0.0,,,,,0.0,132700000.0,1.0,32636664.0,32571231.0,32571231.0,27.064,2452300000.0,210700000.0,3600000.0,316700000.0,75.29,376100000.0
48,MTW,MRQ,2009-06-30,2009-06-30,2009-06-30,2021-09-07,50100000.0,4833600000.0,,1737200000.0,3096400000.0,,18.57,-21200000.0,125200000.0,125200000.0,798000000.0,-13000000.0,1.326,6.999,2532800000.0,195800000.0,2337000000.0,2532800000.0,43700000.0,29300000.0,46000000.0,0.015,0.08,22500000.0,51800000.0,0.05,51800000.0,22500000.0,-18500000.0,-0.36,-0.36,-0.36,604300000.0,,604300000.0,3220148332.0,-3.0,-3.863,-4800000.0,-0.148,1.0,236800000.0,0.229,2188000000.0,41000000.0,3742700000.0,,787400000.0,2600000.0,2600000.0,0.0,4229200000.0,1310500000.0,2918700000.0,685648332.0,-34000000.0,148800000.0,0.0,-177900000.0,-2600000.0,-181200000.0,127500000.0,0.0,16400000.0,3300000.0,-12300000.0,-12300000.0,-12300000.0,26200000.0,-700000.0,-0.012,185200000.0,51600000.0,858700000.0,-0.222,1.135,-0.766,-0.768,719400000.0,0.0,21.04,0.157,0.157,513800000.0,203100000.0,1034800000.0,1034800000.0,0.0,,,,,0.0,153300000.0,1.0,32587848.0,32540930.0,32540930.0,31.8,2645600000.0,159600000.0,-6200000.0,374100000.0,81.301,426700000.0
49,MTW,MRQ,2009-03-31,2009-03-31,2009-03-31,2021-09-07,17900000.0,5164800000.0,,1972600000.0,3192200000.0,,18.181,-21200000.0,159200000.0,159200000.0,822500000.0,-656800000.0,1.347,7.729,2693700000.0,214300000.0,2479400000.0,2693700000.0,47400000.0,36500000.0,48100000.0,0.024,0.08,-676300000.0,-639800000.0,-0.623,-639800000.0,-676300000.0,-716800000.0,-20.16,-20.16,-20.16,591600000.0,,591600000.0,2903475742.0,-4.0,-4.298,-55500000.0,-1.706,1.0,205100000.0,0.2,2213200000.0,40500000.0,4021700000.0,,916300000.0,2600000.0,2600000.0,0.0,4572400000.0,1464400000.0,3108000000.0,426275742.0,-19000000.0,0.0,0.0,40600000.0,-2600000.0,38000000.0,-21200000.0,0.0,-34300000.0,-1500000.0,-655800000.0,-655800000.0,-655800000.0,28300000.0,-1000000.0,-0.638,848200000.0,-643100000.0,1032100000.0,-0.004,0.721,-0.57,-0.569,718200000.0,0.0,13.08,0.094,0.094,524100000.0,223800000.0,1027600000.0,1027600000.0,0.0,,,,,0.0,134000000.0,1.0,32589888.0,32539847.0,32539847.0,31.58,2951600000.0,167200000.0,-61000000.0,273000000.0,90.707,508200000.0
50,MTW,MRQ,2008-12-31,2008-12-31,2008-12-31,2021-09-07,68500000.0,6086100000.0,,2155000000.0,3931100000.0,,40.521,-49300000.0,178100000.0,178100000.0,952800000.0,-201400000.0,1.332,3.608,2655300000.0,182300000.0,2473000000.0,2655300000.0,56300000.0,23300000.0,48500000.0,0.009,0.08,-245100000.0,-221800000.0,-0.186,-221800000.0,-245100000.0,-275700000.0,-6.08,-6.08,-6.08,1320500000.0,,1320500000.0,991243072.0,23.0,7.442,107100000.0,3.287,1.0,240000000.0,0.201,2899500000.0,30600000.0,4045700000.0,,925300000.0,2600000.0,2600000.0,0.0,4763800000.0,1618100000.0,3145700000.0,1128843072.0,-209300000.0,-2264800000.0,0.0,1958300000.0,-2600000.0,1958100000.0,-2317100000.0,0.0,156400000.0,-6700000.0,-200400000.0,-200400000.0,-200400000.0,123400000.0,-1000000.0,-0.168,167400000.0,72600000.0,1206300000.0,-0.013,0.855,112.884,108.25,728800000.0,0.0,34.64,0.252,0.252,608200000.0,903400000.0,1192800000.0,1192800000.0,0.0,,,,,0.0,134600000.0,1.0,32587848.0,32587848.0,,36.603,3186600000.0,138100000.0,-75300000.0,283700000.0,97.785,536900000.0
51,MTW,MRQ,2008-09-30,2008-09-30,2008-09-30,2021-09-07,108600000.0,3376100000.0,,1972700000.0,1403400000.0,,48.01,-29200000.0,384700000.0,384700000.0,863100000.0,-26900000.0,1.426,1.162,247100000.0,44700000.0,202400000.0,247100000.0,54400000.0,24600000.0,53600000.0,0.005,0.08,-48400000.0,-23800000.0,-0.022,-23800000.0,-48400000.0,-55700000.0,-0.8,-0.8,-0.8,1561400000.0,,1561400000.0,1844987602.0,4.0,3.487,-31300000.0,-0.962,1.0,243700000.0,0.22,692800000.0,7300000.0,1162800000.0,,868700000.0,2600000.0,2600000.0,0.0,1814700000.0,1382900000.0,431800000.0,2025787602.0,-37000000.0,-8600000.0,0.0,12500000.0,-2600000.0,10800000.0,-37400000.0,0.0,-2100000.0,-8300000.0,-26100000.0,-26100000.0,-26100000.0,-11600000.0,-800000.0,-0.024,103100000.0,140600000.0,1096200000.0,-0.1,1.297,6.539,6.506,534200000.0,0.0,62.2,0.468,0.467,492900000.0,1106400000.0,1106800000.0,1106800000.0,0.0,,,,,0.0,98700000.0,1.0,32568932.0,32522685.0,32522685.0,34.032,2683300000.0,94600000.0,-29600000.0,0.0,82.505,589800000.0
52,MTW,MRQ,2008-06-30,2008-06-30,2008-06-30,2021-09-07,162500000.0,3326900000.0,,1914800000.0,1412100000.0,,50.536,-36700000.0,422700000.0,422700000.0,904000000.0,133800000.0,1.541,1.027,241900000.0,36900000.0,205000000.0,241900000.0,58600000.0,21200000.0,61800000.0,0.002,0.08,188600000.0,209800000.0,0.176,209800000.0,188600000.0,181500000.0,4.04,4.04,4.04,1641200000.0,,1641200000.0,4113730242.0,7.0,6.042,102500000.0,3.156,1.0,287100000.0,0.241,756000000.0,7100000.0,1147300000.0,,829500000.0,2600000.0,2600000.0,0.0,1685700000.0,1242800000.0,442900000.0,4229330242.0,68000000.0,-18000000.0,0.0,-19500000.0,-2600000.0,-16800000.0,-55400000.0,0.0,139200000.0,1000000.0,133900000.0,133900000.0,133900000.0,-12700000.0,-100000.0,0.112,111900000.0,175200000.0,1023600000.0,0.02,2.577,10.27,10.166,560100000.0,0.0,130.12,1.019,1.018,504500000.0,1135100000.0,1191100000.0,1191100000.0,0.0,,,,,0.0,110200000.0,1.0,32503306.0,32475914.0,33012216.0,36.676,2570900000.0,93300000.0,47600000.0,0.0,79.163,672000000.0
53,MTW,MRQ,2008-03-31,2008-03-31,2008-03-31,2021-09-07,168800000.0,3165200000.0,,1788300000.0,1376900000.0,,46.273,-24700000.0,354200000.0,354200000.0,745700000.0,102700000.0,1.466,1.112,238600000.0,30000000.0,208600000.0,238600000.0,57400000.0,21900000.0,0.0,0.002,0.08,147200000.0,169100000.0,0.171,169100000.0,147200000.0,140500000.0,3.16,3.12,3.16,1498900000.0,,1498900000.0,5148464827.0,9.0,8.209,-12100000.0,-0.374,1.0,242800000.0,0.246,760800000.0,6700000.0,1069000000.0,,792800000.0,2600000.0,2600000.0,0.0,1666300000.0,1219800000.0,446500000.0,5298464827.0,-18500000.0,-100000.0,0.0,-25000000.0,-2600000.0,-25200000.0,-15300000.0,-100000.0,12600000.0,9400000.0,102700000.0,102700000.0,102700000.0,-7300000.0,0.0,0.104,110200000.0,132600000.0,1070100000.0,0.025,3.535,14.114,13.737,536300000.0,0.0,163.2,1.332,1.329,487300000.0,1001900000.0,988500000.0,988500000.0,0.0,,,,,0.0,108500000.0,1.0,32466084.0,32392612.0,33007980.0,30.516,2404400000.0,91000000.0,37800000.0,0.0,74.227,568500000.0
54,MTW,MRQ,2007-12-31,2007-12-31,2007-12-31,2021-09-07,114500000.0,2871400000.0,,1575600000.0,1295800000.0,,42.991,-58400000.0,383600000.0,383600000.0,806400000.0,99300000.0,1.466,1.127,230600000.0,13100000.0,217500000.0,230600000.0,60600000.0,28200000.0,0.0,0.002,0.08,145800000.0,174000000.0,0.166,174000000.0,145800000.0,138100000.0,3.16,3.08,3.16,1349900000.0,,1349900000.0,6287433546.0,13.0,10.842,156200000.0,4.975,1.0,239500000.0,0.229,672200000.0,7700000.0,971600000.0,,591000000.0,2500000.0,2500000.0,0.0,1521500000.0,1074600000.0,446900000.0,6133033546.0,262000000.0,100000.0,157100000.0,-55700000.0,-2600000.0,106400000.0,-61700000.0,0.0,214600000.0,2700000.0,99300000.0,99300000.0,99300000.0,-6900000.0,0.0,0.095,104900000.0,134600000.0,845700000.0,0.025,4.543,18.215,18.085,468900000.0,0.0,195.32,1.665,1.665,416700000.0,903800000.0,1045900000.0,1045900000.0,0.0,,,,,0.0,101900000.0,1.0,31399926.0,31399926.0,,33.309,2199200000.0,93700000.0,38800000.0,0.0,70.038,501000000.0
55,MTW,MRQ,2007-09-30,2007-09-30,2007-09-30,2021-09-07,86000000.0,2590500000.0,,1373900000.0,1216600000.0,,33.824,-19000000.0,119400000.0,119400000.0,713400000.0,75900000.0,1.326,1.447,273800000.0,10400000.0,263400000.0,273800000.0,67800000.0,18000000.0,0.0,0.002,0.08,109900000.0,127900000.0,0.138,127900000.0,109900000.0,101400000.0,2.44,2.36,2.44,1058500000.0,,1058500000.0,5680265659.0,13.0,11.37,36700000.0,1.173,1.0,211800000.0,0.229,715700000.0,8500000.0,992800000.0,,629400000.0,2500000.0,2500000.0,0.0,1532000000.0,1036400000.0,495600000.0,5555065659.0,-22400000.0,-64200000.0,0.0,6100000.0,-2500000.0,5000000.0,-87800000.0,0.0,55700000.0,4700000.0,75900000.0,75900000.0,75900000.0,-4800000.0,0.0,0.082,93800000.0,118000000.0,917800000.0,0.033,5.248,19.741,19.507,443300000.0,0.0,177.12,1.684,1.68,427200000.0,807100000.0,925200000.0,925200000.0,0.0,,,,,0.0,92800000.0,1.0,31363288.0,31293930.0,31978751.0,29.565,1874800000.0,121200000.0,25500000.0,0.0,59.909,337500000.0
56,MTW,MRQ,2007-06-30,2007-06-30,2007-06-30,2021-09-07,59500000.0,2427600000.0,,1313500000.0,1114100000.0,,30.693,-17700000.0,141600000.0,141600000.0,778600000.0,97500000.0,1.34,1.535,266800000.0,5300000.0,261500000.0,266800000.0,62900000.0,14700000.0,0.0,0.002,0.07,141500000.0,156200000.0,0.153,156200000.0,141500000.0,131700000.0,3.12,3.04,3.12,957800000.0,,957800000.0,5157141250.0,13.0,10.875,-3700000.0,-0.119,1.0,240000000.0,0.236,641100000.0,9800000.0,931800000.0,,575300000.0,2500000.0,2500000.0,0.0,1469800000.0,979900000.0,489900000.0,5012541250.0,-14000000.0,4900000.0,0.0,-30000000.0,-2200000.0,-16500000.0,-13100000.0,-100000.0,14000000.0,1600000.0,97500000.0,97500000.0,97500000.0,0.0,0.0,0.096,106800000.0,133200000.0,874200000.0,0.022,5.233,19.588,19.415,410400000.0,0.0,160.76,1.59,1.591,419900000.0,733700000.0,1018600000.0,1018600000.0,0.0,,,,,0.0,100600000.0,1.0,31180276.0,31205914.0,31912268.0,32.641,1786500000.0,119500000.0,34200000.0,0.0,57.249,333600000.0
57,MTW,MRQ,2007-03-31,2007-03-31,2007-03-31,2021-09-07,54900000.0,2349000000.0,,1253300000.0,1095700000.0,,27.084,-7900000.0,155400000.0,155400000.0,666700000.0,64100000.0,1.241,1.795,300000000.0,34800000.0,265200000.0,300000000.0,65700000.0,25100000.0,0.0,0.002,0.07,100600000.0,125700000.0,0.146,125700000.0,100600000.0,91500000.0,2.08,2.0,2.08,840300000.0,,840300000.0,4027294609.0,12.0,9.871,-48200000.0,-1.554,1.0,195400000.0,0.227,640000000.0,9100000.0,843700000.0,,569700000.0,2400000.0,2400000.0,0.0,1508700000.0,1009900000.0,498800000.0,3947694609.0,-33600000.0,-15900000.0,0.0,28300000.0,-2200000.0,29000000.0,-24000000.0,0.0,-40300000.0,1700000.0,64100000.0,64100000.0,64100000.0,0.0,0.0,0.074,94700000.0,100700000.0,881300000.0,0.034,4.698,19.679,19.428,395300000.0,0.0,127.06,1.371,1.369,347300000.0,638600000.0,862100000.0,862100000.0,0.0,,,,,0.0,93800000.0,1.0,31069531.0,31025480.0,31723184.0,27.787,1709000000.0,118000000.0,27400000.0,0.0,55.084,243400000.0
58,MTW,MRQ,2006-12-31,2006-12-31,2006-12-31,2021-09-07,48000000.0,2219500000.0,,1142700000.0,1076800000.0,,25.149,-20600000.0,188800000.0,188800000.0,357800000.0,43900000.0,1.222,1.866,268400000.0,4100000.0,264300000.0,268400000.0,71600000.0,16000000.0,0.0,0.002,0.07,73800000.0,89800000.0,0.182,89800000.0,73800000.0,63500000.0,1.44,1.4,1.44,774500000.0,,774500000.0,3890777814.0,14.0,10.868,143500000.0,4.66,1.0,134900000.0,0.274,622100000.0,10300000.0,741600000.0,,492400000.0,2400000.0,2400000.0,0.0,1445000000.0,935400000.0,509600000.0,3660477814.0,63800000.0,0.0,0.0,-85200000.0,-2100000.0,-63500000.0,-38900000.0,-100000.0,164100000.0,2100000.0,43900000.0,43900000.0,43900000.0,-7500000.0,0.0,0.089,72000000.0,62900000.0,839600000.0,0.049,4.726,22.025,21.849,398900000.0,0.0,118.86,1.381,1.381,285200000.0,587400000.0,492700000.0,492700000.0,0.0,,,,,0.0,67000000.0,1.0,30796549.0,30796549.0,,15.999,1597400000.0,112000000.0,19600000.0,0.0,51.869,207300000.0
59,MTW,MRQ,2006-09-30,2006-09-30,2006-09-30,2021-09-07,36700000.0,2123500000.0,,1060600000.0,1062900000.0,,22.589,-14300000.0,111100000.0,111100000.0,609700000.0,50400000.0,1.269,2.053,341400000.0,6100000.0,335300000.0,341400000.0,74000000.0,17700000.0,0.0,0.003,0.07,84800000.0,102500000.0,0.132,102500000.0,84800000.0,74600000.0,1.64,1.6,1.64,695500000.0,,695500000.0,3046824181.0,12.0,9.621,75200000.0,2.442,1.0,169300000.0,0.217,616000000.0,10200000.0,902000000.0,,436900000.0,2400000.0,2400000.0,0.0,1428000000.0,835800000.0,592200000.0,2757624181.0,23700000.0,0.0,0.0,-50300000.0,-2200000.0,-52300000.0,-14200000.0,100000.0,89500000.0,700000.0,50400000.0,50400000.0,50400000.0,0.0,0.0,0.065,84500000.0,84800000.0,739500000.0,0.043,3.965,19.627,19.39,375100000.0,0.0,89.58,1.004,1.004,351200000.0,545600000.0,779000000.0,779000000.0,0.0,,,,,0.0,84200000.0,1.0,30783927.0,30788806.0,31519300.0,25.301,1507500000.0,109400000.0,24200000.0,0.0,48.963,224800000.0
60,MTW,MRQ,2006-06-30,2006-06-30,2006-06-30,2021-09-07,32500000.0,2087500000.0,,1026000000.0,1061500000.0,,20.789,-10500000.0,87400000.0,87400000.0,574200000.0,42200000.0,1.247,2.27,376600000.0,15000000.0,361600000.0,376600000.0,75300000.0,18800000.0,0.0,0.003,0.07,71200000.0,90000000.0,0.121,90000000.0,71200000.0,60300000.0,1.38,1.34,1.38,638300000.0,,638300000.0,3003632754.0,16.0,11.395,36700000.0,1.195,1.0,172000000.0,0.231,614600000.0,10900000.0,939600000.0,,426300000.0,2400000.0,2400000.0,0.0,1449200000.0,822500000.0,626700000.0,2723932754.0,-117000000.0,-36300000.0,0.0,-120800000.0,-2200000.0,-119500000.0,-46900000.0,-100000.0,47200000.0,2200000.0,42200000.0,42200000.0,42200000.0,0.0,0.0,0.057,86400000.0,85600000.0,721700000.0,0.051,4.267,25.41,25.141,370400000.0,0.0,89.0,1.075,1.079,346200000.0,497400000.0,746200000.0,746200000.0,0.0,,,,,0.0,86800000.0,1.0,30605986.0,30703344.0,31575106.0,24.304,1472900000.0,111100000.0,18100000.0,0.0,47.972,203500000.0
61,MTW,MRQ,2006-03-31,2006-03-31,2006-03-31,2021-09-07,22000000.0,2074800000.0,,1054700000.0,1020100000.0,,19.108,-8700000.0,204400000.0,204400000.0,497800000.0,29700000.0,1.39,2.564,484100000.0,6100000.0,478000000.0,484100000.0,76400000.0,18200000.0,0.0,0.003,0.07,54300000.0,72500000.0,0.115,72500000.0,54300000.0,42600000.0,0.98,0.96,0.98,582200000.0,,582200000.0,3034763114.0,18.0,13.014,-16500000.0,-0.542,1.0,135200000.0,0.214,578300000.0,11700000.0,1017200000.0,,397200000.0,2300000.0,2300000.0,0.0,1492600000.0,759000000.0,733600000.0,2770900114.0,-25100000.0,-12100000.0,0.0,-200000.0,-2100000.0,2400000.0,-20800000.0,0.0,-7800000.0,1100000.0,29700000.0,29700000.0,29700000.0,300000.0,0.0,0.047,79600000.0,55600000.0,673000000.0,0.071,4.759,31.099,30.794,359500000.0,0.0,91.15,1.166,1.168,293300000.0,457300000.0,633000000.0,633000000.0,0.0,,,,,0.0,78900000.0,1.0,30399343.0,30468245.0,31230960.0,20.776,1496500000.0,105400000.0,12900000.0,0.0,49.117,295700000.0
62,MTW,MRQ,2005-12-31,2005-12-31,2005-12-31,2021-09-07,16600000.0,1961800000.0,,953400000.0,1008400000.0,,17.959,-12300000.0,229500000.0,229500000.0,488900000.0,18200000.0,1.381,2.611,493400000.0,19400000.0,474000000.0,493400000.0,81700000.0,17900000.0,0.0,0.006,0.07,33800000.0,51700000.0,0.088,51700000.0,33800000.0,20400000.0,0.62,0.58,0.62,543300000.0,,543300000.0,1893344444.0,14.0,9.567,61500000.0,2.033,1.0,100400000.0,0.17,569500000.0,13400000.0,965900000.0,,331500000.0,2300000.0,2300000.0,0.0,1418500000.0,690300000.0,728200000.0,1519256444.0,109200000.0,0.0,-9000000.0,20000000.0,-2100000.0,19700000.0,15900000.0,-100000.0,73800000.0,-200000.0,18200000.0,18200000.0,18200000.0,-10400000.0,0.0,0.031,77000000.0,23400000.0,591800000.0,0.113,2.796,23.089,22.827,353900000.0,0.0,50.22,0.674,0.674,243200000.0,429800000.0,589300000.0,589300000.0,0.0,,,,,0.0,76700000.0,1.0,30252020.0,30252020.0,,19.48,1392300000.0,101100000.0,2200000.0,0.0,46.023,263100000.0
63,MTW,MRQ,2005-09-30,2005-09-30,2005-09-30,2021-09-07,24917000.0,1911444000.0,,872449000.0,1038995000.0,,17.631,-11500000.0,120351000.0,120351000.0,454500000.0,17100000.0,1.356,2.587,494439000.0,11939000.0,482500000.0,494439000.0,83430000.0,15300000.0,0.0,0.01,0.07,34100000.0,49400000.0,0.087,49400000.0,34100000.0,20600000.0,0.56,0.56,0.56,532812000.0,,532812000.0,1944542536.0,16.0,10.948,49800000.0,1.648,1.0,110400000.0,0.195,575699000.0,13500000.0,1066632000.0,,339161000.0,2293000.0,2293000.0,0.0,1378632000.0,643201000.0,735431000.0,1513406536.0,50700000.0,0.0,2800000.0,600000.0,-2100000.0,1300000.0,-11500000.0,0.0,61300000.0,-400000.0,17100000.0,17100000.0,17100000.0,3800000.0,0.0,0.03,72500000.0,37900000.0,561718000.0,0.125,2.84,28.515,28.23,344741000.0,0.0,50.25,0.697,0.699,262223000.0,413682000.0,564900000.0,564900000.0,0.0,,,,,0.0,69200000.0,1.0,30117543.0,30220335.0,31007522.0,18.693,1335745000.0,106676000.0,3500000.0,0.0,44.2,229248000.0
64,MTW,MRQ,2005-06-30,2005-06-30,2005-06-30,2021-09-07,23821000.0,1889703000.0,,843876000.0,1045827000.0,,17.029,-10800000.0,69587000.0,69587000.0,475300000.0,24100000.0,1.338,2.687,500723000.0,12693000.0,488030000.0,500723000.0,85473000.0,15600000.0,0.0,0.01,0.07,44000000.0,59600000.0,0.101,59600000.0,44000000.0,30700000.0,0.8,0.78,0.8,512526000.0,,512526000.0,1671950230.0,15.0,9.736,2300000.0,0.076,1.0,114300000.0,0.194,579242000.0,13300000.0,1110847000.0,,337982000.0,2273000.0,2273000.0,0.0,1377177000.0,630750000.0,746427000.0,1234037230.0,800000.0,0.0,2900000.0,-700000.0,-2100000.0,100000.0,-10700000.0,0.0,13100000.0,-1700000.0,24100000.0,24100000.0,24100000.0,400000.0,0.0,0.041,69100000.0,45200000.0,551904000.0,0.087,2.408,25.351,24.129,353499000.0,0.0,41.02,0.597,0.597,300437000.0,398699000.0,589600000.0,589600000.0,0.0,,,,,0.0,68500000.0,1.0,30083794.0,30097465.0,30747905.0,19.59,1310461000.0,103224000.0,6600000.0,0.0,43.541,213126000.0
65,MTW,MRQ,2005-03-31,2005-03-31,2005-03-31,2021-09-07,39408000.0,1867509000.0,,811243000.0,1056266000.0,,16.837,-5200000.0,68849000.0,68849000.0,413500000.0,6500000.0,1.315,2.698,506762000.0,9811000.0,496951000.0,506762000.0,83099000.0,14700000.0,0.0,0.009,0.07,21800000.0,36500000.0,0.072,36500000.0,21800000.0,9000000.0,0.22,0.22,0.22,505007000.0,,505007000.0,1618164112.0,15.0,10.043,-46700000.0,-1.557,1.0,96800000.0,0.19,592769000.0,12800000.0,1095777000.0,,329984000.0,2262000.0,2262000.0,0.0,1362502000.0,616876000.0,745626000.0,1210738112.0,-107600000.0,0.0,3300000.0,-60400000.0,-2100000.0,-59200000.0,-5300000.0,0.0,-41500000.0,-1600000.0,6500000.0,6500000.0,6500000.0,-600000.0,0.0,0.013,68600000.0,28200000.0,540236000.0,0.318,2.397,30.398,27.476,352231000.0,0.0,40.39,0.604,0.604,276687000.0,376749000.0,510300000.0,510300000.0,0.0,,,,,0.0,67800000.0,1.0,29976185.0,29994069.0,30611186.0,17.013,1274740000.0,108145000.0,2500000.0,0.0,42.5,194367000.0
66,MTW,MRQ,2004-12-31,2004-12-31,2004-12-31,2021-09-07,61014000.0,1928136000.0,,845961000.0,1082175000.0,,19.323,-7874000.0,176415000.0,176415000.0,412710000.0,5374000.0,1.296,2.716,583841000.0,71605000.0,512236000.0,583841000.0,82587000.0,13025000.0,0.0,0.007,0.28,19097000.0,32122000.0,0.063,32122000.0,19097000.0,4200000.0,0.2,0.2,0.2,518929000.0,,518929000.0,1542361976.0,15.0,9.811,50038000.0,1.863,1.0,94737000.0,0.187,606210000.0,14897000.0,1076672000.0,,287036000.0,2248000.0,2248000.0,0.0,1409207000.0,652680000.0,756527000.0,1011090976.0,123731000.0,0.0,99244000.0,-29023000.0,-7500000.0,69421000.0,-8034000.0,22000.0,57912000.0,4432000.0,5374000.0,5374000.0,5374000.0,4052000.0,0.0,0.011,71624000.0,23113000.0,513504000.0,1.4,1.948,25.859,25.788,357568000.0,0.0,37.65,0.548,0.548,244335000.0,372398000.0,507447000.0,507447000.0,0.0,,,,,0.0,68294000.0,1.0,26855006.0,26855006.0,,18.896,1321926000.0,109453000.0,-1174000.0,0.0,49.225,193281000.0
67,MTW,MRQ,2004-09-30,2004-09-30,2004-09-30,2021-09-07,36447000.0,1763608000.0,,726496000.0,1037112000.0,,14.612,-5021000.0,52637000.0,52637000.0,367834000.0,12704000.0,1.24,3.508,583908000.0,21088000.0,562820000.0,583908000.0,0.0,13107000.0,0.0,0.008,0.0,30397000.0,43504000.0,0.094,43504000.0,30397000.0,16326000.0,0.48,0.47,0.48,391232000.0,,391232000.0,1485955556.0,16.0,10.425,2387000.0,0.089,1.0,92984000.0,0.202,583943000.0,14071000.0,1124940000.0,,330214000.0,2242000.0,2242000.0,0.0,1372376000.0,585996000.0,786380000.0,948183556.0,5686000.0,0.0,2288000.0,4350000.0,0.0,6638000.0,-6056000.0,-17000.0,7408000.0,-2304000.0,12704000.0,12704000.0,12704000.0,-1041000.0,0.0,0.028,63147000.0,29837000.0,503148000.0,0.0,2.424,33.593,33.453,331608000.0,0.0,35.46,0.563,0.563,220017000.0,374518000.0,460818000.0,460818000.0,0.0,,,,,0.0,62695000.0,1.0,26739525.0,26774770.0,27282807.0,17.211,1179665000.0,110745000.0,3622000.0,0.0,44.059,140500000.0
68,MTW,MRQ,2004-06-30,2004-06-30,2004-06-30,2021-09-07,31216000.0,1765150000.0,,749883000.0,1015267000.0,,13.878,-4834000.0,46951000.0,46951000.0,421138000.0,15252000.0,1.243,3.759,584723000.0,21991000.0,562732000.0,584723000.0,0.0,14419000.0,0.0,0.008,0.0,34576000.0,48995000.0,0.093,48995000.0,34576000.0,20659000.0,0.57,0.56,0.57,370938000.0,,370938000.0,1469716171.0,18.0,11.003,-4815000.0,-0.18,1.0,105074000.0,0.2,580388000.0,13917000.0,1119037000.0,,307506000.0,2225000.0,2225000.0,0.0,1394212000.0,603497000.0,790715000.0,904328171.0,13882000.0,0.0,479000.0,9273000.0,0.0,9752000.0,4170000.0,4000.0,19000.0,-59000.0,15252000.0,15252000.0,15252000.0,-481000.0,0.0,0.029,70979000.0,34095000.0,519794000.0,0.0,2.438,39.803,39.824,334013000.0,0.0,33.85,0.554,0.555,276660000.0,361813000.0,526212000.0,526212000.0,0.0,,,,,0.0,69144000.0,1.0,26715751.0,26727708.0,27196924.0,19.688,1184762000.0,108431000.0,5407000.0,0.0,44.327,146386000.0
69,MTW,MRQ,2004-03-31,2004-03-31,2004-03-31,2021-09-07,34917000.0,1726236000.0,,708551000.0,1017685000.0,,13.453,-10071000.0,33069000.0,33069000.0,320509000.0,5767000.0,1.201,3.811,598457000.0,23652000.0,574805000.0,598457000.0,0.0,12649000.0,0.0,0.009,0.0,22068000.0,34717000.0,0.084,34717000.0,22068000.0,8520000.0,0.22,0.21,0.22,358836000.0,,358836000.0,1337186211.0,20.0,11.594,-18410000.0,-0.69,1.0,91317000.0,0.222,582807000.0,13548000.0,1119075000.0,,297010000.0,2229000.0,2229000.0,0.0,1367400000.0,589742000.0,777658000.0,789854211.0,-11899000.0,0.0,2889000.0,3900000.0,0.0,6789000.0,-10080000.0,-9000.0,-8339000.0,-269000.0,5767000.0,5767000.0,5767000.0,971000.0,0.0,0.014,68782000.0,22535000.0,505309000.0,0.0,2.201,89.95,89.636,336719000.0,0.0,29.58,0.52,0.519,251432000.0,346560000.0,411826000.0,411826000.0,0.0,,,,,0.0,67992000.0,1.0,26702306.0,26673710.0,27121025.0,15.439,1143429000.0,106325000.0,2753000.0,0.0,42.867,118809000.0
70,MTW,MRQ,2003-12-31,2003-12-31,2003-12-31,2021-09-07,40800000.0,1660149000.0,,646089000.0,1014060000.0,,13.398,-5716000.0,44968000.0,44968000.0,225972000.0,-5497000.0,1.185,3.663,592300000.0,25216000.0,567084000.0,592300000.0,0.0,12154000.0,0.0,0.009,0.28,3164000.0,15318000.0,0.054,15318000.0,3164000.0,-8829000.0,-0.21,-0.21,-0.21,355992000.0,,355992000.0,1402198540.0,23.0,12.893,51420000.0,1.935,1.0,60228000.0,0.21,588181000.0,11993000.0,1074076000.0,,232877000.0,2220000.0,2220000.0,0.0,1304157000.0,545224000.0,758933000.0,829017540.0,-10545000.0,0.0,23000.0,-56045000.0,-7446000.0,-63468000.0,-6002000.0,-3000.0,57136000.0,1789000.0,-5497000.0,-5497000.0,-5497000.0,-740000.0,0.0,-0.019,50504000.0,9724000.0,454394000.0,-1.333,2.329,233.592,240.0,334618000.0,0.0,31.2,0.565,0.565,245010000.0,340792000.0,286200000.0,286200000.0,0.0,,,,,0.0,59247000.0,1.0,26571075.0,26571075.0,,10.771,1071968000.0,106272000.0,-3332000.0,0.0,40.343,100865000.0
71,MTW,MRQ,2003-09-30,2003-09-30,2003-09-30,2021-09-07,-15644000.0,1605744000.0,,691991000.0,913753000.0,,11.767,-5369000.0,55513000.0,55513000.0,321746000.0,7198000.0,1.459,4.14,628694000.0,13033000.0,615661000.0,628694000.0,0.0,11013000.0,0.0,0.013,0.0,23533000.0,34546000.0,0.085,34546000.0,23533000.0,9870000.0,0.27,0.27,0.27,312398000.0,,312398000.0,1211579827.0,26.0,12.846,64322000.0,2.423,1.0,85410000.0,0.21,542432000.0,13663000.0,1162152000.0,,276018000.0,2218000.0,2218000.0,0.0,1293346000.0,474341000.0,819005000.0,572989827.0,31191000.0,0.0,17000.0,-30155000.0,0.0,-30138000.0,-10035000.0,34000.0,69691000.0,1673000.0,7198000.0,7198000.0,7198000.0,877000.0,0.0,0.018,61000000.0,24410000.0,394407000.0,0.0,1.834,-35.689,-32.373,305138000.0,0.0,21.69,0.374,0.376,224404000.0,353736000.0,407156000.0,407156000.0,0.0,,,,,0.0,58756000.0,1.0,26417235.0,26548792.0,26718724.0,15.336,1063312000.0,93414000.0,2672000.0,0.0,40.051,217650000.0
72,MTW,MRQ,2003-06-30,2003-06-30,2003-06-30,2021-09-07,-15195000.0,1651982000.0,,731244000.0,920738000.0,,11.511,-2829000.0,24322000.0,24322000.0,320490000.0,1313000.0,1.368,4.406,662912000.0,40016000.0,622896000.0,662912000.0,0.0,11810000.0,0.0,0.013,0.0,18942000.0,30752000.0,0.074,30752000.0,18942000.0,3613000.0,0.05,0.05,0.05,305560000.0,,305560000.0,1206671990.0,20.0,11.16,-3601000.0,-0.136,1.0,93334000.0,0.226,520771000.0,15329000.0,1235254000.0,,282419000.0,2252000.0,2252000.0,0.0,1346422000.0,534547000.0,811875000.0,589003990.0,-8953000.0,0.0,78000.0,-5111000.0,0.0,-5033000.0,-2829000.0,0.0,-772000.0,-319000.0,1313000.0,1313000.0,1313000.0,4276000.0,0.0,0.003,70116000.0,23218000.0,427365000.0,0.0,1.928,-69.091,-61.944,314293000.0,0.0,22.3,0.388,0.389,269327000.0,346538000.0,413824000.0,413824000.0,0.0,,,,,0.0,65215000.0,1.0,26412735.0,26544501.0,26628261.0,15.59,1131211000.0,120788000.0,2300000.0,0.0,42.616,196697000.0
73,MTW,MRQ,2003-03-31,2003-03-31,2003-03-31,2021-09-07,-28859000.0,1583484000.0,,675855000.0,907629000.0,,10.942,-3342000.0,33275000.0,33275000.0,283166000.0,535000.0,1.353,4.452,650943000.0,39955000.0,610988000.0,650943000.0,0.0,12659000.0,0.0,0.017,0.0,15653000.0,28312000.0,0.078,28312000.0,15653000.0,1034000.0,0.02,0.02,0.02,290435000.0,,290435000.0,1084316886.0,13.0,8.534,21466000.0,0.809,1.0,77743000.0,0.215,509973000.0,14619000.0,1191558000.0,,272391000.0,2252000.0,2252000.0,0.0,1293049000.0,499621000.0,793428000.0,446172886.0,5240000.0,0.0,0.0,-23905000.0,0.0,-23905000.0,3766000.0,119000.0,24808000.0,571000.0,535000.0,535000.0,535000.0,435000.0,0.0,0.001,61614000.0,16129000.0,392246000.0,0.0,1.536,43.559,40.024,316970000.0,0.0,16.81,0.311,0.311,223888000.0,345224000.0,360909000.0,360909000.0,0.0,,,,,0.0,60915000.0,1.0,26542111.0,26542127.0,26582057.0,13.598,1073511000.0,117913000.0,499000.0,0.0,40.446,176234000.0
74,MTW,MRQ,2002-12-31,2002-12-31,2002-12-31,2021-09-07,-51000.0,1600646000.0,,647164000.0,953482000.0,,12.074,-5345000.0,28035000.0,28035000.0,273630000.0,-25101000.0,1.406,4.023,666179000.0,42632000.0,623547000.0,666179000.0,0.0,12573000.0,0.0,0.011,0.28,-11868000.0,705000.0,0.002,705000.0,-11868000.0,-27235000.0,-1.01,-0.98,-1.01,318638000.0,,318638000.0,1320404426.0,24.0,14.676,35601000.0,1.349,1.0,76575000.0,0.219,531160000.0,15367000.0,1247232000.0,,255218000.0,2371000.0,2371000.0,0.0,1282008000.0,460398000.0,821610000.0,672951426.0,-6031000.0,-2847000.0,-563000.0,-40908000.0,-7432000.0,-48903000.0,3051000.0,-153000.0,40946000.0,-1125000.0,-25101000.0,-25101000.0,-25101000.0,26769000.0,0.0,-0.072,61271000.0,15304000.0,350315000.0,-0.277,2.112,-32.824,-31.098,319301000.0,0.0,25.5,0.496,0.496,226091000.0,344689000.0,350205000.0,350205000.0,0.0,,,,,0.0,55032000.0,1.0,26390252.0,26390252.0,,13.27,1069486000.0,116403000.0,-2134000.0,0.0,40.526,186766000.0
75,MTW,MRQ,2002-09-30,2002-09-30,2002-09-30,2021-09-07,-12503000.0,1603899000.0,,682502000.0,921397000.0,,13.21,-5180000.0,34066000.0,34066000.0,306255000.0,14728000.0,1.412,3.743,681519000.0,56314000.0,625205000.0,681519000.0,0.0,9899000.0,0.0,0.008,0.0,38460000.0,48359000.0,0.122,48359000.0,38460000.0,23820000.0,0.58,0.57,0.58,338172000.0,,338172000.0,1155015765.0,13.0,9.807,46646000.0,1.822,1.0,88663000.0,0.225,524444000.0,14640000.0,1243517000.0,,290629000.0,2218000.0,2218000.0,0.0,1265727000.0,483391000.0,782336000.0,660824765.0,9830000.0,11211000.0,98000.0,-48093000.0,0.0,-47995000.0,6011000.0,-20000.0,51826000.0,-12000.0,14728000.0,14728000.0,14728000.0,-510000.0,0.0,0.037,50679000.0,37984000.0,397300000.0,0.0,1.954,49.96,52.596,315241000.0,0.0,27.35,0.569,0.603,288516000.0,377222000.0,394918000.0,394918000.0,0.0,,,,,0.0,50178000.0,1.0,24161783.0,25600024.0,25983241.0,15.426,1079455000.0,35224000.0,9092000.0,0.0,42.166,199111000.0
76,MTW,MRQ,2002-06-30,2002-06-30,2002-06-30,2021-09-07,-13554000.0,1179972000.0,,448042000.0,731930000.0,,10.37,-4725000.0,24236000.0,24236000.0,239917000.0,20081000.0,1.12,3.679,518427000.0,66509000.0,451918000.0,518427000.0,0.0,5703000.0,0.0,0.006,0.0,43986000.0,49689000.0,0.151,49689000.0,43986000.0,32642000.0,0.83,0.81,0.83,252195000.0,,252195000.0,1330338701.0,16.0,11.506,-1937000.0,-0.08,1.0,88358000.0,0.269,453018000.0,11344000.0,821182000.0,,145857000.0,2198000.0,2198000.0,0.0,927777000.0,399963000.0,527814000.0,854378701.0,-3182000.0,-3371000.0,1744000.0,-515000.0,0.0,1229000.0,-8233000.0,-21000.0,2788000.0,1034000.0,20081000.0,20081000.0,20081000.0,-431000.0,0.0,0.061,44538000.0,43820000.0,315299000.0,0.0,3.388,78.111,78.867,201050000.0,0.0,35.49,0.8,0.808,222449000.0,362494000.0,328275000.0,328275000.0,0.0,,,,,0.0,44073000.0,1.0,24073787.0,24319218.0,24892423.0,13.499,726954000.0,35439000.0,12561000.0,0.0,29.892,48079000.0
77,MTW,MRQ,2002-03-31,2002-03-31,2002-03-31,2021-09-07,-3462000.0,1122528000.0,,381251000.0,741277000.0,,11.451,-1047000.0,27418000.0,27418000.0,215284000.0,-30210000.0,1.133,3.037,503378000.0,58991000.0,444387000.0,503378000.0,0.0,6903000.0,0.0,0.006,0.0,-15688000.0,-8785000.0,-0.031,-8785000.0,-15688000.0,-26300000.0,-1.24,-1.22,-1.24,278072000.0,,278072000.0,1424211977.0,19.0,13.184,-2068000.0,-0.085,1.0,67741000.0,0.239,511535000.0,10612000.0,750318000.0,,135558000.0,2177000.0,2177000.0,0.0,844456000.0,336635000.0,507821000.0,959222977.0,3837000.0,-4017000.0,232000.0,10035000.0,0.0,10267000.0,-5262000.0,-26000.0,-1021000.0,-147000.0,-30210000.0,-30210000.0,-30210000.0,-476000.0,0.0,-0.107,47807000.0,19934000.0,259552000.0,0.0,3.45,175.425,179.545,170559000.0,0.0,39.5,0.924,0.924,171988000.0,379214000.0,283025000.0,283025000.0,0.0,,,,,0.0,43320000.0,1.0,24284126.0,24283661.0,24783860.0,11.655,610993000.0,27671000.0,3910000.0,0.0,25.161,44616000.0
78,MTW,MRQ,2001-12-31,2001-12-31,2001-12-31,2021-09-07,-3937000.0,1080812000.0,,331090000.0,749722000.0,,10.868,-1955000.0,23581000.0,23581000.0,99171000.0,8628000.0,1.118,3.097,488570000.0,42048000.0,446522000.0,488570000.0,0.0,5941000.0,0.0,0.01,0.225,22569000.0,28510000.0,0.183,28510000.0,22569000.0,10463000.0,0.35,0.35,0.35,263795000.0,,263795000.0,1222284116.0,11.0,8.612,19179000.0,0.79,1.0,56656000.0,0.364,507739000.0,12106000.0,741901000.0,,123056000.0,2151000.0,2151000.0,0.0,817017000.0,296161000.0,520856000.0,754909116.0,-15753000.0,-774000.0,35000.0,-28445000.0,-5465000.0,-33875000.0,-2912000.0,-26000.0,21134000.0,-100000.0,8628000.0,8628000.0,8628000.0,-1154000.0,0.0,0.055,34242000.0,22414000.0,236131000.0,0.643,2.862,16.574,16.631,175384000.0,0.0,31.1,0.767,0.767,141211000.0,372623000.0,155827000.0,155827000.0,0.0,,,,,0.0,30843000.0,1.0,24273605.0,24273605.0,,6.42,573073000.0,28346000.0,1835000.0,5143000.0,23.609,34929000.0
79,MTW,MRQ,2001-09-30,2001-09-30,2001-09-30,2021-09-07,-5919000.0,1139005000.0,,395512000.0,743493000.0,,10.942,-9353000.0,39334000.0,39334000.0,222873000.0,12439000.0,1.137,3.288,506709000.0,44023000.0,462686000.0,506709000.0,0.0,13112000.0,0.0,0.006,0.0,33094000.0,46206000.0,0.154,46206000.0,33094000.0,20732000.0,0.51,0.51,0.51,265596000.0,,265596000.0,1090413759.0,10.0,8.262,33478000.0,1.379,1.0,78138000.0,0.26,524490000.0,12362000.0,734075000.0,,150992000.0,2125000.0,2125000.0,0.0,873409000.0,347815000.0,525594000.0,588346759.0,9094000.0,-2442000.0,18000.0,-42140000.0,-102000.0,-22071000.0,-11822000.0,-27000.0,42831000.0,156000.0,12439000.0,12439000.0,12439000.0,0.0,0.0,0.041,44367000.0,33771000.0,287440000.0,0.0,2.215,12.42,12.431,176258000.0,0.0,24.24,0.628,0.628,166503000.0,369461000.0,301011000.0,301011000.0,0.0,,,,,0.0,40891000.0,1.0,24271731.0,24273605.0,24522524.0,12.401,614515000.0,26674000.0,8293000.0,0.0,25.316,47697000.0
80,MTW,MRQ,2001-06-30,2001-06-30,2001-06-30,2021-09-07,-8313000.0,1118089000.0,,392714000.0,725375000.0,,10.335,-2263000.0,30240000.0,30240000.0,218460000.0,14611000.0,1.286,3.458,532307000.0,37895000.0,494412000.0,532307000.0,0.0,6841000.0,0.0,0.008,0.0,35254000.0,42095000.0,0.141,42095000.0,35254000.0,26410000.0,0.6,0.6,0.6,250815000.0,,250815000.0,916940180.0,10.0,8.047,29310000.0,1.208,1.0,79774000.0,0.267,521876000.0,8844000.0,792853000.0,,152326000.0,2098000.0,2098000.0,0.0,867274000.0,305427000.0,561847000.0,715848180.0,22054000.0,-282317000.0,130000.0,295140000.0,0.0,275117000.0,-284607000.0,-27000.0,31573000.0,-29000.0,14611000.0,14611000.0,14611000.0,0.0,0.0,0.049,40771000.0,39003000.0,251668000.0,0.0,2.854,15.157,15.206,171740000.0,0.0,29.5,0.842,0.842,169097000.0,357124000.0,298234000.0,298234000.0,0.0,,,,,0.0,37619000.0,1.0,24266040.0,24269153.0,24562957.0,12.289,596213000.0,27002000.0,11799000.0,0.0,24.567,87287000.0
81,MTW,MRQ,2001-03-31,2001-03-31,2001-03-31,2021-09-07,-2451000.0,641782000.0,,217388000.0,424394000.0,,9.973,-5314000.0,8186000.0,8186000.0,173321000.0,9870000.0,0.956,1.652,209278000.0,68941000.0,140337000.0,209278000.0,0.0,5208000.0,0.0,0.012,0.075,19914000.0,25122000.0,0.11,25122000.0,19914000.0,15818000.0,0.41,0.4,0.41,241966000.0,,241966000.0,816248712.0,8.0,7.008,5763000.0,0.238,1.0,56030000.0,0.244,307516000.0,4096000.0,307884000.0,,101818000.0,2071000.0,2071000.0,0.0,399816000.0,227474000.0,172342000.0,611293712.0,-5797000.0,0.0,0.0,-9660000.0,-1791000.0,-11451000.0,-5341000.0,-27000.0,11077000.0,-82000.0,9870000.0,9870000.0,9870000.0,0.0,0.0,0.043,36001000.0,20029000.0,145996000.0,0.183,2.526,11.069,11.022,102297000.0,0.0,24.8,0.768,0.756,71730000.0,342513000.0,229351000.0,229351000.0,0.0,,,,,0.0,33686000.0,1.0,24648940.0,24262313.0,24543198.0,9.453,334266000.0,22756000.0,5948000.0,0.0,13.777,-10086000.0
82,MTW,MRQ,2000-12-31,2000-12-31,2000-12-31,2021-09-07,-2569000.0,642530000.0,,223507000.0,419023000.0,,9.487,-2142000.0,13983000.0,13983000.0,72794000.0,10450000.0,0.933,1.749,218938000.0,81270000.0,137668000.0,218938000.0,0.0,2362000.0,0.0,0.01,0.075,16188000.0,18550000.0,0.171,18550000.0,16188000.0,13829000.0,0.43,0.42,0.43,233769000.0,,233769000.0,851607076.0,8.0,6.972,-8533000.0,-0.346,1.0,35543000.0,0.328,308751000.0,2359000.0,299244000.0,,91178000.0,2044000.0,2044000.0,0.0,408761000.0,239490000.0,169271000.0,714596076.0,697000.0,-48383000.0,-8278000.0,68641000.0,-1889000.0,58474000.0,-51318000.0,-27000.0,-6391000.0,-68000.0,10450000.0,10450000.0,10450000.0,-4096000.0,0.0,0.096,22774000.0,12769000.0,144713000.0,0.174,3.057,11.857,11.983,99940000.0,0.0,29.0,0.925,0.925,88231000.0,334433000.0,108337000.0,108337000.0,0.0,,,,,0.0,22127000.0,1.0,24641244.0,24641244.0,,4.397,333779000.0,20592000.0,3379000.0,0.0,13.546,-15983000.0
83,MTW,MRQ,2000-09-30,2000-09-30,2000-09-30,2021-09-07,-2044000.0,591700000.0,,215492000.0,376208000.0,,9.498,1276000.0,13286000.0,13286000.0,158874000.0,12298000.0,0.87,1.529,150297000.0,71367000.0,78930000.0,150297000.0,0.0,4500000.0,0.0,0.015,0.075,23677000.0,28177000.0,0.131,28177000.0,23677000.0,19677000.0,0.5,0.5,0.5,234012000.0,,234012000.0,664179727.0,6.0,5.016,45668000.0,1.854,1.0,55657000.0,0.259,265315000.0,4000000.0,215610000.0,,97909000.0,2017000.0,2017000.0,0.0,357688000.0,247786000.0,109902000.0,486536727.0,2903000.0,-3188000.0,62000.0,-37729000.0,-1848000.0,-39515000.0,-1946000.0,-34000.0,44392000.0,-28000.0,12298000.0,12298000.0,12298000.0,0.0,0.0,0.057,31376000.0,24281000.0,162807000.0,0.15,2.079,7.625,7.806,95579000.0,0.0,19.75,0.563,0.563,77029000.0,325872000.0,214531000.0,214531000.0,0.0,,,,,0.0,29289000.0,1.0,24634771.0,24638599.0,24684739.0,8.707,326385000.0,22557000.0,7379000.0,0.0,13.247,-32294000.0
84,MTW,MRQ,2000-06-30,2000-06-30,2000-06-30,2021-09-07,-1568000.0,617167000.0,,238473000.0,378694000.0,,9.058,-3471000.0,10383000.0,10383000.0,172500000.0,22606000.0,0.843,1.756,188026000.0,109085000.0,78941000.0,188026000.0,0.0,4509000.0,0.0,0.011,0.075,40108000.0,44617000.0,0.183,44617000.0,40108000.0,36170000.0,0.91,0.91,0.91,223974000.0,,223974000.0,821834590.0,7.0,5.779,20463000.0,0.828,1.0,71066000.0,0.292,264713000.0,3938000.0,247226000.0,,98306000.0,1983000.0,1983000.0,0.0,393193000.0,282871000.0,110322000.0,660871590.0,-7856000.0,-16717000.0,-18559000.0,8824000.0,-1813000.0,-11548000.0,-20218000.0,-30000.0,23934000.0,-24000.0,22606000.0,22606000.0,22606000.0,0.0,0.0,0.093,30572000.0,40494000.0,159048000.0,0.082,2.951,9.323,9.622,99449000.0,0.0,26.75,0.766,0.766,102446000.0,315421000.0,243566000.0,243566000.0,0.0,,,,,0.0,28487000.0,1.0,24705480.0,24725648.0,24905159.0,9.851,352454000.0,22557000.0,13564000.0,0.0,14.255,-44398000.0
85,MTW,MRQ,2000-03-31,2000-03-31,2000-03-31,2021-09-07,-998000.0,595612000.0,,232811000.0,362801000.0,,8.6,-4831000.0,18239000.0,18239000.0,150136000.0,14913000.0,0.886,1.679,179202000.0,100251000.0,78951000.0,179202000.0,0.0,4425000.0,0.0,0.011,0.075,26372000.0,30797000.0,0.15,30797000.0,26372000.0,23861000.0,0.58,0.57,0.58,222310000.0,,222310000.0,819345148.0,7.0,5.943,-3719000.0,-0.144,1.0,55717000.0,0.271,252900000.0,2511000.0,240808000.0,,99623000.0,1953000.0,1953000.0,0.0,373302000.0,262867000.0,110435000.0,717430148.0,8142000.0,-30694000.0,-22638000.0,67190000.0,-1957000.0,42595000.0,-35555000.0,-30000.0,1112000.0,-10000.0,14913000.0,14913000.0,14913000.0,0.0,0.0,0.072,28974000.0,26743000.0,147723000.0,0.129,3.227,10.357,10.261,95791000.0,0.0,27.5,0.848,0.84,86688000.0,294628000.0,205853000.0,205853000.0,0.0,,,,,0.0,28974000.0,1.0,26088369.0,25850072.0,25997317.0,7.963,342712000.0,22528000.0,8948000.0,0.0,13.258,-30056000.0
86,MTW,MRQ,1999-12-31,1999-12-31,1999-12-31,2021-09-07,-814000.0,530240000.0,,190998000.0,339242000.0,,8.936,-4248000.0,10097000.0,10097000.0,146990000.0,13992000.0,1.009,1.284,112012000.0,32789000.0,79223000.0,112012000.0,0.0,4258000.0,0.0,0.009,0.075,24569000.0,28827000.0,0.144,28827000.0,24569000.0,22210000.0,0.54,0.54,0.54,232176000.0,,232176000.0,989623832.0,8.0,7.412,5667000.0,0.218,1.0,52919000.0,0.265,232729000.0,2359000.0,210118000.0,,91437000.0,1923000.0,1923000.0,0.0,298064000.0,189308000.0,108756000.0,883416832.0,-290000.0,0.0,1180000.0,-4582000.0,-1955000.0,-5931000.0,-4256000.0,-8000.0,9915000.0,-18000.0,13992000.0,13992000.0,13992000.0,0.0,0.0,0.07,27669000.0,25250000.0,141909000.0,0.139,3.805,13.228,13.23,92023000.0,0.0,34.0,1.072,1.072,62802000.0,281672000.0,199909000.0,199909000.0,0.0,,,,,0.0,20277000.0,1.0,25982848.0,25982848.0,,7.694,297511000.0,22528000.0,8218000.0,0.0,11.45,1690000.0
87,MTW,MRQ,1999-09-30,1999-09-30,1999-09-30,2021-09-07,-814000.0,529505000.0,,189232000.0,340273000.0,,8.936,1262000.0,10387000.0,10387000.0,151384000.0,19378000.0,1.0,1.284,112012000.0,32789000.0,79223000.0,112012000.0,0.0,4216000.0,0.0,0.009,0.075,33745000.0,37961000.0,0.177,37961000.0,33745000.0,30758000.0,0.75,0.74,0.75,232176000.0,,232176000.0,1024391267.0,9.0,7.911,33236000.0,1.279,1.0,62514000.0,0.292,234326000.0,2987000.0,207496000.0,,80386000.0,1915000.0,1915000.0,0.0,298064000.0,189308000.0,108756000.0,886373267.0,-1052000.0,551000.0,-16000.0,-32863000.0,-1949000.0,-34828000.0,1789000.0,-24000.0,31974000.0,13000.0,19378000.0,19378000.0,19378000.0,0.0,0.0,0.091,27883000.0,34631000.0,141909000.0,0.1,3.818,13.801,13.762,90093000.0,0.0,34.13,1.106,1.107,73312000.0,281672000.0,213898000.0,213898000.0,0.0,,,,,0.0,27883000.0,1.0,25970503.0,25982312.0,26332622.0,8.232,295179000.0,20888000.0,11380000.0,0.0,11.361,-76000.0
88,MTW,MRQ,1999-06-30,1999-06-30,1999-06-30,2021-09-07,-814000.0,548907000.0,,203711000.0,345196000.0,,8.942,-1569000.0,11439000.0,11439000.0,160624000.0,20986000.0,1.076,1.284,112012000.0,32789000.0,79223000.0,112012000.0,0.0,4230000.0,0.0,0.007,0.075,36051000.0,40281000.0,0.178,40281000.0,36051000.0,33315000.0,0.81,0.8,0.81,232176000.0,,232176000.0,1242740461.0,12.0,10.258,50722000.0,1.953,1.0,65718000.0,0.29,235214000.0,2736000.0,224958000.0,,85533000.0,1891000.0,1891000.0,0.0,298064000.0,189308000.0,108756000.0,1080910461.0,-2811000.0,-24993000.0,77000.0,-26623000.0,-1948000.0,-28494000.0,-26595000.0,-33000.0,52291000.0,-13000.0,20986000.0,20986000.0,20986000.0,0.0,0.0,0.093,29298000.0,36420000.0,141909000.0,0.093,4.656,18.0,17.944,94092000.0,0.0,41.63,1.401,1.401,81362000.0,281672000.0,226342000.0,226342000.0,0.0,,,,,0.0,29298000.0,1.0,25964700.0,25965034.0,26321060.0,8.717,313693000.0,21682000.0,12329000.0,0.0,12.081,14403000.0
89,MTW,MRQ,1999-03-31,1999-03-31,1999-03-31,2021-09-07,-814000.0,536255000.0,,210749000.0,325506000.0,,8.943,-2668000.0,14250000.0,14250000.0,131629000.0,12428000.0,1.113,1.284,112012000.0,32789000.0,79223000.0,112012000.0,0.0,4009000.0,0.0,0.011,0.075,22432000.0,26441000.0,0.144,26441000.0,22432000.0,19724000.0,0.48,0.47,0.48,232176000.0,,232176000.0,853475387.0,9.0,7.652,6523000.0,0.251,1.0,52560000.0,0.285,215297000.0,2708000.0,229412000.0,,85271000.0,1858000.0,1858000.0,0.0,298064000.0,189308000.0,108756000.0,724755387.0,3668000.0,-37662000.0,0.0,36778000.0,-1947000.0,34831000.0,-40354000.0,-24000.0,9191000.0,0.0,12428000.0,12428000.0,12428000.0,0.0,0.0,0.067,29910000.0,22650000.0,141909000.0,0.156,3.122,13.305,13.295,94419000.0,0.0,27.92,0.987,0.988,86205000.0,281672000.0,184189000.0,184189000.0,0.0,,,,,0.0,29910000.0,1.0,25958288.0,25962372.0,26166099.0,7.094,320958000.0,21682000.0,7296000.0,0.0,12.362,21441000.0
90,MTW,MRQ,1998-12-31,1998-12-31,1998-12-31,2021-09-07,-212000.0,481014000.0,,190877000.0,290137000.0,,6.651,-2358000.0,10582000.0,10582000.0,131084000.0,11432000.0,0.963,1.788,139302000.0,59468000.0,79834000.0,139302000.0,0.0,4157000.0,0.0,0.01,0.075,20646000.0,24803000.0,0.14,24803000.0,20646000.0,18262000.0,0.44,0.44,0.44,172552000.0,,172552000.0,866855210.0,10.0,8.196,21174000.0,0.816,1.0,45775000.0,0.259,184926000.0,2384000.0,226696000.0,,81978000.0,1834000.0,1834000.0,0.0,308462000.0,198112000.0,110350000.0,767553210.0,795000.0,-48175000.0,101000.0,30213000.0,-1947000.0,27846000.0,-50562000.0,-29000.0,23532000.0,-21000.0,11432000.0,11432000.0,11432000.0,0.0,0.0,0.065,25299000.0,20476000.0,123534000.0,0.17,4.448,14.939,14.943,93583000.0,0.0,29.587,1.09,1.09,69504000.0,222687000.0,176859000.0,176859000.0,0.0,,,,,0.0,20418000.0,1.0,25942538.0,25942538.0,,6.817,296088000.0,21682000.0,6830000.0,0.0,11.413,-7235000.0
91,MTW,MRQ,1998-09-30,1998-09-30,1998-09-30,2021-09-07,-102000.0,430509000.0,,179361000.0,251148000.0,,6.287,540000.0,9787000.0,9787000.0,130743000.0,15203000.0,1.225,1.64,109089000.0,17796000.0,91293000.0,109089000.0,0.0,3508000.0,0.0,0.015,0.075,26119000.0,29627000.0,0.161,29627000.0,26119000.0,24028000.0,0.59,0.58,0.59,163076000.0,,163076000.0,641328470.0,7.0,6.427,22971000.0,0.886,1.0,53280000.0,0.29,145856000.0,2091000.0,237561000.0,,70450000.0,1806000.0,1806000.0,0.0,267433000.0,146394000.0,121039000.0,520982470.0,-5792000.0,0.0,20000.0,-26836000.0,-1945000.0,-28761000.0,521000.0,-19000.0,22431000.0,17000.0,15203000.0,15203000.0,15203000.0,0.0,0.0,0.083,26314000.0,26966000.0,116478000.0,0.127,3.195,10.755,10.742,91408000.0,0.0,20.087,0.768,0.769,80521000.0,213202000.0,184023000.0,184023000.0,0.0,,,,,0.0,26314000.0,1.0,25936731.0,25939026.0,26095275.0,7.094,284653000.0,15287000.0,8825000.0,0.0,10.974,32967000.0
92,MTW,MRQ,1998-06-30,1998-06-30,1998-06-30,2021-09-07,-29000.0,436933000.0,,183572000.0,253361000.0,,5.78,-4525000.0,15579000.0,15579000.0,135805000.0,15408000.0,1.225,1.915,135925000.0,29368000.0,106557000.0,135925000.0,0.0,3509000.0,0.0,0.011,0.075,27160000.0,30669000.0,0.162,30669000.0,27160000.0,24302000.0,0.59,0.59,0.59,149871000.0,,149871000.0,842550572.0,11.0,9.398,27535000.0,1.062,1.0,53094000.0,0.281,144918000.0,2858000.0,262449000.0,,64303000.0,1787000.0,1787000.0,0.0,287062000.0,149912000.0,137150000.0,696511572.0,4857000.0,0.0,137000.0,-20836000.0,-1945000.0,-22644000.0,-4557000.0,-32000.0,32060000.0,-2000.0,15408000.0,15408000.0,15408000.0,0.0,0.0,0.082,25501000.0,27593000.0,108563000.0,0.127,4.647,16.288,16.317,94971000.0,0.0,26.873,1.109,1.11,84932000.0,199943000.0,188899000.0,188899000.0,0.0,,,,,0.0,25501000.0,1.0,25918317.0,25927854.0,26218127.0,7.286,292015000.0,15287000.0,8894000.0,0.0,11.263,33660000.0
93,MTW,MRQ,1998-03-31,1998-03-31,1998-03-31,2021-09-07,-212000.0,436664000.0,,184566000.0,252098000.0,,6.659,-4006000.0,10722000.0,10722000.0,110667000.0,9337000.0,0.932,1.788,139302000.0,59468000.0,79834000.0,139302000.0,0.0,3436000.0,0.0,0.012,0.075,17228000.0,20664000.0,0.134,20664000.0,17228000.0,14820000.0,0.36,0.36,0.36,172552000.0,,172552000.0,786250863.0,11.0,9.562,-25215000.0,-0.973,1.0,43472000.0,0.282,146194000.0,2408000.0,220938000.0,,72987000.0,1755000.0,1755000.0,0.0,308462000.0,198112000.0,110350000.0,667279863.0,-1166000.0,0.0,97000.0,25902000.0,-1944000.0,24055000.0,-4020000.0,-14000.0,-21209000.0,8000.0,9337000.0,9337000.0,9337000.0,0.0,0.0,0.061,25887000.0,17585000.0,123534000.0,0.208,3.867,16.987,16.976,92910000.0,0.0,25.753,1.143,1.143,82098000.0,222687000.0,154139000.0,154139000.0,0.0,,,,,0.0,25887000.0,1.0,25910427.0,25911848.0,26175801.0,5.949,290470000.0,15287000.0,5483000.0,0.0,11.21,-13546000.0
94,MTW,MRQ,1997-12-31,1997-12-31,1997-12-31,2021-09-07,-192000.0,396368000.0,,145516000.0,250852000.0,,4.966,470000.0,11888000.0,11888000.0,109494000.0,8495000.0,0.852,2.082,130859000.0,64500000.0,66359000.0,130859000.0,0.0,3349000.0,0.0,0.014,0.075,15473000.0,18822000.0,0.125,18822000.0,15473000.0,13487000.0,0.33,0.327,0.33,128618000.0,,128618000.0,627298638.0,10.0,8.28,22000000.0,0.849,1.0,41409000.0,0.274,146983000.0,1986000.0,197544000.0,,54701000.0,1741000.0,1741000.0,0.0,267750000.0,170812000.0,96938000.0,561178638.0,-1256000.0,-66979000.0,38000.0,45795000.0,-1942000.0,43601000.0,-66439000.0,70000.0,21530000.0,52000.0,8495000.0,8495000.0,8495000.0,0.0,0.0,0.056,24984000.0,16425000.0,96540000.0,0.227,4.363,15.407,15.366,91191000.0,0.0,21.667,1.028,1.028,59237000.0,179088000.0,150903000.0,150903000.0,0.0,,,,,0.0,21590000.0,1.0,25900552.0,25900552.0,,5.826,249385000.0,15287000.0,4992000.0,0.0,9.629,-25296000.0
95,MTW,MRQ,1997-09-30,1997-09-30,1997-09-30,2021-09-07,-66000.0,,,140029000.0,,,4.718,-3103000.0,13144000.0,13144000.0,96581000.0,9521000.0,1.229,1.707,79264000.0,14016000.0,65248000.0,79264000.0,0.0,2870000.0,0.0,0.012,0.075,16624000.0,19494000.0,0.146,19494000.0,16624000.0,15112000.0,0.367,0.367,0.367,122192000.0,,122192000.0,693915501.0,12.0,10.149,12605000.0,0.487,1.0,37354000.0,0.279,89635000.0,1512000.0,,,56617000.0,1811000.0,1811000.0,0.0,208613000.0,113966000.0,94647000.0,617296501.0,5517000.0,0.0,0.0,-4982000.0,-1943000.0,-6925000.0,-3228000.0,-125000.0,15708000.0,-38000.0,9521000.0,9521000.0,9521000.0,0.0,0.0,0.071,20826000.0,16528000.0,89523000.0,0.204,5.052,19.215,19.113,87500000.0,0.0,23.833,1.21,1.21,55294000.0,172536000.0,133935000.0,133935000.0,0.0,,,,,0.0,20826000.0,1.0,25900552.0,25900552.0,26173112.0,5.171,,11954000.0,5591000.0,0.0,,26063000.0
96,MTW,MRQ,1997-06-30,1997-06-30,1997-06-30,2021-09-07,75000.0,,,136585000.0,,,4.431,-2661000.0,7627000.0,7627000.0,103156000.0,11929000.0,1.211,1.843,84246000.0,15232000.0,69014000.0,84246000.0,0.0,2700000.0,0.0,0.014,0.074,20544000.0,23244000.0,0.16,23244000.0,20544000.0,18936000.0,0.46,0.46,0.46,114755000.0,,114755000.0,625969940.0,11.0,9.177,13112000.0,0.506,1.0,41829000.0,0.289,90490000.0,1608000.0,,,53056000.0,1686000.0,1686000.0,0.0,211529000.0,112811000.0,98718000.0,538155940.0,-865000.0,0.0,0.0,-12060000.0,-1918000.0,-13978000.0,-2679000.0,-18000.0,15773000.0,19000.0,11929000.0,11929000.0,11929000.0,0.0,0.0,0.082,21108000.0,20721000.0,83251000.0,0.161,4.69,17.283,17.214,86501000.0,0.0,20.778,1.059,1.059,60330000.0,164958000.0,144985000.0,144985000.0,0.0,,,,,0.0,21108000.0,1.0,25900553.0,25900552.0,26086761.0,5.598,,12719000.0,7007000.0,0.0,,23774000.0
97,MTW,MRQ,1997-03-31,1997-03-31,1997-03-31,2021-09-07,3000.0,,,133604000.0,,,4.041,-3213000.0,8492000.0,8492000.0,84033000.0,6478000.0,1.147,2.093,96306000.0,23548000.0,72758000.0,96306000.0,0.0,2793000.0,0.0,0.018,0.074,11406000.0,14199000.0,0.122,14199000.0,11406000.0,10282000.0,0.253,0.247,0.253,104671000.0,,104671000.0,489106328.0,9.0,7.521,-12637000.0,-0.488,1.0,32008000.0,0.276,91345000.0,1124000.0,,,53349000.0,1668000.0,1668000.0,0.0,219074000.0,116523000.0,102551000.0,415905328.0,-5872000.0,0.0,0.0,8741000.0,-1919000.0,6822000.0,-3224000.0,-11000.0,-9424000.0,-46000.0,6478000.0,6478000.0,6478000.0,0.0,0.0,0.056,20707000.0,11301000.0,83804000.0,0.292,3.973,14.85,14.773,85854000.0,0.0,16.058,0.828,0.828,56280000.0,154946000.0,116041000.0,116041000.0,0.0,,,,,0.0,20707000.0,1.0,25900553.0,25900552.0,26038076.0,4.48,,12719000.0,3804000.0,0.0,,17081000.0
98,MTW,MRQ,1996-12-31,1996-12-31,1996-12-31,2021-09-07,220000.0,317710000.0,,127875000.0,189835000.0,,3.874,-2738000.0,14364000.0,14364000.0,83770000.0,4197000.0,1.159,2.167,87565000.0,11064000.0,76501000.0,87565000.0,0.0,2887000.0,0.0,0.017,0.074,8546000.0,11433000.0,0.099,11433000.0,8546000.0,6762000.0,0.167,,0.167,100329000.0,,100329000.0,,,,12184000.0,0.47,1.0,31335000.0,0.272,92200000.0,1784000.0,188409000.0,,43978000.0,1657000.0,1657000.0,0.0,217381000.0,110302000.0,107079000.0,466209958.0,-13448000.0,-300000.0,0.0,-23655000.0,-1918000.0,-25573000.0,-3055000.0,-17000.0,14922000.0,258000.0,4197000.0,4197000.0,4197000.0,0.0,0.0,0.036,22827000.0,8508000.0,90967000.0,0.443,4.647,18.181,18.127,84703000.0,0.0,18.0,0.932,0.932,53876000.0,150387000.0,115105000.0,115105000.0,0.0,,,,,0.0,18627000.0,1.0,25900553.0,25900553.0,,4.444,225510000.0,12719000.0,2565000.0,0.0,8.707,17573000.0
99,MTW,MRQ,1996-09-30,1996-09-30,1996-09-30,2021-09-07,,,,,,,,-1755000.0,,,95264000.0,8534000.0,,,,,,,,2815000.0,,0.021,0.074,16518000.0,19333000.0,0.146,19333000.0,16518000.0,14224000.0,0.327,,0.327,,,,,,,21165000.0,0.817,1.0,36778000.0,0.279,,2294000.0,,,,,,,,,,,9266000.0,0.0,0.0,-10003000.0,-1919000.0,-11922000.0,-1788000.0,-33000.0,22920000.0,56000.0,8534000.0,8534000.0,8534000.0,0.0,0.0,0.065,20652000.0,16126000.0,,0.226,,,,,0.0,14.276,,,,,132042000.0,132042000.0,0.0,,,,,0.0,20652000.0,1.0,,25900552.0,,5.098,,,5690000.0,,,
100,MTW,MRQ,1996-06-30,1996-06-30,1996-06-30,2021-09-07,,,,,,,,-1421000.0,,,101328000.0,8798000.0,,,,,,,,2851000.0,,0.027,0.074,17217000.0,20068000.0,0.144,20068000.0,17217000.0,14660000.0,0.34,,0.34,,,,,,,31566000.0,1.219,1.0,37891000.0,0.272,,2557000.0,,,,,,,,,,,5968000.0,0.0,0.0,-23746000.0,-1918000.0,-25664000.0,-1454000.0,-33000.0,32987000.0,99000.0,8798000.0,8798000.0,8798000.0,0.0,0.0,0.063,20839000.0,17052000.0,,0.218,,,,,0.0,10.778,,0.493,,,139219000.0,139219000.0,0.0,,,,,0.0,20839000.0,1.0,,25900552.0,,5.375,,,5862000.0,,,
101,MTW,MRQ,1996-03-31,1996-03-31,1996-03-31,2021-09-07,,,,,,,,-1039000.0,,,,,,,,,,,,2765000.0,,0.032,0.074,,,,,,,,,,,,,,,,-7354000.0,,1.0,,,,,,,,,,,,,,,-2499000.0,0.0,0.0,6893000.0,-1919000.0,4974000.0,-1055000.0,-16000.0,-6315000.0,-103000.0,,,,,,,,,,,,,,,,9.222,,,,,,,,,,,,0.0,,1.0,,,,,,,,,,
102,MTW,MRQ,1995-12-31,1995-12-31,1995-12-31,2021-09-07,-479000.0,324915000.0,,135145000.0,189770000.0,,,,15077000.0,15077000.0,,,1.218,2.979,138076000.0,36896000.0,101180000.0,138076000.0,0.0,,0.0,0.033,0.074,,,,,,,,,,81661000.0,,81661000.0,,,,,,1.0,,,92433000.0,,244558000.0,,52928000.0,1558000.0,1558000.0,0.0,243254000.0,110923000.0,132331000.0,,,,,,,,,,,,,,,,,,,,67531000.0,,,,16.206,87674000.0,,9.076,,,51011000.0,132418000.0,,,,,,,,,,1.0,,,,,232482000.0,11120000.0,,0.0,,24222000.0
0,MTW,MRT,2021-06-30,2021-06-30,2021-06-30,2021-09-07,-109500000.0,1682300000.0,1626125000.0,972600000.0,709700000.0,0.986,18.8,-33200000.0,158500000.0,158500000.0,1301900000.0,16200000.0,1.914,1.564,328900000.0,3700000.0,325200000.0,328900000.0,32000000.0,39100000.0,21000000.0,0.0,0.0,68000000.0,107100000.0,0.067,107100000.0,68000000.0,38900000.0,0.46,0.45,0.46,656200000.0,640600000.0,656200000.0,1028806814.0,15.0,9.606,80100000.0,2.295,1.0,301900000.0,0.188,354100000.0,29100000.0,990500000.0,1007150000.0,529700000.0,12300000.0,12300000.0,0.0,1026100000.0,508100000.0,518000000.0,851006814.0,30200000.0,0.0,5100000.0,-59200000.0,0.0,-54000000.0,-33200000.0,0.0,113300000.0,4100000.0,16200000.0,16200000.0,16200000.0,0.0,0.0,0.01,230000000.0,71900000.0,415200000.0,0.0,1.297,52.531,53.261,316700000.0,0.0,24.5,0.531,0.533,233700000.0,231700000.0,1603800000.0,1603800000.0,0.0,0.01,0.025,0.068,0.042,11300000.0,224500000.0,1.0,34734972.0,34903657.0,,45.949,1328200000.0,0.0,22700000.0,3600000.0,38.053,464500000.0
1,MTW,MRT,2021-03-31,2021-03-31,2021-03-31,2021-09-07,-108100000.0,1627800000.0,1606775000.0,910700000.0,717100000.0,0.914,18.185,-30300000.0,158500000.0,158500000.0,1208600000.0,-14400000.0,1.904,1.572,336300000.0,10100000.0,326200000.0,336300000.0,32600000.0,38500000.0,21600000.0,0.0,0.0,34000000.0,72500000.0,0.049,72500000.0,34000000.0,5000000.0,-0.42,-0.42,-0.42,633000000.0,630475000.0,633000000.0,923657911.0,27.0,12.74,54000000.0,1.551,1.0,259900000.0,0.177,353500000.0,29000000.0,973700000.0,1035150000.0,520400000.0,12800000.0,12800000.0,0.0,994800000.0,478400000.0,516400000.0,713057911.0,54900000.0,0.0,700000.0,-3200000.0,0.0,-2400000.0,-30300000.0,0.0,84300000.0,3300000.0,-14400000.0,-14400000.0,-14400000.0,0.0,0.0,-0.01,216300000.0,43600000.0,378700000.0,0.0,1.126,-49.518,-49.095,321500000.0,0.0,20.62,0.486,0.489,188400000.0,213800000.0,1468500000.0,1468500000.0,0.0,-0.009,-0.023,0.033,0.023,11500000.0,210600000.0,1.0,34580888.0,34809725.0,,42.186,1274300000.0,0.0,19400000.0,2400000.0,36.608,432300000.0
2,MTW,MRT,2020-12-31,2020-12-31,2020-12-31,2021-09-07,-97500000.0,1603500000.0,1595825000.0,866000000.0,737500000.0,0.904,18.621,-25800000.0,128700000.0,128700000.0,1188700000.0,-19100000.0,1.987,1.492,339300000.0,10500000.0,328800000.0,339300000.0,32400000.0,37500000.0,25500000.0,0.0,0.0,27100000.0,64600000.0,0.045,64600000.0,27100000.0,-2000000.0,-0.55,-0.55,-0.55,643500000.0,626400000.0,643500000.0,701775072.0,26.0,10.863,-60900000.0,-1.762,1.0,254700000.0,0.176,356700000.0,29100000.0,1021600000.0,1049250000.0,473100000.0,13600000.0,13600000.0,0.0,960000000.0,435800000.0,524200000.0,459975072.0,-70600000.0,0.0,-12000000.0,-2900000.0,0.0,-14800000.0,-25800000.0,0.0,-35100000.0,5100000.0,-19100000.0,-19100000.0,-19100000.0,0.0,0.0,-0.013,216100000.0,38600000.0,329400000.0,0.0,0.715,-24.082,-24.2,332200000.0,0.0,13.31,0.319,0.319,215100000.0,216900000.0,1443400000.0,1443400000.0,0.0,-0.012,-0.03,0.026,0.019,6500000.0,208800000.0,1.0,34558608.0,34558608.0,,41.767,1246800000.0,0.0,17100000.0,5900000.0,36.078,430200000.0
3,MTW,MRT,2020-09-30,2020-09-30,2020-09-30,2021-09-07,-109100000.0,1590900000.0,1599375000.0,858500000.0,732400000.0,0.923,18.232,-27800000.0,101100000.0,101100000.0,1219500000.0,-11600000.0,1.96,1.526,342900000.0,3700000.0,339200000.0,342900000.0,28800000.0,36300000.0,23100000.0,0.0,0.0,28900000.0,65200000.0,0.044,65200000.0,28900000.0,100000.0,-0.34,-0.34,-0.34,629700000.0,627000000.0,629700000.0,556522140.0,19.0,8.536,45900000.0,1.329,1.0,257000000.0,0.174,352000000.0,28800000.0,1042800000.0,1038475000.0,526700000.0,14300000.0,14300000.0,0.0,961200000.0,437900000.0,523300000.0,290322140.0,33600000.0,0.0,-12100000.0,-4300000.0,0.0,-16000000.0,-27800000.0,0.0,73700000.0,3700000.0,-11600000.0,-11600000.0,-11600000.0,0.0,0.0,-0.008,223400000.0,33600000.0,342200000.0,0.0,0.461,-25.028,-24.735,323000000.0,0.0,8.41,0.197,0.197,184100000.0,215100000.0,1476500000.0,1476500000.0,0.0,-0.007,-0.019,0.028,0.02,16000000.0,216000000.0,1.0,34521063.0,34538814.0,,42.749,1238900000.0,0.0,11700000.0,7500000.0,35.87,420600000.0
4,MTW,MRT,2020-06-30,2020-06-30,2020-06-30,2021-09-07,-124100000.0,1604900000.0,1599325000.0,881700000.0,723200000.0,0.981,17.836,-20900000.0,128300000.0,128300000.0,1288600000.0,6800000.0,2.096,1.607,394500000.0,4300000.0,390200000.0,394500000.0,27400000.0,36000000.0,15800000.0,0.0,0.0,43300000.0,79300000.0,0.051,79300000.0,43300000.0,14600000.0,0.18,0.18,0.18,615700000.0,625850000.0,615700000.0,618652524.0,14.0,7.801,62500000.0,1.811,1.0,280300000.0,0.179,347900000.0,28700000.0,1102500000.0,1045525000.0,534500000.0,14000000.0,14000000.0,0.0,989200000.0,420700000.0,568500000.0,375452524.0,93300000.0,0.0,-12000000.0,42100000.0,0.0,30500000.0,-20900000.0,0.0,83400000.0,300000.0,6800000.0,6800000.0,6800000.0,0.0,0.0,0.004,225900000.0,54400000.0,332600000.0,0.0,0.61,55.214,60.444,320600000.0,0.0,10.88,0.239,0.239,171900000.0,215500000.0,1568900000.0,1568900000.0,0.0,0.004,0.011,0.041,0.028,16000000.0,221300000.0,1.0,34508504.0,34519889.0,,45.449,1257000000.0,0.0,7800000.0,4300000.0,36.414,461000000.0
5,MTW,MRT,2020-03-31,2020-03-31,2020-03-31,2021-09-07,-133400000.0,1584000000.0,1611250000.0,862800000.0,721200000.0,1.083,17.552,-21800000.0,103600000.0,103600000.0,1418200000.0,65500000.0,1.909,1.569,346800000.0,3900000.0,342900000.0,346800000.0,25700000.0,35500000.0,21000000.0,0.0,0.0,105500000.0,141000000.0,0.081,141000000.0,105500000.0,76500000.0,1.84,1.84,1.84,616700000.0,626850000.0,616700000.0,451202690.0,4.0,3.2,113600000.0,3.233,1.0,327100000.0,0.187,345200000.0,29000000.0,1030100000.0,1048350000.0,545600000.0,15100000.0,15100000.0,0.0,967300000.0,451900000.0,515400000.0,300702690.0,54600000.0,0.0,-19400000.0,-39400000.0,0.0,-58400000.0,-21800000.0,0.0,135400000.0,-600000.0,65500000.0,65500000.0,65500000.0,0.0,0.0,0.038,229200000.0,97900000.0,358400000.0,0.0,0.488,4.591,4.62,322500000.0,0.0,8.5,0.172,0.171,169300000.0,228200000.0,1745300000.0,1745300000.0,0.0,0.041,0.104,0.101,0.06,13500000.0,222100000.0,1.0,35376787.0,35135525.0,,49.673,1238800000.0,0.0,11000000.0,3200000.0,35.258,410900000.0
6,MTW,MRT,2019-12-31,2019-12-31,2019-12-31,2021-09-07,-121000000.0,1617700000.0,1623725000.0,872400000.0,745300000.0,1.13,18.272,-17900000.0,199300000.0,199300000.0,1490000000.0,46600000.0,1.979,1.505,349800000.0,3800000.0,346000000.0,349800000.0,30300000.0,35300000.0,25800000.0,0.0,0.0,91700000.0,127000000.0,0.069,127000000.0,91700000.0,59000000.0,1.31,1.31,1.31,645900000.0,616625000.0,645900000.0,897008305.0,10.0,7.063,-71200000.0,-2.014,1.0,344100000.0,0.188,348800000.0,32700000.0,978500000.0,1069775000.0,461400000.0,17400000.0,17400000.0,0.0,971800000.0,440900000.0,530900000.0,618608305.0,59000000.0,0.0,-7400000.0,10700000.0,0.0,3700000.0,108400000.0,126300000.0,-53300000.0,200000.0,46600000.0,46600000.0,46600000.0,0.0,0.0,0.025,235700000.0,108400000.0,340800000.0,0.0,0.958,13.275,13.359,337500000.0,0.0,17.5,0.337,0.337,168300000.0,236200000.0,1834100000.0,1834100000.0,0.0,0.029,0.076,0.086,0.05,10100000.0,225600000.0,1.0,35349046.0,35349046.0,,51.885,1268900000.0,0.0,12400000.0,5500000.0,35.896,431500000.0
7,MTW,MRT,2019-09-30,2019-09-30,2019-09-30,2021-09-07,-131000000.0,1590700000.0,1604775000.0,864000000.0,726700000.0,1.175,17.684,-14700000.0,67500000.0,67500000.0,1533000000.0,-41000000.0,1.912,1.545,345900000.0,4300000.0,341600000.0,345900000.0,29900000.0,35500000.0,9700000.0,0.0,0.0,7900000.0,43400000.0,0.023,43400000.0,7900000.0,-27500000.0,-1.16,-1.15,-1.16,625100000.0,605475000.0,625100000.0,762144325.0,96.0,17.561,-305100000.0,-8.631,1.0,353000000.0,0.187,346100000.0,35400000.0,1071000000.0,1031950000.0,521900000.0,16600000.0,16600000.0,0.0,965600000.0,452000000.0,513600000.0,441844325.0,-23100000.0,0.0,-9700000.0,13100000.0,0.0,5900000.0,263400000.0,278100000.0,-290400000.0,-2000000.0,-41000000.0,-41000000.0,-41000000.0,0.0,0.0,-0.022,324400000.0,28600000.0,372500000.0,0.0,0.707,-10.777,-10.776,321400000.0,0.0,12.5,0.234,0.234,225300000.0,226900000.0,1886000000.0,1886000000.0,0.0,-0.026,-0.068,0.008,0.004,7400000.0,231700000.0,1.0,35347546.0,35348597.0,,53.354,1244600000.0,0.0,13500000.0,2000000.0,35.209,412000000.0
8,MTW,MRT,2019-06-30,2019-06-30,2019-06-30,2021-09-07,-116200000.0,1652600000.0,1604725000.0,907500000.0,745100000.0,1.177,17.409,-16800000.0,35000000.0,35000000.0,1543500000.0,-47500000.0,1.783,1.667,355300000.0,8700000.0,346600000.0,355300000.0,28500000.0,35600000.0,10600000.0,0.0,0.0,-9700000.0,25900000.0,0.014,25900000.0,-9700000.0,-47800000.0,-1.35,-1.34,-1.35,619700000.0,618775000.0,619700000.0,974227237.0,-100.0,37.615,-496900000.0,-13.96,1.0,344600000.0,0.183,350200000.0,38100000.0,1113800000.0,981575000.0,552300000.0,17900000.0,17900000.0,0.0,1032900000.0,508900000.0,524000000.0,637027237.0,-48700000.0,0.0,-9300000.0,16300000.0,0.0,9500000.0,424600000.0,441400000.0,-480100000.0,-2700000.0,-47500000.0,-47500000.0,-47500000.0,0.0,0.0,-0.025,331600000.0,13000000.0,421900000.0,0.0,1.028,-13.411,-13.185,331100000.0,0.0,17.8,0.337,0.336,265100000.0,208900000.0,1888100000.0,1888100000.0,0.0,-0.03,-0.077,-0.01,-0.005,7400000.0,239000000.0,1.0,35788047.0,35595718.0,,53.043,1302400000.0,0.0,-300000.0,5300000.0,36.589,398600000.0
9,MTW,MRT,2019-03-31,2019-03-31,2019-03-31,2021-09-07,-118500000.0,1633900000.0,1601150000.0,888300000.0,745600000.0,1.173,16.155,-18200000.0,49000000.0,49000000.0,1538800000.0,-83800000.0,1.758,1.838,386200000.0,5900000.0,380300000.0,386200000.0,26100000.0,36100000.0,13300000.0,0.0,0.0,-49200000.0,-13100000.0,-0.007,-13100000.0,-49200000.0,-89200000.0,-2.37,-2.36,-2.37,575800000.0,630350000.0,575800000.0,717047921.0,-15.0,-54.736,-630100000.0,-17.678,1.0,339900000.0,0.181,350000000.0,40000000.0,1115800000.0,922100000.0,538100000.0,18700000.0,18700000.0,0.0,1058100000.0,505300000.0,552800000.0,584247921.0,-50400000.0,0.0,-1200000.0,47900000.0,0.0,49200000.0,517200000.0,535400000.0,-611900000.0,-4900000.0,-83800000.0,-83800000.0,-83800000.0,200000.0,0.0,-0.045,344700000.0,-4800000.0,420300000.0,0.0,1.015,-6.972,-6.924,335200000.0,0.0,16.41,0.311,0.311,239700000.0,162900000.0,1878700000.0,1878700000.0,0.0,-0.052,-0.133,-0.053,-0.026,7400000.0,250600000.0,1.0,35603164.0,35642832.0,,52.709,1283900000.0,0.0,-5400000.0,4400000.0,36.021,383000000.0
10,MTW,MRT,2018-12-31,2018-12-31,2018-12-31,2021-09-07,-116600000.0,1541900000.0,1603650000.0,842900000.0,699000000.0,1.152,16.897,-18700000.0,140300000.0,140300000.0,1518700000.0,-67100000.0,1.697,1.564,273100000.0,6400000.0,266700000.0,273100000.0,25200000.0,36400000.0,9600000.0,0.0,0.0,-32800000.0,3600000.0,0.002,3600000.0,-32800000.0,-71900000.0,-1.89,-1.89,-1.89,601300000.0,657225000.0,601300000.0,706404467.0,-22.0,196.223,-531700000.0,-14.941,1.0,328100000.0,0.178,350900000.0,39100000.0,827200000.0,864725000.0,453100000.0,19400000.0,19400000.0,0.0,940600000.0,496600000.0,444000000.0,525604467.0,17300000.0,0.0,0.0,-3800000.0,0.0,-1300000.0,534400000.0,553100000.0,-513000000.0,-2800000.0,-67100000.0,-67100000.0,-67100000.0,200000.0,0.0,-0.036,347400000.0,-19300000.0,425200000.0,0.0,0.874,-7.833,-7.815,288900000.0,0.0,14.77,0.285,0.285,171800000.0,189600000.0,1846800000.0,1846800000.0,0.0,-0.042,-0.102,-0.038,-0.018,7400000.0,251600000.0,1.0,35585949.0,35585949.0,,51.897,1191000000.0,0.0,-4800000.0,5700000.0,33.468,346300000.0
11,MTW,MRT,2018-09-30,2018-09-30,2018-09-30,2021-09-07,-116300000.0,1590500000.0,1620125000.0,816600000.0,773900000.0,1.119,19.072,-20800000.0,90600000.0,90600000.0,1492900000.0,46500000.0,1.75,1.345,271400000.0,6900000.0,264500000.0,271400000.0,19300000.0,36500000.0,11800000.0,0.0,0.0,37400000.0,73900000.0,0.041,73900000.0,37400000.0,-1700000.0,1.31,1.31,1.31,678300000.0,676275000.0,678300000.0,1041218524.0,28.0,14.09,-472100000.0,-13.274,1.0,320100000.0,0.177,435300000.0,39100000.0,869500000.0,873750000.0,493100000.0,20000000.0,20000000.0,0.0,912200000.0,466500000.0,445700000.0,852518524.0,57300000.0,0.0,-1200000.0,-18900000.0,0.0,-14400000.0,523500000.0,544200000.0,-451300000.0,-500000.0,46500000.0,46500000.0,46500000.0,500000.0,0.0,0.026,268900000.0,51200000.0,391300000.0,0.0,1.257,18.334,18.313,283900000.0,0.0,23.99,0.47,0.471,157300000.0,267900000.0,1813000000.0,1813000000.0,0.0,0.029,0.069,0.043,0.021,8500000.0,251100000.0,1.0,35536412.0,35564946.0,,50.977,1155200000.0,0.0,-48200000.0,9500000.0,32.481,350100000.0
12,MTW,MRT,2018-06-30,2018-06-30,2018-06-30,2021-09-07,-114700000.0,1638300000.0,1618300000.0,846200000.0,792100000.0,1.089,18.745,-22100000.0,83700000.0,83700000.0,1449700000.0,44600000.0,1.648,1.46,272400000.0,7000000.0,265400000.0,272400000.0,20600000.0,36700000.0,15300000.0,0.0,0.0,32800000.0,69500000.0,0.039,69500000.0,32800000.0,-6000000.0,1.26,1.26,1.26,666000000.0,663675000.0,666000000.0,1092823461.0,33.0,15.724,-424400000.0,-11.945,1.0,312600000.0,0.177,437500000.0,38800000.0,875900000.0,896575000.0,469600000.0,24900000.0,24900000.0,0.0,972300000.0,513600000.0,458700000.0,918523461.0,54500000.0,0.0,-900000.0,-21000000.0,0.0,-16200000.0,472600000.0,494500000.0,-402300000.0,400000.0,44600000.0,44600000.0,44600000.0,600000.0,0.0,0.025,268500000.0,44100000.0,433000000.0,0.0,1.379,20.595,20.524,292200000.0,0.0,25.86,0.521,0.521,210200000.0,256400000.0,1762300000.0,1762300000.0,0.0,0.028,0.067,0.037,0.019,8500000.0,248000000.0,1.0,35519082.0,35530356.0,,49.6,1200800000.0,0.0,-50600000.0,10200000.0,33.796,332600000.0
13,MTW,MRT,2018-03-31,2018-03-31,2018-03-31,2021-09-07,-85300000.0,1643900000.0,1602650000.0,818000000.0,825900000.0,1.037,19.32,-19900000.0,99400000.0,99400000.0,1363200000.0,35400000.0,1.689,1.406,273700000.0,7600000.0,266100000.0,273700000.0,22100000.0,37100000.0,14400000.0,0.0,0.0,27400000.0,64500000.0,0.039,64500000.0,27400000.0,-11700000.0,1.0,1.0,1.0,683300000.0,646200000.0,683300000.0,1161676332.0,42.0,18.01,-403900000.0,-11.42,1.0,298400000.0,0.18,447600000.0,39100000.0,886300000.0,914500000.0,471500000.0,28900000.0,28900000.0,0.0,960600000.0,484300000.0,476300000.0,1005976332.0,60300000.0,0.0,-1400000.0,-14000000.0,0.0,-9700000.0,450500000.0,470000000.0,-384000000.0,3500000.0,35400000.0,35400000.0,35400000.0,600000.0,0.0,0.021,266500000.0,31900000.0,403100000.0,0.0,1.472,28.417,28.46,306100000.0,0.0,28.46,0.605,0.606,168600000.0,246700000.0,1661600000.0,1661600000.0,0.0,0.022,0.055,0.03,0.016,8500000.0,244300000.0,1.0,35347025.0,35367340.0,,46.981,1196300000.0,0.0,-47100000.0,15000000.0,33.825,333700000.0
14,MTW,MRT,2017-12-31,2017-12-31,2017-12-31,2021-09-07,-97400000.0,1607800000.0,1568150000.0,790400000.0,817400000.0,1.008,19.256,-21900000.0,123000000.0,123000000.0,1299400000.0,9400000.0,1.745,1.373,274900000.0,8200000.0,266700000.0,274900000.0,20800000.0,38900000.0,12700000.0,0.0,0.0,-900000.0,38000000.0,0.024,38000000.0,-900000.0,-40100000.0,0.26,0.26,0.26,677500000.0,618050000.0,677500000.0,1642422735.0,-1825.0,43.222,-346800000.0,-9.857,1.0,281900000.0,0.178,443400000.0,39200000.0,863300000.0,919400000.0,400600000.0,31100000.0,31100000.0,0.0,930300000.0,453000000.0,477300000.0,1384122735.0,49100000.0,0.0,0.0,-15400000.0,0.0,-9700000.0,381300000.0,402800000.0,-324900000.0,2400000.0,9400000.0,9400000.0,9400000.0,600000.0,0.0,0.006,273500000.0,8400000.0,375800000.0,0.0,2.043,147.247,151.308,303700000.0,0.0,39.34,0.875,0.875,179200000.0,256700000.0,1581300000.0,1581300000.0,0.0,0.006,0.015,-0.001,-0.001,8500000.0,245300000.0,1.0,35183598.0,35183598.0,,44.944,1164400000.0,0.0,-49500000.0,13000000.0,33.095,337400000.0
15,MTW,MRT,2017-09-30,2017-09-30,2017-09-30,2021-09-07,-108100000.0,1583200000.0,1545650000.0,777400000.0,805800000.0,0.956,17.872,-15300000.0,29300000.0,29300000.0,1231800000.0,-59300000.0,1.758,1.521,287600000.0,10200000.0,277400000.0,287600000.0,19200000.0,41300000.0,15600000.0,0.0,0.0,-31800000.0,9500000.0,0.006,9500000.0,-31800000.0,-71200000.0,-1.7,-1.7,-1.7,627900000.0,596300000.0,627900000.0,1528253316.0,-48.0,160.869,-706100000.0,-20.098,1.0,246200000.0,0.167,438600000.0,39400000.0,960800000.0,929300000.0,482200000.0,35600000.0,35600000.0,0.0,955300000.0,442100000.0,513200000.0,1265453316.0,-11800000.0,0.0,-2700000.0,-27700000.0,0.0,-21000000.0,699300000.0,713800000.0,-690800000.0,700000.0,-59300000.0,-59300000.0,-59300000.0,1700000.0,0.0,-0.04,259800000.0,-13600000.0,360300000.0,0.0,2.015,-21.34,-21.176,314100000.0,0.0,36.0,0.856,0.856,165000000.0,221400000.0,1478000000.0,1478000000.0,0.0,-0.038,-0.099,-0.034,-0.022,-700000.0,230400000.0,1.0,35151481.0,35132857.0,,42.069,1144600000.0,0.0,-11900000.0,43500000.0,32.579,335300000.0
16,MTW,MRT,2017-06-30,2017-06-30,2017-06-30,2021-09-07,-128000000.0,1575700000.0,1549650000.0,786500000.0,789200000.0,0.922,16.978,-20300000.0,26300000.0,26300000.0,1213900000.0,-209600000.0,1.711,1.643,289100000.0,11000000.0,278100000.0,289100000.0,19000000.0,44100000.0,23000000.0,0.0,0.0,-173900000.0,-129800000.0,-0.091,-129800000.0,-173900000.0,-213700000.0,-6.05,-6.05,-6.05,596100000.0,595200000.0,596100000.0,1090037280.0,-6.0,-8.398,-610900000.0,-17.4,1.0,214500000.0,0.15,431200000.0,39800000.0,947600000.0,939150000.0,476200000.0,47000000.0,47000000.0,0.0,979600000.0,459700000.0,519900000.0,844637280.0,-13800000.0,0.0,400000.0,-13500000.0,0.0,-3700000.0,580000000.0,600200000.0,-590600000.0,500000.0,-209600000.0,-209600000.0,-209600000.0,3400000.0,0.0,-0.147,372100000.0,-157600000.0,370900000.0,0.0,1.417,-4.03,-3.974,313700000.0,0.0,24.04,0.591,0.591,181600000.0,211800000.0,1428400000.0,1428400000.0,0.0,-0.135,-0.352,-0.185,-0.122,-700000.0,244400000.0,1.0,35134662.0,35109426.0,,40.684,1144500000.0,0.0,-4100000.0,41300000.0,32.598,326800000.0
17,MTW,MRT,2017-03-31,2017-03-31,2017-03-31,2021-09-07,-151700000.0,1505900000.0,1597200000.0,735500000.0,770400000.0,0.934,16.296,-29900000.0,36100000.0,36100000.0,1266000000.0,-215900000.0,1.72,1.639,281500000.0,12900000.0,268600000.0,281500000.0,18800000.0,46700000.0,22800000.0,0.0,0.0,-181600000.0,-134900000.0,-0.09,-134900000.0,-181600000.0,-221600000.0,-6.22,-6.22,-6.22,570700000.0,634000000.0,570700000.0,1010686904.0,-6.0,-7.492,-555200000.0,-15.854,1.0,225500000.0,0.151,417700000.0,40000000.0,905900000.0,975225000.0,461300000.0,47400000.0,47400000.0,0.0,935200000.0,427700000.0,507500000.0,799086904.0,-50300000.0,0.0,800000.0,-36100000.0,0.0,-25900000.0,501000000.0,530700000.0,-525300000.0,-100000.0,-215900000.0,-215900000.0,-215900000.0,4000000.0,0.0,-0.145,391100000.0,-165600000.0,336100000.0,0.0,1.4,-3.701,-3.666,306200000.0,0.0,22.8,0.536,0.535,138100000.0,211300000.0,1491500000.0,1491500000.0,0.0,-0.135,-0.341,-0.186,-0.122,-700000.0,259400000.0,1.0,35047671.0,35020428.0,,42.589,1088200000.0,0.0,-5700000.0,37700000.0,31.073,307800000.0
18,MTW,MRT,2016-12-31,2016-12-31,2016-12-31,2021-09-07,-162900000.0,1517800000.0,1675825000.0,749700000.0,768100000.0,0.963,17.021,-37500000.0,69900000.0,69900000.0,1359800000.0,-375800000.0,1.816,1.57,281500000.0,12400000.0,269100000.0,281500000.0,20300000.0,48600000.0,21000000.0,0.0,0.0,-235700000.0,-187100000.0,-0.116,-187100000.0,-235700000.0,-275300000.0,-10.91,-10.91,-10.91,590500000.0,683300000.0,590500000.0,1095257080.0,-5.0,-5.854,-663700000.0,-19.131,1.0,253300000.0,0.157,413700000.0,39600000.0,902900000.0,1013350000.0,429000000.0,62400000.0,62400000.0,0.0,927300000.0,412800000.0,514500000.0,829857080.0,8300000.0,0.0,0.0,-1134200000.0,0.0,219400000.0,414200000.0,453900000.0,-626200000.0,900000.0,-375800000.0,-375800000.0,-375800000.0,7200000.0,0.0,-0.233,396300000.0,-143000000.0,321200000.0,0.0,1.405,-2.208,-2.192,308800000.0,0.0,23.92,0.514,0.514,134400000.0,247300000.0,1613100000.0,1613100000.0,0.0,-0.224,-0.55,-0.233,-0.146,-700000.0,270400000.0,1.0,34693022.0,34693022.0,,46.496,1104100000.0,0.0,100500000.0,36600000.0,31.825,336900000.0
19,MTW,MRT,2016-09-30,2016-09-30,2016-09-30,2021-09-07,-116400000.0,1599200000.0,2187000000.0,786600000.0,812600000.0,0.813,18.017,-54400000.0,42900000.0,42900000.0,1478200000.0,-296600000.0,1.805,1.565,308300000.0,15300000.0,293000000.0,308300000.0,23600000.0,51900000.0,10300000.0,0.017,0.32,-163400000.0,-111500000.0,-0.063,-111500000.0,-163400000.0,-217300000.0,-8.6,-8.6,-8.6,623500000.0,746250000.0,623500000.0,894092110.0,-5.0,-8.019,-109200000.0,-3.156,1.0,299800000.0,0.169,428700000.0,53900000.0,1000200000.0,1692425000.0,496300000.0,60400000.0,60400000.0,0.0,975700000.0,435700000.0,540000000.0,658992110.0,-32300000.0,0.0,2400000.0,-1330300000.0,-10900000.0,13000000.0,11500000.0,0.0,-54800000.0,-2000000.0,-296600000.0,-296600000.0,-296600000.0,-50600000.0,0.0,-0.167,439400000.0,-139600000.0,350300000.0,-0.037,1.057,-2.222,-2.228,315300000.0,0.0,19.16,0.371,0.373,132500000.0,238300000.0,1778000000.0,1778000000.0,0.0,-0.136,-0.397,-0.097,-0.092,7500000.0,295900000.0,1.0,34394160.0,34605738.0,,51.379,1170500000.0,0.0,79300000.0,41600000.0,33.824,350900000.0
20,MTW,MRT,2016-06-30,2016-06-30,2016-06-30,2021-09-07,-123400000.0,1765900000.0,2738400000.0,850100000.0,915800000.0,0.682,21.914,-54000000.0,57100000.0,57100000.0,1537500000.0,-151100000.0,1.76,1.35,292200000.0,17200000.0,275000000.0,292200000.0,22500000.0,53200000.0,9800000.0,0.015,0.32,-4700000.0,48500000.0,0.026,48500000.0,-4700000.0,-72600000.0,-4.36,-4.36,-4.36,751300000.0,787850000.0,751300000.0,945341080.0,-201.0,19.492,-99500000.0,-2.902,1.0,328900000.0,0.176,426200000.0,67900000.0,1091900000.0,2096175000.0,499900000.0,58200000.0,58200000.0,0.0,1014600000.0,482900000.0,531700000.0,746741080.0,-26900000.0,0.0,-1400000.0,-1327300000.0,-10900000.0,12100000.0,9300000.0,0.0,-45500000.0,-2800000.0,-151100000.0,-151100000.0,-151100000.0,-86800000.0,0.0,-0.081,342500000.0,-13600000.0,395500000.0,-0.073,0.994,-4.942,-5.0,415400000.0,0.0,21.8,0.4,0.4,189700000.0,378300000.0,1866400000.0,1866400000.0,0.0,-0.055,-0.192,-0.002,-0.003,7500000.0,300500000.0,1.0,34254178.0,34284555.0,,54.439,1339700000.0,0.0,78500000.0,40600000.0,39.076,367200000.0
21,MTW,MRT,2016-03-31,2016-03-31,2016-03-31,2021-09-07,-109600000.0,1820400000.0,3258300000.0,899000000.0,921400000.0,0.579,22.486,-50800000.0,104400000.0,104400000.0,1549900000.0,-122000000.0,1.707,1.371,303000000.0,33700000.0,269300000.0,303000000.0,26200000.0,53900000.0,10300000.0,0.018,0.32,36100000.0,90000000.0,0.048,90000000.0,36100000.0,-45900000.0,-3.52,-3.52,-3.52,767900000.0,799825000.0,767900000.0,1925204877.0,53.0,21.391,-24500000.0,-0.717,1.0,336500000.0,0.178,434000000.0,82000000.0,1058400000.0,2459150000.0,498900000.0,0.0,0.0,0.0,1052500000.0,526600000.0,525900000.0,592504877.0,19000000.0,0.0,-1500000.0,-1358900000.0,-10900000.0,-19400000.0,11700000.0,0.0,26300000.0,400000.0,-122000000.0,-122000000.0,-122000000.0,-117200000.0,0.0,-0.065,339800000.0,-3300000.0,424300000.0,-0.091,0.772,-4.857,-4.92,416900000.0,0.0,17.32,0.314,0.314,185600000.0,386300000.0,1886400000.0,1886400000.0,0.0,-0.037,-0.153,0.015,0.019,7500000.0,306600000.0,1.0,34209288.0,34149978.0,,55.239,1386400000.0,0.0,76100000.0,37700000.0,40.597,372400000.0
22,MTW,MRT,2015-12-31,2015-12-31,2015-12-31,2021-09-07,-207800000.0,3562500000.0,3757425000.0,1041600000.0,2520900000.0,0.497,24.667,-47600000.0,31500000.0,31500000.0,1533500000.0,65500000.0,1.179,3.229,1397600000.0,67200000.0,1330400000.0,1397600000.0,29700000.0,53600000.0,10300000.0,0.005,0.32,120000000.0,173600000.0,0.093,173600000.0,120000000.0,24400000.0,1.92,1.92,1.92,842300000.0,797550000.0,842300000.0,3639850529.0,30.0,20.967,53200000.0,1.558,1.0,332200000.0,0.178,425800000.0,95600000.0,3619200000.0,2841575000.0,489200000.0,65100000.0,65100000.0,0.0,2720200000.0,883600000.0,1836600000.0,2096650529.0,-4600000.0,0.0,0.0,-109700000.0,-10900000.0,-112900000.0,14100000.0,0.0,100800000.0,-6600000.0,65500000.0,65500000.0,65500000.0,-135400000.0,0.0,0.035,344600000.0,-12400000.0,436300000.0,0.167,2.489,32.01,31.979,410700000.0,0.0,61.4,1.124,1.124,155700000.0,562300000.0,1865700000.0,1865700000.0,0.0,0.017,0.082,0.042,0.064,7500000.0,316900000.0,1.0,34147403.0,34147403.0,,54.637,3136700000.0,0.0,-41100000.0,25600000.0,91.858,158000000.0
23,MTW,MRT,2015-09-30,2015-09-30,2015-09-30,2021-09-07,-199100000.0,3804800000.0,3820950000.0,1277200000.0,2527600000.0,0.204,23.204,-23300000.0,95300000.0,95300000.0,811700000.0,52700000.0,1.372,3.817,1638500000.0,63200000.0,1575300000.0,1638500000.0,35700000.0,12200000.0,27300000.0,0.005,0.32,111000000.0,123200000.0,0.158,123200000.0,111000000.0,16000000.0,1.6,1.64,1.6,789900000.0,793000000.0,789900000.0,3589787555.0,32.0,29.138,123200000.0,3.619,1.0,-33000000.0,-0.042,1801800000.0,95000000.0,2615200000.0,2517850000.0,717900000.0,0.0,0.0,0.0,3014900000.0,931000000.0,2083900000.0,2048787555.0,400000.0,0.0,-21200000.0,-95700000.0,-10800000.0,-102000000.0,-37000000.0,0.0,146500000.0,-7100000.0,52700000.0,52700000.0,52700000.0,-244000000.0,0.0,0.068,92500000.0,-125500000.0,720700000.0,0.2,2.594,38.876,37.5,551800000.0,0.0,60.0,2.631,2.623,259000000.0,506600000.0,778700000.0,778700000.0,0.0,0.014,0.066,0.044,0.143,-200000.0,111100000.0,1.0,34146459.0,34041013.0,,22.875,2003000000.0,67400000.0,-36700000.0,180800000.0,58.841,346200000.0
24,MTW,MRT,2015-06-30,2015-06-30,2015-06-30,2021-09-07,-181700000.0,3845500000.0,3889225000.0,1280600000.0,2564900000.0,0.341,23.483,-31200000.0,87900000.0,87900000.0,1185800000.0,121000000.0,1.32,3.812,1628900000.0,67500000.0,1561400000.0,1628900000.0,36300000.0,25500000.0,38900000.0,0.004,0.32,168000000.0,193500000.0,0.146,193500000.0,168000000.0,72300000.0,3.6,3.6,3.6,799200000.0,813975000.0,799200000.0,4251088668.0,25.0,21.969,168800000.0,4.96,1.0,141000000.0,0.106,1872600000.0,95700000.0,2543800000.0,2560125000.0,743400000.0,0.0,0.0,0.0,3046300000.0,970100000.0,2076200000.0,2668488668.0,-35800000.0,0.0,-18900000.0,-182700000.0,-10800000.0,-186600000.0,-41300000.0,0.0,200000000.0,-7900000.0,121000000.0,121000000.0,121000000.0,-208300000.0,0.0,0.091,177000000.0,-36000000.0,764700000.0,0.089,3.339,22.054,21.778,569500000.0,0.0,78.4,2.011,2.011,251000000.0,501800000.0,1326800000.0,1326800000.0,0.0,0.031,0.149,0.066,0.127,-200000.0,185600000.0,1.0,34036845.0,34032715.0,,38.986,1972900000.0,68800000.0,-48700000.0,182100000.0,57.971,310500000.0
25,MTW,MRT,2015-03-31,2015-03-31,2015-03-31,2021-09-07,-196000000.0,3816900000.0,3974800000.0,1251200000.0,2565700000.0,0.468,22.377,-37500000.0,91600000.0,91600000.0,1545000000.0,144300000.0,1.339,4.03,1674200000.0,66500000.0,1607700000.0,1674200000.0,36800000.0,39900000.0,28500000.0,0.004,0.32,213300000.0,253200000.0,0.136,253200000.0,213300000.0,116500000.0,4.32,4.28,4.32,758800000.0,825525000.0,758800000.0,4355873189.0,20.0,17.203,179200000.0,5.285,1.0,316900000.0,0.17,1877000000.0,96800000.0,2588100000.0,2640550000.0,694900000.0,0.0,0.0,0.0,3058100000.0,934400000.0,2123700000.0,2924073189.0,-10600000.0,0.0,-16500000.0,-167800000.0,-10800000.0,-169500000.0,-47100000.0,0.0,216700000.0,-10700000.0,144300000.0,144300000.0,144300000.0,-178400000.0,0.0,0.078,271700000.0,45200000.0,741000000.0,0.074,3.854,20.264,19.963,566000000.0,0.0,86.24,1.57,1.571,236400000.0,478500000.0,1861900000.0,1861900000.0,0.0,0.036,0.175,0.081,0.115,-200000.0,271600000.0,1.0,33906229.0,33910478.0,,54.906,1939900000.0,69900000.0,-27800000.0,178800000.0,57.207,316800000.0
26,MTW,MRT,2014-12-31,2014-12-31,2014-12-31,2021-09-07,-130500000.0,3816600000.0,4050250000.0,1186100000.0,2630500000.0,0.569,24.324,-46700000.0,91700000.0,91700000.0,1838000000.0,147800000.0,1.173,3.631,1523500000.0,80300000.0,1443200000.0,1523500000.0,37900000.0,50500000.0,21300000.0,0.004,0.32,218900000.0,269400000.0,0.117,269400000.0,218900000.0,126100000.0,4.28,4.28,4.28,824100000.0,834375000.0,824100000.0,4642057526.0,21.0,17.231,34300000.0,1.012,1.0,467200000.0,0.203,1912800000.0,92800000.0,2324300000.0,2717350000.0,644500000.0,0.0,0.0,0.0,2992500000.0,1011300000.0,1981200000.0,2995057526.0,13100000.0,0.0,0.0,-3600000.0,-10800000.0,4000000.0,-66300000.0,0.0,81000000.0,-5600000.0,143900000.0,143900000.0,143900000.0,-150400000.0,3900000.0,0.062,360100000.0,107100000.0,807400000.0,0.075,3.634,20.813,20.654,591000000.0,0.0,88.4,1.299,1.299,227400000.0,486900000.0,2305200000.0,2305200000.0,0.0,0.036,0.172,0.081,0.095,-200000.0,350200000.0,1.0,33880741.0,33880741.0,,68.039,1903800000.0,71300000.0,-17800000.0,186200000.0,56.191,174800000.0
27,MTW,MRT,2014-09-30,2014-09-30,2014-09-30,2021-09-07,-55500000.0,4077900000.0,4090250000.0,1423900000.0,2654000000.0,0.967,25.848,-84300000.0,99900000.0,99900000.0,2951400000.0,169200000.0,1.419,3.667,1746900000.0,74800000.0,1672100000.0,1746900000.0,34800000.0,101200000.0,37700000.0,0.003,0.32,237500000.0,338700000.0,0.086,338700000.0,237500000.0,136800000.0,3.92,3.88,3.92,873800000.0,822225000.0,873800000.0,4865145440.0,20.0,14.364,46800000.0,1.384,1.0,1002000000.0,0.253,1937200000.0,100700000.0,2784300000.0,2717650000.0,808900000.0,0.0,0.0,0.0,3204100000.0,1003400000.0,2200700000.0,3172745440.0,-9500000.0,-12200000.0,21400000.0,-35600000.0,-10700000.0,-25400000.0,-112500000.0,0.0,131100000.0,-2700000.0,131800000.0,131800000.0,131800000.0,17500000.0,37400000.0,0.033,673200000.0,328800000.0,787100000.0,0.082,3.631,24.072,23.929,595000000.0,0.0,93.8,0.803,0.802,303000000.0,464100000.0,3953400000.0,3953400000.0,0.0,0.032,0.16,0.087,0.06,14900000.0,630800000.0,1.0,33824578.0,33805603.0,,116.945,2140700000.0,86200000.0,5000000.0,224400000.0,63.324,420500000.0
28,MTW,MRT,2014-06-30,2014-06-30,2014-06-30,2021-09-07,-5900000.0,4187800000.0,4112550000.0,1492100000.0,2695700000.0,0.968,25.051,-93900000.0,129300000.0,129300000.0,2959000000.0,146700000.0,1.425,3.954,1821700000.0,74700000.0,1747000000.0,1821700000.0,35400000.0,98900000.0,27000000.0,0.002,0.32,259300000.0,358200000.0,0.09,358200000.0,259300000.0,151700000.0,3.36,3.32,3.36,845400000.0,789075000.0,845400000.0,6182260616.0,24.0,17.259,92400000.0,2.738,1.0,1020200000.0,0.256,1967400000.0,107600000.0,2865500000.0,2708750000.0,830900000.0,0.0,0.0,0.0,3342400000.0,1047300000.0,2295100000.0,4441460616.0,11900000.0,-12200000.0,19900000.0,-60700000.0,-10700000.0,-52000000.0,-121300000.0,0.0,186300000.0,-1100000.0,111600000.0,111600000.0,111600000.0,19400000.0,35100000.0,0.028,669400000.0,350800000.0,840600000.0,0.095,5.254,39.798,39.119,601600000.0,0.0,131.44,1.116,1.115,316900000.0,391000000.0,3979200000.0,3979200000.0,0.0,0.027,0.141,0.096,0.065,14900000.0,628300000.0,1.0,33790784.0,33747596.0,,117.911,2220400000.0,88800000.0,40100000.0,231700000.0,65.794,444800000.0
29,MTW,MRT,2014-03-31,2014-03-31,2014-03-31,2021-09-07,-3800000.0,4118700000.0,4103400000.0,1436300000.0,2682400000.0,0.976,23.674,-101900000.0,104700000.0,104700000.0,2978100000.0,154600000.0,1.46,4.186,1845500000.0,65800000.0,1779700000.0,1845500000.0,37000000.0,98200000.0,25900000.0,0.003,0.32,267500000.0,365700000.0,0.091,365700000.0,267500000.0,152800000.0,3.68,3.68,3.68,794200000.0,743750000.0,794200000.0,5679014328.0,21.0,15.529,57800000.0,1.723,1.0,1025400000.0,0.256,1980200000.0,114700000.0,2895300000.0,2705450000.0,824000000.0,0.0,0.0,0.0,3324500000.0,984000000.0,2340500000.0,4219914328.0,-22200000.0,-12200000.0,17200000.0,-55600000.0,-10700000.0,-49600000.0,-129200000.0,0.0,159700000.0,-3100000.0,122600000.0,122600000.0,122600000.0,26700000.0,32000000.0,0.031,663300000.0,362100000.0,788800000.0,0.087,5.313,34.42,34.185,579800000.0,0.0,125.8,1.054,1.054,298400000.0,344400000.0,4003500000.0,4003500000.0,0.0,0.03,0.165,0.099,0.067,14900000.0,622300000.0,1.0,33544629.0,33546792.0,,119.341,2138500000.0,88300000.0,30200000.0,234000000.0,63.747,452300000.0
30,MTW,MRT,2013-12-31,2013-12-31,2013-12-31,2021-09-07,-6900000.0,3976600000.0,4104325000.0,1262900000.0,2713700000.0,0.986,23.214,-106600000.0,67700000.0,67700000.0,3026300000.0,167600000.0,1.122,4.119,1526800000.0,22700000.0,1504100000.0,1526800000.0,37600000.0,103800000.0,34900000.0,0.003,0.32,306300000.0,410100000.0,0.101,410100000.0,306300000.0,177900000.0,4.28,4.2,4.28,775500000.0,695625000.0,775500000.0,4825426811.0,16.0,11.766,216500000.0,6.481,1.0,1021800000.0,0.252,1984800000.0,128400000.0,2325500000.0,2702550000.0,720800000.0,0.0,0.0,0.0,3194300000.0,1125400000.0,2068900000.0,3116226811.0,-18300000.0,27000000.0,0.0,-252400000.0,-10700000.0,-256400000.0,-82200000.0,0.0,323100000.0,-2800000.0,141800000.0,141800000.0,141800000.0,21500000.0,25800000.0,0.035,657400000.0,364400000.0,935600000.0,0.075,4.018,21.976,21.794,578800000.0,0.0,93.28,0.77,0.77,255500000.0,353200000.0,4048100000.0,4048100000.0,0.0,0.035,0.204,0.113,0.076,14900000.0,617600000.0,1.0,33407234.0,33407234.0,,121.174,1991800000.0,89900000.0,36100000.0,214300000.0,59.622,137500000.0
31,MTW,MRT,2013-09-30,2013-09-30,2013-09-30,2021-09-07,-25500000.0,4167100000.0,4124500000.0,1462500000.0,2704600000.0,0.984,22.278,-94000000.0,94000000.0,94000000.0,3045700000.0,145300000.0,1.277,4.658,1803200000.0,97200000.0,1706000000.0,1803200000.0,39800000.0,105300000.0,35400000.0,0.004,0.32,319000000.0,424300000.0,0.104,424300000.0,319000000.0,187800000.0,4.68,4.6,4.68,741200000.0,651825000.0,741200000.0,4406788072.0,14.0,10.386,191900000.0,5.768,1.0,1014800000.0,0.25,1982700000.0,131200000.0,2748700000.0,2778225000.0,854900000.0,2700000.0,2700000.0,0.0,3452600000.0,1144900000.0,2307700000.0,2612088072.0,16300000.0,39200000.0,1200000.0,-209900000.0,-10600000.0,-212900000.0,-54600000.0,0.0,285900000.0,-2100000.0,155400000.0,155400000.0,155400000.0,33100000.0,-10100000.0,0.038,659900000.0,354900000.0,902900000.0,0.068,3.524,16.809,16.719,575000000.0,0.0,78.244,0.643,0.641,291300000.0,343000000.0,4060500000.0,4060500000.0,0.0,0.038,0.238,0.115,0.079,4600000.0,614300000.0,1.0,33383877.0,33269814.0,,122.048,2184400000.0,88400000.0,32400000.0,229400000.0,65.657,317600000.0
32,MTW,MRT,2013-06-30,2013-06-30,2013-06-30,2021-09-07,-45500000.0,4151200000.0,4146525000.0,1458500000.0,2692700000.0,0.964,19.973,-83200000.0,102400000.0,102400000.0,3009300000.0,114400000.0,1.314,5.288,1897100000.0,96200000.0,1800900000.0,1897100000.0,41300000.0,107200000.0,25000000.0,0.004,0.32,287600000.0,394800000.0,0.099,394800000.0,287600000.0,153600000.0,3.76,3.72,3.76,664100000.0,613100000.0,664100000.0,4231519907.0,15.0,10.718,138600000.0,4.168,1.0,986600000.0,0.247,1983500000.0,134000000.0,2852300000.0,2840950000.0,815900000.0,2700000.0,2700000.0,0.0,3511500000.0,1110100000.0,2401400000.0,2391019907.0,35100000.0,39200000.0,1300000.0,-153600000.0,-10600000.0,-141700000.0,-44900000.0,0.0,221800000.0,-100000.0,124700000.0,124700000.0,124700000.0,29600000.0,-10300000.0,0.031,665500000.0,321100000.0,878200000.0,0.085,3.6,19.174,19.053,559900000.0,0.0,71.64,0.598,0.596,340500000.0,290100000.0,3995900000.0,3995900000.0,0.0,0.03,0.203,0.101,0.072,7800000.0,617200000.0,1.0,33375487.0,33249945.0,,120.178,2167700000.0,89100000.0,28900000.0,226100000.0,65.194,348400000.0
33,MTW,MRT,2013-03-31,2013-03-31,2013-03-31,2021-09-07,-45600000.0,4122400000.0,4136650000.0,1447500000.0,2674900000.0,0.956,18.191,-78300000.0,112200000.0,112200000.0,2994200000.0,102900000.0,1.329,5.887,1952700000.0,85600000.0,1867100000.0,1952700000.0,40800000.0,106300000.0,25200000.0,0.004,0.32,283100000.0,389400000.0,0.098,389400000.0,283100000.0,147500000.0,3.44,3.36,3.44,601700000.0,575200000.0,601700000.0,4470778964.0,16.0,11.481,106000000.0,3.205,1.0,961800000.0,0.243,1990100000.0,135600000.0,2883700000.0,2882000000.0,802000000.0,2700000.0,2700000.0,0.0,3542000000.0,1089100000.0,2452900000.0,2729978964.0,30500000.0,39200000.0,1500000.0,-122600000.0,-10600000.0,-110500000.0,-43300000.0,0.0,184300000.0,0.0,112400000.0,112400000.0,112400000.0,21600000.0,-9500000.0,0.028,655400000.0,306400000.0,867600000.0,0.093,4.537,24.288,23.907,555300000.0,0.0,82.24,0.69,0.688,342600000.0,232500000.0,3956000000.0,3956000000.0,0.0,0.027,0.195,0.098,0.072,11500000.0,607300000.0,1.0,33195270.0,33076684.0,,119.601,2132300000.0,90200000.0,35100000.0,220500000.0,64.465,358400000.0
34,MTW,MRT,2012-12-31,2012-12-31,2012-12-31,2021-09-07,-29400000.0,4057300000.0,4134975000.0,1328000000.0,2729300000.0,0.946,18.126,-72100000.0,83800000.0,83800000.0,2970300000.0,92600000.0,1.159,5.79,1801000000.0,69000000.0,1732000000.0,1801000000.0,37700000.0,104600000.0,24100000.0,0.005,0.32,275300000.0,379900000.0,0.097,379900000.0,275300000.0,139700000.0,3.08,3.04,3.08,600300000.0,552175000.0,600300000.0,4028377471.0,15.0,10.604,90300000.0,2.727,1.0,943000000.0,0.241,2000400000.0,135600000.0,2628200000.0,2902800000.0,692700000.0,0.0,0.0,0.0,3476000000.0,1145900000.0,2330100000.0,2077177471.0,4900000.0,0.0,0.0,-93800000.0,-10600000.0,-83200000.0,-75500000.0,0.0,162400000.0,1200000.0,101700000.0,101700000.0,101700000.0,16300000.0,-9100000.0,0.026,646100000.0,296900000.0,911500000.0,0.104,3.46,20.425,20.364,539300000.0,0.0,62.72,0.531,0.531,330700000.0,222100000.0,3913300000.0,3913300000.0,0.0,0.025,0.184,0.095,0.07,16400000.0,597600000.0,1.0,33118263.0,33118263.0,,118.161,2056900000.0,88300000.0,38000000.0,220600000.0,62.108,182100000.0
35,MTW,MRT,2012-09-30,2012-09-30,2012-09-30,2021-09-07,-9900000.0,4255200000.0,4126300000.0,1500500000.0,2754700000.0,0.913,17.943,-70300000.0,78400000.0,78400000.0,2874300000.0,73000000.0,1.301,6.286,2029600000.0,114000000.0,1915600000.0,2029600000.0,34000000.0,104800000.0,27900000.0,0.006,0.32,257200000.0,362000000.0,0.096,362000000.0,257200000.0,122300000.0,2.52,2.52,2.52,586300000.0,524850000.0,586300000.0,3760842724.0,15.0,10.389,58200000.0,1.781,1.0,894200000.0,0.237,2053400000.0,134900000.0,2999600000.0,2919175000.0,866400000.0,2700000.0,2700000.0,0.0,3685500000.0,1153400000.0,2532100000.0,1764942724.0,-20400000.0,0.0,1000000.0,-91400000.0,-10600000.0,-77600000.0,-71400000.0,0.0,128500000.0,100000.0,82100000.0,82100000.0,82100000.0,-37400000.0,-9100000.0,0.022,621700000.0,272500000.0,890400000.0,0.127,3.01,21.497,21.175,561600000.0,0.0,53.36,0.468,0.463,339300000.0,197000000.0,3768500000.0,3768500000.0,0.0,0.02,0.156,0.088,0.068,14500000.0,581200000.0,1.0,33076138.0,32676224.0,,115.329,2201800000.0,115700000.0,40200000.0,267700000.0,67.382,347100000.0
36,MTW,MRT,2012-06-30,2012-06-30,2012-06-30,2021-09-07,-38800000.0,4111700000.0,4106975000.0,1422600000.0,2689100000.0,0.915,15.7,-66100000.0,66900000.0,66900000.0,2873000000.0,74900000.0,1.285,7.05,2062800000.0,116600000.0,1946200000.0,2062800000.0,32400000.0,110000000.0,23600000.0,0.007,0.32,257700000.0,367700000.0,0.098,367700000.0,257700000.0,123200000.0,2.56,2.56,2.56,512500000.0,498650000.0,512500000.0,3512552764.0,14.0,9.553,16500000.0,0.505,1.0,883400000.0,0.235,1984200000.0,134500000.0,3016500000.0,2907200000.0,808600000.0,2600000.0,2600000.0,0.0,3613300000.0,1106900000.0,2506400000.0,1547052764.0,-22900000.0,0.0,1600000.0,-53200000.0,-10600000.0,-33600000.0,-67000000.0,0.0,82600000.0,-4900000.0,83600000.0,83600000.0,83600000.0,-37000000.0,-8700000.0,0.022,611600000.0,271800000.0,847300000.0,0.125,3.019,18.505,18.281,555800000.0,0.0,46.8,0.412,0.407,326300000.0,156200000.0,3756400000.0,3756400000.0,0.0,0.02,0.168,0.089,0.069,22300000.0,571900000.0,1.0,33056683.0,32643791.0,,115.072,2127500000.0,120000000.0,39600000.0,215800000.0,65.173,315700000.0
37,MTW,MRT,2012-03-31,2012-03-31,2012-03-31,2021-09-07,5000000.0,4115700000.0,4117600000.0,1394600000.0,2721100000.0,0.901,15.614,-54700000.0,77900000.0,77900000.0,2851800000.0,33800000.0,1.269,7.099,2043400000.0,99200000.0,1944200000.0,2043400000.0,32800000.0,112700000.0,27100000.0,0.006,0.32,205000000.0,317700000.0,0.086,317700000.0,205000000.0,66000000.0,1.24,1.28,1.24,509600000.0,494475000.0,509600000.0,3642136703.0,18.0,11.464,-13200000.0,-0.404,1.0,857200000.0,0.231,2015200000.0,139000000.0,2966900000.0,2883825000.0,777100000.0,2700000.0,2700000.0,0.0,3617900000.0,1099100000.0,2518800000.0,1827936703.0,-200000.0,0.0,1200000.0,-6900000.0,-10600000.0,13100000.0,-52100000.0,0.0,41500000.0,-2700000.0,41300000.0,41300000.0,41300000.0,-36100000.0,-7500000.0,0.011,609500000.0,247700000.0,850500000.0,0.258,3.587,44.26,44.71,562900000.0,0.0,55.44,0.493,0.488,319200000.0,113700000.0,3709000000.0,3709000000.0,0.0,0.01,0.084,0.071,0.055,18600000.0,567700000.0,1.0,32971441.0,32637670.0,,113.642,2100500000.0,119300000.0,24700000.0,215900000.0,64.358,295500000.0
38,MTW,MRT,2011-12-31,2011-12-31,2011-12-31,2021-09-07,-24800000.0,4022600000.0,4090725000.0,1236900000.0,2785700000.0,0.877,14.889,-47300000.0,75800000.0,75800000.0,2756400000.0,-17700000.0,1.121,7.213,1890000000.0,79100000.0,1810900000.0,1890000000.0,34200000.0,117600000.0,35100000.0,0.009,0.32,147800000.0,265400000.0,0.074,265400000.0,147800000.0,2400000.0,-0.36,-0.32,-0.36,491000000.0,485125000.0,491000000.0,3213310902.0,22.0,12.107,-30200000.0,-0.916,1.0,832900000.0,0.232,2039600000.0,145400000.0,2693700000.0,2838700000.0,662300000.0,2700000.0,2700000.0,0.0,3541500000.0,1103500000.0,2438000000.0,1212210902.0,-13700000.0,143600000.0,0.0,-145400000.0,-10600000.0,-125900000.0,98400000.0,0.0,17100000.0,-3300000.0,-11200000.0,-11200000.0,-11200000.0,0.0,-6500000.0,-0.003,603400000.0,229500000.0,864200000.0,-0.889,2.469,-108.233,-102.111,564500000.0,0.0,36.76,0.338,0.338,294500000.0,131000000.0,3589300000.0,3589300000.0,0.0,-0.003,-0.023,0.052,0.041,13700000.0,561000000.0,1.0,32976358.0,32976358.0,,108.845,1983000000.0,116700000.0,13600000.0,258200000.0,60.134,133400000.0
39,MTW,MRT,2011-09-30,2011-09-30,2011-09-30,2021-09-07,23000000.0,4177900000.0,4087850000.0,1451600000.0,2726300000.0,0.836,14.757,-30400000.0,99300000.0,99300000.0,2602900000.0,-97300000.0,1.223,7.692,2100400000.0,102900000.0,1997500000.0,2100400000.0,30100000.0,117400000.0,35600000.0,0.012,0.32,112400000.0,229800000.0,0.067,229800000.0,112400000.0,-44300000.0,-2.84,-2.84,-2.84,481500000.0,490350000.0,481500000.0,2875763762.0,26.0,12.514,-55600000.0,-1.704,1.0,815200000.0,0.238,2040400000.0,156700000.0,2951700000.0,2878100000.0,816700000.0,2700000.0,2700000.0,0.0,3703900000.0,1186900000.0,2517000000.0,885063762.0,-21000000.0,139800000.0,1600000.0,-115300000.0,-10600000.0,-102500000.0,108200000.0,0.0,-25200000.0,-1500000.0,-92700000.0,-92700000.0,-92700000.0,47200000.0,-4600000.0,-0.027,598300000.0,216900000.0,934500000.0,-0.113,1.838,-9.548,-9.451,537200000.0,0.0,26.84,0.259,0.256,329900000.0,78700000.0,3418100000.0,3418100000.0,0.0,-0.023,-0.189,0.039,0.033,11000000.0,555300000.0,1.0,32975550.0,32627707.0,,104.761,2137500000.0,124600000.0,48400000.0,213200000.0,65.512,264700000.0
40,MTW,MRT,2011-06-30,2011-06-30,2011-06-30,2021-09-07,63600000.0,4154200000.0,4110300000.0,1436400000.0,2717800000.0,0.8,15.202,-25800000.0,90600000.0,90600000.0,2497500000.0,-118400000.0,1.244,7.39,2081300000.0,103200000.0,1978100000.0,2081300000.0,29200000.0,117000000.0,35000000.0,0.005,0.32,92100000.0,209100000.0,0.064,209100000.0,92100000.0,-76800000.0,-3.52,-3.52,-3.52,495800000.0,513450000.0,495800000.0,4140013237.0,45.0,19.799,-14100000.0,-0.432,1.0,792300000.0,0.241,2067200000.0,168900000.0,2923000000.0,2877650000.0,734900000.0,2700000.0,2700000.0,0.0,3663800000.0,1154700000.0,2509100000.0,2219313237.0,-29200000.0,143600000.0,0.0,-152900000.0,-10600000.0,-161500000.0,115200000.0,0.0,11700000.0,5400000.0,-115000000.0,-115000000.0,-115000000.0,45200000.0,-3400000.0,-0.035,590300000.0,202000000.0,901300000.0,-0.091,4.476,-19.298,-19.136,555000000.0,0.0,67.36,0.675,0.668,427800000.0,55000000.0,3289800000.0,3289800000.0,0.0,-0.028,-0.224,0.032,0.028,0.0,545500000.0,1.0,32947049.0,32614265.0,,100.87,2087000000.0,125800000.0,38200000.0,214000000.0,63.99,281700000.0
41,MTW,MRT,2011-03-31,2011-03-31,2011-03-31,2021-09-07,48300000.0,4008200000.0,4131950000.0,1284400000.0,2723800000.0,0.765,14.479,-17400000.0,82200000.0,82200000.0,2385800000.0,-107000000.0,1.202,7.497,2002900000.0,78700000.0,1924200000.0,2002900000.0,26900000.0,122400000.0,30900000.0,0.004,0.32,111400000.0,233800000.0,0.074,233800000.0,111400000.0,-62400000.0,-3.16,-3.16,-3.16,472200000.0,517650000.0,472200000.0,4779298567.0,43.0,20.442,107200000.0,3.287,1.0,773500000.0,0.245,2074000000.0,173800000.0,2786400000.0,2896625000.0,681500000.0,2700000.0,2700000.0,0.0,3540300000.0,1068500000.0,2471800000.0,2874998567.0,-25300000.0,143600000.0,0.0,-262500000.0,-10600000.0,-271900000.0,118700000.0,0.0,124600000.0,3300000.0,-103900000.0,-103900000.0,-103900000.0,44300000.0,-3100000.0,-0.033,568700000.0,204800000.0,843400000.0,-0.101,6.089,-27.671,-27.696,563600000.0,0.0,87.52,0.91,0.903,325300000.0,52300000.0,3159300000.0,3159300000.0,0.0,-0.025,-0.201,0.038,0.035,0.0,524600000.0,1.0,32849618.0,32612030.0,,96.875,1934200000.0,133700000.0,41500000.0,215000000.0,59.309,215900000.0
42,MTW,MRT,2010-12-31,2010-12-31,2010-12-31,2021-09-07,9900000.0,4011100000.0,4211900000.0,1162400000.0,2848700000.0,0.739,15.589,-12700000.0,93100000.0,93100000.0,2352100000.0,-77300000.0,1.165,6.842,1997400000.0,61800000.0,1935600000.0,1997400000.0,27800000.0,123900000.0,48900000.0,0.006,0.32,126600000.0,250500000.0,0.081,250500000.0,126600000.0,-48400000.0,-2.28,-2.28,-2.28,511900000.0,536275000.0,511900000.0,3767104688.0,30.0,15.038,196600000.0,5.987,1.0,759400000.0,0.244,2066700000.0,175000000.0,2851300000.0,2966175000.0,558800000.0,2700000.0,2700000.0,0.0,3502600000.0,997400000.0,2505200000.0,1722004688.0,-20000000.0,-4800000.0,0.0,-194700000.0,-10600000.0,-204400000.0,-24900000.0,0.0,209300000.0,0.0,-74600000.0,-74600000.0,-74600000.0,8100000.0,-2700000.0,-0.024,552400000.0,207000000.0,748000000.0,-0.14,3.364,-23.083,-23.0,565800000.0,0.0,52.44,0.553,0.553,255100000.0,134700000.0,3111500000.0,3111500000.0,0.0,-0.018,-0.139,0.043,0.041,0.0,508900000.0,1.0,32837618.0,32837618.0,,94.754,1944400000.0,131300000.0,26200000.0,213300000.0,59.213,165000000.0
43,MTW,MRT,2010-09-30,2010-09-30,2010-09-30,2021-09-07,28100000.0,4267700000.0,4278800000.0,1366700000.0,2901000000.0,0.698,17.577,1600000.0,122900000.0,122900000.0,2260000000.0,2600000.0,1.161,6.441,2168000000.0,162500000.0,2005500000.0,2168000000.0,32700000.0,127400000.0,40600000.0,0.002,0.08,168500000.0,295900000.0,0.099,295900000.0,168500000.0,-5100000.0,0.12,0.12,0.12,573900000.0,560275000.0,573900000.0,3672797761.0,22.0,12.412,213400000.0,6.536,1.0,726800000.0,0.243,2185900000.0,173600000.0,2949900000.0,3027350000.0,652900000.0,2700000.0,2700000.0,0.0,3696600000.0,1177000000.0,2519600000.0,1590097761.0,-44500000.0,-600000.0,0.0,-247600000.0,-2600000.0,-247500000.0,-8300000.0,0.0,211800000.0,-500000.0,4000000.0,4000000.0,4000000.0,-3000000.0,-1400000.0,0.001,510300000.0,216500000.0,858200000.0,0.667,2.771,397.524,403.667,606200000.0,0.0,48.44,0.532,0.53,353700000.0,181100000.0,2986800000.0,2986800000.0,0.0,0.001,0.007,0.056,0.056,0.0,492300000.0,1.0,32826130.0,32651354.0,,91.476,2081800000.0,161300000.0,-9100000.0,224000000.0,63.758,189700000.0
44,MTW,MRT,2010-06-30,2010-06-30,2010-06-30,2021-09-07,-29300000.0,4240800000.0,4373150000.0,1358300000.0,2882500000.0,0.7,15.703,-9800000.0,124300000.0,124300000.0,2333100000.0,-12000000.0,1.171,7.277,2207000000.0,144200000.0,2062800000.0,2207000000.0,29200000.0,127800000.0,58700000.0,0.004,0.16,158200000.0,286000000.0,0.093,286000000.0,158200000.0,-18200000.0,-0.32,-0.32,-0.32,512600000.0,577600000.0,512600000.0,3297429189.0,21.0,11.529,357900000.0,10.964,1.0,728100000.0,0.238,2164600000.0,176400000.0,2998900000.0,3156950000.0,640100000.0,2600000.0,2600000.0,0.0,3730100000.0,1160000000.0,2570100000.0,1200029189.0,-6800000.0,-4400000.0,0.0,-348000000.0,-5300000.0,-350200000.0,-23700000.0,0.0,367700000.0,-600000.0,-10000000.0,-10000000.0,-10000000.0,3300000.0,-2000000.0,-0.003,517900000.0,210200000.0,842300000.0,-0.5,2.341,-120.003,-114.25,600000000.0,0.0,36.56,0.392,0.39,376100000.0,179600000.0,3061200000.0,3061200000.0,0.0,-0.002,-0.017,0.05,0.052,0.0,491600000.0,1.0,32823556.0,32643511.0,,93.777,2076200000.0,143400000.0,-8200000.0,221600000.0,63.602,198300000.0
45,MTW,MRT,2010-03-31,2010-03-31,2010-03-31,2021-09-07,21200000.0,4328000000.0,4521350000.0,1368200000.0,2959800000.0,0.725,16.756,-30500000.0,105500000.0,105500000.0,2518000000.0,-38300000.0,1.176,6.919,2202900000.0,93500000.0,2109400000.0,2202900000.0,31900000.0,123300000.0,77500000.0,0.005,0.24,119500000.0,242800000.0,0.074,242800000.0,119500000.0,-54700000.0,-1.12,-1.12,-1.12,546700000.0,600525000.0,546700000.0,3759707364.0,31.0,15.485,273700000.0,8.389,1.0,758700000.0,0.232,2197100000.0,174200000.0,3064600000.0,3342900000.0,630600000.0,2600000.0,2600000.0,0.0,3782400000.0,1163700000.0,2618700000.0,1699607364.0,-53400000.0,144400000.0,0.0,-465500000.0,-7900000.0,-471000000.0,108900000.0,0.0,304200000.0,4500000.0,-36400000.0,-36400000.0,-36400000.0,29900000.0,-1900000.0,-0.011,567600000.0,191100000.0,811700000.0,-0.214,3.109,-46.693,-46.429,638900000.0,0.0,52.0,0.519,0.518,408300000.0,165500000.0,3276700000.0,3276700000.0,0.0,-0.008,-0.061,0.036,0.036,0.0,520400000.0,1.0,32684757.0,32626768.0,,100.43,2130900000.0,144600000.0,-18300000.0,220500000.0,65.311,204500000.0
46,MTW,MRT,2009-12-31,2009-12-31,2009-12-31,2021-09-07,61800000.0,4278700000.0,4730550000.0,1259900000.0,3018800000.0,0.765,18.614,-49600000.0,110200000.0,110200000.0,2822400000.0,-671600000.0,1.103,6.04,2172400000.0,144900000.0,2027500000.0,2172400000.0,31800000.0,126300000.0,71000000.0,0.008,0.32,-560600000.0,-434300000.0,-0.12,-434300000.0,-560600000.0,-734600000.0,-20.56,-20.56,-20.56,607900000.0,611750000.0,607900000.0,3530597590.0,-6.0,-8.129,289900000.0,8.877,1.0,797400000.0,0.22,2102700000.0,174000000.0,3096000000.0,3582175000.0,581300000.0,2600000.0,2600000.0,0.0,3671500000.0,1142200000.0,2529300000.0,1302397590.0,-66400000.0,149200000.0,0.0,-498000000.0,-10500000.0,-506500000.0,94900000.0,0.0,339500000.0,5700000.0,-669100000.0,-669100000.0,-669100000.0,58300000.0,-2500000.0,-0.185,1281500000.0,-484100000.0,782400000.0,-0.016,2.142,-1.946,-1.94,641100000.0,0.0,39.88,0.36,0.36,294800000.0,188700000.0,3619800000.0,3619800000.0,0.0,-0.141,-1.094,-0.156,-0.155,0.0,529800000.0,1.0,32657914.0,32657914.0,,110.84,2176000000.0,142000000.0,-65500000.0,196000000.0,66.63,117700000.0
47,MTW,MRT,2009-09-30,2009-09-30,2009-09-30,2021-09-07,86300000.0,4645100000.0,5182400000.0,1588300000.0,3056800000.0,0.798,19.747,-109300000.0,165000000.0,165000000.0,3253300000.0,-885300000.0,1.31,6.224,2393200000.0,176200000.0,2217000000.0,2393200000.0,40100000.0,120500000.0,54200000.0,0.008,0.32,-858900000.0,-738400000.0,-0.178,-738400000.0,-858900000.0,-1020000000.0,-27.0,-27.0,-27.0,643200000.0,789900000.0,643200000.0,3643876813.0,-4.0,-4.935,227000000.0,6.969,1.0,883400000.0,0.214,2192800000.0,161100000.0,3468300000.0,3819600000.0,718900000.0,2600000.0,2600000.0,0.0,4003300000.0,1212200000.0,2791100000.0,1236276813.0,-223800000.0,-2116000000.0,0.0,1678900000.0,-10500000.0,1670700000.0,-2229700000.0,0.0,336300000.0,-1100000.0,-881100000.0,-881100000.0,-881100000.0,182300000.0,-4200000.0,-0.213,1354700000.0,-471300000.0,822100000.0,-0.012,1.922,-1.403,-1.403,715000000.0,0.0,37.88,0.299,0.298,420000000.0,203500000.0,4136700000.0,4136700000.0,0.0,-0.17,-1.115,-0.225,-0.208,0.0,554600000.0,1.0,32636664.0,32571231.0,,127.005,2452300000.0,210700000.0,-138900000.0,316700000.0,75.29,376100000.0
48,MTW,MRT,2009-06-30,2009-06-30,2009-06-30,2021-09-07,50100000.0,4833600000.0,4865150000.0,1737200000.0,3096400000.0,0.897,18.57,-120900000.0,125200000.0,125200000.0,3436400000.0,-898100000.0,1.326,6.999,2532800000.0,195800000.0,2337000000.0,2532800000.0,43700000.0,113700000.0,46000000.0,0.015,0.32,-947300000.0,-833600000.0,-0.191,-833600000.0,-947300000.0,-1066700000.0,-27.4,-27.4,-27.4,604300000.0,1019450000.0,604300000.0,3220148332.0,-3.0,-3.863,15500000.0,0.476,1.0,925600000.0,0.212,2188000000.0,119400000.0,3742700000.0,3243225000.0,787400000.0,2600000.0,2600000.0,0.0,4229200000.0,1310500000.0,2918700000.0,685648332.0,-299300000.0,-2124600000.0,0.0,1833500000.0,-10400000.0,1825700000.0,-2248200000.0,0.0,136400000.0,-13200000.0,-894600000.0,-894600000.0,-894600000.0,166300000.0,-3500000.0,-0.205,1303900000.0,-378300000.0,858700000.0,-0.012,1.135,-0.766,-0.768,719400000.0,0.0,21.04,0.157,0.157,513800000.0,203100000.0,4362000000.0,4362000000.0,0.0,-0.184,-0.878,-0.292,-0.217,0.0,520600000.0,1.0,32587848.0,32540930.0,,134.047,2645600000.0,159600000.0,-172100000.0,374100000.0,81.301,426700000.0
49,MTW,MRT,2009-03-31,2009-03-31,2009-03-31,2021-09-07,17900000.0,5164800000.0,4488475000.0,1972600000.0,3192200000.0,1.007,18.181,-136400000.0,159200000.0,159200000.0,3542400000.0,-751300000.0,1.347,7.729,2693700000.0,214300000.0,2479400000.0,2693700000.0,47400000.0,105600000.0,48100000.0,0.024,0.32,-781200000.0,-675600000.0,-0.15,-675600000.0,-781200000.0,-866700000.0,-23.0,-23.0,-23.0,591600000.0,1278675000.0,591600000.0,2903475742.0,-4.0,-4.298,122800000.0,3.774,1.0,975900000.0,0.216,2213200000.0,85500000.0,4021700000.0,2594375000.0,916300000.0,2600000.0,2600000.0,0.0,4572400000.0,1464400000.0,3108000000.0,426275742.0,-197300000.0,-2291400000.0,0.0,1991900000.0,-10400000.0,1990100000.0,-2431100000.0,0.0,259200000.0,-15500000.0,-748400000.0,-748400000.0,-748400000.0,127400000.0,-2900000.0,-0.166,1230600000.0,-254700000.0,1032100000.0,-0.014,0.721,-0.57,-0.569,718200000.0,0.0,13.08,0.094,0.094,524100000.0,223800000.0,4518300000.0,4518300000.0,0.0,-0.167,-0.585,-0.301,-0.173,0.0,477500000.0,1.0,32589888.0,32539847.0,,138.854,2951600000.0,167200000.0,-118300000.0,273000000.0,90.707,508200000.0
50,MTW,MRT,2008-12-31,2008-12-31,2008-12-31,2021-09-07,68500000.0,6086100000.0,3988575000.0,2155000000.0,3931100000.0,1.123,40.521,-139900000.0,178100000.0,178100000.0,3465600000.0,8100000.0,1.332,3.608,2655300000.0,182300000.0,2473000000.0,2655300000.0,56300000.0,91000000.0,48500000.0,0.009,0.32,42200000.0,133200000.0,0.03,133200000.0,42200000.0,-9400000.0,0.32,0.32,0.32,1320500000.0,1505500000.0,1320500000.0,991243072.0,23.0,7.442,166200000.0,5.1,1.0,1013600000.0,0.226,2899500000.0,51600000.0,4045700000.0,1856200000.0,925300000.0,2600000.0,2600000.0,0.0,4763800000.0,1618100000.0,3145700000.0,1128843072.0,-196800000.0,-2291500000.0,0.0,1926300000.0,-10400000.0,1926900000.0,-2425200000.0,-100000.0,306100000.0,-4600000.0,10000000.0,10000000.0,10000000.0,91700000.0,-1900000.0,0.002,492600000.0,521000000.0,1206300000.0,1.0,0.855,112.884,108.25,728800000.0,0.0,34.64,0.252,0.252,608200000.0,903400000.0,4479200000.0,4479200000.0,0.0,0.003,0.007,0.023,0.009,0.0,451900000.0,1.0,32587848.0,32587848.0,,137.45,3186600000.0,138100000.0,-19400000.0,283700000.0,97.785,536900000.0
51,MTW,MRT,2008-09-30,2008-09-30,2008-09-30,2021-09-07,108600000.0,3376100000.0,3184900000.0,1972700000.0,1403400000.0,1.36,48.01,-149000000.0,384700000.0,384700000.0,3319200000.0,308900000.0,1.426,1.162,247100000.0,44700000.0,202400000.0,247100000.0,54400000.0,95900000.0,53600000.0,0.005,0.32,433200000.0,529100000.0,0.122,529100000.0,433200000.0,404400000.0,9.56,9.44,9.56,1561400000.0,1512850000.0,1561400000.0,1844987602.0,4.0,3.487,215300000.0,6.62,1.0,1013100000.0,0.234,692800000.0,28800000.0,1162800000.0,1087675000.0,868700000.0,2600000.0,2600000.0,0.0,1814700000.0,1382900000.0,431800000.0,2025787602.0,274500000.0,-26600000.0,157100000.0,-87700000.0,-10400000.0,75200000.0,-169800000.0,-100000.0,364300000.0,4800000.0,309800000.0,309800000.0,309800000.0,-38500000.0,-900000.0,0.072,430100000.0,583000000.0,1096200000.0,0.033,1.297,6.539,6.506,534200000.0,0.0,62.2,0.468,0.467,492900000.0,1106400000.0,4332300000.0,4332300000.0,0.0,0.097,0.205,0.398,0.1,0.0,419300000.0,1.0,32568932.0,32522685.0,,133.209,2683300000.0,94600000.0,94600000.0,0.0,82.505,589800000.0
52,MTW,MRT,2008-06-30,2008-06-30,2008-06-30,2021-09-07,162500000.0,3326900000.0,2988500000.0,1914800000.0,1412100000.0,1.389,50.536,-138800000.0,422700000.0,422700000.0,3169500000.0,411700000.0,1.541,1.027,241900000.0,36900000.0,205000000.0,241900000.0,58600000.0,89300000.0,61800000.0,0.002,0.32,591500000.0,680800000.0,0.164,680800000.0,591500000.0,561500000.0,12.8,12.6,12.8,1641200000.0,1387125000.0,1641200000.0,4113730242.0,7.0,6.042,283300000.0,8.723,1.0,981200000.0,0.236,756000000.0,30000000.0,1147300000.0,1045175000.0,829500000.0,2600000.0,2600000.0,0.0,1685700000.0,1242800000.0,442900000.0,4229330242.0,289100000.0,-82200000.0,157100000.0,-94100000.0,-10300000.0,69400000.0,-220200000.0,-100000.0,422100000.0,17800000.0,411800000.0,411800000.0,411800000.0,-31700000.0,-100000.0,0.099,420800000.0,560400000.0,1023600000.0,0.025,2.577,10.27,10.166,560100000.0,0.0,130.12,1.019,1.018,504500000.0,1135100000.0,4150700000.0,4150700000.0,0.0,0.138,0.297,0.566,0.143,0.0,413400000.0,1.0,32503306.0,32475914.0,,127.809,2570900000.0,93300000.0,149700000.0,0.0,79.163,672000000.0
53,MTW,MRT,2008-03-31,2008-03-31,2008-03-31,2021-09-07,168800000.0,3165200000.0,2763675000.0,1788300000.0,1376900000.0,1.439,46.273,-119800000.0,354200000.0,354200000.0,3044100000.0,375400000.0,1.466,1.112,238600000.0,30000000.0,208600000.0,238600000.0,57400000.0,82800000.0,0.0,0.002,0.31,544400000.0,627200000.0,0.158,627200000.0,544400000.0,511700000.0,11.88,11.6,11.88,1498900000.0,1216275000.0,1498900000.0,5148464827.0,9.0,8.209,177100000.0,5.467,1.0,934100000.0,0.235,760800000.0,32700000.0,1069000000.0,991300000.0,792800000.0,2600000.0,2600000.0,0.0,1666300000.0,1219800000.0,446500000.0,5298464827.0,207100000.0,-59300000.0,157100000.0,-104600000.0,-9900000.0,69700000.0,-177900000.0,-200000.0,296900000.0,18400000.0,375400000.0,375400000.0,375400000.0,-19000000.0,0.0,0.094,415700000.0,518400000.0,1070100000.0,0.026,3.535,14.114,13.737,536300000.0,0.0,163.2,1.332,1.329,487300000.0,1001900000.0,3978200000.0,3978200000.0,0.0,0.136,0.309,0.549,0.137,0.0,403800000.0,1.0,32466084.0,32392612.0,,122.812,2404400000.0,91000000.0,136300000.0,0.0,74.227,568500000.0
54,MTW,MRT,2007-12-31,2007-12-31,2007-12-31,2021-09-07,114500000.0,2871400000.0,2559625000.0,1575600000.0,1295800000.0,1.439,42.991,-103000000.0,383600000.0,383600000.0,2822500000.0,336700000.0,1.466,1.127,230600000.0,13100000.0,217500000.0,230600000.0,60600000.0,86000000.0,0.0,0.002,0.3,493900000.0,579900000.0,0.157,579900000.0,493900000.0,458800000.0,10.8,10.56,10.8,1349900000.0,1051625000.0,1349900000.0,6287433546.0,13.0,10.842,141000000.0,4.49,1.0,861500000.0,0.234,672200000.0,35100000.0,971600000.0,934975000.0,591000000.0,2500000.0,2500000.0,0.0,1521500000.0,1074600000.0,446900000.0,6133033546.0,192000000.0,-75100000.0,157100000.0,-51300000.0,-9500000.0,123900000.0,-186600000.0,-100000.0,244000000.0,10700000.0,336700000.0,336700000.0,336700000.0,-21900000.0,0.0,0.091,389000000.0,472500000.0,845700000.0,0.028,4.543,18.215,18.085,468900000.0,0.0,195.32,1.665,1.665,416700000.0,903800000.0,3684000000.0,3684000000.0,0.0,0.132,0.32,0.528,0.134,0.0,377900000.0,1.0,31399926.0,31399926.0,,117.325,2199200000.0,93700000.0,122100000.0,0.0,70.038,501000000.0
55,MTW,MRT,2007-09-30,2007-09-30,2007-09-30,2021-09-07,86000000.0,2590500000.0,2396650000.0,1373900000.0,1216600000.0,1.376,33.824,-65200000.0,119400000.0,119400000.0,2516500000.0,281400000.0,1.326,1.447,273800000.0,10400000.0,263400000.0,273800000.0,67800000.0,73800000.0,0.0,0.002,0.29,425800000.0,499600000.0,0.151,499600000.0,425800000.0,388100000.0,9.08,8.8,9.08,1058500000.0,907775000.0,1058500000.0,5680265659.0,13.0,11.37,128300000.0,4.1,1.0,782100000.0,0.237,715700000.0,37700000.0,992800000.0,877475000.0,629400000.0,2500000.0,2500000.0,0.0,1532000000.0,1036400000.0,495600000.0,5555065659.0,-6200000.0,-75200000.0,0.0,-80800000.0,-9000000.0,-46000000.0,-163800000.0,-200000.0,193500000.0,10100000.0,281400000.0,281400000.0,281400000.0,-12300000.0,0.0,0.085,367300000.0,414800000.0,917800000.0,0.032,5.248,19.741,19.507,443300000.0,0.0,177.12,1.684,1.68,427200000.0,807100000.0,3298600000.0,3298600000.0,0.0,0.117,0.31,0.485,0.129,0.0,354200000.0,1.0,31363288.0,31293930.0,,105.407,1874800000.0,121200000.0,106700000.0,0.0,59.909,337500000.0
56,MTW,MRT,2007-06-30,2007-06-30,2007-06-30,2021-09-07,59500000.0,2427600000.0,2279900000.0,1313500000.0,1114100000.0,1.383,30.693,-60500000.0,141600000.0,141600000.0,2412800000.0,255900000.0,1.34,1.535,266800000.0,5300000.0,261500000.0,266800000.0,62900000.0,73500000.0,0.0,0.002,0.28,400700000.0,474200000.0,0.15,474200000.0,400700000.0,361300000.0,8.28,8.04,8.28,957800000.0,817025000.0,957800000.0,5157141250.0,13.0,10.875,166800000.0,5.345,1.0,739600000.0,0.235,641100000.0,39400000.0,931800000.0,854775000.0,575300000.0,2500000.0,2500000.0,0.0,1469800000.0,979900000.0,489900000.0,5012541250.0,39900000.0,-11000000.0,0.0,-137200000.0,-8700000.0,-103300000.0,-90200000.0,-100000.0,227300000.0,6100000.0,255900000.0,255900000.0,255900000.0,-7500000.0,0.0,0.081,358000000.0,381600000.0,874200000.0,0.034,5.233,19.588,19.415,410400000.0,0.0,160.76,1.59,1.591,419900000.0,733700000.0,3152400000.0,3152400000.0,0.0,0.112,0.313,0.469,0.127,0.0,345600000.0,1.0,31180276.0,31205914.0,,101.019,1786500000.0,119500000.0,105400000.0,0.0,57.249,333600000.0
57,MTW,MRT,2007-03-31,2007-03-31,2007-03-31,2021-09-07,54900000.0,2349000000.0,2194875000.0,1253300000.0,1095700000.0,1.312,27.084,-53300000.0,155400000.0,155400000.0,2208400000.0,200600000.0,1.241,1.795,300000000.0,34800000.0,265200000.0,300000000.0,65700000.0,77600000.0,0.0,0.002,0.28,330400000.0,408000000.0,0.142,408000000.0,330400000.0,289900000.0,6.54,6.34,6.54,840300000.0,737150000.0,840300000.0,4027294609.0,12.0,9.871,207200000.0,6.678,1.0,671600000.0,0.233,640000000.0,40500000.0,843700000.0,856725000.0,569700000.0,2400000.0,2400000.0,0.0,1508700000.0,1009900000.0,498800000.0,3947694609.0,-63100000.0,-52200000.0,0.0,-228000000.0,-8700000.0,-206300000.0,-124000000.0,-100000.0,260500000.0,6700000.0,200600000.0,200600000.0,200600000.0,-7500000.0,0.0,0.07,337600000.0,334000000.0,881300000.0,0.043,4.698,19.679,19.428,395300000.0,0.0,127.06,1.371,1.369,347300000.0,638600000.0,2880000000.0,2880000000.0,0.0,0.091,0.272,0.386,0.115,0.0,331800000.0,1.0,31069531.0,31025480.0,,92.827,1709000000.0,118000000.0,89300000.0,0.0,55.084,243400000.0
58,MTW,MRT,2006-12-31,2006-12-31,2006-12-31,2021-09-07,48000000.0,2219500000.0,2126325000.0,1142700000.0,1076800000.0,1.247,25.149,-54100000.0,188800000.0,188800000.0,2039500000.0,166200000.0,1.222,1.866,268400000.0,4100000.0,264300000.0,268400000.0,71600000.0,70700000.0,0.0,0.002,0.28,287300000.0,358000000.0,0.135,358000000.0,287300000.0,241000000.0,5.44,5.28,5.44,774500000.0,672625000.0,774500000.0,3890777814.0,14.0,10.868,238900000.0,7.757,1.0,611300000.0,0.231,622100000.0,46300000.0,741600000.0,900100000.0,492400000.0,2400000.0,2400000.0,0.0,1445000000.0,935400000.0,509600000.0,3660477814.0,-54600000.0,-48400000.0,0.0,-256500000.0,-8600000.0,-232900000.0,-120800000.0,-100000.0,293000000.0,6100000.0,166200000.0,166200000.0,166200000.0,-7200000.0,0.0,0.063,320200000.0,291100000.0,839600000.0,0.051,4.726,22.025,21.849,398900000.0,0.0,118.86,1.381,1.381,285200000.0,587400000.0,2650800000.0,2650800000.0,0.0,0.078,0.247,0.319,0.108,0.0,316900000.0,1.0,30796549.0,30796549.0,,86.075,1597400000.0,112000000.0,74800000.0,0.0,51.869,207300000.0
59,MTW,MRT,2006-09-30,2006-09-30,2006-09-30,2021-09-07,36700000.0,2123500000.0,2061900000.0,1060600000.0,1062900000.0,1.333,22.589,-45800000.0,111100000.0,111100000.0,2170600000.0,140500000.0,1.269,2.053,341400000.0,6100000.0,335300000.0,341400000.0,74000000.0,72600000.0,0.0,0.003,0.28,244100000.0,316700000.0,0.115,316700000.0,244100000.0,197900000.0,4.62,4.48,4.62,695500000.0,614825000.0,695500000.0,3046824181.0,12.0,9.621,156900000.0,5.096,1.0,576900000.0,0.21,616000000.0,46200000.0,902000000.0,956175000.0,436900000.0,2400000.0,2400000.0,0.0,1428000000.0,835800000.0,592200000.0,2757624181.0,-9200000.0,-48400000.0,-9000000.0,-151300000.0,-8600000.0,-149700000.0,-66000000.0,-100000.0,202700000.0,3800000.0,140500000.0,140500000.0,140500000.0,-10100000.0,0.0,0.051,327500000.0,249400000.0,739500000.0,0.061,3.965,19.627,19.39,375100000.0,0.0,89.58,1.004,1.004,351200000.0,545600000.0,2747500000.0,2747500000.0,0.0,0.068,0.229,0.255,0.089,0.0,326600000.0,1.0,30783927.0,30788806.0,,89.237,1507500000.0,109400000.0,57400000.0,0.0,48.963,224800000.0
60,MTW,MRT,2006-06-30,2006-06-30,2006-06-30,2021-09-07,32500000.0,2087500000.0,2008886000.0,1026000000.0,1061500000.0,1.261,20.789,-43000000.0,87400000.0,87400000.0,2015400000.0,107200000.0,1.247,2.27,376600000.0,15000000.0,361600000.0,376600000.0,75300000.0,70200000.0,0.0,0.003,0.28,193400000.0,263600000.0,0.104,263600000.0,193400000.0,143900000.0,3.54,3.44,3.54,638300000.0,574153000.0,638300000.0,3003632754.0,16.0,11.395,131500000.0,4.283,1.0,518000000.0,0.204,614600000.0,49500000.0,939600000.0,997333000.0,426300000.0,2400000.0,2400000.0,0.0,1449200000.0,822500000.0,626700000.0,2723932754.0,17800000.0,-48400000.0,-6200000.0,-100400000.0,-8500000.0,-96100000.0,-63300000.0,-200000.0,174500000.0,2700000.0,107200000.0,107200000.0,107200000.0,-6300000.0,0.0,0.042,315500000.0,202500000.0,721700000.0,0.079,4.267,25.41,25.141,370400000.0,0.0,89.0,1.075,1.079,346200000.0,497400000.0,2533400000.0,2533400000.0,0.0,0.053,0.187,0.194,0.076,0.0,311600000.0,1.0,30605986.0,30703344.0,,82.512,1472900000.0,111100000.0,36700000.0,0.0,47.972,203500000.0
61,MTW,MRT,2006-03-31,2006-03-31,2006-03-31,2021-09-07,22000000.0,2074800000.0,1959436750.0,1054700000.0,1020100000.0,1.213,19.108,-43300000.0,204400000.0,204400000.0,1916500000.0,89100000.0,1.39,2.564,484100000.0,6100000.0,478000000.0,484100000.0,76400000.0,67000000.0,0.0,0.003,0.28,166200000.0,233200000.0,0.098,233200000.0,166200000.0,114300000.0,2.96,2.88,2.96,582200000.0,542709500.0,582200000.0,3034763114.0,18.0,13.014,97100000.0,3.187,1.0,460300000.0,0.194,578300000.0,51900000.0,1017200000.0,1040144750.0,397200000.0,2300000.0,2300000.0,0.0,1492600000.0,759000000.0,733600000.0,2770900114.0,135600000.0,-12100000.0,-3300000.0,19700000.0,-8400000.0,23500000.0,-27100000.0,-100000.0,140400000.0,-1200000.0,89100000.0,89100000.0,89100000.0,-5900000.0,0.0,0.037,298200000.0,162100000.0,673000000.0,0.095,4.759,31.099,30.794,359500000.0,0.0,91.15,1.166,1.168,293300000.0,457300000.0,2376800000.0,2376800000.0,0.0,0.045,0.164,0.16,0.07,0.0,293300000.0,1.0,30399343.0,30468245.0,,78.009,1496500000.0,105400000.0,25200000.0,0.0,49.117,295700000.0
62,MTW,MRT,2005-12-31,2005-12-31,2005-12-31,2021-09-07,16600000.0,1961800000.0,1907614000.0,953400000.0,1008400000.0,1.182,17.959,-39800000.0,229500000.0,229500000.0,1832200000.0,65800000.0,1.381,2.611,493400000.0,19400000.0,474000000.0,493400000.0,81700000.0,63500000.0,0.0,0.006,0.28,134400000.0,197900000.0,0.088,197900000.0,134400000.0,80600000.0,2.2,2.12,2.2,543300000.0,523411250.0,543300000.0,1893344444.0,14.0,9.567,66900000.0,2.211,1.0,421900000.0,0.187,569500000.0,53800000.0,965900000.0,1059789000.0,331500000.0,2300000.0,2300000.0,0.0,1418500000.0,690300000.0,728200000.0,1519256444.0,53100000.0,0.0,0.0,-40500000.0,-8400000.0,-38100000.0,-11600000.0,-100000.0,106700000.0,-3900000.0,65800000.0,65800000.0,65800000.0,-6700000.0,0.0,0.029,285100000.0,136800000.0,591800000.0,0.127,2.796,23.089,22.827,353900000.0,0.0,50.22,0.674,0.674,243200000.0,429800000.0,2254100000.0,2254100000.0,0.0,0.034,0.126,0.127,0.06,0.0,282300000.0,1.0,30252020.0,30252020.0,,74.511,1392300000.0,101100000.0,14800000.0,0.0,46.023,263100000.0
63,MTW,MRT,2005-09-30,2005-09-30,2005-09-30,2021-09-07,24917000.0,1911444000.0,1899198000.0,872449000.0,1038995000.0,1.144,17.631,-35374000.0,120351000.0,120351000.0,1756010000.0,53074000.0,1.356,2.587,494439000.0,11939000.0,482500000.0,494439000.0,83430000.0,58625000.0,0.0,0.01,0.49,118997000.0,177622000.0,0.082,177622000.0,118997000.0,64500000.0,1.78,1.76,1.78,532812000.0,517318500.0,532812000.0,1944542536.0,16.0,10.948,55438000.0,1.834,1.0,416237000.0,0.192,575699000.0,54497000.0,1066632000.0,1087482000.0,339161000.0,2293000.0,2293000.0,0.0,1378632000.0,643201000.0,735431000.0,1513406536.0,67631000.0,0.0,108244000.0,-89523000.0,-13800000.0,11621000.0,-35534000.0,22000.0,90812000.0,732000.0,53074000.0,53074000.0,53074000.0,7652000.0,0.0,0.024,281824000.0,134413000.0,561718000.0,0.275,2.84,28.515,28.23,344741000.0,0.0,50.25,0.697,0.699,262223000.0,413682000.0,2172247000.0,2172247000.0,0.0,0.028,0.103,0.109,0.055,0.0,273794000.0,1.0,30117543.0,30220335.0,,71.88,1335745000.0,106676000.0,11426000.0,0.0,44.2,229248000.0
64,MTW,MRT,2005-06-30,2005-06-30,2005-06-30,2021-09-07,23821000.0,1889703000.0,1862239000.0,843876000.0,1045827000.0,1.111,17.029,-28895000.0,69587000.0,69587000.0,1669344000.0,48678000.0,1.338,2.687,500723000.0,12693000.0,488030000.0,500723000.0,85473000.0,56432000.0,0.0,0.01,0.42,115294000.0,171726000.0,0.083,171726000.0,115294000.0,60226000.0,1.7,1.67,1.7,512526000.0,481923500.0,512526000.0,1671950230.0,15.0,9.736,8025000.0,0.267,1.0,398821000.0,0.193,579242000.0,55068000.0,1110847000.0,1102059000.0,337982000.0,2273000.0,2273000.0,0.0,1377177000.0,630750000.0,746427000.0,1234037230.0,22617000.0,0.0,107732000.0,-85773000.0,-11700000.0,16959000.0,-30090000.0,5000.0,36920000.0,-1172000.0,48678000.0,48678000.0,48678000.0,2811000.0,0.0,0.024,272471000.0,126350000.0,551904000.0,0.247,2.408,25.351,24.129,353499000.0,0.0,41.02,0.597,0.597,300437000.0,398699000.0,2068165000.0,2068165000.0,0.0,0.026,0.101,0.105,0.056,0.0,267289000.0,1.0,30083794.0,30097465.0,,68.716,1310461000.0,103224000.0,11548000.0,0.0,43.541,213126000.0
65,MTW,MRT,2005-03-31,2005-03-31,2005-03-31,2021-09-07,39408000.0,1867509000.0,1831100750.0,811243000.0,1056266000.0,1.095,16.837,-22929000.0,68849000.0,68849000.0,1615182000.0,39830000.0,1.315,2.698,506762000.0,9811000.0,496951000.0,506762000.0,83099000.0,55251000.0,0.0,0.009,0.35,105870000.0,161121000.0,0.08,161121000.0,105870000.0,50185000.0,1.47,1.45,1.47,505007000.0,446526500.0,505007000.0,1618164112.0,15.0,10.043,910000.0,0.03,1.0,389595000.0,0.194,592769000.0,55685000.0,1095777000.0,1104106500.0,329984000.0,2262000.0,2262000.0,0.0,1362502000.0,616876000.0,745626000.0,1210738112.0,35699000.0,0.0,105311000.0,-75800000.0,-9600000.0,26611000.0,-15220000.0,9000.0,23839000.0,469000.0,39830000.0,39830000.0,39830000.0,1930000.0,0.0,0.02,274350000.0,115245000.0,540236000.0,0.238,2.397,30.398,27.476,352231000.0,0.0,40.39,0.604,0.604,276687000.0,376749000.0,2004777000.0,2004777000.0,0.0,0.022,0.089,0.096,0.053,0.0,267933000.0,1.0,29976185.0,29994069.0,,66.839,1274740000.0,108145000.0,10355000.0,0.0,42.5,194367000.0
66,MTW,MRT,2004-12-31,2004-12-31,2004-12-31,2021-09-07,61014000.0,1928136000.0,1795782500.0,845961000.0,1082175000.0,1.027,19.323,-27800000.0,176415000.0,176415000.0,1469200000.0,39100000.0,1.296,2.716,583841000.0,71605000.0,512236000.0,583841000.0,82587000.0,53200000.0,0.0,0.007,0.28,104000000.0,157200000.0,0.085,157200000.0,104000000.0,48000000.0,1.46,1.44,1.46,518929000.0,409983750.0,518929000.0,1542361976.0,15.0,9.811,29200000.0,1.087,1.0,375700000.0,0.204,606210000.0,56000000.0,1076672000.0,1109931000.0,287036000.0,2248000.0,2248000.0,0.0,1409207000.0,652680000.0,756527000.0,1011090976.0,131400000.0,0.0,104900000.0,-11500000.0,-7500000.0,92600000.0,-20000000.0,0.0,57000000.0,1800000.0,39100000.0,39100000.0,39100000.0,-1000000.0,0.0,0.021,271700000.0,104000000.0,513504000.0,0.192,1.948,25.859,25.788,357568000.0,0.0,37.65,0.548,0.548,244335000.0,372398000.0,1844900000.0,1844900000.0,0.0,0.022,0.095,0.094,0.056,0.0,266400000.0,1.0,26855006.0,26855006.0,,68.699,1321926000.0,109453000.0,8900000.0,0.0,49.225,193281000.0
67,MTW,MRT,2004-09-30,2004-09-30,2004-09-30,2021-09-07,36447000.0,1763608000.0,1728785750.0,726496000.0,1037112000.0,0.975,14.612,-25642000.0,52637000.0,52637000.0,1335453000.0,28226000.0,1.24,3.508,583908000.0,21088000.0,562820000.0,583908000.0,0.0,52329000.0,0.0,0.008,0.28,90205000.0,142534000.0,0.085,142534000.0,90205000.0,36676000.0,1.06,1.03,1.06,391232000.0,369249500.0,391232000.0,1485955556.0,16.0,10.425,30582000.0,1.142,1.0,349603000.0,0.207,583943000.0,53529000.0,1124940000.0,1109282000.0,330214000.0,2242000.0,2242000.0,0.0,1372376000.0,585996000.0,786380000.0,948183556.0,-2876000.0,0.0,5679000.0,-38522000.0,-7446000.0,-40289000.0,-17968000.0,-25000.0,56224000.0,-843000.0,28226000.0,28226000.0,28226000.0,-1291000.0,0.0,0.017,253412000.0,96191000.0,503148000.0,0.264,2.424,33.593,33.453,331608000.0,0.0,35.46,0.563,0.563,220017000.0,374518000.0,1685056000.0,1685056000.0,0.0,0.016,0.076,0.081,0.054,0.0,259078000.0,1.0,26739525.0,26774770.0,,62.934,1179665000.0,110745000.0,8450000.0,0.0,44.059,140500000.0
68,MTW,MRT,2004-06-30,2004-06-30,2004-06-30,2021-09-07,31216000.0,1765150000.0,1689319750.0,749883000.0,1015267000.0,0.966,13.878,-25990000.0,46951000.0,46951000.0,1289365000.0,22720000.0,1.243,3.759,584723000.0,21991000.0,562732000.0,584723000.0,0.0,50235000.0,0.0,0.008,0.28,83341000.0,133576000.0,0.082,133576000.0,83341000.0,30220000.0,0.85,0.83,0.85,370938000.0,349541000.0,370938000.0,1469716171.0,18.0,11.003,92517000.0,3.461,1.0,342029000.0,0.21,580388000.0,53121000.0,1119037000.0,1118585000.0,307506000.0,2225000.0,2225000.0,0.0,1394212000.0,603497000.0,790715000.0,904328171.0,22629000.0,0.0,3408000.0,-73027000.0,-7446000.0,-77065000.0,-21947000.0,26000.0,118507000.0,3134000.0,22720000.0,22720000.0,22720000.0,627000.0,0.0,0.014,251265000.0,90764000.0,519794000.0,0.329,2.438,39.803,39.824,334013000.0,0.0,33.85,0.554,0.555,276660000.0,361813000.0,1631394000.0,1631394000.0,0.0,0.013,0.065,0.075,0.051,0.0,255139000.0,1.0,26715751.0,26727708.0,,61.038,1184762000.0,108431000.0,7500000.0,0.0,44.327,146386000.0
69,MTW,MRT,2004-03-31,2004-03-31,2004-03-31,2021-09-07,34917000.0,1726236000.0,1661027750.0,708551000.0,1017685000.0,0.914,13.453,-23985000.0,33069000.0,33069000.0,1188717000.0,8781000.0,1.201,3.811,598457000.0,23652000.0,574805000.0,598457000.0,0.0,47626000.0,0.0,0.009,0.28,67707000.0,115333000.0,0.076,115333000.0,67707000.0,13174000.0,0.33,0.32,0.33,358836000.0,333196500.0,358836000.0,1337186211.0,20.0,11.594,93731000.0,3.514,1.0,330289000.0,0.217,582807000.0,54533000.0,1119075000.0,1147639250.0,297010000.0,2229000.0,2229000.0,0.0,1367400000.0,589742000.0,777658000.0,789854211.0,-206000.0,0.0,3007000.0,-87411000.0,-7446000.0,-91850000.0,-28946000.0,22000.0,117716000.0,2874000.0,8781000.0,8781000.0,8781000.0,5384000.0,0.0,0.006,250402000.0,79887000.0,505309000.0,0.848,2.201,89.95,89.636,336719000.0,0.0,29.58,0.52,0.519,251432000.0,346560000.0,1519006000.0,1519006000.0,0.0,0.005,0.026,0.059,0.045,0.0,251210000.0,1.0,26702306.0,26673710.0,,56.948,1143429000.0,106325000.0,4393000.0,0.0,42.867,118809000.0
70,MTW,MRT,2003-12-31,2003-12-31,2003-12-31,2021-09-07,40800000.0,1660149000.0,1625339750.0,646089000.0,1014060000.0,0.903,13.398,-17256000.0,44968000.0,44968000.0,1151373000.0,3549000.0,1.185,3.663,592300000.0,25216000.0,567084000.0,592300000.0,0.0,47636000.0,0.0,0.009,0.28,61118000.0,108754000.0,0.074,108754000.0,61118000.0,5445000.0,0.13,0.13,0.13,355992000.0,316096250.0,355992000.0,1402198540.0,23.0,12.893,133607000.0,5.028,1.0,316717000.0,0.216,588181000.0,55673000.0,1074076000.0,1165760000.0,232877000.0,2220000.0,2220000.0,0.0,1304157000.0,545224000.0,758933000.0,829017540.0,16933000.0,0.0,118000.0,-115216000.0,-7446000.0,-122544000.0,-15100000.0,150000.0,150863000.0,3714000.0,3549000.0,3549000.0,3549000.0,5089000.0,0.0,0.002,243210000.0,73507000.0,454394000.0,2.154,2.329,233.592,240.0,334618000.0,0.0,31.2,0.565,0.565,245010000.0,340792000.0,1468090000.0,1468090000.0,0.0,0.002,0.011,0.052,0.042,0.0,243584000.0,1.0,26571075.0,26571075.0,,55.251,1071968000.0,106272000.0,1896000.0,0.0,40.343,100865000.0
71,MTW,MRT,2003-09-30,2003-09-30,2003-09-30,2021-09-07,-15644000.0,1605744000.0,1610464000.0,691991000.0,913753000.0,0.951,11.767,-16885000.0,55513000.0,55513000.0,1199032000.0,-16055000.0,1.459,4.14,628694000.0,13033000.0,615661000.0,628694000.0,0.0,48055000.0,0.0,0.013,0.28,46260000.0,94315000.0,0.062,94315000.0,46260000.0,-12718000.0,-0.67,-0.64,-0.67,312398000.0,306757750.0,312398000.0,1211579827.0,26.0,12.846,117788000.0,4.437,1.0,333062000.0,0.217,542432000.0,58978000.0,1162152000.0,1209049000.0,276018000.0,2218000.0,2218000.0,0.0,1293346000.0,474341000.0,819005000.0,572989827.0,21447000.0,-2847000.0,-468000.0,-100079000.0,-7432000.0,-107979000.0,-6047000.0,0.0,134673000.0,800000.0,-16055000.0,-16055000.0,-16055000.0,32357000.0,0.0,-0.01,254001000.0,79061000.0,394407000.0,-0.418,1.834,-35.689,-32.373,305138000.0,0.0,21.69,0.374,0.376,224404000.0,353736000.0,1532094000.0,1532094000.0,0.0,-0.01,-0.052,0.038,0.03,0.0,239918000.0,1.0,26417235.0,26548792.0,,57.709,1063312000.0,93414000.0,3337000.0,0.0,40.051,217650000.0
72,MTW,MRT,2003-06-30,2003-06-30,2003-06-30,2021-09-07,-15195000.0,1651982000.0,1610002750.0,731244000.0,920738000.0,0.944,11.511,-16696000.0,24322000.0,24322000.0,1183541000.0,-8525000.0,1.368,4.406,662912000.0,40016000.0,622896000.0,662912000.0,0.0,46941000.0,0.0,0.013,0.28,61187000.0,108128000.0,0.071,108128000.0,61187000.0,1232000.0,-0.36,-0.34,-0.36,305560000.0,313201250.0,305560000.0,1206671990.0,20.0,11.16,100112000.0,3.771,1.0,336315000.0,0.221,520771000.0,59955000.0,1235254000.0,1229390250.0,282419000.0,2252000.0,2252000.0,0.0,1346422000.0,534547000.0,811875000.0,589003990.0,86000.0,8364000.0,-387000.0,-118017000.0,-7432000.0,-125836000.0,9999000.0,-54000.0,116808000.0,-885000.0,-8525000.0,-8525000.0,-8525000.0,30970000.0,0.0,-0.006,243680000.0,92635000.0,427365000.0,-0.778,1.928,-69.091,-61.944,314293000.0,0.0,22.3,0.388,0.389,269327000.0,346538000.0,1519856000.0,1519856000.0,0.0,-0.005,-0.027,0.05,0.04,0.0,231340000.0,1.0,26412735.0,26544501.0,,57.257,1131211000.0,120788000.0,9757000.0,0.0,42.616,196697000.0
73,MTW,MRT,2003-03-31,2003-03-31,2003-03-31,2021-09-07,-28859000.0,1583484000.0,1492000250.0,675855000.0,907629000.0,0.961,10.942,-18592000.0,33275000.0,33275000.0,1102968000.0,10243000.0,1.353,4.452,650943000.0,39955000.0,610988000.0,650943000.0,0.0,40834000.0,0.0,0.017,0.28,86231000.0,127065000.0,0.089,127065000.0,86231000.0,30261000.0,0.42,0.42,0.42,290435000.0,299860000.0,290435000.0,1084316886.0,13.0,8.534,101776000.0,3.835,1.0,331339000.0,0.231,509973000.0,55970000.0,1191558000.0,1125872250.0,272391000.0,2252000.0,2252000.0,0.0,1293049000.0,499621000.0,793428000.0,446172886.0,5857000.0,4993000.0,1279000.0,-113421000.0,-7432000.0,-119574000.0,4595000.0,-75000.0,120368000.0,468000.0,10243000.0,10243000.0,10243000.0,26263000.0,0.0,0.007,218102000.0,113237000.0,392246000.0,0.667,1.536,43.559,40.024,316970000.0,0.0,16.81,0.311,0.311,223888000.0,345224000.0,1434307000.0,1434307000.0,0.0,0.007,0.034,0.077,0.06,0.0,210198000.0,1.0,26542111.0,26542127.0,,54.039,1073511000.0,117913000.0,20018000.0,0.0,40.446,176234000.0
74,MTW,MRT,2002-12-31,2002-12-31,2002-12-31,2021-09-07,-51000.0,1600646000.0,1376761250.0,647164000.0,953482000.0,0.985,12.074,-16297000.0,28035000.0,28035000.0,1035086000.0,-20502000.0,1.406,4.023,666179000.0,42632000.0,623547000.0,666179000.0,0.0,35078000.0,0.0,0.011,0.28,54890000.0,89968000.0,0.066,89968000.0,54890000.0,2927000.0,-0.82,-0.8,-0.82,318638000.0,296769250.0,318638000.0,1320404426.0,24.0,14.676,78242000.0,2.965,1.0,321337000.0,0.237,531160000.0,51963000.0,1247232000.0,1015562250.0,255218000.0,2371000.0,2371000.0,0.0,1282008000.0,460398000.0,821610000.0,672951426.0,4454000.0,976000.0,1511000.0,-79481000.0,-7432000.0,-85402000.0,-4433000.0,-220000.0,94539000.0,-250000.0,-20502000.0,-20502000.0,-20502000.0,25352000.0,0.0,-0.015,204295000.0,117042000.0,350315000.0,-0.341,2.112,-32.824,-31.098,319301000.0,0.0,25.5,0.496,0.496,226091000.0,344689000.0,1356423000.0,1356423000.0,0.0,-0.015,-0.069,0.054,0.04,0.0,192603000.0,1.0,26390252.0,26390252.0,,51.399,1069486000.0,116403000.0,23429000.0,0.0,40.526,186766000.0
75,MTW,MRT,2002-09-30,2002-09-30,2002-09-30,2021-09-07,-12503000.0,1603899000.0,1246802750.0,682502000.0,921397000.0,0.932,13.21,-12907000.0,34066000.0,34066000.0,860627000.0,13227000.0,1.412,3.743,681519000.0,56314000.0,625205000.0,681519000.0,0.0,28446000.0,0.0,0.008,0.225,89327000.0,117773000.0,0.101,117773000.0,89327000.0,40625000.0,0.52,0.51,0.52,338172000.0,283058500.0,338172000.0,1155015765.0,13.0,9.807,61820000.0,2.415,1.0,301418000.0,0.259,524444000.0,48702000.0,1243517000.0,889229500.0,290629000.0,2218000.0,2218000.0,0.0,1265727000.0,483391000.0,782336000.0,660824765.0,-5268000.0,3049000.0,2109000.0,-67018000.0,-5465000.0,-70374000.0,-10396000.0,-93000.0,74727000.0,775000.0,13227000.0,13227000.0,13227000.0,-2571000.0,0.0,0.011,177266000.0,124152000.0,397300000.0,0.433,1.954,49.96,52.596,315241000.0,0.0,27.35,0.569,0.603,288516000.0,377222000.0,1162045000.0,1162045000.0,0.0,0.011,0.047,0.1,0.077,0.0,168414000.0,1.0,24161783.0,25600024.0,,45.392,1079455000.0,35224000.0,27398000.0,0.0,42.166,199111000.0
76,MTW,MRT,2002-06-30,2002-06-30,2002-06-30,2021-09-07,-13554000.0,1179972000.0,1130579250.0,448042000.0,731930000.0,0.945,10.37,-17080000.0,24236000.0,24236000.0,777245000.0,10938000.0,1.12,3.679,518427000.0,66509000.0,451918000.0,518427000.0,0.0,31659000.0,0.0,0.006,0.225,83961000.0,115620000.0,0.108,115620000.0,83961000.0,37537000.0,0.45,0.45,0.45,252195000.0,264914500.0,252195000.0,1330338701.0,16.0,11.506,48652000.0,2.001,1.0,290893000.0,0.272,453018000.0,46424000.0,821182000.0,761869000.0,145857000.0,2198000.0,2198000.0,0.0,927777000.0,399963000.0,527814000.0,854378701.0,-6004000.0,-10604000.0,2029000.0,-61065000.0,-5567000.0,-44450000.0,-28229000.0,-100000.0,65732000.0,943000.0,10938000.0,10938000.0,10938000.0,-2061000.0,0.0,0.01,170954000.0,119939000.0,315299000.0,0.5,3.388,78.111,78.867,201050000.0,0.0,35.49,0.8,0.808,222449000.0,362494000.0,1068138000.0,1068138000.0,0.0,0.01,0.041,0.11,0.079,0.0,159127000.0,1.0,24073787.0,24319218.0,,43.922,726954000.0,35439000.0,26599000.0,0.0,29.892,48079000.0
77,MTW,MRT,2002-03-31,2002-03-31,2002-03-31,2021-09-07,-3462000.0,1122528000.0,1115108500.0,381251000.0,741277000.0,0.931,11.451,-14618000.0,27418000.0,27418000.0,755788000.0,5468000.0,1.133,3.037,503378000.0,58991000.0,444387000.0,503378000.0,0.0,32797000.0,0.0,0.006,0.225,75229000.0,108026000.0,0.104,108026000.0,75229000.0,31305000.0,0.22,0.24,0.22,278072000.0,264569500.0,278072000.0,1424211977.0,19.0,13.184,79899000.0,3.29,1.0,282309000.0,0.272,511535000.0,43924000.0,750318000.0,754786750.0,135558000.0,2177000.0,2177000.0,0.0,844456000.0,336635000.0,507821000.0,959222977.0,19232000.0,-289550000.0,415000.0,234590000.0,-5567000.0,229438000.0,-304603000.0,-106000.0,94517000.0,-120000.0,5468000.0,5468000.0,5468000.0,-1630000.0,0.0,0.005,167187000.0,115122000.0,259552000.0,1.023,3.45,175.425,179.545,170559000.0,0.0,39.5,0.924,0.924,171988000.0,379214000.0,1038097000.0,1038097000.0,0.0,0.005,0.021,0.1,0.072,0.0,152673000.0,1.0,24284126.0,24283661.0,,42.749,610993000.0,27671000.0,25837000.0,0.0,25.161,44616000.0
78,MTW,MRT,2001-12-31,2001-12-31,2001-12-31,2021-09-07,-3937000.0,1080812000.0,994922000.0,331090000.0,749722000.0,0.989,10.868,-18885000.0,23581000.0,23581000.0,713825000.0,45548000.0,1.118,3.097,488570000.0,42048000.0,446522000.0,488570000.0,0.0,31102000.0,0.0,0.01,0.3,110831000.0,141933000.0,0.144,141933000.0,110831000.0,73423000.0,1.87,1.86,1.87,263795000.0,255543000.0,263795000.0,1222284116.0,11.0,8.612,87730000.0,3.614,1.0,270598000.0,0.275,507739000.0,37408000.0,741901000.0,644178250.0,123056000.0,2151000.0,2151000.0,0.0,817017000.0,296161000.0,520856000.0,754909116.0,9598000.0,-285533000.0,183000.0,214895000.0,-7358000.0,207720000.0,-304682000.0,-107000.0,106615000.0,-55000.0,45548000.0,45548000.0,45548000.0,-1154000.0,0.0,0.046,155381000.0,115217000.0,236131000.0,0.16,2.862,16.574,16.631,175384000.0,0.0,31.1,0.767,0.767,141211000.0,372623000.0,984423000.0,984423000.0,0.0,0.046,0.178,0.172,0.113,0.0,143039000.0,1.0,24273605.0,24273605.0,,40.555,573073000.0,28346000.0,27875000.0,5143000.0,23.609,34929000.0
79,MTW,MRT,2001-09-30,2001-09-30,2001-09-30,2021-09-07,-5919000.0,1139005000.0,885351500.0,395512000.0,743493000.0,1.058,10.942,-19072000.0,39334000.0,39334000.0,687448000.0,47370000.0,1.137,3.288,506709000.0,44023000.0,462686000.0,506709000.0,0.0,27523000.0,0.0,0.006,0.15,104450000.0,131973000.0,0.141,131973000.0,104450000.0,76789000.0,1.95,1.93,1.95,265596000.0,248036500.0,265596000.0,1090413759.0,10.0,8.262,60018000.0,2.473,1.0,249485000.0,0.266,524490000.0,27661000.0,734075000.0,533514000.0,150992000.0,2125000.0,2125000.0,0.0,873409000.0,347815000.0,525594000.0,588346759.0,26048000.0,-333142000.0,-8130000.0,311981000.0,-3782000.0,300069000.0,-353088000.0,-108000.0,79090000.0,-23000.0,47370000.0,47370000.0,47370000.0,-4096000.0,0.0,0.051,143913000.0,105572000.0,287440000.0,0.077,2.215,12.42,12.431,176258000.0,0.0,24.24,0.628,0.628,166503000.0,369461000.0,936933000.0,936933000.0,0.0,0.054,0.191,0.196,0.111,0.0,134323000.0,1.0,24271731.0,24273605.0,,38.599,614515000.0,26674000.0,29419000.0,0.0,25.316,47697000.0
80,MTW,MRT,2001-06-30,2001-06-30,2001-06-30,2021-09-07,-8313000.0,1118089000.0,748525250.0,392714000.0,725375000.0,1.136,10.335,-8443000.0,30240000.0,30240000.0,623449000.0,47229000.0,1.286,3.458,532307000.0,37895000.0,494412000.0,532307000.0,0.0,18911000.0,0.0,0.008,0.225,95033000.0,113944000.0,0.134,113944000.0,95033000.0,75734000.0,1.94,1.92,1.94,250815000.0,240140500.0,250815000.0,916940180.0,10.0,8.047,72208000.0,2.975,1.0,227004000.0,0.267,521876000.0,19299000.0,792853000.0,403897750.0,152326000.0,2098000.0,2098000.0,0.0,867274000.0,305427000.0,561847000.0,715848180.0,19857000.0,-333888000.0,-8086000.0,316392000.0,-5528000.0,282625000.0,-343212000.0,-115000.0,80651000.0,-207000.0,47229000.0,47229000.0,47229000.0,-4096000.0,0.0,0.056,130922000.0,96082000.0,251668000.0,0.116,2.854,15.157,15.206,171740000.0,0.0,29.5,0.842,0.842,169097000.0,357124000.0,850453000.0,850453000.0,0.0,0.063,0.197,0.235,0.112,0.0,122721000.0,1.0,24266040.0,24269153.0,,35.043,596213000.0,27002000.0,28505000.0,0.0,24.567,87287000.0
81,MTW,MRT,2001-03-31,2001-03-31,2001-03-31,2021-09-07,-2451000.0,641782000.0,623294750.0,217388000.0,424394000.0,1.277,9.973,-9651000.0,8186000.0,8186000.0,577489000.0,55224000.0,0.956,1.652,209278000.0,68941000.0,140337000.0,209278000.0,0.0,16579000.0,0.0,0.012,0.3,99887000.0,116466000.0,0.146,116466000.0,99887000.0,85494000.0,2.25,2.23,2.25,241966000.0,233430250.0,241966000.0,816248712.0,8.0,7.008,63361000.0,2.611,1.0,218296000.0,0.274,307516000.0,14393000.0,307884000.0,267491000.0,101818000.0,2071000.0,2071000.0,0.0,399816000.0,227474000.0,172342000.0,611293712.0,-10053000.0,-68288000.0,-26775000.0,30076000.0,-7341000.0,-4040000.0,-78823000.0,-118000.0,73012000.0,-202000.0,55224000.0,55224000.0,55224000.0,-4096000.0,0.0,0.069,120723000.0,97573000.0,145996000.0,0.133,2.526,11.069,11.022,102297000.0,0.0,24.8,0.768,0.756,71730000.0,342513000.0,795785000.0,795785000.0,0.0,0.089,0.237,0.373,0.126,0.0,113589000.0,1.0,24648940.0,24262313.0,,32.799,334266000.0,22756000.0,30270000.0,0.0,13.777,-10086000.0
82,MTW,MRT,2000-12-31,2000-12-31,2000-12-31,2021-09-07,-2569000.0,642530000.0,611752250.0,223507000.0,419023000.0,1.262,9.487,-9168000.0,13983000.0,13983000.0,554303000.0,60268000.0,0.933,1.749,218938000.0,81270000.0,137668000.0,218938000.0,0.0,15796000.0,0.0,0.01,0.3,106346000.0,122142000.0,0.158,122142000.0,106346000.0,93537000.0,2.42,2.4,2.42,233769000.0,228516250.0,233769000.0,851607076.0,8.0,6.972,53879000.0,2.187,1.0,217984000.0,0.282,308751000.0,12809000.0,299244000.0,250722000.0,91178000.0,2044000.0,2044000.0,0.0,408761000.0,239490000.0,169271000.0,714596076.0,3886000.0,-98982000.0,-49413000.0,106926000.0,-7507000.0,50006000.0,-109037000.0,-121000.0,63047000.0,-130000.0,60268000.0,60268000.0,60268000.0,-4096000.0,0.0,0.078,113697000.0,104287000.0,144713000.0,0.124,3.057,11.857,11.983,99940000.0,0.0,29.0,0.925,0.925,88231000.0,334433000.0,772287000.0,772287000.0,0.0,0.099,0.264,0.424,0.138,0.0,106976000.0,1.0,24641244.0,24641244.0,,31.341,333779000.0,20592000.0,33269000.0,0.0,13.546,-15983000.0
83,MTW,MRT,2000-09-30,2000-09-30,2000-09-30,2021-09-07,-2044000.0,591700000.0,583679750.0,215492000.0,376208000.0,1.48,9.498,-11274000.0,13286000.0,13286000.0,628500000.0,63809000.0,0.87,1.529,150297000.0,71367000.0,78930000.0,150297000.0,0.0,17692000.0,0.0,0.015,0.3,114726000.0,132418000.0,0.153,132418000.0,114726000.0,101918000.0,2.53,2.52,2.53,234012000.0,228118000.0,234012000.0,664179727.0,6.0,5.016,68079000.0,2.763,1.0,235359000.0,0.272,265315000.0,12808000.0,215610000.0,228440500.0,97909000.0,2017000.0,2017000.0,0.0,357688000.0,247786000.0,109902000.0,486536727.0,2899000.0,-50599000.0,-39955000.0,33703000.0,-7573000.0,-14399000.0,-61975000.0,-102000.0,79353000.0,-80000.0,63809000.0,63809000.0,63809000.0,0.0,0.0,0.074,118591000.0,116768000.0,162807000.0,0.119,2.079,7.625,7.806,95579000.0,0.0,19.75,0.563,0.563,77029000.0,325872000.0,863859000.0,863859000.0,0.0,0.109,0.28,0.502,0.133,0.0,107027000.0,1.0,24634771.0,24638599.0,,35.061,326385000.0,22557000.0,38109000.0,0.0,13.247,-32294000.0
84,MTW,MRT,2000-06-30,2000-06-30,2000-06-30,2021-09-07,-1568000.0,617167000.0,568131000.0,238473000.0,378694000.0,1.519,9.058,-11288000.0,10383000.0,10383000.0,621010000.0,70889000.0,0.843,1.756,188026000.0,109085000.0,78941000.0,188026000.0,0.0,17408000.0,0.0,0.011,0.3,124794000.0,142202000.0,0.165,142202000.0,124794000.0,112999000.0,2.78,2.76,2.78,223974000.0,227659000.0,223974000.0,821834590.0,7.0,5.779,55647000.0,2.251,1.0,242216000.0,0.281,264713000.0,11795000.0,247226000.0,226412000.0,98306000.0,1983000.0,1983000.0,0.0,393193000.0,282871000.0,110322000.0,660871590.0,-1056000.0,-46860000.0,-40033000.0,38569000.0,-7674000.0,-9712000.0,-58240000.0,-92000.0,66935000.0,-39000.0,70889000.0,70889000.0,70889000.0,0.0,0.0,0.082,115098000.0,127118000.0,159048000.0,0.108,2.951,9.323,9.622,99449000.0,0.0,26.75,0.766,0.766,102446000.0,315421000.0,863226000.0,863226000.0,0.0,0.125,0.311,0.551,0.145,0.0,105621000.0,1.0,24705480.0,24725648.0,,34.912,352454000.0,22557000.0,42110000.0,0.0,14.255,-44398000.0
85,MTW,MRT,2000-03-31,2000-03-31,2000-03-31,2021-09-07,-998000.0,595612000.0,551066000.0,232811000.0,362801000.0,1.535,8.6,-9386000.0,18239000.0,18239000.0,609134000.0,69269000.0,0.886,1.679,179202000.0,100251000.0,78951000.0,179202000.0,0.0,17129000.0,0.0,0.011,0.3,120737000.0,137866000.0,0.163,137866000.0,120737000.0,110144000.0,2.68,2.65,2.68,222310000.0,229709500.0,222310000.0,819345148.0,7.0,5.943,85906000.0,3.323,1.0,236868000.0,0.28,252900000.0,10593000.0,240808000.0,220845000.0,99623000.0,1953000.0,1953000.0,0.0,373302000.0,262867000.0,110435000.0,717430148.0,3989000.0,-55136000.0,-21397000.0,3122000.0,-7809000.0,-26658000.0,-64617000.0,-95000.0,95292000.0,-28000.0,69269000.0,69269000.0,69269000.0,0.0,0.0,0.082,113824000.0,123044000.0,147723000.0,0.112,3.227,10.357,10.261,95791000.0,0.0,27.5,0.848,0.84,86688000.0,294628000.0,846002000.0,846002000.0,0.0,0.126,0.302,0.547,0.143,0.0,106432000.0,1.0,26088369.0,25850072.0,,32.727,342712000.0,22528000.0,40875000.0,0.0,13.258,-30056000.0
86,MTW,MRT,1999-12-31,1999-12-31,1999-12-31,2021-09-07,-814000.0,530240000.0,536226750.0,190998000.0,339242000.0,1.537,8.936,-7223000.0,10097000.0,10097000.0,590627000.0,66784000.0,1.009,1.284,112012000.0,32789000.0,79223000.0,112012000.0,0.0,16713000.0,0.0,0.009,0.3,116796000.0,133509000.0,0.162,133509000.0,116796000.0,106006000.0,2.57,2.55,2.57,232176000.0,232176000.0,232176000.0,989623832.0,8.0,7.412,96148000.0,3.7,1.0,233712000.0,0.284,232729000.0,10790000.0,210118000.0,217996000.0,91437000.0,1923000.0,1923000.0,0.0,298064000.0,189308000.0,108756000.0,883416832.0,-485000.0,-62104000.0,1241000.0,-27290000.0,-7799000.0,-34422000.0,-69416000.0,-89000.0,103371000.0,-18000.0,66784000.0,66784000.0,66784000.0,0.0,0.0,0.081,114761000.0,118951000.0,141909000.0,0.117,3.805,13.228,13.23,92023000.0,0.0,34.0,1.072,1.072,62802000.0,281672000.0,824339000.0,824339000.0,0.0,0.125,0.288,0.536,0.142,0.0,107369000.0,1.0,25982848.0,25982848.0,,31.726,297511000.0,22528000.0,39222000.0,0.0,11.45,1690000.0
87,MTW,MRT,1999-09-30,1999-09-30,1999-09-30,2021-09-07,-814000.0,529505000.0,523920250.0,189232000.0,340273000.0,1.529,8.936,-5333000.0,10387000.0,10387000.0,574721000.0,64224000.0,1.0,1.284,112012000.0,32789000.0,79223000.0,112012000.0,0.0,16612000.0,0.0,0.009,0.299,112874000.0,129486000.0,0.162,129486000.0,112874000.0,102059000.0,2.48,2.45,2.48,232176000.0,217270000.0,232176000.0,1024391267.0,9.0,7.911,111655000.0,4.297,1.0,226567000.0,0.283,234326000.0,10815000.0,207496000.0,222140500.0,80386000.0,1915000.0,1915000.0,0.0,298064000.0,189308000.0,108756000.0,886373267.0,600000.0,-110279000.0,162000.0,7505000.0,-7791000.0,-645000.0,-115722000.0,-110000.0,116988000.0,-21000.0,64224000.0,64224000.0,64224000.0,0.0,0.0,0.08,112390000.0,114177000.0,141909000.0,0.121,3.818,13.801,13.762,90093000.0,0.0,34.13,1.106,1.107,73312000.0,281672000.0,801288000.0,801288000.0,0.0,0.123,0.296,0.508,0.141,0.0,107509000.0,1.0,25970503.0,25982312.0,,30.84,295179000.0,20888000.0,37835000.0,0.0,11.361,-76000.0
88,MTW,MRT,1999-06-30,1999-06-30,1999-06-30,2021-09-07,-814000.0,548907000.0,499171250.0,203711000.0,345196000.0,1.545,8.942,-6055000.0,11439000.0,11439000.0,554080000.0,60049000.0,1.076,1.284,112012000.0,32789000.0,79223000.0,112012000.0,0.0,15904000.0,0.0,0.007,0.299,105248000.0,121152000.0,0.157,121152000.0,105248000.0,95329000.0,2.32,2.29,2.32,232176000.0,199995000.0,232176000.0,1242740461.0,12.0,10.258,101390000.0,3.905,1.0,217333000.0,0.282,235214000.0,9919000.0,224958000.0,229656750.0,85533000.0,1891000.0,1891000.0,0.0,298064000.0,189308000.0,108756000.0,1080910461.0,-4140000.0,-110830000.0,198000.0,13532000.0,-7787000.0,5422000.0,-116990000.0,-105000.0,107445000.0,-17000.0,60049000.0,60049000.0,60049000.0,0.0,0.0,0.078,110821000.0,106512000.0,141909000.0,0.129,4.656,18.0,17.944,94092000.0,0.0,41.63,1.401,1.401,81362000.0,281672000.0,771413000.0,771413000.0,0.0,0.12,0.3,0.458,0.136,0.0,105940000.0,1.0,25964700.0,25965034.0,,29.71,313693000.0,21682000.0,35280000.0,0.0,12.081,14403000.0
89,MTW,MRT,1999-03-31,1999-03-31,1999-03-31,2021-09-07,-814000.0,536255000.0,471177750.0,210749000.0,325506000.0,1.558,8.943,-9011000.0,14250000.0,14250000.0,529261000.0,54471000.0,1.113,1.284,112012000.0,32789000.0,79223000.0,112012000.0,0.0,15183000.0,0.0,0.011,0.299,96357000.0,111540000.0,0.152,111540000.0,96357000.0,86316000.0,2.1,2.08,2.1,232176000.0,179418750.0,232176000.0,853475387.0,9.0,7.652,78203000.0,3.012,1.0,204709000.0,0.279,215297000.0,10041000.0,229412000.0,239029500.0,85271000.0,1858000.0,1858000.0,0.0,298064000.0,189308000.0,108756000.0,724755387.0,3528000.0,-85837000.0,258000.0,19319000.0,-7784000.0,11272000.0,-94952000.0,-104000.0,87214000.0,-6000.0,54471000.0,54471000.0,54471000.0,0.0,0.0,0.074,107024000.0,97685000.0,141909000.0,0.142,3.122,13.305,13.295,94419000.0,0.0,27.92,0.987,0.988,86205000.0,281672000.0,733970000.0,733970000.0,0.0,0.116,0.304,0.403,0.131,0.0,102143000.0,1.0,25958288.0,25962372.0,,28.271,320958000.0,21682000.0,31845000.0,0.0,12.362,21441000.0
90,MTW,MRT,1998-12-31,1998-12-31,1998-12-31,2021-09-07,-212000.0,481014000.0,446280000.0,190877000.0,290137000.0,1.577,6.651,-10349000.0,10582000.0,10582000.0,508299000.0,51380000.0,0.963,1.788,139302000.0,59468000.0,79834000.0,139302000.0,0.0,14610000.0,0.0,0.01,0.299,91153000.0,105763000.0,0.15,105763000.0,91153000.0,81412000.0,1.98,1.97,1.98,172552000.0,164512750.0,172552000.0,866855210.0,10.0,8.196,46465000.0,1.791,1.0,195621000.0,0.278,184926000.0,9741000.0,226696000.0,236911000.0,81978000.0,1834000.0,1834000.0,0.0,308462000.0,198112000.0,110350000.0,767553210.0,-1306000.0,-48175000.0,355000.0,8443000.0,-7781000.0,496000.0,-58618000.0,-94000.0,56814000.0,2000.0,51380000.0,51380000.0,51380000.0,0.0,0.0,0.073,103001000.0,92620000.0,123534000.0,0.151,4.448,14.939,14.943,93583000.0,0.0,29.587,1.09,1.09,69504000.0,222687000.0,703920000.0,703920000.0,0.0,0.115,0.312,0.385,0.129,0.0,98120000.0,1.0,25942538.0,25942538.0,,27.134,296088000.0,21682000.0,30032000.0,0.0,11.413,-7235000.0
91,MTW,MRT,1998-09-30,1998-09-30,1998-09-30,2021-09-07,-102000.0,430509000.0,425118500.0,179361000.0,251148000.0,1.595,6.287,-7521000.0,9787000.0,9787000.0,486709000.0,48443000.0,1.225,1.64,109089000.0,17796000.0,91293000.0,109089000.0,0.0,13802000.0,0.0,0.015,0.299,85980000.0,99782000.0,0.147,99782000.0,85980000.0,76637000.0,1.87,1.857,1.87,163076000.0,153529250.0,163076000.0,641328470.0,7.0,6.427,47291000.0,1.823,1.0,191255000.0,0.282,145856000.0,9343000.0,237561000.0,229623000.0,70450000.0,1806000.0,1806000.0,0.0,267433000.0,146394000.0,121039000.0,520982470.0,-3357000.0,-66979000.0,292000.0,24025000.0,-7776000.0,16251000.0,-74495000.0,5000.0,54812000.0,75000.0,48443000.0,48443000.0,48443000.0,0.0,0.0,0.071,102686000.0,88569000.0,116478000.0,0.16,3.195,10.755,10.742,91408000.0,0.0,20.087,0.768,0.769,80521000.0,213202000.0,677964000.0,677964000.0,0.0,0.114,0.316,0.374,0.127,0.0,99292000.0,1.0,25936731.0,25939026.0,,26.137,284653000.0,15287000.0,28194000.0,0.0,10.974,32967000.0
92,MTW,MRT,1998-06-30,1998-06-30,1998-06-30,2021-09-07,-29000.0,436933000.0,,183572000.0,253361000.0,,5.78,-11164000.0,15579000.0,15579000.0,452547000.0,42761000.0,1.225,1.915,135925000.0,29368000.0,106557000.0,135925000.0,0.0,13164000.0,0.0,0.011,0.299,76485000.0,89649000.0,0.143,89649000.0,76485000.0,67721000.0,1.647,1.643,1.647,149871000.0,143308250.0,149871000.0,842550572.0,11.0,9.398,36925000.0,1.424,1.0,175329000.0,0.279,144918000.0,8764000.0,262449000.0,,64303000.0,1787000.0,1787000.0,0.0,287062000.0,149912000.0,137150000.0,696511572.0,7952000.0,-66979000.0,272000.0,45879000.0,-7774000.0,38087000.0,-78244000.0,-101000.0,48089000.0,20000.0,42761000.0,42761000.0,42761000.0,0.0,0.0,0.068,97198000.0,78131000.0,108563000.0,0.182,4.647,16.288,16.317,94971000.0,0.0,26.873,1.109,1.11,84932000.0,199943000.0,627876000.0,627876000.0,0.0,,0.298,,0.122,0.0,93804000.0,1.0,25918317.0,25927854.0,,24.216,292015000.0,15287000.0,24960000.0,0.0,11.263,33660000.0
93,MTW,MRT,1998-03-31,1998-03-31,1998-03-31,2021-09-07,-212000.0,436664000.0,,184566000.0,252098000.0,,6.659,-9300000.0,10722000.0,10722000.0,419898000.0,39282000.0,0.932,1.788,139302000.0,59468000.0,79834000.0,139302000.0,0.0,12355000.0,0.0,0.012,0.298,69869000.0,82224000.0,0.141,82224000.0,69869000.0,62355000.0,1.517,1.513,1.517,172552000.0,134529250.0,172552000.0,786250863.0,11.0,9.562,22502000.0,0.868,1.0,164064000.0,0.281,146194000.0,7514000.0,220938000.0,,72987000.0,1755000.0,1755000.0,0.0,308462000.0,198112000.0,110350000.0,667279863.0,2230000.0,-66979000.0,135000.0,54655000.0,-7747000.0,46753000.0,-76366000.0,-87000.0,31802000.0,41000.0,39282000.0,39282000.0,39282000.0,0.0,0.0,0.067,92805000.0,71259000.0,123534000.0,0.196,3.867,16.987,16.976,92910000.0,0.0,25.753,1.143,1.143,82098000.0,222687000.0,583962000.0,583962000.0,0.0,,0.292,,0.12,0.0,89411000.0,1.0,25910427.0,25911848.0,,22.536,290470000.0,15287000.0,23073000.0,0.0,11.21,-13546000.0
94,MTW,MRT,1997-12-31,1997-12-31,1997-12-31,2021-09-07,-192000.0,396368000.0,357039000.0,145516000.0,250852000.0,1.529,4.966,-8507000.0,11888000.0,11888000.0,393264000.0,36423000.0,0.852,2.082,130859000.0,64500000.0,66359000.0,130859000.0,0.0,11712000.0,0.0,0.014,0.298,64047000.0,75759000.0,0.139,75759000.0,64047000.0,57817000.0,1.41,1.4,1.41,128618000.0,117559000.0,128618000.0,627298638.0,10.0,8.28,35080000.0,1.354,1.0,152600000.0,0.28,146983000.0,6230000.0,197544000.0,192976500.0,54701000.0,1741000.0,1741000.0,0.0,267750000.0,170812000.0,96938000.0,561178638.0,-2476000.0,-66979000.0,38000.0,37494000.0,-7722000.0,29520000.0,-75570000.0,-84000.0,43587000.0,-13000.0,36423000.0,36423000.0,36423000.0,0.0,0.0,0.067,87625000.0,64975000.0,96540000.0,0.211,4.363,15.407,15.366,91191000.0,0.0,21.667,1.028,1.028,59237000.0,179088000.0,545864000.0,545864000.0,0.0,0.102,0.31,0.332,0.117,0.0,84231000.0,1.0,25900552.0,25900552.0,,21.075,249385000.0,15287000.0,21394000.0,0.0,9.629,-25296000.0
95,MTW,MRT,1997-09-30,1997-09-30,1997-09-30,2021-09-07,-66000.0,,,140029000.0,,,4.718,-11715000.0,13144000.0,13144000.0,367540000.0,32125000.0,1.229,1.707,79264000.0,14016000.0,65248000.0,79264000.0,0.0,11250000.0,0.0,0.012,0.297,57120000.0,68370000.0,0.134,68370000.0,57120000.0,51092000.0,1.247,,1.247,122192000.0,110486750.0,122192000.0,693915501.0,12.0,10.149,25264000.0,0.975,1.0,142526000.0,0.279,89635000.0,6028000.0,,,56617000.0,1811000.0,1811000.0,0.0,208613000.0,113966000.0,94647000.0,617296501.0,-14668000.0,-300000.0,0.0,-31956000.0,-7698000.0,-39654000.0,-12186000.0,-171000.0,36979000.0,193000.0,32125000.0,32125000.0,32125000.0,0.0,0.0,0.063,85468000.0,57058000.0,89523000.0,0.238,5.052,19.215,19.113,87500000.0,0.0,23.833,1.21,1.21,55294000.0,172536000.0,510066000.0,510066000.0,0.0,,0.291,,0.112,0.0,81268000.0,1.0,25900552.0,25900552.0,,19.693,,11954000.0,18967000.0,0.0,,26063000.0
96,MTW,MRT,1997-06-30,1997-06-30,1997-06-30,2021-09-07,75000.0,,,136585000.0,,,4.431,-10367000.0,7627000.0,7627000.0,366223000.0,31138000.0,1.211,1.843,84246000.0,15232000.0,69014000.0,84246000.0,0.0,11195000.0,0.0,0.014,0.297,57014000.0,68209000.0,0.134,68209000.0,57014000.0,50204000.0,1.207,,1.207,114755000.0,,114755000.0,625969940.0,11.0,9.177,33824000.0,1.306,1.0,141950000.0,0.279,90490000.0,6810000.0,,,53056000.0,1686000.0,1686000.0,0.0,211529000.0,112811000.0,98718000.0,538155940.0,-10919000.0,-300000.0,0.0,-36977000.0,-7674000.0,-44651000.0,-10746000.0,-79000.0,44191000.0,287000.0,31138000.0,31138000.0,31138000.0,0.0,0.0,0.061,85294000.0,56656000.0,83251000.0,0.246,4.69,17.283,17.214,86501000.0,0.0,20.778,1.059,1.059,60330000.0,164958000.0,508173000.0,508173000.0,0.0,,,,0.112,0.0,81094000.0,1.0,25900553.0,25900552.0,,19.62,,12719000.0,19066000.0,0.0,,23774000.0
97,MTW,MRT,1997-03-31,1997-03-31,1997-03-31,2021-09-07,3000.0,,,133604000.0,,,4.041,-9127000.0,8492000.0,8492000.0,364395000.0,28007000.0,1.147,2.093,96306000.0,23548000.0,72758000.0,96306000.0,0.0,11346000.0,0.0,0.018,0.297,53687000.0,65033000.0,0.129,65033000.0,53687000.0,45928000.0,1.087,,1.087,104671000.0,,104671000.0,489106328.0,9.0,7.521,52278000.0,2.018,1.0,138012000.0,0.275,91345000.0,7759000.0,,,53349000.0,1668000.0,1668000.0,0.0,219074000.0,116523000.0,102551000.0,415905328.0,-4086000.0,-300000.0,0.0,-48663000.0,-7674000.0,-56337000.0,-9521000.0,-94000.0,61405000.0,367000.0,28007000.0,28007000.0,28007000.0,0.0,0.0,0.056,85025000.0,52987000.0,83804000.0,0.273,3.973,14.85,14.773,85854000.0,0.0,16.058,0.828,0.828,56280000.0,154946000.0,502407000.0,502407000.0,0.0,,,,0.107,0.0,80825000.0,1.0,25900553.0,25900552.0,,19.398,,12719000.0,17921000.0,0.0,,17081000.0
98,MTW,MRT,1996-12-31,1996-12-31,1996-12-31,2021-09-07,220000.0,317710000.0,321312500.0,127875000.0,189835000.0,1.558,3.874,-6953000.0,14364000.0,14364000.0,365824000.0,25643000.0,1.159,2.167,87565000.0,11064000.0,76501000.0,87565000.0,0.0,11318000.0,0.0,0.017,0.297,51603000.0,62921000.0,0.126,62921000.0,51603000.0,42506000.0,0.993,0.987,0.993,100329000.0,90995000.0,100329000.0,,,,57561000.0,2.222,1.0,134641000.0,0.269,92200000.0,9097000.0,188409000.0,216483500.0,43978000.0,1657000.0,1657000.0,0.0,217381000.0,110302000.0,107079000.0,466209958.0,-713000.0,-300000.0,0.0,-50511000.0,-7674000.0,-58185000.0,-7352000.0,-99000.0,64514000.0,310000.0,25643000.0,25643000.0,25643000.0,0.0,0.0,0.051,83751000.0,50890000.0,90967000.0,0.299,4.647,18.181,18.127,84703000.0,0.0,18.0,0.932,0.932,53876000.0,150387000.0,500465000.0,500465000.0,0.0,0.08,0.282,0.238,0.103,0.0,79551000.0,1.0,25900553.0,25900553.0,,19.323,225510000.0,12719000.0,16863000.0,0.0,8.707,17573000.0
99,MTW,MRT,1996-09-30,1996-09-30,1996-09-30,2021-09-07,,,,,,,,,,,,,,,,,,,,,,0.021,0.296,,,,,,,,,,,,,,,,,,1.0,,,,,,,,,,,,,,,,,,,,,,,,,,,,,,,,,,,,,,,,14.276,,,,,,,,,,,,,,1.0,,25900552.0,,,,,,,,
100,MTW,MRT,1996-06-30,1996-06-30,1996-06-30,2021-09-07,,,,,,,,-16013000.0,,,424469000.0,27481000.0,,,,,,,,12417000.0,,0.027,0.296,51524000.0,63941000.0,0.113,63941000.0,51524000.0,44640000.0,,,,,,,,,,27026000.0,1.043,1.0,141998000.0,0.251,,6884000.0,,,,,,,,,,,14428000.0,-105944000.0,0.0,96148000.0,-11511000.0,82950000.0,-111519000.0,10438000.0,43039000.0,-42000.0,27481000.0,27481000.0,27481000.0,0.0,0.0,0.049,92590000.0,49408000.0,,,,,,,0.0,10.778,,0.493,,,566467000.0,566467000.0,0.0,,,,0.091,0.0,92590000.0,1.0,,25900552.0,,21.871,,,17159000.0,,,
101,MTW,MRT,1996-03-31,1996-03-31,1996-03-31,2021-09-07,,,,,,,,,,,,,,,,,,,,,,0.032,0.296,,,,,,,,,,,,,,,,,,1.0,,,,,,,,,,,,,,,,,,,,,,,,,,,,,,,,,,,,,,,,9.222,,,,,,,,,,,,,,1.0,,,,,,,,,,
102,MTW,MRT,1995-12-31,1995-12-31,1995-12-31,2021-09-07,-479000.0,324915000.0,,135145000.0,189770000.0,,,-13553000.0,15077000.0,15077000.0,237679000.0,14569000.0,1.218,2.979,138076000.0,36896000.0,101180000.0,138076000.0,0.0,6706000.0,0.0,0.033,0.296,24985000.0,31691000.0,0.101,31691000.0,24985000.0,23120000.0,0.56,0.56,0.56,81661000.0,,81661000.0,,,,2814000.0,,1.0,75470000.0,0.241,92433000.0,1865000.0,244558000.0,,52928000.0,1558000.0,1558000.0,0.0,243254000.0,110923000.0,132331000.0,,10959000.0,-105944000.0,0.0,113001000.0,-7674000.0,103640000.0,-109010000.0,10487000.0,16367000.0,-38000.0,14569000.0,14569000.0,14569000.0,0.0,0.0,0.047,52318000.0,23152000.0,67531000.0,0.529,,,16.206,87674000.0,0.0,9.076,,,51011000.0,132418000.0,313149000.0,313149000.0,0.0,,,,0.08,0.0,52068000.0,1.0,,,,,232482000.0,11120000.0,8551000.0,0.0,,24222000.0
103,MTW,MRT,1994-06-30,1994-07-02,1994-07-02,2021-09-07,,,,,,,,-5342000.0,,,207456000.0,14043000.0,,,,,,,,6401000.0,,0.04,0.296,22842000.0,29243000.0,0.106,29243000.0,22842000.0,22579000.0,,,,,,,,,,31653000.0,1.073,1.0,67924000.0,0.247,,263000.0,,,,,,,,,,,-22254000.0,-10685000.0,-31091000.0,0.0,-8688000.0,-39779000.0,-19547000.0,-3520000.0,36995000.0,77000.0,14043000.0,14043000.0,14043000.0,0.0,0.0,0.051,46839000.0,21085000.0,,,,,,,0.0,7.446,,0.797,,,275380000.0,275380000.0,0.0,,,,0.083,0.0,46839000.0,1.0,,29486005.0,,9.339,,,8536000.0,,,
