None,ticker,dimension,calendardate,datekey,reportperiod,lastupdated,accoci,assets,assetsavg,assetsc,assetsnc,assetturnover,bvps,capex,cashneq,cashnequsd,cor,consolinc,currentratio,de,debt,debtc,debtnc,debtusd,deferredrev,depamor,deposits,divyield,dps,ebit,ebitda,ebitdamargin,ebitdausd,ebitusd,ebt,eps,epsdil,epsusd,equity,equityavg,equityusd,ev,evebit,evebitda,fcf,fcfps,fxusd,gp,grossmargin,intangibles,intexp,invcap,invcapavg,inventory,investments,investmentsc,investmentsnc,liabilities,liabilitiesc,liabilitiesnc,marketcap,ncf,ncfbus,ncfcommon,ncfdebt,ncfdiv,ncff,ncfi,ncfinv,ncfo,ncfx,netinc,netinccmn,netinccmnusd,netincdis,netincnci,netmargin,opex,opinc,payables,payoutratio,pb,pe,pe1,ppnenet,prefdivis,price,ps,ps1,receivables,retearn,revenue,revenueusd,rnd,roa,roe,roic,ros,sbcomp,sgna,sharefactor,sharesbas,shareswa,shareswadil,sps,tangibles,taxassets,taxexp,taxliabilities,tbvps,workingcapital
0,BSC1,ARY,2007-12-31,2008-01-29,2007-11-30,2019-07-22,-8000000,395362000000,402567161250.0,,,0.015,90.57,-295000000.0,34296000000,34296000000,0.0,233000000.0,,32.525,273262000000,,,273262000000,0,186000000.0,0,0.014,1.24,193000000.0,379000000.0,0.064,379000000.0,193000000.0,193000000.0,1.68,1.52,1.68,11793000000,12843874000.0,11793000000,249780744016,1294.0,659.052,10851000000.0,83.335,1.0,5945000000.0,1.0,0,0.0,634328000000,660407885250.0,0,281918000000,,,383569000000,,,10814744017,16811000000.0,0.0,-1508000000.0,7370000000.0,-172000000.0,5960000000.0,-295000000.0,0.0,11146000000.0,0.0,233000000.0,212000000.0,212000000.0,0.0,0.0,0.036,5752000000.0,193000000.0,87305000000,0.738,0.917,51.013,54.512,605000000,21000000.0,91.58,1.819,2.006,52737000000,9441000000,5945000000.0,5945000000.0,0.0,0.001,0.017,0.0,0.032,31000000.0,4446000000.0,1.0,118090675,130208999,146442842.0,45.657,395362000000,0,-40000000.0,0,3036.365,
1,BSC1,ARY,2006-12-31,2007-02-13,2006-11-30,2019-07-22,0,350432595000,327848983500.0,,,0.028,92.091,-180669000.0,13398868000,13398868000,0.0,2053871000.0,,27.891,236169725000,,,236169725000,0,350367000.0,0,0.007,1.09,3146630000.0,3496997000.0,0.379,3496997000.0,3146630000.0,3146630000.0,15.79,14.27,15.79,12129384000,11681129250.0,12129384000,241946239325,77.0,69.187,-19401539000.0,-147.303,1.0,9227165000.0,1.0,0,0.0,573203452000,530774868250.0,0,274833360000,,,338303211000,,,19175382325,-1263949000.0,0.0,-1084662000.0,18688551000.0,-155257000.0,18137590000.0,-180669000.0,0.0,-19220870000.0,0.0,2053871000.0,2032508000.0,2032508000.0,0.0,0.0,0.22,6080535000.0,3146630000.0,76385496000,0.069,1.581,9.434,10.139,479637000,21363000.0,160.1,2.078,2.285,35601147000,9384595000,9227165000.0,9227165000.0,0.0,0.006,0.174,0.006,0.341,1009519000.0,5167297000.0,1.0,119771275,131711382,148575469.0,70.056,350432595000,0,1092759000.0,0,2660.61,
2,BSC1,ARY,2005-12-31,2006-02-22,2005-11-30,2019-07-22,0,292635233000,280593151000.0,,,0.026,82.803,-202911000.0,11128809000,11128809000,0.0,1462177000.0,,26.117,189066903000,,,189066903000,0,269169000.0,0,0.007,1.0,2207059000.0,2476228000.0,0.334,2476228000.0,2207059000.0,2207059000.0,11.42,10.31,11.42,10791432000,9958222500.0,10791432000,194172054960,88.0,78.414,-14214858000.0,-109.071,1.0,7410794000.0,1.0,0,0.0,470573327000,444302606000.0,0,226958733000,,,281843801000,,,16233960960,1685748000.0,0.0,-667778000.0,16528688000.0,-139253000.0,15900606000.0,-202911000.0,0.0,-14011947000.0,0.0,1462177000.0,1437856000.0,1437856000.0,0.0,0.0,0.194,5203735000.0,2207059000.0,75888245000,0.088,1.504,11.29,11.909,451247000,24321000.0,136.0,2.191,2.392,36799786000,7492951000,7410794000.0,7410794000.0,0.0,0.005,0.144,0.005,0.298,801216000.0,4249392000.0,1.0,119367360,130326947,147467992.0,56.863,292635233000,0,744882000.0,0,2245.393,
3,BSC1,ARY,2005-12-31,2006-02-13,2005-11-30,2019-07-22,0,292635233000,280593151000.0,,,0.026,82.803,-202911000.0,11128809000,11128809000,0.0,1462177000.0,,26.117,189066903000,,,189066903000,0,269169000.0,0,0.008,1.0,2207059000.0,2476228000.0,0.334,2476228000.0,2207059000.0,2207059000.0,11.42,10.31,11.42,10791432000,9958222500.0,10791432000,193082230963,87.0,77.974,-14214858000.0,-109.071,1.0,7410794000.0,1.0,0,0.0,470573327000,444302606000.0,0,226958733000,,,281843801000,,,15144136963,1685748000.0,0.0,-667778000.0,16528688000.0,-139253000.0,15900606000.0,-202911000.0,0.0,-14011947000.0,0.0,1462177000.0,1437856000.0,1437856000.0,0.0,0.0,0.194,5203735000.0,2207059000.0,75888245000,0.088,1.403,10.532,11.109,451247000,24321000.0,126.87,2.044,2.231,36799786000,7492951000,7410794000.0,7410794000.0,0.0,0.005,0.144,0.005,0.298,801216000.0,4249392000.0,1.0,119367360,130326947,147467992.0,56.863,292635233000,0,744882000.0,0,2245.393,
4,BSC1,ARY,2004-12-31,2005-02-14,2004-11-30,2019-07-22,0,255949894000,240381196500.0,,,0.028,70.534,-128433000.0,8596083000,8596083000,0.0,1344733000.0,,27.468,149714381000,,,149714381000,0,128292000.0,0,0.008,0.65,2022154000.0,2150446000.0,0.316,2150446000.0,2022154000.0,2022154000.0,10.88,9.76,10.88,8990872000,8220750500.0,8990872000,152832942372,76.0,71.07,-2305637000.0,-18.088,1.0,6812883000.0,1.0,0,0.0,397068192000,369685603750.0,0,198328205000,,,246959022000,,,11714644372,335815000.0,0.0,-545015000.0,3418446000.0,-116791000.0,2641452000.0,-128433000.0,0.0,-2177204000.0,0.0,1344733000.0,1316661000.0,1316661000.0,0.0,0.0,0.193,4790729000.0,2022154000.0,84534648000,0.078,1.303,8.897,9.504,381403000,28072000.0,103.4,1.719,1.935,35048652000,6176871000,6812883000.0,6812883000.0,0.0,0.005,0.16,0.005,0.297,763162000.0,3878754000.0,1.0,113294433,127468061,145284589.0,53.448,255949894000,0,677421000.0,0,2007.953,
5,BSC1,ARY,2003-12-31,2004-02-27,2003-11-30,2019-07-22,0,212168110000,205886954750.0,,,0.029,58.442,-36711000.0,12494635000,12494635000,0.0,1156406000.0,,27.402,124039595000,,,124039595000,0,139276000.0,0,0.009,0.77,1772269000.0,1911545000.0,0.319,1911545000.0,1772269000.0,1772269000.0,9.44,8.52,9.44,7470088000,6897445250.0,7470088000,120654446816,68.0,63.119,-5429692000.0,-42.479,1.0,5994491000.0,1.0,0,0.0,323713070000,318353688000.0,0,166373315000,,,204698022000,,,9109486816,-1682715000.0,0.0,-908189000.0,4110352000.0,-104964000.0,3571447000.0,138819000.0,175530000.0,-5392981000.0,0.0,1156406000.0,1125031000.0,1125031000.0,0.0,0.0,0.188,4222222000.0,1772269000.0,71343244000,0.082,1.219,8.097,9.305,381262000,31375000.0,87.84,1.52,1.873,23377185000,4954508000,5994491000.0,5994491000.0,0.0,0.005,0.163,0.006,0.296,729406000.0,3490296000.0,1.0,103705451,127819514,145027266.0,46.898,212168110000,0,615863000.0,0,1659.904,
6,BSC1,ARY,2002-12-31,2003-02-28,2002-11-30,2019-07-22,0,184854423000,185214768250.0,,,0.028,48.058,-126617000.0,12620423000,12620423000,0.0,878345000.0,,27.965,106981912000,,,106981912000,0,161879000.0,0,0.01,0.64,1310963000.0,1472842000.0,0.287,1472842000.0,1310963000.0,1310963000.0,7.0,6.47,7.0,6382083000,6015169250.0,6382083000,100578117938,77.0,68.288,-1494922000.0,-11.257,1.0,5128236000.0,1.0,0,0.0,279215912000,285039961000.0,0,143066382000,,,178472340000,,,6216628938,-1812462000.0,0.0,-603228000.0,518111000.0,-97544000.0,-473997000.0,29840000.0,156457000.0,-1368305000.0,0.0,878345000.0,842739000.0,842739000.0,0.0,0.0,0.164,3817273000.0,1310963000.0,62364555000,0.091,0.974,7.377,8.949,483827000,35606000.0,62.64,1.212,1.622,19463573000,3909272000,5128236000.0,5128236000.0,0.0,0.005,0.14,0.005,0.256,533240000.0,3146561000.0,1.0,99243757,132798359,146346111.0,38.617,184854423000,0,432618000.0,0,1391.993,
7,BSC1,ARY,2001-12-31,2002-02-28,2001-11-30,2019-07-22,0,185530228000,174364525750.0,,,0.028,39.459,-185298000.0,16620420000,16620420000,0.0,618692000.0,,31.962,111971899000,,,111971899000,0,208822000.0,0,0.011,0.6,928171000.0,1136993000.0,0.232,1136993000.0,928171000.0,928171000.0,4.49,4.27,4.49,5628527000,5483262250.0,5628527000,100852374820,109.0,88.701,6367200000.0,44.637,1.0,4907035000.0,1.0,0,0.0,280881707000,267236309750.0,0,141564828000,,,179901701000,,,5500895820,5012773000.0,-242983000.0,-1048015000.0,-649268000.0,-100206000.0,-1029458000.0,-510267000.0,-81986000.0,6552498000.0,0.0,618692000.0,579579000.0,579579000.0,0.0,0.0,0.118,3972591000.0,934444000.0,61469686000,0.134,0.977,9.491,12.269,519089000,39113000.0,55.09,1.121,1.601,20387037000,3118635000,4907035000.0,4907035000.0,0.0,0.003,0.106,0.003,0.189,0.0,3255402000.0,1.0,99852892,142643018,152216936.0,34.401,185530228000,0,309479000.0,0,1300.661,
8,BSC1,ARY,2000-12-31,2001-02-28,2000-11-30,2019-07-22,0,171166473000,173294877750.0,,,0.032,37.338,-192189000.0,6093206000,6093206000,0.0,773183000.0,,29.272,108137981000,,,108137981000,0,153616000.0,0,0.011,0.55,1171523000.0,1325139000.0,0.242,1325139000.0,1171523000.0,1171523000.0,5.37,5.35,5.37,5654288000,5092115250.0,5654288000,107623604448,92.0,81.217,-4431027000.0,-29.26,1.0,5475678000.0,1.0,0,0.0,273211248000,286522455500.0,0,142431728000,,,165512185000,,,5578829448,749491000.0,0.0,-726836000.0,5291317000.0,-99329000.0,5218690000.0,-230361000.0,-38172000.0,-4238838000.0,0.0,773183000.0,734070000.0,734070000.0,0.0,0.0,0.134,4304155000.0,1171523000.0,51235596000,0.102,0.987,7.6,9.717,542613000,39113000.0,52.18,1.019,1.443,18692823000,2600149000,5475678000.0,5475678000.0,0.0,0.004,0.144,0.004,0.214,0.0,3532233000.0,1.0,106915091,151437116,152034249.0,36.158,171166473000,0,398340000.0,0,1130.281,
9,BSC1,ARY,1999-12-31,1999-09-28,1999-06-30,2019-07-22,0,153894340000,158686157750.0,,,0.028,40.182,-171806000.0,5020477000,5020477000,0.0,673048000.0,,30.055,100972518000,,,100972518000,0,133115000.0,0,0.014,0.527,1064108000.0,1197223000.0,0.266,1197223000.0,1064108000.0,1064108000.0,4.267,,4.267,4955509000,4533456000.0,4955509000,100463940905,94.0,83.914,62998000.0,0.511,1.0,4502124000.0,1.0,0,0.0,249846381000,254900819000.0,0,129112830000,,,148938831000,,,4511899905,1055259000.0,0.0,-482818000.0,864730000.0,-107666000.0,998063000.0,-177608000.0,-5802000.0,234804000.0,0.0,673048000.0,633618000.0,633618000.0,0.0,0.0,0.141,3438016000.0,1064108000.0,43018604000,0.124,0.91,7.121,8.574,486735000,39430000.0,36.585,1.002,1.002,17698511000,1931957000,4502124000.0,4502124000.0,0.0,0.004,0.14,0.004,0.236,0.0,2550871000.0,1.0,123325857,123325857,165483033.0,36.506,153894340000,0,391060000.0,0,1247.868,
10,BSC1,ARY,1998-12-31,1998-09-28,1998-06-30,2019-07-22,0,154495895000,,,,,33.775,-183652000.0,3356550000,3356550000,0.0,660429000.0,,35.0,94526585000,,,94526585000,0,115141000.0,0,0.0,0.0,1063492000.0,1178633000.0,0.271,1178633000.0,1063492000.0,1063492000.0,4.172,,4.172,4291533000,,4291533000,94792330340,89.0,80.426,-5629601000.0,-44.306,1.0,4341423000.0,1.0,0,0.0,245665930000,,0,131310397000,,,150204362000,,,3622295340,-175311000.0,0.0,-258036000.0,5360798000.0,-97990000.0,5720643000.0,-450005000.0,-266353000.0,-5445949000.0,0.0,660429000.0,629417000.0,629417000.0,0.0,0.0,0.145,3277931000.0,1063492000.0,47175030000,0.0,0.844,5.755,6.833,448044000,31012000.0,28.508,0.834,0.834,17607370000,1590574000,4341423000.0,4341423000.0,0.0,,,,0.245,0.0,2342584000.0,1.0,127062683,127062683,166456360.0,34.168,154495895000,0,403063000.0,0,1215.903,
0,BSC1,ARQ,2008-03-31,2008-04-14,2008-02-29,2019-07-22,25000000,398995000000,,,,,92.125,-51000000.0,35696000000,35696000000,0.0,115000000.0,,32.54,269498000000,,,269498000000,0,53000000.0,0,0.127,0.32,153000000.0,206000000.0,0.139,206000000.0,153000000.0,153000000.0,0.89,0.86,0.89,11896000000,,11896000000,235275011653,-481.0,-804.274,6317000000.0,48.92,1.0,1479000000.0,1.0,0,0.0,632797000000,,0,285126000000,,,387099000000,,,1473011653,-620000000.0,0.0,-45000000.0,-6828000000.0,-43000000.0,-6937000000.0,-51000000.0,0.0,6368000000.0,0.0,115000000.0,110000000.0,110000000.0,0.0,0.0,0.074,1326000000.0,153000000.0,97274000000,0.36,0.124,-6.504,-5.947,608000000,5000000.0,10.11,0.298,0.264,52844000000,9419000000,1479000000.0,1479000000.0,0.0,,,,,89000000.0,1021000000.0,1.0,145698482,129128281,138539248.0,11.454,398995000000,0,38000000.0,0,3089.912,
1,BSC1,ARQ,2007-12-31,2008-01-29,2007-11-30,2019-07-22,-8000000,395362000000,,,,,92.876,-65674000.0,34296000000,34296000000,0.0,-853763000.0,,32.525,273262000000,,,273262000000,0,50933000.0,0,0.014,0.32,-1370689000.0,-1319756000.0,3.478,-1319756000.0,-1370689000.0,-1370689000.0,-6.67,-6.02,-6.67,11793000000,,11793000000,249780744016,1294.0,659.052,3329173000.0,26.219,1.0,-379497000.0,1.0,0,0.0,634328000000,,0,281918000000,,,383569000000,,,10814744017,3263535000.0,0.0,-347051000.0,399469000.0,-41778000.0,-65638000.0,-65674000.0,0.0,3394847000.0,0.0,-853763000.0,-859048000.0,-859048000.0,0.0,0.0,2.264,991192000.0,-1370689000.0,87305000000,-0.048,0.917,51.013,54.512,605000000,5285000.0,91.58,1.819,2.006,52737000000,9441000000,-379497000.0,-379497000.0,0.0,,,,,16776000.0,600098000.0,1.0,118090675,126975983,142066274.0,-2.989,395362000000,0,-516926000.0,0,3113.675,
2,BSC1,ARQ,2007-09-30,2007-10-10,2007-08-31,2019-07-22,0,397090987000,,,,,100.818,-81971000.0,31602435000,31602435000,0.0,171298000.0,,29.544,285276789000,,,285276789000,0,48119000.0,0,0.01,0.32,174826000.0,222945000.0,0.168,222945000.0,174826000.0,174826000.0,1.3,1.16,1.3,13000458000,,13000458000,268200510588,109.0,100.19,5397015000.0,41.854,1.0,1330749000.0,1.0,0,0.0,650765341000,,0,295102144000,,,384090529000,,,14526156588,6964311000.0,0.0,-455827000.0,1895042000.0,-42428000.0,1567296000.0,-81971000.0,0.0,5478986000.0,0.0,171298000.0,166097000.0,166097000.0,0.0,0.0,0.125,1155923000.0,174826000.0,73805716000,0.246,1.117,8.919,9.891,585633000,5201000.0,125.81,1.662,1.857,42264466000,10338196000,1330749000.0,1330749000.0,0.0,,,,,6631000.0,933203000.0,1.0,115461065,128949234,145105029.0,10.32,397090987000,0,3528000.0,0,3079.437,
3,BSC1,ARQ,2007-06-30,2007-07-10,2007-05-31,2019-07-22,0,423303733000,,,,,101.061,-80084000.0,15830954000,15830954000,0.0,361724000.0,,30.808,296202813000,,,296202813000,0,44623000.0,0,0.008,0.32,553657000.0,598280000.0,0.238,598280000.0,553657000.0,553657000.0,2.78,2.52,2.78,13308105000,,13308105000,296392340721,101.0,92.14,8350133000.0,63.41,1.0,2511976000.0,1.0,0,0.0,703675592000,,0,332981873000,,,409995628000,,,16020481721,5287025000.0,0.0,-294369000.0,-2618982000.0,-43322000.0,-3063108000.0,-80084000.0,0.0,8430217000.0,0.0,361724000.0,356467000.0,356467000.0,0.0,0.0,0.142,1958319000.0,553657000.0,88565626000,0.115,1.204,8.455,9.347,547106000,5257000.0,137.96,1.68,1.905,45828387000,10211317000,2511976000.0,2511976000.0,0.0,,,,,-5235000.0,1486879000.0,1.0,116124098,131684419,148745798.0,19.076,423303733000,0,191933000.0,0,3214.532,
4,BSC1,ARQ,2007-03-31,2007-04-10,2007-02-28,2019-07-22,0,394511925000,,,,,99.733,-67271000.0,15017254000,15017254000,0.0,553741000.0,,28.721,273367937000,,,273367937000,0,42325000.0,0,0.008,0.28,835206000.0,877531000.0,0.354,877531000.0,835206000.0,835206000.0,4.23,3.82,4.23,13273933000,,13273933000,275902191449,85.0,77.921,-6225321000.0,-46.774,1.0,2481772000.0,1.0,0,0.0,652862608000,,0,309909727000,,,381237992000,,,17551508449,1296129000.0,0.0,-410753000.0,7694471000.0,-44472000.0,7521450000.0,-67271000.0,0.0,-6158050000.0,0.0,553741000.0,548484000.0,548484000.0,0.0,0.0,0.221,1646566000.0,835206000.0,80984524000,0.066,1.322,8.47,9.158,508227000,5257000.0,147.45,1.843,2.061,39837304000,9894928000,2481772000.0,2481772000.0,0.0,,,,,12828000.0,1425820000.0,1.0,119033628,133094747,149722654.0,18.647,394511925000,0,281465000.0,0,2964.143,
5,BSC1,ARQ,2007-03-31,2007-04-09,2007-02-28,2019-07-22,0,394511925000,,,,,99.733,-67271000.0,15017254000,15017254000,0.0,553741000.0,,28.721,273367937000,,,273367937000,0,42325000.0,0,0.008,0.28,835206000.0,877531000.0,0.354,877531000.0,835206000.0,835206000.0,4.23,3.82,4.23,13273933000,,13273933000,276086693572,85.0,77.973,-6225321000.0,-46.774,1.0,2481772000.0,1.0,0,0.0,652862608000,,0,309909727000,,,381237992000,,,17736010572,1296129000.0,0.0,-410753000.0,7694471000.0,-44472000.0,7521450000.0,-67271000.0,0.0,-6158050000.0,0.0,553741000.0,548484000.0,548484000.0,0.0,0.0,0.221,1646566000.0,835206000.0,80984524000,0.066,1.336,8.559,9.255,508227000,5257000.0,149.0,1.862,2.082,39837304000,9894928000,2481772000.0,2481772000.0,0.0,,,,,12828000.0,1425820000.0,1.0,119033628,133094747,149722654.0,18.647,394511925000,0,281465000.0,0,2964.143,
6,BSC1,ARQ,2006-12-31,2007-02-13,2006-11-30,2019-07-22,0,350432595000,,,,,93.861,-36588000.0,13398868000,13398868000,0.0,562826000.0,,27.891,236169725000,,,236169725000,0,85327000.0,0,0.007,0.28,892840000.0,978167000.0,0.405,978167000.0,892840000.0,892840000.0,4.41,3.99,4.41,12129384000,,12129384000,241946239325,77.0,69.187,-6739175000.0,-52.15,1.0,2413385000.0,1.0,0,0.0,573203452000,,0,274833360000,,,338303211000,,,19175382325,-130793000.0,0.0,-330293000.0,7101106000.0,-38145000.0,6608382000.0,-36588000.0,0.0,-6702587000.0,0.0,562826000.0,557569000.0,557569000.0,0.0,0.0,0.231,1520545000.0,892840000.0,76385496000,0.063,1.581,9.434,10.139,479637000,5257000.0,160.1,2.078,2.285,35601147000,9384595000,2413385000.0,2413385000.0,0.0,,,,,994308000.0,1275308000.0,1.0,119771275,129226719,145847635.0,18.676,350432595000,0,330014000.0,0,2711.766,
7,BSC1,ARQ,2006-09-30,2006-10-10,2006-08-31,2019-07-22,0,334760320000,,,,,88.745,-52540000.0,13571335000,13571335000,0.0,437556000.0,,27.558,218242563000,,,218242563000,0,95549000.0,0,0.007,0.28,667238000.0,762787000.0,0.358,762787000.0,667238000.0,667238000.0,3.34,3.02,3.34,11721947000,,11721947000,222156442089,78.0,69.786,2592075000.0,19.624,1.0,2129135000.0,1.0,0,0.0,539431548000,,0,262278628000,,,323038373000,,,17485214089,-1265359000.0,0.0,-401831000.0,-3691488000.0,-39044000.0,-3857434000.0,-52540000.0,0.0,2644615000.0,0.0,437556000.0,432240000.0,432240000.0,0.0,0.0,0.203,1461897000.0,667238000.0,82247821000,0.084,1.492,9.318,10.223,483064000,5316000.0,149.05,2.01,2.263,35583757000,8861718000,2129135000.0,2129135000.0,0.0,,,,,4974000.0,1242905000.0,1.0,117311064,132086016,148899406.0,16.119,334760320000,0,229682000.0,0,2534.412,
8,BSC1,ARQ,2006-06-30,2006-07-10,2006-05-31,2019-07-22,0,326180329000,,,,,88.153,-52307000.0,13180550000,13180550000,0.0,539333000.0,,26.861,213411993000,,,213411993000,0,88120000.0,0,0.007,0.28,834199000.0,922319000.0,0.369,922319000.0,834199000.0,834199000.0,4.12,3.72,4.12,11707594000,,11707594000,217024387156,79.0,69.46,-10203403000.0,-76.827,1.0,2499442000.0,1.0,0,0.0,526411772000,,0,253949860000,,,314472735000,,,16792944156,939918000.0,0.0,14174000.0,10973417000.0,-39302000.0,11143321000.0,-52307000.0,0.0,-10151096000.0,0.0,539333000.0,533957000.0,533957000.0,0.0,0.0,0.214,1665243000.0,834199000.0,79746390000,0.068,1.434,9.244,9.824,470620000,5376000.0,139.5,2.003,2.21,36173364000,8465035000,2499442000.0,2499442000.0,0.0,,,,,151000.0,1418900000.0,1.0,120379528,132810062,149945896.0,18.82,326180329000,0,294866000.0,0,2455.991,
9,BSC1,ARQ,2006-03-31,2006-04-10,2006-02-28,2019-07-22,0,300022690000,,,,,84.117,-39234000.0,11835059000,11835059000,0.0,514156000.0,,25.87,195865070000,,,195865070000,0,81371000.0,0,0.007,0.25,752353000.0,833724000.0,0.382,833724000.0,752353000.0,752353000.0,3.92,3.54,3.92,11165592000,,11165592000,201306970340,85.0,74.619,-5051036000.0,-38.053,1.0,2185203000.0,1.0,0,0.0,484052701000,,0,236140027000,,,288857098000,,,17276959340,-807715000.0,0.0,-366712000.0,4305516000.0,-38766000.0,4243321000.0,-39234000.0,0.0,-5011802000.0,0.0,514156000.0,508742000.0,508742000.0,0.0,0.0,0.233,1432850000.0,752353000.0,76316710000,0.064,1.547,10.975,11.552,455893000,5414000.0,143.25,2.227,2.451,33397670000,7966674000,2185203000.0,2185203000.0,0.0,,,,,10086000.0,1230184000.0,1.0,120607046,132738565,149417369.0,16.462,300022690000,0,238197000.0,0,2260.253,
10,BSC1,ARQ,2005-12-31,2006-02-22,2005-11-30,2019-07-22,0,292635233000,,,,,83.553,-50035000.0,11128809000,11128809000,0.0,406957000.0,,26.117,189066903000,,,189066903000,0,78428000.0,0,0.007,0.25,586137000.0,664565000.0,0.352,664565000.0,586137000.0,586137000.0,3.2,2.89,3.2,10791432000,,10791432000,194172054960,88.0,78.414,-1370490000.0,-10.611,1.0,1887302000.0,1.0,0,0.0,470573327000,,0,226958733000,,,281843801000,,,16233960960,2772230000.0,0.0,-320316000.0,4400619000.0,-33790000.0,4142720000.0,-50035000.0,0.0,-1320455000.0,0.0,406957000.0,401505000.0,401505000.0,0.0,0.0,0.213,1301165000.0,586137000.0,75888245000,0.078,1.504,11.29,11.909,451247000,5452000.0,136.0,2.191,2.392,36799786000,7492951000,1887302000.0,1887302000.0,0.0,,,,,752382000.0,1052137000.0,1.0,119367360,129156908,145747390.0,14.612,292635233000,0,179180000.0,0,2265.734,
11,BSC1,ARQ,2005-12-31,2006-02-13,2005-11-30,2019-07-22,0,292635233000,,,,,83.553,-50035000.0,11128809000,11128809000,0.0,406957000.0,,26.117,189066903000,,,189066903000,0,78428000.0,0,0.008,0.25,586137000.0,664565000.0,0.352,664565000.0,586137000.0,586137000.0,3.2,2.89,3.2,10791432000,,10791432000,193082230963,87.0,77.974,-1370490000.0,-10.611,1.0,1887302000.0,1.0,0,0.0,470573327000,,0,226958733000,,,281843801000,,,15144136963,2772230000.0,0.0,-320316000.0,4400619000.0,-33790000.0,4142720000.0,-50035000.0,0.0,-1320455000.0,0.0,406957000.0,401505000.0,401505000.0,0.0,0.0,0.213,1301165000.0,586137000.0,75888245000,0.078,1.403,10.532,11.109,451247000,5452000.0,126.87,2.044,2.231,36799786000,7492951000,1887302000.0,1887302000.0,0.0,,,,,752382000.0,1052137000.0,1.0,119367360,129156908,145747390.0,14.612,292635233000,0,179180000.0,0,2265.734,
12,BSC1,ARQ,2005-09-30,2005-10-11,2005-08-31,2019-07-22,0,284526688000,,,,,75.895,-54744000.0,8794292000,8794292000,0.0,378305000.0,,27.795,179841290000,,,179841290000,0,123688000.0,0,0.01,0.25,580155000.0,703843000.0,0.388,703843000.0,580155000.0,580155000.0,2.96,2.69,2.96,9881046000,,9881046000,182758009098,85.0,76.81,-4786079000.0,-36.761,1.0,1812280000.0,1.0,0,0.0,455573686000,,0,217167070000,,,274645642000,,,11711011098,-4363192000.0,0.0,-82791000.0,603941000.0,-34792000.0,422887000.0,-54744000.0,0.0,-4731335000.0,0.0,378305000.0,372357000.0,372357000.0,0.0,0.0,0.205,1232125000.0,580155000.0,77564792000,0.084,1.185,8.472,9.286,434427000,5948000.0,103.35,1.593,1.83,40815764000,7121425000,1812280000.0,1812280000.0,0.0,,,,,12576000.0,1024791000.0,1.0,113314089,130194452,147051538.0,13.92,284526688000,0,201850000.0,0,2185.398,
13,BSC1,ARQ,2005-06-30,2005-07-11,2005-05-31,2019-07-22,0,276781609000,,,,,73.789,-51300000.0,13224102000,13224102000,0.0,298110000.0,,27.707,165498002000,,,165498002000,0,33239000.0,0,0.009,0.25,462439000.0,495678000.0,0.265,495678000.0,462439000.0,462439000.0,2.32,2.09,2.32,9641514000,,9641514000,164284386905,81.0,76.406,-1018894000.0,-7.798,1.0,1873552000.0,1.0,0,0.0,429055509000,,0,206370368000,,,267140095000,,,12010486905,5226522000.0,0.0,-179632000.0,6418838000.0,-34869000.0,6245416000.0,-51300000.0,0.0,-967594000.0,0.0,298110000.0,291667000.0,291667000.0,0.0,0.0,0.156,1411113000.0,462439000.0,88538375000,0.108,1.246,9.337,10.189,412482000,6443000.0,106.78,1.698,1.972,42660931000,6779503000,1873552000.0,1873552000.0,0.0,,,,,14834000.0,1098584000.0,1.0,112478806,130663337,148037979.0,14.339,276781609000,0,164329000.0,0,2118.281,
14,BSC1,ARQ,2005-03-31,2005-04-11,2005-02-28,2019-07-22,0,268429074000,,,,,72.519,-46832000.0,8119384000,8119384000,0.0,378805000.0,,27.2,161698212000,,,161698212000,0,33814000.0,0,0.009,0.25,578328000.0,612142000.0,0.333,612142000.0,578328000.0,578328000.0,2.94,2.64,2.94,9518898000,,9518898000,164792716605,80.0,74.938,-7039395000.0,-53.629,1.0,1837660000.0,1.0,0,0.0,422007902000,,0,208420263000,,,258910176000,,,11213888605,-1949812000.0,0.0,-85039000.0,5105290000.0,-35802000.0,5089583000.0,-46832000.0,0.0,-6992563000.0,0.0,378805000.0,372327000.0,372327000.0,0.0,0.0,0.203,1259332000.0,578328000.0,85281759000,0.085,1.178,8.398,9.026,394421000,6478000.0,98.65,1.619,1.87,37558323000,6511506000,1837660000.0,1837660000.0,0.0,,,,,21424000.0,1073880000.0,1.0,113673478,131261212,149193402.0,14.0,268429074000,0,199523000.0,0,2044.999,
15,BSC1,ARQ,2004-12-31,2005-02-14,2004-11-30,2019-07-22,0,255949894000,,,,,71.921,-44736000.0,8596083000,8596083000,0.0,352606000.0,,27.468,149714381000,,,149714381000,0,31865000.0,0,0.008,0.25,535821000.0,567686000.0,0.31,567686000.0,535821000.0,535821000.0,2.91,2.6,2.91,8990872000,,8990872000,152832942372,76.0,71.07,-1837180000.0,-14.696,1.0,1828657000.0,1.0,0,0.0,397068192000,,0,198328205000,,,246959022000,,,11714644372,921786000.0,0.0,-220727000.0,2935834000.0,-32383000.0,2699537000.0,14693000.0,59429000.0,-1792444000.0,0.0,352606000.0,345990000.0,345990000.0,0.0,0.0,0.189,1292836000.0,535821000.0,84534648000,0.086,1.303,8.897,9.504,381403000,6616000.0,103.4,1.719,1.935,35048652000,6176871000,1828657000.0,1828657000.0,0.0,,,,,737069000.0,962534000.0,1.0,113294433,125009744,143161438.0,14.628,255949894000,0,183215000.0,0,2047.44,
16,BSC1,ARQ,2004-09-30,2004-10-15,2004-08-31,2019-07-22,0,237329219000,,,,,63.517,-32602000.0,7968728000,7968728000,0.0,283259000.0,,28.418,138109342000,,,138109342000,0,30752000.0,0,0.009,0.2,443879000.0,474631000.0,0.309,474631000.0,443879000.0,443879000.0,2.31,2.09,2.31,8067519000,,8067519000,139619565177,73.0,68.039,905601000.0,7.13,1.0,1534765000.0,1.0,0,0.0,367469833000,,0,184683627000,,,229261700000,,,9478951177,1291257000.0,0.0,-187678000.0,501076000.0,-27735000.0,403370000.0,-50316000.0,-17714000.0,938203000.0,0.0,283259000.0,276416000.0,276416000.0,0.0,0.0,0.18,1090886000.0,443879000.0,80226369000,0.087,1.175,7.576,8.845,368532000,6843000.0,91.81,1.455,1.79,32927367000,5857726000,1534765000.0,1534765000.0,0.0,,,,,5239000.0,901271000.0,1.0,103245302,127014483,144201755.0,12.083,237329219000,0,160620000.0,0,1868.521,
17,BSC1,ARQ,2004-06-30,2004-07-15,2004-05-31,2019-07-22,0,241594773000,,,,,62.034,-22901000.0,13979216000,13979216000,0.0,347803000.0,,29.174,138410256000,,,138410256000,0,33110000.0,0,0.01,0.2,511476000.0,544586000.0,0.316,544586000.0,511476000.0,511476000.0,2.77,2.49,2.77,8006834000,,8006834000,133023879770,68.0,63.508,768859000.0,5.957,1.0,1723538000.0,1.0,0,0.0,366025813000,,0,187739060000,,,233587939000,,,8592839770,72447000.0,0.0,-147008000.0,-601152000.0,-28225000.0,-755720000.0,36407000.0,59308000.0,791760000.0,0.0,347803000.0,340609000.0,340609000.0,0.0,0.0,0.198,1212062000.0,511476000.0,84400877000,0.072,1.073,6.711,7.858,366682000,7194000.0,83.37,1.329,1.664,27947677000,5603087000,1723538000.0,1723538000.0,0.0,,,,,6490000.0,1012457000.0,1.0,103068727,129071295,146921897.0,13.353,241594773000,0,163673000.0,0,1871.793,
18,BSC1,ARQ,2004-03-31,2004-04-14,2004-02-29,2019-07-22,0,226650900000,,,,,60.547,-28194000.0,10514012000,10514012000,0.0,361065000.0,,27.992,132041689000,,,132041689000,0,32565000.0,0,0.009,0.2,530978000.0,563543000.0,0.327,563543000.0,530978000.0,530978000.0,2.88,2.57,2.88,7817777000,,7817777000,130248372565,69.0,64.704,-2142917000.0,-16.596,1.0,1725923000.0,1.0,0,0.0,348178577000,,0,179912416000,,,218833123000,,,8720695565,-1949675000.0,0.0,10398000.0,582688000.0,-28448000.0,294265000.0,-129217000.0,-101023000.0,-2114723000.0,0.0,361065000.0,353646000.0,353646000.0,0.0,0.0,0.205,1194945000.0,530978000.0,77641484000,0.069,1.115,7.193,8.221,376891000,7419000.0,83.11,1.405,1.729,25404805000,5278092000,1725923000.0,1725923000.0,0.0,,,,,14364000.0,1002492000.0,1.0,104929558,129118964,147108483.0,13.367,226650900000,0,169913000.0,0,1755.365,
19,BSC1,ARQ,2003-12-31,2004-02-27,2003-11-30,2019-07-22,0,212168110000,,,,,60.189,-7524000.0,12494635000,12494635000,0.0,288327000.0,,27.402,124039595000,,,124039595000,0,32528000.0,0,0.009,0.2,436763000.0,469291000.0,0.306,469291000.0,436763000.0,436763000.0,2.42,2.18,2.42,7470088000,,7470088000,120654446816,68.0,63.119,-2317204000.0,-18.67,1.0,1531277000.0,1.0,0,0.0,323713070000,,0,166373315000,,,204698022000,,,9109486816,683901000.0,0.0,-581334000.0,3067069000.0,-27399000.0,2960244000.0,33337000.0,40861000.0,-2309680000.0,0.0,288327000.0,280532000.0,280532000.0,0.0,0.0,0.183,1094514000.0,436763000.0,71343244000,0.083,1.219,8.097,9.305,381262000,7795000.0,87.84,1.52,1.873,23377185000,4954508000,1531277000.0,1531277000.0,0.0,,,,,689759000.0,901864000.0,1.0,103705451,124111331,141160785.0,12.338,212168110000,0,148436000.0,0,1709.498,
20,BSC1,ARQ,2003-09-30,2003-10-15,2003-08-31,2019-07-22,0,209693000000,,,,,53.432,-12782000.0,10808681000,10808681000,0.0,313415000.0,,29.498,123366534000,,,123366534000,0,34994000.0,0,0.009,0.2,482177000.0,517171000.0,0.348,517171000.0,482177000.0,482177000.0,2.54,2.3,2.54,6875668000,,6875668000,120233843132,75.0,68.652,2722622000.0,21.158,1.0,1485060000.0,1.0,0,0.0,322250853000,,0,159766128000,,,202817332000,,,7675990132,-560521000.0,0.0,-138373000.0,-3265861000.0,-27767000.0,-3432001000.0,136076000.0,148858000.0,2735404000.0,0.0,313415000.0,305621000.0,305621000.0,0.0,0.0,0.206,1002883000.0,482177000.0,69528377000,0.079,1.116,7.475,9.202,406266000,7794000.0,78.31,1.373,1.803,28703814000,4694990000,1485060000.0,1485060000.0,0.0,,,,,10088000.0,834130000.0,1.0,98020561,128681694,145599540.0,11.541,209693000000,0,168762000.0,0,1629.548,
21,BSC1,ARQ,2003-06-30,2003-07-15,2003-05-31,2019-07-22,0,207910632000,,,,,52.166,-11292000.0,9019796000,9019796000,0.0,280411000.0,,29.965,126306161000,,,126306161000,0,34850000.0,0,0.009,0.17,428130000.0,462980000.0,0.317,462980000.0,428130000.0,428130000.0,2.27,2.05,2.27,6714397000,,6714397000,124484896186,91.0,82.146,-3428537000.0,-26.637,1.0,1462720000.0,1.0,0,0.0,325196997000,,0,162999361000,,,201196235000,,,7198531186,-2402696000.0,0.0,-100348000.0,1175471000.0,-24639000.0,1032796000.0,-18247000.0,-6955000.0,-3417245000.0,0.0,280411000.0,272616000.0,272616000.0,0.0,0.0,0.186,1034590000.0,428130000.0,64155237000,0.075,1.072,8.205,9.904,428478000,7795000.0,72.2,1.369,1.767,24655180000,4410841000,1462720000.0,1462720000.0,0.0,,,,,20113000.0,843520000.0,1.0,99702648,128711363,146062838.0,11.364,207910632000,0,147719000.0,0,1615.325,
22,BSC1,ARQ,2003-03-31,2003-04-14,2003-02-28,2019-07-22,0,193776077000,,,,,50.316,-5113000.0,13594933000,13594933000,0.0,274253000.0,,28.676,122072688000,,,122072688000,0,36904000.0,0,0.009,0.17,425199000.0,462103000.0,0.305,462103000.0,425199000.0,425199000.0,2.21,2.0,2.21,6529628000,,6529628000,115267603685,79.0,71.582,-2406573000.0,-18.544,1.0,1515434000.0,1.0,0,0.0,302253832000,,0,147032350000,,,187246449000,,,6789848685,596601000.0,0.0,-88134000.0,3133673000.0,-25159000.0,3010408000.0,-12347000.0,-7234000.0,-2401460000.0,0.0,274253000.0,266261000.0,266261000.0,0.0,0.0,0.176,1090235000.0,425199000.0,55290051000,0.077,1.04,7.237,8.765,452036000,7992000.0,68.54,1.256,1.646,22309510000,4149161000,1515434000.0,1515434000.0,0.0,,,,,9446000.0,910782000.0,1.0,99064031,129773603,147029224.0,11.678,193776077000,0,150946000.0,0,1493.186,
23,BSC1,ARQ,2002-12-31,2003-02-28,2002-11-30,2019-07-22,0,184854423000,,,,,49.015,-18244000.0,12620423000,12620423000,0.0,190549000.0,,27.965,106981912000,,,106981912000,0,36314000.0,0,0.01,0.17,272780000.0,309094000.0,0.274,309094000.0,272780000.0,272780000.0,1.49,1.37,1.49,6382083000,,6382083000,100578117938,77.0,68.288,-905898000.0,-6.957,1.0,1127008000.0,1.0,0,0.0,279215912000,,0,143066382000,,,178472340000,,,6216628938,3006381000.0,0.0,-360231000.0,4343545000.0,-24536000.0,3946092000.0,-52057000.0,-33813000.0,-887654000.0,0.0,190549000.0,182359000.0,182359000.0,0.0,0.0,0.162,854228000.0,272780000.0,62364555000,0.114,0.974,7.377,8.949,483827000,8190000.0,62.64,1.212,1.622,19463573000,3909272000,1127008000.0,1127008000.0,0.0,,,,,533240000.0,717644000.0,1.0,99243757,130207844,143039250.0,8.655,184854423000,0,82231000.0,0,1419.687,
24,BSC1,ARQ,2002-09-30,2002-10-15,2002-08-31,2019-07-22,0,185223024000,,,,,44.961,-32717000.0,10285922000,10285922000,0.0,164418000.0,,30.107,111758799000,,,111758799000,0,36031000.0,0,0.01,0.15,245204000.0,281235000.0,0.244,281235000.0,245204000.0,245204000.0,1.32,1.23,1.32,5954431000,,5954431000,107410372850,86.0,75.16,2040206000.0,15.405,1.0,1154384000.0,1.0,0,0.0,286695901000,,0,146636790000,,,179268593000,,,5937495850,-1509181000.0,0.0,-124410000.0,-3378038000.0,-23454000.0,-3561691000.0,-20413000.0,12304000.0,2072923000.0,0.0,164418000.0,156094000.0,156094000.0,0.0,0.0,0.135,909180000.0,245204000.0,59041473000,0.114,0.997,7.371,9.273,501897000,8324000.0,61.76,1.159,1.597,19538722000,3744279000,1154384000.0,1154384000.0,0.0,,,,,0.0,748456000.0,1.0,96138210,132436184,145895494.0,8.717,185223024000,0,80786000.0,0,1398.583,
25,BSC1,ARQ,2002-06-30,2002-07-15,2002-05-31,2019-07-22,0,185627844000,,,,,44.578,-33023000.0,9982907000,9982907000,0.0,342852000.0,,30.129,115261788000,,,115261788000,0,38402000.0,0,0.01,0.15,519452000.0,557854000.0,0.347,557854000.0,519452000.0,519452000.0,2.8,2.59,2.8,5963258000,,5963258000,110950160080,92.0,78.78,-1952328000.0,-14.594,1.0,1607666000.0,1.0,0,0.0,290906725000,,0,149729431000,,,179664586000,,,5671279080,-1933265000.0,0.0,-81387000.0,-10314000.0,-24746000.0,-162492000.0,148532000.0,181555000.0,-1919305000.0,0.0,342852000.0,333538000.0,333538000.0,0.0,0.0,0.207,1088214000.0,519452000.0,56214866000,0.054,0.951,7.325,9.065,505211000,9314000.0,57.47,1.097,1.487,16894807000,3598693000,1607666000.0,1607666000.0,0.0,,,,,0.0,874416000.0,1.0,98682427,133772110,147592256.0,12.018,185627844000,0,176600000.0,0,1387.642,
26,BSC1,ARQ,2002-03-31,2002-04-15,2002-02-28,2019-07-22,0,185153782000,,,,,42.739,-42633000.0,16279265000,16279265000,0.0,180526000.0,,31.14,114466789000,,,114466789000,0,51132000.0,0,0.009,0.15,273527000.0,324659000.0,0.262,324659000.0,273527000.0,273527000.0,1.39,1.29,1.39,5760905000,,5760905000,104597320157,110.0,89.521,-676902000.0,-5.022,1.0,1239178000.0,1.0,0,0.0,283341306000,,0,141234533000,,,179392877000,,,6409796157,-1376397000.0,0.0,-37200000.0,-437082000.0,-24808000.0,-695906000.0,-46222000.0,-3589000.0,-634269000.0,0.0,180526000.0,170748000.0,170748000.0,0.0,0.0,0.138,965651000.0,273527000.0,57499219000,0.108,1.113,10.675,13.482,510591000,9778000.0,64.31,1.3,1.757,18281008000,3274353000,1239178000.0,1239178000.0,0.0,,,,,0.0,806045000.0,1.0,99670287,134793949,148115050.0,9.193,185153782000,0,93001000.0,0,1373.606,
27,BSC1,ARQ,2001-12-31,2002-02-28,2001-11-30,2019-07-22,0,185530228000,,,,,41.305,-15446000.0,16620420000,16620420000,0.0,154946000.0,,31.962,111971899000,,,111971899000,0,55381000.0,0,0.011,0.15,209965000.0,265346000.0,0.237,265346000.0,209965000.0,209965000.0,1.15,1.07,1.15,5628527000,,5628527000,100852374820,109.0,88.701,2991877000.0,21.956,1.0,1119832000.0,1.0,0,0.0,280881707000,,0,141564828000,,,179901701000,,,5500895820,3493623000.0,-242983000.0,-167970000.0,453008000.0,-23661000.0,769311000.0,-283011000.0,-81986000.0,3007323000.0,0.0,154946000.0,145168000.0,145168000.0,0.0,0.0,0.13,909867000.0,209965000.0,61469686000,0.13,0.977,9.491,12.269,519089000,9778000.0,55.09,1.121,1.601,20387037000,3118635000,1119832000.0,1119832000.0,0.0,,,,,0.0,698246000.0,1.0,99852892,136268771,146503295.0,8.218,185530228000,0,55019000.0,0,1361.502,
28,BSC1,ARQ,2001-09-30,2001-10-15,2001-08-31,2019-07-22,0,171105308000,,,,,36.687,-83538000.0,15288692000,15288692000,0.0,134572000.0,,32.235,100086038000,,,100086038000,0,55816000.0,0,0.011,0.15,204686000.0,260502000.0,0.216,260502000.0,204686000.0,204686000.0,1.0,0.95,1.0,5148394000,,5148394000,89842736190,90.0,75.207,4558837000.0,32.486,1.0,1204758000.0,1.0,0,0.0,255902654000,,0,133496343000,,,165956914000,,,5045390190,2086057000.0,0.0,-517627000.0,-1909992000.0,-25165000.0,-2450068000.0,-106250000.0,34692000.0,4642375000.0,0.0,134572000.0,124794000.0,124794000.0,0.0,0.0,0.104,1000072000.0,204686000.0,62036589000,0.15,0.98,8.14,,559024000,9778000.0,53.6,0.977,1.457,18601120000,2987350000,1204758000.0,1204758000.0,0.0,,,,,0.0,821765000.0,1.0,94130414,140331572,149056301.0,8.585,171105308000,0,70114000.0,0,1219.293,
29,BSC1,ARQ,2001-06-30,2001-07-09,2001-05-25,2019-07-22,0,173005293000,,,,,38.051,-66895000.0,9425187000,9425187000,0.0,169493000.0,,30.258,107788292000,,,107788292000,0,51078000.0,0,0.01,0.15,266829000.0,317907000.0,0.232,317907000.0,266829000.0,266829000.0,1.23,1.18,1.23,5534723000,,5534723000,104243488805,98.0,83.989,-558018000.0,-3.836,1.0,1368658000.0,1.0,0,0.0,271368398000,,0,138829122000,,,167470570000,,,5880383805,-558863000.0,0.0,-234285000.0,29976000.0,-25469000.0,26062000.0,-93802000.0,-26907000.0,-491123000.0,0.0,169493000.0,159715000.0,159715000.0,0.0,0.0,0.117,1101829000.0,266829000.0,56078184000,0.122,1.062,8.82,,531302000,9778000.0,58.11,1.124,1.616,20762149000,2877942000,1368658000.0,1368658000.0,0.0,,,,,0.0,927337000.0,1.0,101194008,145455590,154825604.0,9.409,173005293000,0,97336000.0,0,1189.403,
30,BSC1,ARQ,2001-03-31,2001-04-09,2001-02-23,2019-07-22,0,167817274000,,,,,37.707,-19419000.0,11322978000,11322978000,0.0,159681000.0,,28.853,104298184000,,,104298184000,0,46547000.0,0,0.012,0.15,246691000.0,293238000.0,0.242,293238000.0,246691000.0,246691000.0,,,,5621405000,,5621405000,97633542932,101.0,86.659,-625496000.0,-4.196,1.0,1213787000.0,1.0,0,0.0,260792480000,,0,134447716000,,,162195869000,,,4658336932,-8044000.0,0.0,-128133000.0,777740000.0,-25911000.0,625237000.0,-27204000.0,-7785000.0,-606077000.0,0.0,159681000.0,149903000.0,149903000.0,0.0,0.0,0.124,960823000.0,252964000.0,53946373000,,0.829,7.568,,515485000,9778000.0,44.35,0.899,1.276,18166655000,2733919000,1213787000.0,1213787000.0,0.0,,,,,0.0,825082000.0,1.0,105035782,149080028,158617123.0,8.142,167817274000,0,87010000.0,0,1125.686,
31,BSC1,ARQ,2000-12-31,2001-02-28,2000-11-30,2019-07-22,0,171166473000,,,,,38.505,-52295000.0,6093206000,6093206000,0.0,195189000.0,,29.272,108137981000,,,108137981000,0,40638000.0,0,0.011,0.15,282318000.0,322956000.0,0.235,322956000.0,282318000.0,282318000.0,1.37,1.35,1.37,5654288000,,5654288000,107623604448,92.0,81.217,3272971000.0,22.288,1.0,1376828000.0,1.0,0,0.0,273211248000,,0,142431728000,,,165512185000,,,5578829448,969221000.0,0.0,-170969000.0,-2898113000.0,-25767000.0,-2353596000.0,-2449000.0,49846000.0,3325266000.0,0.0,195189000.0,185411000.0,185411000.0,0.0,0.0,0.135,1094510000.0,282318000.0,51235596000,0.109,0.987,7.6,9.717,542613000,9778000.0,52.18,1.019,1.443,18692823000,2600149000,1376828000.0,1376828000.0,0.0,,,,,0.0,1202547000.0,1.0,106915091,146846333,148629048.0,9.376,171166473000,0,87129000.0,0,1165.616,
32,BSC1,ARQ,2000-09-30,2000-10-10,2000-08-25,2019-07-22,0,174852518000,,,,,33.004,-53773000.0,2505368000,2505368000,0.0,181436000.0,,34.6,120765202000,,,120765202000,0,37472000.0,0,0.01,0.15,269583000.0,307055000.0,0.241,307055000.0,269583000.0,269583000.0,1.33,1.32,1.33,4911600000,,4911600000,124049529788,113.0,100.731,61445000.0,0.413,1.0,1271478000.0,1.0,0,0.0,293112352000,,0,145208578000,,,169940918000,,,5789695788,290359000.0,0.0,-117978000.0,366749000.0,-25893000.0,223977000.0,-48836000.0,4937000.0,115218000.0,0.0,181436000.0,171658000.0,171658000.0,0.0,0.0,0.135,1001895000.0,269583000.0,43704484000,0.113,1.179,8.64,11.151,530956000,9778000.0,54.25,1.16,1.617,23558941000,2430727000,1271478000.0,1271478000.0,0.0,,,,,0.0,746282000.0,1.0,106722503,148816237,149242192.0,8.544,174852518000,0,88147000.0,0,1174.956,
33,BSC1,ARQ,2000-06-30,2000-07-10,2000-05-26,2019-07-22,0,172150657000,,,,,31.915,-47992000.0,3447433000,3447433000,0.0,118377000.0,,34.383,118867186000,,,118867186000,0,37572000.0,0,0.012,0.1,165819000.0,203391000.0,0.154,203391000.0,165819000.0,165819000.0,0.77,0.77,0.77,4865282000,,4865282000,120061208646,112.0,99.107,2801958000.0,18.38,1.0,1321306000.0,1.0,0,0.0,287570410000,,0,144596277000,,,167285375000,,,4641455646,594881000.0,0.0,-190417000.0,-1937405000.0,-20847000.0,-2139823000.0,-115246000.0,-67254000.0,2849950000.0,0.0,118377000.0,108599000.0,108599000.0,0.0,0.0,0.082,1155487000.0,165819000.0,43547451000,0.13,0.954,7.179,9.713,514655000,9778000.0,43.125,0.974,1.379,21317493000,2275183000,1321306000.0,1321306000.0,0.0,,,,,0.0,786580000.0,1.0,107627957,152446615,152624273.0,8.667,172150657000,0,47442000.0,0,1129.252,
34,BSC1,ARQ,2000-03-31,2000-04-10,2000-02-25,2019-07-22,0,175009863000,,,,,31.32,-38129000.0,1681841000,1681841000,0.0,278181000.0,,34.447,118867790000,,,118867790000,0,37934000.0,0,0.012,0.15,453803000.0,491737000.0,0.327,491737000.0,453803000.0,453803000.0,1.89,1.89,1.89,4937291000,,4937291000,122235087364,,,-10567401000.0,-67.034,1.0,1506066000.0,1.0,0,0.0,292195812000,,0,143926720000,,,170072572000,,,5049138364,-1104970000.0,0.0,-247472000.0,9760086000.0,-26822000.0,9488132000.0,-63830000.0,-25701000.0,-10529272000.0,0.0,278181000.0,268403000.0,268403000.0,0.0,0.0,0.178,1052263000.0,453803000.0,45663246000,0.079,1.023,,,504235000,9778000.0,45.648,,,27231355000,2167875000,1506066000.0,1506066000.0,0.0,,,,,0.0,796824000.0,1.0,110609487,157641253,157685693.0,9.554,175009863000,0,175622000.0,0,1110.178,
35,BSC1,ARQ,1999-12-31,2000-02-14,1999-12-31,2019-07-22,0,177392594000,,,,,43.471,-65108000.0,3008309000,3008309000,0.0,245097000.0,,34.982,119841043000,,,119841043000,0,38000000.0,0,0.014,0.15,390032000.0,428032000.0,0.3,428032000.0,390032000.0,390032000.0,1.64,,1.64,4929997000,,4929997000,121302456805,86.0,78.446,-6155896000.0,-54.28,1.0,1425686000.0,1.0,0,0.0,294225328000,,0,150820176000,,,172462597000,,,4469722805,-1250457000.0,0.0,-299971000.0,5250638000.0,-27034000.0,4925705000.0,-85374000.0,-20266000.0,-6090788000.0,0.0,245097000.0,235319000.0,235319000.0,0.0,0.0,0.165,1035654000.0,390032000.0,47742193000,0.091,0.907,5.341,6.965,517406000,9778000.0,39.412,0.858,0.858,21257872000,2033656000,1425686000.0,1425686000.0,0.0,,,,,0.0,756054000.0,1.0,113409567,113409567,161852191.0,12.571,177392594000,0,144935000.0,0,1564.177,
36,BSC1,ARQ,1999-09-30,1999-11-08,1999-09-24,2019-07-22,0,157880201000,,,,,42.079,-40985000.0,4114495000,4114495000,0.0,157857000.0,,30.482,102578732000,,,102578732000,0,37422000.0,0,0.013,0.133,249577000.0,286999000.0,0.274,286999000.0,249577000.0,249577000.0,0.905,,0.905,5014902000,,5014902000,103241962239,85.0,75.996,-716277000.0,-6.01,1.0,1046013000.0,1.0,0,0.0,256344438000,,0,133998413000,,,152865299000,,,4777725239,-55843000.0,0.0,-136541000.0,678619000.0,-27514000.0,586355000.0,33094000.0,74079000.0,-675292000.0,0.0,157857000.0,148079000.0,148079000.0,0.0,0.0,0.142,796436000.0,249577000.0,45522644000,0.147,0.953,6.566,8.319,490298000,9778000.0,40.089,0.994,0.994,17473037000,2062300000,1046013000.0,1046013000.0,0.0,,,,,0.0,588979000.0,1.0,119177098,119177098,175753005.0,8.777,157880201000,0,91720000.0,0,1324.753,
37,BSC1,ARQ,1999-06-30,1999-09-28,1999-06-30,2019-07-22,0,153894340000,,,,,40.182,-42943000.0,5020477000,5020477000,0.0,269053000.0,,30.055,100972518000,,,100972518000,0,34827000.0,0,0.014,0.133,430390000.0,465217000.0,0.308,465217000.0,430390000.0,430390000.0,1.762,,1.762,4955509000,,4955509000,100463940905,94.0,83.914,-1065910000.0,-8.643,1.0,1510308000.0,1.0,0,0.0,249846381000,,0,129112830000,,,148938831000,,,4511899905,1203428000.0,0.0,-193413000.0,2274967000.0,-27250000.0,2320822000.0,-94427000.0,-51484000.0,-1022967000.0,0.0,269053000.0,259274000.0,259274000.0,0.0,0.0,0.172,1079918000.0,430390000.0,43018604000,0.075,0.91,7.121,8.574,486735000,9779000.0,36.585,1.002,1.002,17698511000,1931957000,1510308000.0,1510308000.0,0.0,,,,,0.0,803543000.0,1.0,123325857,123325857,,12.246,153894340000,0,161337000.0,0,1247.868,
38,BSC1,ARQ,1999-03-31,1999-05-10,1999-03-26,2019-07-22,0,166645374000,,,,,36.719,-37278000.0,2249247000,2249247000,0.0,203972000.0,,36.122,110907733000,,,110907733000,0,33136000.0,0,0.006,0.133,332931000.0,366067000.0,0.298,366067000.0,332931000.0,332931000.0,1.352,,1.352,4489080000,,4489080000,113857266934,126.0,109.969,-3317157000.0,-27.133,1.0,1230123000.0,1.0,0,0.0,275303860000,,0,140542502000,,,162156294000,,,5198780934,-738425000.0,0.0,-59914000.0,2644845000.0,-26725000.0,2563453000.0,-21999000.0,15279000.0,-3279879000.0,0.0,203972000.0,194194000.0,194194000.0,0.0,0.0,0.158,897192000.0,332931000.0,43417956000,0.098,1.158,9.689,11.711,478619000,9778000.0,42.524,1.234,1.234,22050883000,1690154000,1230123000.0,1230123000.0,0.0,,,,,0.0,664122000.0,1.0,122254242,122254242,,10.062,166645374000,0,128959000.0,0,1363.105,
39,BSC1,ARQ,1998-12-31,1999-02-16,1998-12-31,2019-07-22,0,151130499000,,,,,37.344,-49955000.0,5253692000,5253692000,0.0,135920000.0,,33.611,90780448000,,,90780448000,0,32758000.0,0,0.003,0.127,207478000.0,240236000.0,0.235,240236000.0,207478000.0,207478000.0,0.8,,0.8,4366603000,,4366603000,90311605448,108.0,93.647,4899554000.0,41.902,1.0,1020792000.0,1.0,0,0.0,236657255000,,0,128721033000,,,146763896000,,,4784849448,816667000.0,0.0,-71068000.0,-4298557000.0,-26657000.0,-4099956000.0,-32886000.0,17069000.0,4949509000.0,0.0,135920000.0,126142000.0,126142000.0,0.0,0.0,0.124,813314000.0,207478000.0,50924099000,0.159,1.096,9.578,12.318,474477000,9778000.0,40.921,1.186,1.186,15351770000,1736663000,1020792000.0,1020792000.0,0.0,,,,,0.0,617414000.0,1.0,116929604,116929604,166273481.0,8.73,151130499000,0,71558000.0,0,1292.491,
40,BSC1,ARQ,1998-09-30,1998-11-09,1998-09-25,2019-07-22,0,163074418000,,,,,34.825,-41630000.0,8229618000,8229618000,0.0,64103000.0,,36.726,102950980000,,,102950980000,0,32394000.0,0,0.0,0.0,93309000.0,125703000.0,0.17,125703000.0,93309000.0,93309000.0,0.363,,0.363,4322632000,,4322632000,98835547621,111.0,,-453489000.0,-3.654,1.0,740901000.0,1.0,0,0.0,257795780000,,0,136886612000,,,158751786000,,,4114185621,-226411000.0,0.0,-158423000.0,243475000.0,-27034000.0,213744000.0,-28296000.0,13334000.0,-411859000.0,0.0,64103000.0,54008000.0,54008000.0,0.0,0.0,0.073,647592000.0,93309000.0,48535017000,0.0,0.952,7.796,9.395,457280000,10095000.0,33.146,1.007,1.007,15805066000,1627401000,740901000.0,740901000.0,0.0,,,,,0.0,465792000.0,1.0,124122654,124122654,167673331.0,5.969,163074418000,0,29206000.0,0,1313.817,
41,BSC1,ARQ,1998-06-30,1998-09-28,1998-06-30,2019-07-22,0,154495895000,,,,,33.775,-25751000.0,3356550000,3356550000,0.0,172270000.0,,35.0,94526585000,,,94526585000,0,32322000.0,0,0.0,0.0,271026000.0,303348000.0,0.248,303348000.0,271026000.0,271026000.0,1.116,,1.116,4291533000,,4291533000,94792330340,89.0,80.426,1280126000.0,10.075,1.0,1221341000.0,1.0,0,0.0,245665930000,,0,131310397000,,,150204362000,,,3622295340,689985000.0,0.0,-78060000.0,-714467000.0,-35194000.0,-414447000.0,-201445000.0,-175694000.0,1305877000.0,0.0,172270000.0,162233000.0,162233000.0,0.0,0.0,0.133,950315000.0,271026000.0,47175030000,0.0,0.844,5.755,6.833,448044000,10037000.0,28.508,0.834,0.834,17607370000,1590574000,1221341000.0,1221341000.0,0.0,,,,,0.0,624141000.0,1.0,127062683,127062683,163417948.0,9.612,154495895000,0,98756000.0,0,1215.903,
42,BSC1,ARQ,1998-03-31,1998-05-08,1998-03-27,2019-07-22,0,166374302000,,,,,30.476,-49403000.0,2231048000,2231048000,0.0,166319000.0,,42.527,109354201000,,,109354201000,0,29375000.0,0,0.0,0.0,265723000.0,295098000.0,0.281,295098000.0,265723000.0,265723000.0,1.043,,1.043,3822344000,,3822344000,113429946720,,,-4179752000.0,-33.326,1.0,1050229000.0,1.0,0,0.0,273497455000,,0,140965941000,,,162551958000,,,6306793720,-885909000.0,0.0,-108811000.0,3196096000.0,-23188000.0,3309097000.0,-64657000.0,-15254000.0,-4130349000.0,0.0,166319000.0,157193000.0,157193000.0,0.0,0.0,0.15,784506000.0,265723000.0,41699099000,0.0,1.65,,,454615000,9126000.0,50.285,,,21361699000,1445975000,1050229000.0,1050229000.0,0.0,,,,,0.0,573815000.0,1.0,125421399,125421399,165468204.0,8.374,166374302000,0,99404000.0,0,1326.522,
43,BSC1,ARQ,1997-12-31,1998-03-17,1997-12-31,2019-07-22,0,137511025000,,,,,27.932,,4076635000,4076635000,0.0,160222000.0,,37.796,94311092000,,,94311092000,0,,0,0.0,0.0,259605000.0,,,,259605000.0,259605000.0,1.007,,1.007,3544475000,,3544475000,96120214007,,,,,1.0,1073763000.0,1.0,0,0.0,227745482000,,0,117637087000,,,133966550000,,,5885757007,,,,,,,,,,,160222000.0,154299000.0,154299000.0,0.0,0.0,0.144,814158000.0,259605000.0,37020621000,0.0,1.661,,,434587000,5923000.0,46.382,,,14142742000,1306688000,1073763000.0,1073763000.0,0.0,,,,,,593697000.0,1.0,126897548,126897548,167924957.0,8.462,137511025000,0,99383000.0,0,1083.638,
0,BSC1,ART,2008-03-31,2008-04-14,2008-02-29,2019-07-22,25000000,398995000000,403687930000.0,,,0.012,92.125,-278729000.0,35696000000,35696000000,0.0,-205741000.0,,32.54,269498000000,,,269498000000,0,196675000.0,0,0.127,1.28,-489206000.0,-292531000.0,-0.059,-292531000.0,-489206000.0,-489206000.0,-1.7,-1.48,-1.7,11896000000,12499390750.0,11896000000,235275011653,-481.0,-804.274,23393321000.0,181.163,1.0,4942228000.0,1.0,0,0.0,632797000000,655391483250.0,0,285126000000,,,387099000000,,,1473011653,14894871000.0,0.0,-1142247000.0,-7152471000.0,-170528000.0,-8498450000.0,-278729000.0,0.0,23672050000.0,0.0,-205741000.0,-226484000.0,-226484000.0,0.0,0.0,-0.046,5431434000.0,-489206000.0,97274000000,-0.753,0.124,-6.504,-5.947,608000000,20743000.0,10.11,0.298,0.264,52844000000,9419000000,4942228000.0,4942228000.0,0.0,-0.001,-0.018,-0.001,-0.099,107172000.0,4041180000.0,1.0,145698482,129128281,138539248.0,38.274,398995000000,0,-283465000.0,0,3089.912,
1,BSC1,ART,2007-12-31,2008-01-29,2007-11-30,2019-07-22,-8000000,395362000000,402567161250.0,,,0.015,90.57,-295000000.0,34296000000,34296000000,0.0,233000000.0,,32.525,273262000000,,,273262000000,0,186000000.0,0,0.014,1.24,193000000.0,379000000.0,0.064,379000000.0,193000000.0,193000000.0,1.68,1.52,1.68,11793000000,12843874000.0,11793000000,249780744016,1294.0,659.052,10851000000.0,83.335,1.0,5945000000.0,1.0,0,0.0,634328000000,660407885250.0,0,281918000000,,,383569000000,,,10814744017,16811000000.0,0.0,-1508000000.0,7370000000.0,-172000000.0,5960000000.0,-295000000.0,0.0,11146000000.0,0.0,233000000.0,212000000.0,212000000.0,0.0,0.0,0.036,5752000000.0,193000000.0,87305000000,0.738,0.917,51.013,54.512,605000000,21000000.0,91.58,1.819,2.006,52737000000,9441000000,5945000000.0,5945000000.0,0.0,0.001,0.017,0.0,0.032,31000000.0,4446000000.0,1.0,118090675,130208999,146442842.0,45.657,395362000000,0,-40000000.0,0,3036.365,
2,BSC1,ART,2007-09-30,2007-10-10,2007-08-31,2019-07-22,0,397090987000,391334810000.0,,,0.022,100.818,-265914000.0,31602435000,31602435000,0.0,1649589000.0,,29.544,285276789000,,,285276789000,0,220394000.0,0,0.01,1.2,2456529000.0,2676923000.0,0.306,2676923000.0,2456529000.0,2456529000.0,12.72,11.49,12.72,13000458000,12927970000.0,13000458000,268200510588,109.0,100.19,782652000.0,6.069,1.0,8737882000.0,1.0,0,0.0,650765341000,645126748250.0,0,295102144000,,,384090529000,,,14526156588,13416672000.0,0.0,-1491242000.0,14071637000.0,-168367000.0,12634020000.0,-265914000.0,0.0,1048566000.0,0.0,1649589000.0,1628617000.0,1628617000.0,0.0,0.0,0.186,6281353000.0,2456529000.0,73805716000,0.094,1.117,8.919,9.891,585633000,20972000.0,125.81,1.662,1.857,42264466000,10338196000,8737882000.0,8737882000.0,0.0,0.004,0.126,0.004,0.281,1008532000.0,5121210000.0,1.0,115461065,128949234,145105029.0,67.762,397090987000,0,806940000.0,0,3079.437,
3,BSC1,ART,2007-06-30,2007-07-10,2007-05-31,2019-07-22,0,423303733000,375752143250.0,,,0.025,101.061,-236483000.0,15830954000,15830954000,0.0,1915847000.0,,30.808,296202813000,,,296202813000,0,267824000.0,0,0.008,1.16,2948941000.0,3216765000.0,0.337,3216765000.0,2948941000.0,2948941000.0,14.76,13.35,14.76,13308105000,12608342250.0,13308105000,296392340721,101.0,92.14,-2022288000.0,-15.357,1.0,9536268000.0,1.0,0,0.0,703675592000,617293300000.0,0,332981873000,,,409995628000,,,16020481721,5187002000.0,0.0,-1437246000.0,8485107000.0,-164983000.0,7209290000.0,-236483000.0,0.0,-1785805000.0,0.0,1915847000.0,1894760000.0,1894760000.0,0.0,0.0,0.199,6587327000.0,2948941000.0,88565626000,0.079,1.204,8.455,9.347,547106000,21087000.0,137.96,1.68,1.905,45828387000,10211317000,9536268000.0,9536268000.0,0.0,0.005,0.15,0.005,0.309,1006875000.0,5430912000.0,1.0,116124098,131684419,148745798.0,72.418,423303733000,0,1033094000.0,0,3214.532,
4,BSC1,ART,2007-03-31,2007-04-10,2007-02-28,2019-07-22,0,394511925000,351471292250.0,,,0.027,99.733,-208706000.0,15017254000,15017254000,0.0,2093456000.0,,28.721,273367937000,,,273367937000,0,311321000.0,0,0.008,1.12,3229483000.0,3540804000.0,0.372,3540804000.0,3229483000.0,3229483000.0,16.1,14.55,16.1,13273933000,12208214500.0,13273933000,275902191449,85.0,77.921,-20575824000.0,-154.595,1.0,9523734000.0,1.0,0,0.0,652862608000,572977345000.0,0,309909727000,,,381237992000,,,17551508449,839895000.0,0.0,-1128703000.0,22077506000.0,-160963000.0,21415719000.0,-208706000.0,0.0,-20367118000.0,0.0,2093456000.0,2072250000.0,2072250000.0,0.0,0.0,0.218,6294251000.0,3229483000.0,80984524000,0.07,1.322,8.47,9.158,508227000,21206000.0,147.45,1.843,2.061,39837304000,9894928000,9523734000.0,9523734000.0,0.0,0.006,0.17,0.006,0.339,1012261000.0,5362933000.0,1.0,119033628,133094747,149722654.0,71.556,394511925000,0,1136027000.0,0,2964.143,
5,BSC1,ART,2007-03-31,2007-04-09,2007-02-28,2019-07-22,0,394511925000,351471292250.0,,,0.027,99.733,-208706000.0,15017254000,15017254000,0.0,2093456000.0,,28.721,273367937000,,,273367937000,0,311321000.0,0,0.008,1.12,3229483000.0,3540804000.0,0.372,3540804000.0,3229483000.0,3229483000.0,16.1,14.55,16.1,13273933000,12208214500.0,13273933000,276086693572,85.0,77.973,-20575824000.0,-154.595,1.0,9523734000.0,1.0,0,0.0,652862608000,572977345000.0,0,309909727000,,,381237992000,,,17736010572,839895000.0,0.0,-1128703000.0,22077506000.0,-160963000.0,21415719000.0,-208706000.0,0.0,-20367118000.0,0.0,2093456000.0,2072250000.0,2072250000.0,0.0,0.0,0.218,6294251000.0,3229483000.0,80984524000,0.07,1.336,8.559,9.255,508227000,21206000.0,149.0,1.862,2.082,39837304000,9894928000,9523734000.0,9523734000.0,0.0,0.006,0.17,0.006,0.339,1012261000.0,5362933000.0,1.0,119033628,133094747,149722654.0,71.556,394511925000,0,1136027000.0,0,2964.143,
6,BSC1,ART,2006-12-31,2007-02-13,2006-11-30,2019-07-22,0,350432595000,327848983500.0,,,0.028,92.091,-180669000.0,13398868000,13398868000,0.0,2053871000.0,,27.891,236169725000,,,236169725000,0,350367000.0,0,0.007,1.09,3146630000.0,3496997000.0,0.379,3496997000.0,3146630000.0,3146630000.0,15.79,14.27,15.79,12129384000,11681129250.0,12129384000,241946239325,77.0,69.187,-19401539000.0,-147.303,1.0,9227165000.0,1.0,0,0.0,573203452000,530774868250.0,0,274833360000,,,338303211000,,,19175382325,-1263949000.0,0.0,-1084662000.0,18688551000.0,-155257000.0,18137590000.0,-180669000.0,0.0,-19220870000.0,0.0,2053871000.0,2032508000.0,2032508000.0,0.0,0.0,0.22,6080535000.0,3146630000.0,76385496000,0.069,1.581,9.434,10.139,479637000,21363000.0,160.1,2.078,2.285,35601147000,9384595000,9227165000.0,9227165000.0,0.0,0.006,0.174,0.006,0.341,1009519000.0,5167297000.0,1.0,119771275,131711382,148575469.0,70.056,350432595000,0,1092759000.0,0,2660.61,
7,BSC1,ART,2006-09-30,2006-10-10,2006-08-31,2019-07-22,0,334760320000,313399643000.0,,,0.028,88.745,-194116000.0,13571335000,13571335000,0.0,1898002000.0,,27.558,218242563000,,,218242563000,0,343468000.0,0,0.007,1.06,2839927000.0,3183395000.0,0.366,3183395000.0,2839927000.0,2839927000.0,14.58,13.17,14.58,11721947000,11346641250.0,11721947000,222156442089,78.0,69.786,-14032854000.0,-106.24,1.0,8701082000.0,1.0,0,0.0,539431548000,505117337000.0,0,262278628000,,,323038373000,,,17485214089,1639074000.0,0.0,-1074685000.0,15988064000.0,-150902000.0,15671928000.0,-194116000.0,0.0,-13838738000.0,0.0,1898002000.0,1876444000.0,1876444000.0,0.0,0.0,0.216,5861155000.0,2839927000.0,82247821000,0.073,1.492,9.318,10.223,483064000,21558000.0,149.05,2.01,2.263,35583757000,8861718000,8701082000.0,8701082000.0,0.0,0.006,0.165,0.006,0.326,767593000.0,4944126000.0,1.0,117311064,132086016,148899406.0,65.874,334760320000,0,941925000.0,0,2534.412,
8,BSC1,ART,2006-06-30,2006-07-10,2006-05-31,2019-07-22,0,326180329000,300841235000.0,,,0.028,88.153,-196320000.0,13180550000,13180550000,0.0,1838751000.0,,26.861,213411993000,,,213411993000,0,371607000.0,0,0.007,1.03,2752844000.0,3124451000.0,0.373,3124451000.0,2752844000.0,2752844000.0,14.2,12.84,14.2,11707594000,10886416000.0,11707594000,217024387156,79.0,69.46,-21411008000.0,-161.215,1.0,8384227000.0,1.0,0,0.0,526411772000,484152871500.0,0,253949860000,,,314472735000,,,16792944156,-1458759000.0,0.0,-755645000.0,20283493000.0,-146650000.0,19952249000.0,-196320000.0,0.0,-21214688000.0,0.0,1838751000.0,1816561000.0,1816561000.0,0.0,0.0,0.217,5631383000.0,2752844000.0,79746390000,0.073,1.434,9.244,9.824,470620000,22190000.0,139.5,2.003,2.21,36173364000,8465035000,8384227000.0,8384227000.0,0.0,0.006,0.167,0.006,0.328,775195000.0,4726012000.0,1.0,120379528,132810062,149945896.0,63.129,326180329000,0,914093000.0,0,2455.991,
9,BSC1,ART,2006-03-31,2006-04-10,2006-02-28,2019-07-22,0,300022690000,288491555000.0,,,0.027,84.117,-195313000.0,11835059000,11835059000,0.0,1597528000.0,,25.87,195865070000,,,195865070000,0,316726000.0,0,0.007,1.0,2381084000.0,2697810000.0,0.348,2697810000.0,2381084000.0,2381084000.0,12.4,11.21,12.4,11165592000,10369896000.0,11165592000,201306970340,85.0,74.619,-12226499000.0,-92.11,1.0,7758337000.0,1.0,0,0.0,484052701000,459813805750.0,0,236140027000,,,288857098000,,,17276959340,2827845000.0,0.0,-949451000.0,15728914000.0,-142217000.0,15054344000.0,-195313000.0,0.0,-12031186000.0,0.0,1597528000.0,1574271000.0,1574271000.0,0.0,0.0,0.203,5377253000.0,2381084000.0,76316710000,0.081,1.547,10.975,11.552,455893000,23257000.0,143.25,2.227,2.451,33397670000,7966674000,7758337000.0,7758337000.0,0.0,0.005,0.152,0.005,0.307,789878000.0,4405696000.0,1.0,120607046,132738565,149417369.0,58.448,300022690000,0,783556000.0,0,2260.253,
10,BSC1,ART,2005-12-31,2006-02-22,2005-11-30,2019-07-22,0,292635233000,280593151000.0,,,0.026,82.803,-202911000.0,11128809000,11128809000,0.0,1462177000.0,,26.117,189066903000,,,189066903000,0,269169000.0,0,0.007,1.0,2207059000.0,2476228000.0,0.334,2476228000.0,2207059000.0,2207059000.0,11.42,10.31,11.42,10791432000,9958222500.0,10791432000,194172054960,88.0,78.414,-14214858000.0,-109.071,1.0,7410794000.0,1.0,0,0.0,470573327000,444302606000.0,0,226958733000,,,281843801000,,,16233960960,1685748000.0,0.0,-667778000.0,16528688000.0,-139253000.0,15900606000.0,-202911000.0,0.0,-14011947000.0,0.0,1462177000.0,1437856000.0,1437856000.0,0.0,0.0,0.194,5203735000.0,2207059000.0,75888245000,0.088,1.504,11.29,11.909,451247000,24321000.0,136.0,2.191,2.392,36799786000,7492951000,7410794000.0,7410794000.0,0.0,0.005,0.144,0.005,0.298,801216000.0,4249392000.0,1.0,119367360,130326947,147467992.0,56.863,292635233000,0,744882000.0,0,2245.393,
11,BSC1,ART,2005-12-31,2006-02-13,2005-11-30,2019-07-22,0,292635233000,280593151000.0,,,0.026,82.803,-202911000.0,11128809000,11128809000,0.0,1462177000.0,,26.117,189066903000,,,189066903000,0,269169000.0,0,0.008,1.0,2207059000.0,2476228000.0,0.334,2476228000.0,2207059000.0,2207059000.0,11.42,10.31,11.42,10791432000,9958222500.0,10791432000,193082230963,87.0,77.974,-14214858000.0,-109.071,1.0,7410794000.0,1.0,0,0.0,470573327000,444302606000.0,0,226958733000,,,281843801000,,,15144136963,1685748000.0,0.0,-667778000.0,16528688000.0,-139253000.0,15900606000.0,-202911000.0,0.0,-14011947000.0,0.0,1462177000.0,1437856000.0,1437856000.0,0.0,0.0,0.194,5203735000.0,2207059000.0,75888245000,0.088,1.403,10.532,11.109,451247000,24321000.0,126.87,2.044,2.231,36799786000,7492951000,7410794000.0,7410794000.0,0.0,0.005,0.144,0.005,0.298,801216000.0,4249392000.0,1.0,119367360,130326947,147467992.0,56.863,292635233000,0,744882000.0,0,2245.393,
12,BSC1,ART,2005-09-30,2005-10-11,2005-08-31,2019-07-22,0,284526688000,271421816250.0,,,0.027,75.895,-197612000.0,8794292000,8794292000,0.0,1407826000.0,,27.795,179841290000,,,179841290000,0,222606000.0,0,0.01,1.0,2156743000.0,2379349000.0,0.324,2379349000.0,2156743000.0,2156743000.0,11.13,10.02,11.13,9881046000,9508082500.0,9881046000,182758009098,85.0,76.81,-14681548000.0,-112.766,1.0,7352149000.0,1.0,0,0.0,455573686000,425926322250.0,0,217167070000,,,274645642000,,,11711011098,-164696000.0,0.0,-568189000.0,15063903000.0,-137846000.0,14457423000.0,-138183000.0,59429000.0,-14483936000.0,0.0,1407826000.0,1382341000.0,1382341000.0,0.0,0.0,0.188,5195406000.0,2156743000.0,77564792000,0.09,1.185,8.472,9.286,434427000,25485000.0,103.35,1.593,1.83,40815764000,7121425000,7352149000.0,7352149000.0,0.0,0.005,0.145,0.005,0.293,785903000.0,4159789000.0,1.0,113314089,130194452,147051538.0,56.471,284526688000,0,748917000.0,0,2185.398,
13,BSC1,ART,2005-06-30,2005-07-11,2005-05-31,2019-07-22,0,276781609000,259622449000.0,,,0.027,73.789,-175470000.0,13224102000,13224102000,0.0,1312780000.0,,27.707,165498002000,,,165498002000,0,129670000.0,0,0.009,0.95,2020467000.0,2150137000.0,0.304,2150137000.0,2020467000.0,2020467000.0,10.48,9.42,10.48,9641514000,9054700750.0,9641514000,164284386905,81.0,76.406,-8989868000.0,-68.802,1.0,7074634000.0,1.0,0,0.0,429055509000,403900359000.0,0,206370368000,,,267140095000,,,12010486905,5489753000.0,0.0,-673076000.0,14961038000.0,-130789000.0,14437906000.0,-133755000.0,41715000.0,-8814398000.0,0.0,1312780000.0,1286400000.0,1286400000.0,0.0,0.0,0.182,5054167000.0,2020467000.0,88538375000,0.091,1.246,9.337,10.189,412482000,26380000.0,106.78,1.698,1.972,42660931000,6779503000,7074634000.0,7074634000.0,0.0,0.005,0.142,0.005,0.286,778566000.0,4036269000.0,1.0,112478806,130663337,148037979.0,54.144,276781609000,0,707687000.0,0,2118.281,
14,BSC1,ART,2005-03-31,2005-04-11,2005-02-28,2019-07-22,0,268429074000,250825740000.0,,,0.028,72.519,-147071000.0,8119384000,8119384000,0.0,1362473000.0,,27.2,161698212000,,,161698212000,0,129541000.0,0,0.009,0.9,2069504000.0,2199045000.0,0.318,2199045000.0,2069504000.0,2069504000.0,10.93,9.82,10.93,9518898000,8646030750.0,9518898000,164792716605,80.0,74.938,-7202115000.0,-54.869,1.0,6924620000.0,1.0,0,0.0,422007902000,388142935000.0,0,208420263000,,,258910176000,,,11213888605,335678000.0,0.0,-640452000.0,7941048000.0,-124145000.0,7436770000.0,-46048000.0,101023000.0,-7055044000.0,0.0,1362473000.0,1335342000.0,1335342000.0,0.0,0.0,0.193,4855116000.0,2069504000.0,85281759000,0.082,1.178,8.398,9.026,394421000,27131000.0,98.65,1.619,1.87,37558323000,6511506000,6924620000.0,6924620000.0,0.0,0.005,0.154,0.005,0.299,770222000.0,3950142000.0,1.0,113673478,131261212,149193402.0,52.755,268429074000,0,707031000.0,0,2044.999,
15,BSC1,ART,2004-12-31,2005-02-14,2004-11-30,2019-07-22,0,255949894000,240381196500.0,,,0.028,70.534,-128433000.0,8596083000,8596083000,0.0,1344733000.0,,27.468,149714381000,,,149714381000,0,128292000.0,0,0.008,0.85,2022154000.0,2150446000.0,0.316,2150446000.0,2022154000.0,2022154000.0,10.88,9.76,10.88,8990872000,8220750500.0,8990872000,152832942372,76.0,71.07,-2305637000.0,-18.088,1.0,6812883000.0,1.0,0,0.0,397068192000,369685603750.0,0,198328205000,,,246959022000,,,11714644372,335815000.0,0.0,-545015000.0,3418446000.0,-116791000.0,2641452000.0,-128433000.0,0.0,-2177204000.0,0.0,1344733000.0,1316661000.0,1316661000.0,0.0,0.0,0.193,4790729000.0,2022154000.0,84534648000,0.078,1.303,8.897,9.504,381403000,28072000.0,103.4,1.719,1.935,35048652000,6176871000,6812883000.0,6812883000.0,0.0,0.005,0.16,0.005,0.297,763162000.0,3878754000.0,1.0,113294433,127468061,145284589.0,53.448,255949894000,0,677421000.0,0,2007.953,
16,BSC1,ART,2004-09-30,2004-10-15,2004-08-31,2019-07-22,0,237329219000,229435750500.0,,,0.028,63.517,-91221000.0,7968728000,7968728000,0.0,1280454000.0,,28.418,138109342000,,,138109342000,0,128955000.0,0,0.009,0.8,1923096000.0,2052051000.0,0.315,2052051000.0,1923096000.0,1923096000.0,10.38,9.33,10.38,8067519000,7840554500.0,8067519000,139619565177,73.0,68.039,-2785661000.0,-21.932,1.0,6515503000.0,1.0,0,0.0,367469833000,351346823250.0,0,184683627000,,,229261700000,,,9478951177,97930000.0,0.0,-905622000.0,3549681000.0,-111807000.0,2902159000.0,-109789000.0,-18568000.0,-2694440000.0,0.0,1280454000.0,1251203000.0,1251203000.0,0.0,0.0,0.192,4592407000.0,1923096000.0,80226369000,0.077,1.175,7.576,8.845,368532000,29251000.0,91.81,1.455,1.79,32927367000,5857726000,6515503000.0,6515503000.0,0.0,0.005,0.16,0.005,0.295,715852000.0,3818084000.0,1.0,103245302,127014483,144201755.0,51.297,237329219000,0,642642000.0,0,1868.521,
17,BSC1,ART,2004-06-30,2004-07-15,2004-05-31,2019-07-22,0,241594773000,222526695750.0,,,0.029,62.034,-71401000.0,13979216000,13979216000,0.0,1310610000.0,,29.174,138410256000,,,138410256000,0,133197000.0,0,0.01,0.8,1961394000.0,2094591000.0,0.324,2094591000.0,1961394000.0,1961394000.0,10.61,9.54,10.61,8006834000,7542591750.0,8006834000,133023879770,68.0,63.508,-968640000.0,-7.505,1.0,6465798000.0,1.0,0,0.0,366025813000,340042078250.0,0,187739060000,,,233587939000,,,8592839770,-1753848000.0,0.0,-856317000.0,-217256000.0,-111839000.0,-933212000.0,76603000.0,148004000.0,-897239000.0,0.0,1310610000.0,1280408000.0,1280408000.0,0.0,0.0,0.198,4504404000.0,1961394000.0,84400877000,0.075,1.073,6.711,7.858,366682000,30202000.0,83.37,1.329,1.664,27947677000,5603087000,6465798000.0,6465798000.0,0.0,0.006,0.17,0.006,0.303,720701000.0,3750943000.0,1.0,103068727,129071295,146921897.0,50.095,241594773000,0,650784000.0,0,1871.793,
18,BSC1,ART,2004-03-31,2004-04-14,2004-02-29,2019-07-22,0,226650900000,214105660500.0,,,0.029,60.547,-59792000.0,10514012000,10514012000,0.0,1243218000.0,,27.992,132041689000,,,132041689000,0,134937000.0,0,0.009,0.77,1878048000.0,2012985000.0,0.324,2012985000.0,1878048000.0,1878048000.0,10.11,9.1,10.11,7817777000,7219482500.0,7817777000,130248372565,69.0,64.704,-5166036000.0,-40.01,1.0,6204980000.0,1.0,0,0.0,348178577000,329834874250.0,0,179912416000,,,218833123000,,,8720695565,-4228991000.0,0.0,-809657000.0,1559367000.0,-108253000.0,855304000.0,21949000.0,81741000.0,-5106244000.0,0.0,1243218000.0,1212415000.0,1212415000.0,0.0,0.0,0.195,4326932000.0,1878048000.0,77641484000,0.076,1.115,7.193,8.221,376891000,30803000.0,83.11,1.405,1.729,25404805000,5278092000,6204980000.0,6204980000.0,0.0,0.006,0.168,0.006,0.303,734324000.0,3582006000.0,1.0,104929558,129118964,147108483.0,48.056,226650900000,0,634830000.0,0,1755.365,
19,BSC1,ART,2003-12-31,2004-02-27,2003-11-30,2019-07-22,0,212168110000,205886954750.0,,,0.029,58.442,-36711000.0,12494635000,12494635000,0.0,1156406000.0,,27.402,124039595000,,,124039595000,0,139276000.0,0,0.009,0.77,1772269000.0,1911545000.0,0.319,1911545000.0,1772269000.0,1772269000.0,9.44,8.52,9.44,7470088000,6897445250.0,7470088000,120654446816,68.0,63.119,-5429692000.0,-42.479,1.0,5994491000.0,1.0,0,0.0,323713070000,318353688000.0,0,166373315000,,,204698022000,,,9109486816,-1682715000.0,0.0,-908189000.0,4110352000.0,-104964000.0,3571447000.0,138819000.0,175530000.0,-5392981000.0,0.0,1156406000.0,1125031000.0,1125031000.0,0.0,0.0,0.188,4222222000.0,1772269000.0,71343244000,0.082,1.219,8.097,9.305,381262000,31375000.0,87.84,1.52,1.873,23377185000,4954508000,5994491000.0,5994491000.0,0.0,0.005,0.163,0.006,0.296,729406000.0,3490296000.0,1.0,103705451,127819514,145027266.0,46.898,212168110000,0,615863000.0,0,1659.904,
20,BSC1,ART,2003-09-30,2003-10-15,2003-08-31,2019-07-22,0,209693000000,199058533000.0,,,0.028,53.432,-47431000.0,10808681000,10808681000,0.0,1058628000.0,,29.498,123366534000,,,123366534000,0,143062000.0,0,0.009,0.71,1608286000.0,1751348000.0,0.313,1751348000.0,1608286000.0,1608286000.0,8.51,7.72,8.51,6875668000,6625444000.0,6875668000,120233843132,75.0,68.652,-4018386000.0,-31.227,1.0,5590222000.0,1.0,0,0.0,322250853000,307229398500.0,0,159766128000,,,202817332000,,,7675990132,639765000.0,0.0,-687086000.0,5386828000.0,-102101000.0,4557295000.0,53425000.0,100856000.0,-3970955000.0,0.0,1058628000.0,1026857000.0,1026857000.0,0.0,0.0,0.184,3981936000.0,1608286000.0,69528377000,0.083,1.116,7.475,9.202,406266000,31771000.0,78.31,1.373,1.803,28703814000,4694990000,5590222000.0,5590222000.0,0.0,0.005,0.155,0.005,0.288,572887000.0,3306076000.0,1.0,98020561,128681694,145599540.0,43.442,209693000000,0,549658000.0,0,1629.548,
21,BSC1,ART,2003-06-30,2003-07-15,2003-05-31,2019-07-22,0,207910632000,192941039000.0,,,0.027,52.166,-67366000.0,9019796000,9019796000,0.0,909631000.0,,29.965,126306161000,,,126306161000,0,144099000.0,0,0.009,0.66,1371313000.0,1515412000.0,0.288,1515412000.0,1371313000.0,1371313000.0,7.29,6.65,7.29,6714397000,6395134750.0,6714397000,124484896186,91.0,82.146,-4700802000.0,-36.522,1.0,5259546000.0,1.0,0,0.0,325196997000,298340660500.0,0,162999361000,,,201196235000,,,7198531186,-308895000.0,0.0,-673123000.0,5274651000.0,-97788000.0,4427605000.0,-103064000.0,-35698000.0,-4633436000.0,0.0,909631000.0,877330000.0,877330000.0,0.0,0.0,0.167,3888233000.0,1371313000.0,64155237000,0.091,1.072,8.205,9.904,428478000,32301000.0,72.2,1.369,1.767,24655180000,4410841000,5259546000.0,5259546000.0,0.0,0.005,0.137,0.005,0.261,562799000.0,3220402000.0,1.0,99702648,128711363,146062838.0,40.863,207910632000,0,461682000.0,0,1615.325,
22,BSC1,ART,2003-03-31,2003-04-14,2003-02-28,2019-07-22,0,193776077000,187370342000.0,,,0.029,50.316,-89097000.0,13594933000,13594933000,0.0,972072000.0,,28.676,122072688000,,,122072688000,0,147651000.0,0,0.009,0.64,1462635000.0,1610286000.0,0.298,1610286000.0,1462635000.0,1462635000.0,7.82,7.19,7.82,6529628000,6207350000.0,6529628000,115267603685,79.0,71.582,-3224593000.0,-24.848,1.0,5404492000.0,1.0,0,0.0,302253832000,289768092500.0,0,147032350000,,,187246449000,,,6789848685,160536000.0,0.0,-654162000.0,4088866000.0,-97895000.0,3232317000.0,63715000.0,152812000.0,-3135496000.0,0.0,972072000.0,938252000.0,938252000.0,0.0,0.0,0.174,3941857000.0,1462635000.0,55290051000,0.082,1.04,7.237,8.765,452036000,33820000.0,68.54,1.256,1.646,22309510000,4149161000,5404492000.0,5404492000.0,0.0,0.005,0.151,0.005,0.271,542686000.0,3251298000.0,1.0,99064031,129773603,147029224.0,41.646,193776077000,0,490563000.0,0,1493.186,
23,BSC1,ART,2002-12-31,2003-02-28,2002-11-30,2019-07-22,0,184854423000,185214768250.0,,,0.028,48.058,-126617000.0,12620423000,12620423000,0.0,878345000.0,,27.965,106981912000,,,106981912000,0,161879000.0,0,0.01,0.64,1310963000.0,1472842000.0,0.287,1472842000.0,1310963000.0,1310963000.0,7.0,6.47,7.0,6382083000,6015169250.0,6382083000,100578117938,77.0,68.288,-1494922000.0,-11.257,1.0,5128236000.0,1.0,0,0.0,279215912000,285039961000.0,0,143066382000,,,178472340000,,,6216628938,-1812462000.0,0.0,-603228000.0,518111000.0,-97544000.0,-473997000.0,29840000.0,156457000.0,-1368305000.0,0.0,878345000.0,842739000.0,842739000.0,0.0,0.0,0.164,3817273000.0,1310963000.0,62364555000,0.091,0.974,7.377,8.949,483827000,35606000.0,62.64,1.212,1.622,19463573000,3909272000,5128236000.0,5128236000.0,0.0,0.005,0.14,0.005,0.256,533240000.0,3146561000.0,1.0,99243757,132798359,146346111.0,38.617,184854423000,0,432618000.0,0,1391.993,
24,BSC1,ART,2002-09-30,2002-10-15,2002-08-31,2019-07-22,0,185223024000,185383719500.0,,,0.028,44.961,-123819000.0,10285922000,10285922000,0.0,842742000.0,,30.107,111758799000,,,111758799000,0,180946000.0,0,0.01,0.6,1248148000.0,1429094000.0,0.279,1429094000.0,1248148000.0,1248148000.0,6.66,6.18,6.66,5954431000,5826780250.0,5954431000,107410372850,86.0,75.16,2402853000.0,18.143,1.0,5121060000.0,1.0,0,0.0,286695901000,285456409750.0,0,146636790000,,,179268593000,,,5937495850,-1325220000.0,-242983000.0,-410967000.0,-3372426000.0,-96669000.0,-3650778000.0,-201114000.0,108284000.0,2526672000.0,0.0,842742000.0,805548000.0,805548000.0,0.0,0.0,0.157,3872912000.0,1248148000.0,59041473000,0.09,0.997,7.371,9.273,501897000,37194000.0,61.76,1.159,1.597,19538722000,3744279000,5121060000.0,5121060000.0,0.0,0.004,0.138,0.004,0.244,0.0,3127163000.0,1.0,96138210,132436184,145895494.0,38.668,185223024000,0,405406000.0,0,1398.583,
25,BSC1,ART,2002-06-30,2002-07-15,2002-05-31,2019-07-22,0,185627844000,181854290500.0,,,0.028,44.578,-174640000.0,9982907000,9982907000,0.0,812896000.0,,30.129,115261788000,,,115261788000,0,200731000.0,0,0.01,0.6,1207630000.0,1408361000.0,0.272,1408361000.0,1207630000.0,1207630000.0,6.34,5.9,6.34,5963258000,5625271000.0,5963258000,110950160080,92.0,78.78,4921484000.0,36.79,1.0,5171434000.0,1.0,0,0.0,290906725000,277758098000.0,0,149729431000,,,179664586000,,,5671279080,2270018000.0,-242983000.0,-804184000.0,-1904380000.0,-98380000.0,-2539155000.0,-286951000.0,130672000.0,5096124000.0,0.0,812896000.0,774248000.0,774248000.0,0.0,0.0,0.15,3963804000.0,1207630000.0,56214866000,0.095,0.951,7.325,9.065,505211000,38648000.0,57.47,1.097,1.487,16894807000,3598693000,5171434000.0,5171434000.0,0.0,0.004,0.138,0.004,0.234,0.0,3200472000.0,1.0,98682427,133772110,147592256.0,38.659,185627844000,0,394734000.0,0,1387.642,
26,BSC1,ART,2002-03-31,2002-04-15,2002-02-28,2019-07-22,0,185153782000,178698652750.0,,,0.028,42.739,-208512000.0,16279265000,16279265000,0.0,639537000.0,,31.14,114466789000,,,114466789000,0,213407000.0,0,0.009,0.6,955007000.0,1168414000.0,0.237,1168414000.0,955007000.0,955007000.0,4.77,4.49,4.77,5760905000,5518137250.0,5760905000,104597320157,110.0,89.521,6315794000.0,46.855,1.0,4932426000.0,1.0,0,0.0,283341306000,272873516250.0,0,141234533000,,,179392877000,,,6409796157,3644420000.0,-242983000.0,-957082000.0,-1864090000.0,-99103000.0,-2350601000.0,-529285000.0,-77790000.0,6524306000.0,0.0,639537000.0,600425000.0,600425000.0,0.0,0.0,0.122,3977419000.0,955007000.0,57499219000,0.126,1.113,10.675,13.482,510591000,39112000.0,64.31,1.3,1.757,18281008000,3274353000,4932426000.0,4932426000.0,0.0,0.003,0.109,0.003,0.194,0.0,3253393000.0,1.0,99670287,134793949,148115050.0,36.592,185153782000,0,315470000.0,0,1373.606,
27,BSC1,ART,2001-12-31,2002-02-28,2001-11-30,2019-07-22,0,185530228000,174364525750.0,,,0.028,39.459,-185298000.0,16620420000,16620420000,0.0,618692000.0,,31.962,111971899000,,,111971899000,0,208822000.0,0,0.011,0.6,928171000.0,1136993000.0,0.232,1136993000.0,928171000.0,928171000.0,4.49,4.27,4.49,5628527000,5483262250.0,5628527000,100852374820,109.0,88.701,6367200000.0,44.637,1.0,4907035000.0,1.0,0,0.0,280881707000,267236309750.0,0,141564828000,,,179901701000,,,5500895820,5012773000.0,-242983000.0,-1048015000.0,-649268000.0,-100206000.0,-1029458000.0,-510267000.0,-81986000.0,6552498000.0,0.0,618692000.0,579579000.0,579579000.0,0.0,0.0,0.118,3972591000.0,934444000.0,61469686000,0.134,0.977,9.491,12.269,519089000,39113000.0,55.09,1.121,1.601,20387037000,3118635000,4907035000.0,4907035000.0,0.0,0.003,0.106,0.003,0.189,0.0,3255402000.0,1.0,99852892,142643018,152216936.0,34.401,185530228000,0,309479000.0,0,1300.661,
28,BSC1,ART,2001-09-30,2001-10-15,2001-08-31,2019-07-22,0,171105308000,170773587000.0,,,0.03,36.687,-222147000.0,15288692000,15288692000,0.0,658935000.0,,32.235,100086038000,,,100086038000,0,194079000.0,0,0.011,0.6,1000524000.0,1194603000.0,0.231,1194603000.0,1000524000.0,1000524000.0,,,,5148394000,5489702500.0,5148394000,89842736190,90.0,75.207,6648294000.0,47.376,1.0,5164031000.0,1.0,0,0.0,255902654000,265318695000.0,0,133496343000,,,165956914000,,,5045390190,2488371000.0,0.0,-1051014000.0,-4000389000.0,-102312000.0,-4152365000.0,-229705000.0,49846000.0,6870441000.0,0.0,658935000.0,619823000.0,619823000.0,0.0,0.0,0.12,4157234000.0,1006797000.0,62036589000,,0.98,8.14,,559024000,39112000.0,53.6,0.977,1.457,18601120000,2987350000,5164031000.0,5164031000.0,0.0,0.004,0.113,0.004,0.194,0.0,3776731000.0,1.0,94130414,140331572,149056301.0,36.799,171105308000,0,341589000.0,0,1219.293,
29,BSC1,ART,2001-06-30,2001-07-09,2001-05-25,2019-07-22,0,173005293000,171710389500.0,,,0.03,38.051,-192382000.0,9425187000,9425187000,0.0,705799000.0,,30.258,107788292000,,,107788292000,0,175735000.0,0,0.01,0.6,1065421000.0,1241156000.0,0.237,1241156000.0,1065421000.0,1065421000.0,,,,5534723000,5430504000.0,5534723000,104243488805,98.0,83.989,2150902000.0,14.787,1.0,5230751000.0,1.0,0,0.0,271368398000,274621119500.0,0,138829122000,,,167470570000,,,5880383805,692673000.0,0.0,-651365000.0,-1723648000.0,-103040000.0,-1478320000.0,-172291000.0,20091000.0,2343284000.0,0.0,705799000.0,666687000.0,666687000.0,0.0,0.0,0.127,4159057000.0,1071694000.0,56078184000,,1.062,8.82,,531302000,39112000.0,58.11,1.124,1.616,20762149000,2877942000,5230751000.0,5230751000.0,0.0,0.004,0.123,0.004,0.204,0.0,3701248000.0,1.0,101194008,145455590,154825604.0,35.961,173005293000,0,359622000.0,0,1189.403,
30,BSC1,ART,2001-03-31,2001-04-09,2001-02-23,2019-07-22,0,167817274000,171496730500.0,,,0.03,37.707,-173479000.0,11322978000,11322978000,0.0,654683000.0,,28.853,104298184000,,,104298184000,0,162229000.0,0,0.012,0.55,964411000.0,1126640000.0,0.217,1126640000.0,964411000.0,964411000.0,,,,5621405000,5263143750.0,5621405000,97633542932,101.0,86.659,5510878000.0,36.966,1.0,5183399000.0,1.0,0,0.0,260792480000,278671622500.0,0,134447716000,,,162195869000,,,4658336932,1846417000.0,0.0,-607497000.0,-3691029000.0,-98418000.0,-3644205000.0,-193735000.0,-20256000.0,5684357000.0,0.0,654683000.0,615571000.0,615571000.0,0.0,0.0,0.119,4212715000.0,970684000.0,53946373000,,0.829,7.568,,515485000,39112000.0,44.35,0.899,1.276,18166655000,2733919000,5183399000.0,5183399000.0,0.0,0.004,0.117,0.003,0.186,0.0,3560491000.0,1.0,105035782,149080028,158617123.0,34.769,167817274000,0,309728000.0,0,1125.686,
31,BSC1,ART,2000-12-31,2001-02-28,2000-11-30,2019-07-22,0,171166473000,173294877750.0,,,0.032,37.338,-192189000.0,6093206000,6093206000,0.0,773183000.0,,29.272,108137981000,,,108137981000,0,153616000.0,0,0.011,0.55,1171523000.0,1325139000.0,0.242,1325139000.0,1171523000.0,1171523000.0,5.37,5.35,5.37,5654288000,5092115250.0,5654288000,107623604448,92.0,81.217,-4431027000.0,-29.26,1.0,5475678000.0,1.0,0,0.0,273211248000,286522455500.0,0,142431728000,,,165512185000,,,5578829448,749491000.0,0.0,-726836000.0,5291317000.0,-99329000.0,5218690000.0,-230361000.0,-38172000.0,-4238838000.0,0.0,773183000.0,734070000.0,734070000.0,0.0,0.0,0.134,4304155000.0,1171523000.0,51235596000,0.102,0.987,7.6,9.717,542613000,39113000.0,52.18,1.019,1.443,18692823000,2600149000,5475678000.0,5475678000.0,0.0,0.004,0.144,0.004,0.214,0.0,3532233000.0,1.0,106915091,151437116,152034249.0,36.158,171166473000,0,398340000.0,0,1130.281,
32,BSC1,ART,2000-09-30,2000-10-10,2000-08-25,2019-07-22,0,174852518000,,,,,33.004,-178928000.0,2505368000,2505368000,0.0,705951000.0,,34.6,120765202000,,,120765202000,0,138270000.0,0,0.01,0.55,1093220000.0,1231490000.0,0.247,1231490000.0,1093220000.0,1093220000.0,4.865,,4.865,4911600000,,4911600000,124049529788,113.0,100.731,-7862315000.0,-52.832,1.0,4991340000.0,1.0,0,0.0,293112352000,,0,145208578000,,,169940918000,,,5789695788,-722484000.0,0.0,-730615000.0,8049958000.0,-100596000.0,7232215000.0,-271312000.0,-92384000.0,-7683387000.0,0.0,705951000.0,670098000.0,670098000.0,0.0,0.0,0.134,3898120000.0,1093220000.0,43704484000,0.113,1.179,8.64,11.151,530956000,35853000.0,54.25,1.16,1.617,23558941000,2430727000,4991340000.0,4991340000.0,0.0,,,,0.219,0.0,2839747000.0,1.0,106722503,148816237,149242192.0,33.54,174852518000,0,387269000.0,0,1174.956,
33,BSC1,ART,2000-06-30,2000-07-10,2000-05-26,2019-07-22,0,172150657000,,,,,31.915,-166140000.0,3447433000,3447433000,0.0,682372000.0,,34.383,118867186000,,,118867186000,0,138220000.0,0,0.012,0.533,1073214000.0,1211434000.0,0.254,1211434000.0,1073214000.0,1073214000.0,4.44,,4.44,4865282000,,4865282000,120061208646,112.0,99.107,-8640037000.0,-56.676,1.0,4765875000.0,1.0,0,0.0,287570410000,,0,144596277000,,,167285375000,,,4641455646,-1068686000.0,0.0,-749178000.0,8361828000.0,-102217000.0,7594593000.0,-189382000.0,-23242000.0,-8473897000.0,0.0,682372000.0,646519000.0,646519000.0,0.0,0.0,0.136,3692661000.0,1073214000.0,43547451000,0.12,0.954,7.179,9.713,514655000,35853000.0,43.125,0.974,1.379,21317493000,2275183000,4765875000.0,4765875000.0,0.0,,,,0.225,0.0,2682444000.0,1.0,107627957,152446615,152624273.0,31.263,172150657000,0,390842000.0,0,1129.252,
34,BSC1,ART,2000-03-31,2000-04-10,2000-02-25,2019-07-22,0,175009863000,170827618500.0,,,,31.32,,1681841000,1681841000,,,,34.447,118867790000,,,118867790000,0,,0,0.012,0.567,,,,,,,,,,4937291000,4713185500.0,4937291000,122235087364,,,,,1.0,,,0,,292195812000,283749836000.0,0,143926720000,,,170072572000,,,5049138364,,,,,,,,,,,,,,,,,,,45663246000,,1.023,,,504235000,,45.648,,,27231355000,2167875000,,,,,,,,,,1.0,110609487,157641253,,,175009863000,0,,0,1110.178,
35,BSC1,ART,1999-12-31,2000-02-14,1999-12-31,2019-07-22,0,177392594000,163953127250.0,,,0.032,43.471,-186314000.0,3008309000,3008309000,0.0,875979000.0,,34.982,119841043000,,,119841043000,0,143385000.0,0,0.014,0.55,1402930000.0,1546315000.0,0.297,1546315000.0,1402930000.0,1402930000.0,5.659,,5.659,4929997000,4847372000.0,4929997000,121302456805,86.0,78.446,-11255240000.0,-99.244,1.0,5212130000.0,1.0,0,0.0,294225328000,268930001750.0,0,150820176000,,,172462597000,,,4469722805,-841297000.0,0.0,-689839000.0,10849069000.0,-108523000.0,10396335000.0,-168706000.0,17608000.0,-11068926000.0,0.0,875979000.0,836866000.0,836866000.0,0.0,0.0,0.161,3809200000.0,1402930000.0,47742193000,0.097,0.907,5.341,6.965,517406000,39113000.0,39.412,0.858,0.858,21257872000,2033656000,5212130000.0,5212130000.0,0.0,0.005,0.173,0.005,0.269,0.0,2812698000.0,1.0,113409567,113409567,,45.958,177392594000,0,526951000.0,0,1564.177,
36,BSC1,ART,1999-09-30,1999-11-08,1999-09-24,2019-07-22,0,157880201000,157387603500.0,,,0.031,42.079,-171161000.0,4114495000,4114495000,0.0,766802000.0,,30.482,102578732000,,,102578732000,0,138143000.0,0,0.013,0.527,1220376000.0,1358519000.0,0.283,1358519000.0,1220376000.0,1220376000.0,4.819,,4.819,5014902000,4706523500.0,5014902000,103241962239,85.0,75.996,-199790000.0,-1.676,1.0,4807236000.0,1.0,0,0.0,256344438000,254537983500.0,0,133998413000,,,152865299000,,,4777725239,1225827000.0,0.0,-460936000.0,1299874000.0,-108146000.0,1370674000.0,-116218000.0,54943000.0,-28629000.0,0.0,766802000.0,727689000.0,727689000.0,0.0,0.0,0.151,3586860000.0,1220376000.0,45522644000,0.109,0.953,6.566,8.319,490298000,39113000.0,40.089,0.994,0.994,17473037000,2062300000,4807236000.0,4807236000.0,0.0,0.005,0.155,0.005,0.254,0.0,2674058000.0,1.0,119177098,119177098,,40.337,157880201000,0,453574000.0,0,1324.753,
37,BSC1,ART,1999-06-30,1999-09-28,1999-06-30,2019-07-22,0,153894340000,158686157750.0,,,0.028,40.182,-171806000.0,5020477000,5020477000,0.0,673048000.0,,30.055,100972518000,,,100972518000,0,133115000.0,0,0.014,0.527,1064108000.0,1197223000.0,0.266,1197223000.0,1064108000.0,1064108000.0,4.267,,4.267,4955509000,4533456000.0,4955509000,100463940905,94.0,83.914,62998000.0,0.511,1.0,4502124000.0,1.0,0,0.0,249846381000,254900819000.0,0,129112830000,,,148938831000,,,4511899905,1055259000.0,0.0,-482818000.0,864730000.0,-107666000.0,998063000.0,-177608000.0,-5802000.0,234804000.0,0.0,673048000.0,633618000.0,633618000.0,0.0,0.0,0.141,3438016000.0,1064108000.0,43018604000,0.124,0.91,7.121,8.574,486735000,39430000.0,36.585,1.002,1.002,17698511000,1931957000,4502124000.0,4502124000.0,0.0,0.004,0.14,0.004,0.236,0.0,2550871000.0,1.0,123325857,123325857,165483033.0,36.506,153894340000,0,391060000.0,0,1247.868,
38,BSC1,ART,1999-03-31,1999-05-10,1999-03-26,2019-07-22,0,166645374000,158836546500.0,,,0.027,36.719,-154614000.0,2249247000,2249247000,0.0,576265000.0,,36.122,110907733000,,,110907733000,0,130610000.0,0,0.006,0.26,904744000.0,1035354000.0,0.246,1035354000.0,904744000.0,904744000.0,3.631,,3.631,4489080000,4367462000.0,4489080000,113857266934,126.0,109.969,2409034000.0,19.705,1.0,4213157000.0,1.0,0,0.0,275303860000,253855706250.0,0,140542502000,,,162156294000,,,5198780934,541816000.0,0.0,-367465000.0,-2124704000.0,-115610000.0,-1737206000.0,-284626000.0,-130012000.0,2563648000.0,0.0,576265000.0,536577000.0,536577000.0,0.0,0.0,0.127,3308413000.0,904744000.0,43417956000,0.072,1.158,9.689,11.711,478619000,39688000.0,42.524,1.234,1.234,22050883000,1690154000,4213157000.0,4213157000.0,0.0,0.003,0.123,0.004,0.215,0.0,2371469000.0,1.0,122254242,122254242,,34.462,166645374000,0,328479000.0,0,1363.105,
39,BSC1,ART,1998-12-31,1999-02-16,1998-12-31,2019-07-22,0,151130499000,158768778500.0,,,0.025,37.344,-166739000.0,5253692000,5253692000,0.0,538612000.0,,33.611,90780448000,,,90780448000,0,126849000.0,0,0.003,0.127,837536000.0,964385000.0,0.239,964385000.0,837536000.0,837536000.0,3.322,,3.322,4366603000,4200778000.0,4366603000,90311605448,108.0,93.647,1546439000.0,13.225,1.0,4033263000.0,1.0,0,0.0,236657255000,253404105000.0,0,128721033000,,,146763896000,,,4784849448,394332000.0,0.0,-416362000.0,-1573453000.0,-112073000.0,-991562000.0,-327284000.0,-160545000.0,1713178000.0,0.0,538612000.0,499576000.0,499576000.0,0.0,0.0,0.124,3195727000.0,837536000.0,50924099000,0.038,1.096,9.578,12.318,474477000,39036000.0,40.921,1.186,1.186,15351770000,1736663000,4033263000.0,4033263000.0,0.0,0.003,0.119,0.003,0.208,0.0,2281162000.0,1.0,116929604,116929604,166273481.0,34.493,151130499000,0,298924000.0,0,1292.491,
40,BSC1,ART,1998-09-30,1998-11-09,1998-09-25,2019-07-22,0,163074418000,155363910000.0,,,0.026,34.825,,8229618000,8229618000,0.0,562914000.0,,36.726,102950980000,,,102950980000,0,,0,0.0,0.0,889663000.0,,,,889663000.0,889663000.0,3.528,,3.528,4322632000,3995246000.0,4322632000,98835547621,111.0,,,,1.0,4086234000.0,1.0,0,0.0,257795780000,251176161750.0,0,136886612000,,,158751786000,,,4114185621,,,,,,,,,,,562914000.0,527733000.0,527733000.0,0.0,0.0,0.129,3196571000.0,889663000.0,48535017000,0.0,0.952,7.796,9.395,457280000,35181000.0,33.146,1.007,1.007,15805066000,1627401000,4086234000.0,4086234000.0,0.0,0.003,0.132,0.004,0.218,,2257445000.0,1.0,124122654,124122654,167673331.0,32.921,163074418000,0,326749000.0,0,1313.817,
41,BSC1,ART,1998-06-30,1998-09-28,1998-06-30,2019-07-22,0,154495895000,,,,,33.775,-183652000.0,3356550000,3356550000,0.0,660429000.0,,35.0,94526585000,,,94526585000,0,115141000.0,0,0.0,0.0,1063492000.0,1178633000.0,0.271,1178633000.0,1063492000.0,1063492000.0,4.172,,4.172,4291533000,,4291533000,94792330340,89.0,80.426,-5629601000.0,-44.306,1.0,4341423000.0,1.0,0,0.0,245665930000,,0,131310397000,,,150204362000,,,3622295340,-175311000.0,0.0,-258036000.0,5360798000.0,-97990000.0,5720643000.0,-450005000.0,-266353000.0,-5445949000.0,0.0,660429000.0,629417000.0,629417000.0,0.0,0.0,0.145,3277931000.0,1063492000.0,47175030000,0.0,0.844,5.755,6.833,448044000,31012000.0,28.508,0.834,0.834,17607370000,1590574000,4341423000.0,4341423000.0,0.0,,,,0.245,0.0,2342584000.0,1.0,127062683,127062683,166456360.0,34.168,154495895000,0,403063000.0,0,1215.903,
42,BSC1,ART,1998-03-31,1998-05-08,1998-03-27,2019-07-22,0,166374302000,,,,,30.476,,2231048000,2231048000,,,,42.527,109354201000,,,109354201000,0,,0,0.0,0.0,,,,,,,,,,3822344000,,3822344000,113429946720,,,,,1.0,,,0,,273497455000,,0,140965941000,,,162551958000,,,6306793720,,,,,,,,,,,,,,,,,,,41699099000,,1.65,,,454615000,,50.285,,,21361699000,1445975000,,,,,,,,,,1.0,125421399,125421399,,,166374302000,0,,0,1326.522,
43,BSC1,ART,1997-12-31,1998-03-17,1997-12-31,2019-07-22,0,137511025000,,,,,27.932,,4076635000,4076635000,,,,37.796,94311092000,,,94311092000,0,,0,0.0,0.0,,,,,,,,,,3544475000,,3544475000,96120214007,,,,,1.0,,,0,,227745482000,,0,117637087000,,,133966550000,,,5885757007,,,,,,,,,,,,,,,,,,,37020621000,,1.661,,,434587000,,46.382,,,14142742000,1306688000,,,,,,,,,,1.0,126897548,126897548,,,137511025000,0,,0,1083.638,
