None,ticker,dimension,calendardate,datekey,reportperiod,lastupdated,accoci,assets,assetsavg,assetsc,assetsnc,assetturnover,bvps,capex,cashneq,cashnequsd,cor,consolinc,currentratio,de,debt,debtc,debtnc,debtusd,deferredrev,depamor,deposits,divyield,dps,ebit,ebitda,ebitdamargin,ebitdausd,ebitusd,ebt,eps,epsdil,epsusd,equity,equityavg,equityusd,ev,evebit,evebitda,fcf,fcfps,fxusd,gp,grossmargin,intangibles,intexp,invcap,invcapavg,inventory,investments,investmentsc,investmentsnc,liabilities,liabilitiesc,liabilitiesnc,marketcap,ncf,ncfbus,ncfcommon,ncfdebt,ncfdiv,ncff,ncfi,ncfinv,ncfo,ncfx,netinc,netinccmn,netinccmnusd,netincdis,netincnci,netmargin,opex,opinc,payables,payoutratio,pb,pe,pe1,ppnenet,prefdivis,price,ps,ps1,receivables,retearn,revenue,revenueusd,rnd,roa,roe,roic,ros,sbcomp,sgna,sharefactor,sharesbas,shareswa,shareswadil,sps,tangibles,taxassets,taxexp,taxliabilities,tbvps,workingcapital
0,GENZ,MRY,2010-12-31,2010-12-31,2010-12-31,2021-08-25,185073000.0,10913854000.0,10237917250.0,3700958000.0,7212896000.0,0.395,29.01,-654105000.0,1331112000.0,1331112000.0,1191540000.0,422144000.0,2.834,0.438,1106540000.0,7584000.0,1098956000.0,1106540000.0,60409000.0,495443000.0,0.0,0.0,0.0,404420000.0,899863000.0,0.222,899863000.0,404420000.0,397394000.0,1.61,1.57,1.61,7586973000.0,7147710750.0,7586973000.0,18649192410.0,46.0,20.724,-167133000.0,-0.639,1.0,2857168000.0,0.706,3161797000.0,7026000.0,6221520000.0,5607446250.0,586940000.0,683251000.0,147342000.0,535909000.0,3326881000.0,1305965000.0,2020916000.0,18440160410.0,597321000.0,915910000.0,-573481000.0,937725000.0,0.0,220922000.0,-75344000.0,-311902000.0,486972000.0,-35229000.0,422144000.0,422144000.0,422144000.0,-390081000.0,0.0,0.104,2821338000.0,35830000.0,132327000.0,0.0,2.431,43.682,44.224,2925584000.0,0.0,71.2,4.555,4.599,1089688000.0,2092240000.0,4048708000.0,4048708000.0,847284000.0,0.041,0.059,0.072,0.1,211584000.0,1553921000.0,1.0,258991017.0,261531000,268601000.0,15.481,7752057000.0,590481000.0,-24750000.0,118088000.0,29.641,2394993000.0
1,GENZ,MRY,2009-12-31,2009-12-31,2009-12-31,2021-08-25,322158000.0,10060724000.0,9686501000.0,2802803000.0,7257921000.0,0.411,28.581,-661713000.0,742246000.0,742246000.0,1070347000.0,422300000.0,2.595,0.309,124600000.0,8166000.0,116434000.0,124600000.0,38132000.0,456364000.0,0.0,0.0,0.0,545066000.0,1001430000.0,0.252,1001430000.0,545066000.0,545066000.0,1.57,1.54,1.57,7683652000.0,7604923250.0,7683652000.0,12452998537.0,23.0,12.435,517324000.0,1.924,1.0,2906941000.0,0.731,3716625000.0,0.0,4646323000.0,4498240000.0,608022000.0,381892000.0,163630000.0,218262000.0,2377072000.0,1080130000.0,1296942000.0,13006415537.0,170140000.0,-51336000.0,-313353000.0,-6596000.0,0.0,-336616000.0,-671424000.0,88703000.0,1179037000.0,-857000.0,422300000.0,422300000.0,422300000.0,4631000.0,0.0,0.106,2397342000.0,509599000.0,189629000.0,0.0,1.693,30.799,31.217,2809349000.0,0.0,49.01,3.27,3.313,899731000.0,1670096000.0,3977288000.0,3977288000.0,833853000.0,0.044,0.056,0.121,0.137,216374000.0,1244398000.0,1.0,265382892.0,268841000,274071000.0,14.794,6344099000.0,555242000.0,122766000.0,0.0,23.598,1722673000.0
2,GENZ,MRY,2008-12-31,2008-12-31,2008-12-31,2021-08-25,276211000.0,8671276000.0,9088191500.0,2516135000.0,6155141000.0,0.454,27.211,-597562000.0,572106000.0,572106000.0,855114000.0,421081000.0,2.752,0.187,131907000.0,7566000.0,124341000.0,131907000.0,26637000.0,374664000.0,0.0,0.0,0.0,633064000.0,1007728000.0,0.244,1007728000.0,633064000.0,628646000.0,1.57,1.5,1.57,7305993000.0,7132818000.0,7305993000.0,17858428697.0,28.0,17.721,161613000.0,0.602,1.0,3272311000.0,0.793,3055772000.0,4418000.0,4261022000.0,4330212000.0,453437000.0,484910000.0,57507000.0,427403000.0,1365283000.0,914283000.0,451000000.0,17954390697.0,-294906000.0,-16561000.0,175741000.0,-668201000.0,0.0,-466243000.0,-581540000.0,112909000.0,759175000.0,-6298000.0,421081000.0,421081000.0,421081000.0,6024000.0,0.0,0.102,2681699000.0,590612000.0,127869000.0,0.0,2.457,42.639,42.274,2306567000.0,0.0,66.37,4.35,4.317,1036940000.0,1247796000.0,4127425000.0,4127425000.0,1294411000.0,0.046,0.059,0.146,0.153,229019000.0,1172700000.0,1.0,270519673.0,268490000,285595000.0,15.373,5615504000.0,457342000.0,207565000.0,0.0,20.915,1601852000.0
3,GENZ,MRY,2007-12-31,2007-12-31,2007-12-31,2021-08-25,414078000.0,8314375000.0,7821551500.0,2621831000.0,5692544000.0,0.488,25.059,-412872000.0,867012000.0,867012000.0,927330000.0,480193000.0,1.767,0.257,810373000.0,696625000.0,113748000.0,810373000.0,29939000.0,338196000.0,0.0,0.0,0.0,747821000.0,1086017000.0,0.285,1086017000.0,747821000.0,735674000.0,1.82,1.74,1.82,6612937000.0,6230394750.0,6612937000.0,19760983671.0,26.0,18.196,505800000.0,1.917,1.0,2886189000.0,0.757,2959480000.0,12147000.0,3814329000.0,4166249250.0,439115000.0,682563000.0,80445000.0,602118000.0,1701438000.0,1483927000.0,217511000.0,19799232671.0,374842000.0,-334685000.0,54186000.0,-11819000.0,0.0,64623000.0,-591056000.0,221432000.0,918672000.0,-17397000.0,480193000.0,480193000.0,480193000.0,0.0,0.0,0.126,2232324000.0,653865000.0,128380000.0,0.0,2.994,41.232,40.901,1968402000.0,0.0,74.44,5.192,5.151,904101000.0,826715000.0,3813519000.0,3813519000.0,737685000.0,0.061,0.077,0.179,0.196,227536000.0,1187184000.0,1.0,265975721.0,263895000,280767000.0,14.451,5354895000.0,260005000.0,255481000.0,0.0,20.292,1137904000.0
4,GENZ,MRY,2006-12-31,2006-12-31,2006-12-31,2021-08-25,254205000.0,7191188000.0,7254255750.0,1989501000.0,5201687000.0,0.439,21.637,-333675000.0,492170000.0,492170000.0,735671000.0,-16797000.0,3.054,0.27,816029000.0,6226000.0,809803000.0,816029000.0,21530000.0,331389000.0,0.0,0.0,0.0,-37200000.0,294189000.0,0.092,294189000.0,-37200000.0,-52678000.0,-0.06,-0.06,-0.06,5660711000.0,5610675250.0,5660711000.0,16242223203.0,-437.0,55.21,554894000.0,2.121,1.0,2451342000.0,0.769,2790819000.0,15478000.0,4072789000.0,4053470500.0,374644000.0,867287000.0,119894000.0,747393000.0,1530477000.0,651439000.0,879038000.0,16186649203.0,200210000.0,-568953000.0,158305000.0,-25625000.0,0.0,152157000.0,-836412000.0,165556000.0,888569000.0,-4104000.0,-16797000.0,-16797000.0,-16797000.0,0.0,0.0,-0.005,2641851000.0,-190509000.0,98063000.0,0.0,2.859,-963.663,-1026.333,1610593000.0,0.0,61.58,5.079,5.055,746746000.0,312659000.0,3187013000.0,3187013000.0,649951000.0,-0.002,-0.003,-0.009,-0.012,247674000.0,1010400000.0,1.0,262855622.0,261624000,261624000.0,12.182,4400369000.0,136925000.0,-35881000.0,65762000.0,16.819,1338062000.0
5,GENZ,MRY,2005-12-31,2005-12-31,2005-12-31,2021-08-25,144488000.0,6878865000.0,6601667000.0,1664999000.0,5213866000.0,0.414,20.215,-192461000.0,291960000.0,291960000.0,632652000.0,441489000.0,3.027,0.336,820113000.0,4461000.0,815652000.0,820113000.0,19681000.0,284620000.0,0.0,0.0,0.0,648557000.0,933177000.0,0.341,933177000.0,648557000.0,628919000.0,1.73,1.65,1.73,5149867000.0,4836921250.0,5149867000.0,18798448347.0,29.0,20.145,539316000.0,2.117,1.0,2102190000.0,0.769,3078461000.0,19638000.0,3778534000.0,3595038500.0,297652000.0,942694000.0,196362000.0,746332000.0,1728998000.0,550023000.0,1178975000.0,18277252347.0,-188238000.0,-703074000.0,354708000.0,-110819000.0,0.0,258573000.0,-1190983000.0,-129038000.0,731777000.0,12395000.0,441489000.0,441489000.0,441489000.0,0.0,0.0,0.161,1501328000.0,600862000.0,96835000.0,0.0,3.549,41.399,40.913,1320813000.0,0.0,70.78,6.683,6.593,608326000.0,329456000.0,2734842000.0,2734842000.0,502657000.0,0.067,0.091,0.18,0.237,103005000.0,787839000.0,1.0,258226227.0,254758000,272224000.0,10.735,3800404000.0,170443000.0,187430000.0,338098000.0,14.918,1114976000.0
6,GENZ,MRY,2004-12-31,2004-12-31,2004-12-31,2021-08-25,286206000.0,6069421000.0,5183083500.0,1633629000.0,4435792000.0,0.425,19.196,-187400000.0,480198000.0,480198000.0,588586000.0,86527000.0,2.616,0.386,940494000.0,129503000.0,810991000.0,940494000.0,20328000.0,205114000.0,0.0,0.0,0.0,265923000.0,471037000.0,0.214,471037000.0,265923000.0,227696000.0,0.38,0.37,0.38,4380156000.0,3464246250.0,4380156000.0,13950334232.0,52.0,29.616,390112000.0,1.71,1.0,1612559000.0,0.733,2360315000.0,38227000.0,3545004000.0,3459226750.0,293658000.0,761399000.0,73393000.0,688006000.0,1689265000.0,624398000.0,1064867000.0,13325288232.0,187424000.0,-152377000.0,140311000.0,-500384000.0,0.0,-353727000.0,-45696000.0,294346000.0,577512000.0,9335000.0,86527000.0,86527000.0,86527000.0,0.0,0.0,0.039,1359646000.0,252913000.0,88140000.0,0.0,3.042,154.002,152.816,1310256000.0,0.0,58.07,6.054,6.02,546613000.0,-112033000.0,2201145000.0,2201145000.0,391802000.0,0.017,0.025,0.077,0.121,49984000.0,599388000.0,1.0,229469403.0,228175000,234318000.0,9.647,3709106000.0,160438000.0,141169000.0,275930000.0,16.256,1009231000.0
7,GENZ,MRY,2003-12-31,2003-12-31,2003-12-31,2021-08-25,188432000.0,5004528000.0,4418776750.0,1322976000.0,3681552000.0,0.388,13.385,-259598000.0,292774000.0,292774000.0,475644000.0,-67592000.0,3.375,0.704,1435759000.0,20410000.0,1415349000.0,1435759000.0,10225000.0,160459000.0,0.0,0.0,0.0,31655000.0,192114000.0,0.112,192114000.0,31655000.0,5055000.0,0.43,0.42,0.43,2936412000.0,2824326250.0,2936412000.0,11616244617.0,367.0,60.465,128260000.0,0.585,1.0,1238227000.0,0.722,1517791000.0,26600000.0,4237697000.0,3137151750.0,267472000.0,1057624000.0,120712000.0,936912000.0,2068116000.0,392025000.0,1676091000.0,11048015617.0,-114037000.0,-542893000.0,116459000.0,372304000.0,0.0,494056000.0,-1028192000.0,-216746000.0,387858000.0,32241000.0,-67592000.0,-67592000.0,-67592000.0,0.0,0.0,-0.039,1207176000.0,31051000.0,97474000.0,0.0,3.762,-163.452,114.628,1151133000.0,0.0,49.29,6.446,6.309,397439000.0,-198560000.0,1713871000.0,1713871000.0,335256000.0,-0.015,-0.024,0.01,0.018,58128000.0,519977000.0,1.0,224143145.0,219376000,225976000.0,7.812,3486737000.0,133707000.0,72647000.0,205923000.0,15.894,930951000.0
8,GENZ,MRY,2002-12-31,2002-12-31,2002-12-31,2021-08-25,56278000.0,4093199000.0,3946480000.0,1199184000.0,2894015000.0,0.337,12.605,-225437000.0,406811000.0,406811000.0,376209000.0,-13074000.0,2.11,0.517,894775000.0,294737000.0,600038000.0,894775000.0,17658000.0,134000000.0,0.0,0.0,0.0,33093000.0,167093000.0,0.126,167093000.0,33093000.0,5941000.0,0.83,0.81,0.83,2697847000.0,2600937500.0,2697847000.0,6853084690.0,207.0,41.014,-2598000.0,-0.012,1.0,953263000.0,0.717,1326553000.0,27152000.0,2686362000.0,2759562500.0,238809000.0,843056000.0,105992000.0,737064000.0,1395352000.0,568248000.0,827104000.0,6344685690.0,159800000.0,0.0,31898000.0,39771000.0,0.0,76650000.0,-162366000.0,60321000.0,222839000.0,22677000.0,-13074000.0,-13074000.0,-13074000.0,0.0,0.0,-0.01,841623000.0,111640000.0,44458000.0,0.0,2.352,-485.29,35.627,802448000.0,0.0,29.57,4.772,4.761,287141000.0,-130968000.0,1329472000.0,1329472000.0,308487000.0,-0.003,-0.005,0.012,0.025,9745000.0,438035000.0,1.0,214564954.0,214038000,219388000.0,6.211,2766646000.0,115244000.0,19015000.0,174929000.0,12.926,630936000.0
9,GENZ,MRY,2001-12-31,2001-12-31,2001-12-31,2021-08-25,-211000.0,3935745000.0,3715066000.0,849788000.0,3085957000.0,0.329,12.903,-184304000.0,247011000.0,247011000.0,363598000.0,-112156000.0,3.003,0.508,852555000.0,7746000.0,844809000.0,852555000.0,6700000.0,179009000.0,0.0,0.0,0.0,-77043000.0,101966000.0,0.083,101966000.0,-77043000.0,-114176000.0,0.22,0.21,0.22,2609189000.0,2460483000.0,2609189000.0,13315382607.0,-173.0,130.586,39875000.0,0.197,1.0,860032000.0,0.703,1506646000.0,37133000.0,2751653000.0,2450502750.0,171409000.0,962933000.0,66481000.0,896452000.0,1326556000.0,282990000.0,1043566000.0,12701630607.0,10798000.0,-58598000.0,91517000.0,430377000.0,0.0,529677000.0,-742369000.0,-504543000.0,224179000.0,-689000.0,-112156000.0,-112156000.0,-112156000.0,0.0,0.0,-0.092,905336000.0,-45304000.0,47860000.0,0.0,4.868,-113.25,272.091,635314000.0,0.0,59.86,10.38,9.893,259283000.0,-117894000.0,1223630000.0,1223630000.0,264004000.0,-0.03,-0.046,-0.031,-0.063,60372000.0,424640000.0,1.0,212188951.0,202221000,211176000.0,6.051,2429099000.0,70196000.0,-2020000.0,249070000.0,12.012,566798000.0
10,GENZ,MRY,2000-12-31,2000-12-31,2000-12-31,2021-08-25,883000.0,3318100000.0,2301438250.0,800751000.0,2517349000.0,0.393,12.627,-79736000.0,236213000.0,236213000.0,282560000.0,-62940000.0,3.321,0.525,685137000.0,19897000.0,665240000.0,685137000.0,8609000.0,57930000.0,0.0,0.0,0.0,8248000.0,66178000.0,0.073,66178000.0,8248000.0,-7462000.0,0.71,0.68,0.71,2175141000.0,1677199750.0,2175141000.0,7898562771.0,958.0,119.353,101679000.0,0.59,1.0,620760000.0,0.687,1539782000.0,15710000.0,1986143000.0,1764674500.0,170341000.0,535028000.0,104586000.0,430442000.0,1142959000.0,241099000.0,901860000.0,7822315771.0,106057000.0,-667276000.0,116181000.0,357306000.0,0.0,475563000.0,-550294000.0,204953000.0,181415000.0,-627000.0,-62940000.0,-62940000.0,-62940000.0,0.0,0.0,-0.07,661515000.0,-40755000.0,26165000.0,0.0,3.596,-124.282,63.336,504412000.0,0.0,44.969,8.66,8.576,205094000.0,-5738000.0,903320000.0,903320000.0,169478000.0,-0.027,-0.038,0.005,0.009,2185000.0,264551000.0,1.0,173950038.0,172263000,179366000.0,5.244,1778318000.0,46836000.0,55478000.0,277129000.0,10.323,559652000.0
11,GENZ,MRY,1999-12-31,1999-12-31,1999-12-31,2021-08-25,0.0,1787282000.0,1645177500.0,730187000.0,1057095000.0,0.469,8.162,-68936000.0,130156000.0,130156000.0,231781000.0,70981000.0,5.294,0.318,295702000.0,5080000.0,290622000.0,295702000.0,3700000.0,62652000.0,0.0,0.0,0.0,139699000.0,202351000.0,0.262,202351000.0,139699000.0,117928000.0,0.9,0.85,0.9,1356392000.0,1168848750.0,1356392000.0,3938236905.0,28.0,19.462,135075000.0,0.813,1.0,540507000.0,0.7,253153000.0,21771000.0,1561737000.0,1455643250.0,117269000.0,620693000.0,255846000.0,364847000.0,430890000.0,137938000.0,292952000.0,3785863905.0,11544000.0,-47240000.0,59986000.0,-70456000.0,0.0,-8181000.0,-182214000.0,-68897000.0,204011000.0,-2072000.0,70981000.0,70981000.0,70981000.0,0.0,0.0,0.092,423423000.0,117084000.0,27853000.0,0.0,2.791,53.336,25.0,383181000.0,0.0,22.5,4.902,4.842,166803000.0,57202000.0,772288000.0,772288000.0,150516000.0,0.043,0.061,0.096,0.181,58000.0,242797000.0,1.0,168260618.0,166185000,186456000.0,4.647,1534129000.0,59826000.0,46947000.0,27946000.0,9.231,592249000.0
12,GENZ,MRY,1998-12-31,1998-12-31,1998-12-31,2021-08-25,-10367000.0,1688854000.0,1523230500.0,638132000.0,1050722000.0,0.466,7.415,-53305000.0,118612000.0,118612000.0,259662000.0,62567000.0,2.887,0.44,387793000.0,100568000.0,287225000.0,387793000.0,2731000.0,58869000.0,0.0,0.0,0.0,125030000.0,183899000.0,0.259,183899000.0,125030000.0,102437000.0,0.765,0.74,0.765,1172535000.0,1080082750.0,1172535000.0,4334585904.0,35.0,23.57,57798000.0,0.366,1.0,449673000.0,0.634,279516000.0,22593000.0,1457503000.0,1298946500.0,109833000.0,509094000.0,175453000.0,333641000.0,516319000.0,221016000.0,295303000.0,4013500904.0,16206000.0,-5144000.0,76860000.0,211167000.0,0.0,289911000.0,-385142000.0,-321101000.0,111103000.0,334000.0,62567000.0,62567000.0,62567000.0,0.0,0.0,0.088,358542000.0,91131000.0,28785000.0,0.0,3.423,64.147,32.516,382619000.0,0.0,24.875,5.658,5.545,163042000.0,-13798000.0,709335000.0,709335000.0,119005000.0,0.041,0.058,0.096,0.176,8740000.0,215203000.0,1.0,161346770.0,158126000,171644000.0,4.486,1409338000.0,64002000.0,39870000.0,16543000.0,8.913,417116000.0
13,GENZ,MRY,1997-12-31,1997-12-31,1997-12-31,2021-08-25,-12005000.0,1295453000.0,1282980500.0,456585000.0,838868000.0,0.475,6.612,-28457000.0,102406000.0,102406000.0,253317000.0,13629000.0,4.317,0.28,171181000.0,905000.0,170276000.0,171181000.0,1800000.0,50964000.0,0.0,0.0,0.0,38396000.0,89360000.0,0.147,89360000.0,38396000.0,25729000.0,0.505,0.49,0.505,1012050000.0,957179500.0,1012050000.0,,,,11217000.0,0.073,1.0,355524000.0,0.584,271275000.0,12667000.0,987190000.0,1022902500.0,139681000.0,176001000.0,51259000.0,124742000.0,283403000.0,105763000.0,177640000.0,,9274000.0,-4592000.0,156036000.0,-68988000.0,0.0,87048000.0,-115173000.0,-80705000.0,39674000.0,-2275000.0,13629000.0,13629000.0,13629000.0,0.0,0.0,0.022,314279000.0,41245000.0,19787000.0,0.0,,,27.475,385348000.0,0.0,13.875,,3.488,118277000.0,-76346000.0,608841000.0,608841000.0,89558000.0,0.011,0.014,0.038,0.063,3160000.0,200476000.0,1.0,,153062000,157850000.0,3.978,1024178000.0,57080000.0,12100000.0,11168000.0,6.691,350822000.0
14,GENZ,MRY,1996-12-31,1996-12-31,1996-12-31,2021-08-25,-1118000.0,1270508000.0,,509618000.0,760890000.0,,6.607,-63802000.0,93132000.0,93132000.0,210012000.0,-72817000.0,4.47,0.408,242997000.0,999000.0,241998000.0,242997000.0,2693000.0,30192000.0,0.0,0.0,0.0,-62632000.0,-32440000.0,-0.063,-32440000.0,-62632000.0,-69622000.0,-0.225,,-0.225,902309000.0,,902309000.0,,,,-23785000.0,-0.174,1.0,308742000.0,0.595,247745000.0,6990000.0,1058615000.0,,125265000.0,105636000.0,56608000.0,49028000.0,368199000.0,114013000.0,254186000.0,,-51240000.0,-306265000.0,41556000.0,157498000.0,0.0,199054000.0,-292231000.0,85306000.0,40017000.0,1920000.0,-72817000.0,-72817000.0,-72817000.0,0.0,0.0,-0.14,384066000.0,-75324000.0,22271000.0,0.0,,,-48.333,393839000.0,0.0,10.875,,2.863,116833000.0,-89975000.0,518754000.0,518754000.0,80849000.0,,,,-0.121,460000.0,162264000.0,1.0,,136578000,,3.798,1022763000.0,59714000.0,3195000.0,17926000.0,7.488,395605000.0
15,GENZ,MRY,1995-12-31,1995-12-31,1995-12-31,2021-08-25,,,,,,,,-49988000.0,,,149832000.0,21650000.0,,,,,,,,22638000.0,,0.0,0.0,44408000.0,67046000.0,0.175,67046000.0,44408000.0,43299000.0,0.395,,0.395,,,,,,,-5286000.0,-0.048,1.0,233951000.0,0.61,,1109000.0,,,,,,,,,,,80830000.0,-4750000.0,223139000.0,-41449000.0,0.0,182797000.0,-145888000.0,-89885000.0,44702000.0,-781000.0,21650000.0,21650000.0,21650000.0,0.0,0.0,0.056,198155000.0,35796000.0,,0.0,,,39.478,,0.0,15.594,,4.513,,,383783000.0,383783000.0,68845000.0,,,,0.116,1013000.0,110447000.0,1.0,,111062000,,3.456,,,21649000.0,,,
0,GENZ,MRQ,2010-12-31,2010-12-31,2010-12-31,2021-08-25,185073000.0,10913854000.0,,3700958000.0,7212896000.0,,29.266,-156173000.0,1331112000.0,1331112000.0,335066000.0,471911000.0,2.834,0.438,1106540000.0,7584000.0,1098956000.0,1106540000.0,60409000.0,124433000.0,0.0,0.0,0.0,509322000.0,633755000.0,0.55,633755000.0,509322000.0,505654000.0,1.8,1.76,1.8,7586973000.0,,7586973000.0,18649192410.0,46.0,20.724,-233147000.0,-0.899,1.0,816787000.0,0.709,3161797000.0,3668000.0,6221520000.0,,586940000.0,683251000.0,147342000.0,535909000.0,3326881000.0,1305965000.0,2020916000.0,18440160410.0,440402000.0,915910000.0,152050000.0,-7025000.0,0.0,119635000.0,396495000.0,-353776000.0,-76974000.0,1246000.0,471911000.0,471911000.0,471911000.0,-401680000.0,0.0,0.41,708470000.0,108317000.0,132327000.0,0.0,2.431,43.682,44.224,2925584000.0,0.0,71.2,4.555,4.599,1089688000.0,2092240000.0,1151853000.0,1151853000.0,202097000.0,,,,,6067000.0,350003000.0,1.0,258991017.0,259245000,287525000.0,4.443,7752057000.0,590481000.0,33743000.0,118088000.0,29.902,2394993000.0
1,GENZ,MRQ,2010-09-30,2010-09-30,2010-09-30,2021-08-25,224260000.0,10419121000.0,,3090855000.0,7328266000.0,,27.417,-167634000.0,899165000.0,899165000.0,309273000.0,68954000.0,2.19,0.488,1108197000.0,7420000.0,1100777000.0,1108197000.0,60510000.0,124974000.0,0.0,0.0,0.0,89697000.0,214671000.0,0.214,214671000.0,89697000.0,86339000.0,0.27,0.26,0.27,7001237000.0,,7001237000.0,18472771769.0,-148.0,49.532,91154000.0,0.357,1.0,692527000.0,0.691,3220390000.0,3358000.0,5996367000.0,,596730000.0,332307000.0,101961000.0,230346000.0,3417884000.0,1411396000.0,2006488000.0,18040112769.0,217358000.0,0.0,216107000.0,-68939000.0,0.0,95005000.0,-137767000.0,31832000.0,258788000.0,1332000.0,68954000.0,68954000.0,68954000.0,5292000.0,0.0,0.069,603561000.0,88966000.0,172050000.0,0.0,2.577,-680.194,-884.875,2866947000.0,0.0,70.79,4.406,4.415,935194000.0,1620329000.0,1001800000.0,1001800000.0,207051000.0,,,,,79363000.0,337883000.0,1.0,254839847.0,255359000,263786000.0,3.923,7198731000.0,775425000.0,17385000.0,0.0,28.191,1679459000.0
2,GENZ,MRQ,2010-06-30,2010-06-30,2010-06-30,2021-08-25,52897000.0,9763899000.0,,2696012000.0,7067887000.0,,24.411,-178078000.0,681807000.0,681807000.0,368168000.0,-3773000.0,2.125,0.508,1114466000.0,8510000.0,1105956000.0,1114466000.0,46626000.0,123348000.0,0.0,0.0,0.0,-23726000.0,99622000.0,0.092,99622000.0,-23726000.0,-23726000.0,-0.01,-0.01,-0.01,6475405000.0,,6475405000.0,13027378837.0,-65.0,44.289,616000.0,0.002,1.0,711271000.0,0.659,3367068000.0,0.0,5560955000.0,,594112000.0,366574000.0,152706000.0,213868000.0,3288494000.0,1268535000.0,2019959000.0,13548919837.0,38470000.0,0.0,-971713000.0,1037509000.0,0.0,31991000.0,-149406000.0,26056000.0,178694000.0,-22809000.0,-3773000.0,-3773000.0,-3773000.0,0.0,0.0,-0.003,706005000.0,5266000.0,130323000.0,0.0,2.092,-170.467,-175.069,2846148000.0,0.0,50.77,3.374,3.354,890244000.0,1551375000.0,1079439000.0,1079439000.0,225558000.0,,,,,74379000.0,402535000.0,1.0,266868620.0,265270000,265270000.0,4.069,6396831000.0,706009000.0,-19953000.0,0.0,24.114,1427477000.0
3,GENZ,MRQ,2010-03-31,2010-03-31,2010-03-31,2021-08-25,199132000.0,9854795000.0,,2810036000.0,7044759000.0,,28.271,-152220000.0,643337000.0,643337000.0,345611000.0,-114948000.0,2.256,0.309,121796000.0,8407000.0,113389000.0,121796000.0,45455000.0,122688000.0,0.0,0.0,0.0,-176747000.0,-54059000.0,-0.05,-54059000.0,-176747000.0,-176747000.0,-0.43,-0.43,-0.43,7527228000.0,,7527228000.0,13174318607.0,146.0,23.091,-25756000.0,-0.097,1.0,728862000.0,0.678,3436602000.0,0.0,4650943000.0,,608642000.0,398243000.0,162011000.0,236232000.0,2327567000.0,1245709000.0,1081858000.0,13791964607.0,-98909000.0,0.0,30075000.0,-23820000.0,0.0,-25709000.0,-184666000.0,-16014000.0,126464000.0,-14998000.0,-114948000.0,-114948000.0,-114948000.0,0.0,0.0,-0.107,907773000.0,-178911000.0,175764000.0,0.0,1.832,123.29,126.415,2824099000.0,0.0,51.83,3.311,3.313,904102000.0,1555148000.0,1074473000.0,1074473000.0,220930000.0,,,,,51775000.0,553310000.0,1.0,266100031.0,266251000,266251000.0,4.036,6418193000.0,582688000.0,-61799000.0,0.0,24.106,1564327000.0
4,GENZ,MRQ,2009-12-31,2009-12-31,2009-12-31,2021-08-25,322158000.0,10060724000.0,,2802803000.0,7257921000.0,,28.93,-181277000.0,742246000.0,742246000.0,296135000.0,23245000.0,2.595,0.309,124600000.0,8166000.0,116434000.0,124600000.0,38132000.0,127005000.0,0.0,0.0,0.0,-14294000.0,112711000.0,0.12,112711000.0,-14294000.0,-14294000.0,0.09,0.09,0.09,7683652000.0,,7683652000.0,12452998537.0,23.0,12.435,41179000.0,0.155,1.0,642155000.0,0.684,3716625000.0,0.0,4646323000.0,,608022000.0,381892000.0,163630000.0,218262000.0,2377072000.0,1080130000.0,1296942000.0,13006415537.0,62687000.0,5902000.0,24396000.0,16864000.0,0.0,26521000.0,-184343000.0,1176000.0,222456000.0,-1947000.0,23245000.0,23245000.0,23245000.0,-1797000.0,0.0,0.025,663826000.0,-21671000.0,189629000.0,0.0,1.693,30.799,31.217,2809349000.0,0.0,49.01,3.27,3.313,899731000.0,1670096000.0,938290000.0,938290000.0,224918000.0,,,,,52586000.0,340374000.0,1.0,265382892.0,265595000,270159000.0,3.533,6344099000.0,555242000.0,-37539000.0,0.0,23.886,1722673000.0
5,GENZ,MRQ,2009-09-30,2009-09-30,2009-09-30,2021-08-25,353259000.0,9970288000.0,,2796548000.0,7173740000.0,,28.314,-162112000.0,679559000.0,679559000.0,279882000.0,15995000.0,2.55,0.309,126142000.0,7988000.0,118154000.0,126142000.0,29815000.0,120844000.0,0.0,0.0,0.0,15030000.0,135874000.0,0.147,135874000.0,15030000.0,15030000.0,0.06,0.06,0.06,7615331000.0,,7615331000.0,14730364738.0,21.0,13.154,194123000.0,0.722,1.0,643884000.0,0.697,3779951000.0,0.0,4540083000.0,,601939000.0,385185000.0,169153000.0,216032000.0,2354957000.0,1096837000.0,1258120000.0,15334594738.0,-52371000.0,59835000.0,-284123000.0,-4852000.0,0.0,-298987000.0,-108596000.0,7072000.0,356235000.0,-1023000.0,15995000.0,15995000.0,15995000.0,-2353000.0,0.0,0.017,635713000.0,8171000.0,164879000.0,0.0,2.014,31.572,31.693,2695231000.0,0.0,56.73,3.836,3.817,993206000.0,1646851000.0,923766000.0,923766000.0,215925000.0,,,,,49142000.0,323513000.0,1.0,270308386.0,268957000,273741000.0,3.435,6190337000.0,574471000.0,-965000.0,0.0,23.016,1699711000.0
6,GENZ,MRQ,2009-06-30,2009-06-30,2009-06-30,2021-08-25,298733000.0,10095086000.0,,2933312000.0,7161774000.0,,28.821,-156763000.0,731930000.0,731930000.0,350523000.0,187574000.0,2.628,0.297,127700000.0,7850000.0,119850000.0,127700000.0,32947000.0,109557000.0,0.0,0.0,0.0,266444000.0,376001000.0,0.306,376001000.0,266444000.0,266444000.0,0.69,0.68,0.69,7780469000.0,,7780469000.0,14503630059.0,17.0,11.531,185808000.0,0.688,1.0,877987000.0,0.715,3840197000.0,0.0,4534658000.0,,586686000.0,384839000.0,74504000.0,310335000.0,2314617000.0,1116001000.0,1198616000.0,15017768059.0,88492000.0,-117073000.0,18982000.0,-12563000.0,0.0,9016000.0,-266981000.0,22295000.0,342571000.0,3886000.0,187574000.0,187574000.0,187574000.0,0.0,0.0,0.153,637685000.0,240302000.0,160271000.0,0.0,1.93,25.484,25.654,2550269000.0,0.0,55.67,3.547,3.55,1213475000.0,1630856000.0,1228510000.0,1228510000.0,210522000.0,,,,,67029000.0,354128000.0,1.0,269764111.0,269958000,274852000.0,4.551,6254889000.0,549997000.0,78870000.0,0.0,23.17,1817311000.0
7,GENZ,MRQ,2009-03-31,2009-03-31,2009-03-31,2021-08-25,135259000.0,8619906000.0,,2534857000.0,6085049000.0,,27.1,-161561000.0,643438000.0,643438000.0,295812000.0,195486000.0,3.035,0.174,129300000.0,7792000.0,121508000.0,129300000.0,30739000.0,98958000.0,0.0,0.0,0.0,274370000.0,373328000.0,0.325,373328000.0,274370000.0,274370000.0,0.72,0.7,0.72,7340241000.0,,7340241000.0,15675438031.0,22.0,14.474,96214000.0,0.355,1.0,853059000.0,0.743,2998550000.0,0.0,4271896000.0,,438905000.0,391745000.0,58808000.0,332937000.0,1279665000.0,835322000.0,444343000.0,16115637031.0,71332000.0,0.0,-72608000.0,-6045000.0,0.0,-73166000.0,-111504000.0,58160000.0,257775000.0,-1773000.0,195486000.0,195486000.0,195486000.0,0.0,0.0,0.17,582484000.0,270575000.0,126850000.0,0.0,2.196,34.194,34.132,2354299000.0,0.0,59.39,3.859,3.852,1055896000.0,1443282000.0,1148871000.0,1148871000.0,206925000.0,,,,,47617000.0,317961000.0,1.0,271352703.0,270854000,277628000.0,4.242,5621356000.0,491721000.0,78884000.0,0.0,20.754,1699535000.0
8,GENZ,MRQ,2008-12-31,2008-12-31,2008-12-31,2021-08-25,276211000.0,8671276000.0,,2516135000.0,6155141000.0,,26.993,-163575000.0,572106000.0,572106000.0,-2737000.0,86650000.0,2.752,0.187,131907000.0,7566000.0,124341000.0,131907000.0,26637000.0,98622000.0,0.0,0.0,0.0,136001000.0,234623000.0,0.337,234623000.0,136001000.0,135179000.0,0.32,0.31,0.32,7305993000.0,,7305993000.0,17858428697.0,28.0,17.721,161535000.0,0.597,1.0,698683000.0,1.004,3055772000.0,822000.0,4261022000.0,,453437000.0,484910000.0,57507000.0,427403000.0,1365283000.0,914283000.0,451000000.0,17954390697.0,-346630000.0,0.0,24150000.0,-683809000.0,0.0,-653766000.0,-17810000.0,148354000.0,325110000.0,-164000.0,86650000.0,86650000.0,86650000.0,6024000.0,0.0,0.125,568380000.0,130303000.0,127869000.0,0.0,2.457,42.639,42.274,2306567000.0,0.0,66.37,4.35,4.317,1036940000.0,1247796000.0,695946000.0,695946000.0,344511000.0,,,,,46199000.0,175839000.0,1.0,270519673.0,270659000,284371000.0,2.571,5615504000.0,457342000.0,48529000.0,0.0,20.748,1601852000.0
9,GENZ,MRQ,2008-09-30,2008-09-30,2008-09-30,2021-08-25,348352000.0,9415585000.0,,2810106000.0,6605479000.0,,26.882,-182202000.0,918736000.0,918736000.0,285208000.0,119596000.0,1.904,0.301,822774000.0,697426000.0,125348000.0,822774000.0,32162000.0,92923000.0,0.0,0.0,0.0,180900000.0,273823000.0,0.236,273823000.0,180900000.0,180108000.0,0.44,0.42,0.44,7235884000.0,,7235884000.0,21843710402.0,35.0,21.838,72554000.0,0.27,1.0,875076000.0,0.754,3338604000.0,792000.0,4504991000.0,,442899000.0,724191000.0,76570000.0,647621000.0,2179701000.0,1476028000.0,703673000.0,21731380402.0,225049000.0,-16561000.0,167595000.0,-9815000.0,0.0,166653000.0,-211037000.0,-7366000.0,254756000.0,14677000.0,119596000.0,119596000.0,119596000.0,0.0,0.0,0.103,691707000.0,183369000.0,120729000.0,0.0,3.003,52.576,52.526,2268854000.0,0.0,80.89,4.864,4.873,1013534000.0,1161146000.0,1160284000.0,1160284000.0,305242000.0,,,,,68870000.0,331170000.0,1.0,268653485.0,269176000,288179000.0,4.311,6076981000.0,489071000.0,60512000.0,0.0,22.576,1334078000.0
10,GENZ,MRQ,2008-06-30,2008-06-30,2008-06-30,2021-08-25,518635000.0,9182852000.0,,2629830000.0,6553022000.0,,26.382,-129818000.0,693687000.0,693687000.0,300330000.0,69564000.0,1.762,0.304,806017000.0,696860000.0,109157000.0,806017000.0,33515000.0,92080000.0,0.0,0.0,0.0,109120000.0,201200000.0,0.172,201200000.0,109120000.0,107971000.0,0.26,0.25,0.26,7041404000.0,,7041404000.0,19139559013.0,28.0,18.45,-110042000.0,-0.412,1.0,870804000.0,0.744,3394232000.0,1149000.0,4408807000.0,,472538000.0,723737000.0,67688000.0,656049000.0,2141448000.0,1492143000.0,649305000.0,19214470013.0,-189111000.0,0.0,-33029000.0,9428000.0,0.0,-18899000.0,-187006000.0,11702000.0,19776000.0,-2982000.0,69564000.0,69564000.0,69564000.0,0.0,0.0,0.059,784771000.0,86033000.0,117180000.0,0.0,2.729,42.412,42.035,2212044000.0,0.0,71.88,4.502,4.495,1066478000.0,1041550000.0,1171134000.0,1171134000.0,381861000.0,,,,,59795000.0,347305000.0,1.0,267313161.0,266904000,284262000.0,4.388,5788620000.0,429478000.0,38407000.0,23166000.0,21.688,1137687000.0
11,GENZ,MRQ,2008-03-31,2008-03-31,2008-03-31,2021-08-25,527445000.0,9083053000.0,,2780389000.0,6302664000.0,,25.996,-121967000.0,882798000.0,882798000.0,272313000.0,145271000.0,1.884,0.307,807887000.0,696743000.0,111144000.0,807887000.0,37105000.0,91039000.0,0.0,0.0,0.0,207043000.0,298082000.0,0.271,298082000.0,207043000.0,205388000.0,0.54,0.52,0.54,6947991000.0,,6947991000.0,19892387303.0,28.0,18.615,37566000.0,0.141,1.0,827748000.0,0.752,3386451000.0,1655000.0,4146028000.0,,468824000.0,733486000.0,79050000.0,654436000.0,2135062000.0,1475663000.0,659399000.0,19949026303.0,15786000.0,0.0,17025000.0,15995000.0,0.0,39769000.0,-165687000.0,-39781000.0,159533000.0,-17829000.0,145271000.0,145271000.0,145271000.0,0.0,0.0,0.132,636841000.0,190907000.0,121192000.0,0.0,2.871,42.692,42.113,2118960000.0,0.0,74.54,4.95,4.943,1031095000.0,971986000.0,1100061000.0,1100061000.0,262797000.0,,,,,54155000.0,318386000.0,1.0,267628472.0,267276000,285208000.0,4.116,5696602000.0,279300000.0,60117000.0,19567000.0,21.314,1304726000.0
12,GENZ,MRQ,2007-12-31,2007-12-31,2007-12-31,2021-08-25,414078000.0,8314375000.0,,2621831000.0,5692544000.0,,24.915,-131563000.0,867012000.0,867012000.0,262657000.0,78899000.0,1.767,0.257,810373000.0,696625000.0,113748000.0,810373000.0,29939000.0,91640000.0,0.0,0.0,0.0,135529000.0,227169000.0,0.219,227169000.0,135529000.0,132665000.0,0.3,0.29,0.3,6612937000.0,,6612937000.0,19760983671.0,26.0,18.196,176282000.0,0.664,1.0,774101000.0,0.747,2959480000.0,2864000.0,3814329000.0,,439115000.0,682563000.0,80445000.0,602118000.0,1701438000.0,1483927000.0,217511000.0,19799232671.0,17148000.0,-270227000.0,135120000.0,-26472000.0,0.0,122014000.0,-411737000.0,9821000.0,307845000.0,-974000.0,78899000.0,78899000.0,78899000.0,0.0,0.0,0.076,663854000.0,110247000.0,128380000.0,0.0,2.994,41.232,40.901,1968402000.0,0.0,74.44,5.192,5.151,904101000.0,826715000.0,1036758000.0,1036758000.0,197323000.0,,,,,69865000.0,308377000.0,1.0,265975721.0,265419000,283374000.0,3.906,5354895000.0,260005000.0,53766000.0,0.0,20.175,1137904000.0
13,GENZ,MRQ,2007-09-30,2007-09-30,2007-09-30,2021-08-25,355720000.0,7842301000.0,,2524967000.0,5317334000.0,,23.913,-101268000.0,849864000.0,849864000.0,244612000.0,159313000.0,3.642,0.248,811615000.0,6519000.0,805096000.0,811615000.0,44881000.0,83729000.0,0.0,0.0,0.0,227219000.0,310948000.0,0.324,310948000.0,227219000.0,225745000.0,0.61,0.58,0.61,6283771000.0,,6283771000.0,16324453955.0,65.0,28.055,133391000.0,0.508,1.0,715547000.0,0.745,2689126000.0,1474000.0,4421718000.0,,438872000.0,707418000.0,87503000.0,619915000.0,1558530000.0,693208000.0,865322000.0,16303093955.0,58423000.0,-64458000.0,-85678000.0,2074000.0,0.0,-81889000.0,-67702000.0,116460000.0,234659000.0,-26645000.0,159313000.0,159313000.0,159313000.0,0.0,0.0,0.166,495925000.0,219622000.0,77823000.0,0.0,2.594,122.524,121.49,1850754000.0,0.0,61.96,4.49,4.484,879163000.0,747816000.0,960159000.0,960159000.0,175800000.0,,,,,47864000.0,270306000.0,1.0,263122885.0,262775000,279206000.0,3.654,5153175000.0,210015000.0,66432000.0,0.0,19.611,1831759000.0
14,GENZ,MRQ,2007-06-30,2007-06-30,2007-06-30,2021-08-25,272699000.0,7654865000.0,,2384185000.0,5270680000.0,,23.032,-97059000.0,791441000.0,791441000.0,217598000.0,83794000.0,3.356,0.259,812801000.0,6413000.0,806388000.0,812801000.0,19625000.0,80908000.0,0.0,0.0,0.0,151505000.0,232413000.0,0.249,232413000.0,151505000.0,147884000.0,0.32,0.31,0.32,6078420000.0,,6078420000.0,17130871360.0,-11880.0,52.321,81303000.0,0.308,1.0,715821000.0,0.767,2720421000.0,3621000.0,4245427000.0,,431610000.0,783182000.0,89010000.0,694172000.0,1576445000.0,710377000.0,866068000.0,17004656360.0,103676000.0,0.0,-23021000.0,-14832000.0,0.0,-37560000.0,-53694000.0,58488000.0,178362000.0,16568000.0,83794000.0,83794000.0,83794000.0,0.0,0.0,0.09,587387000.0,128434000.0,88555000.0,0.0,2.798,-1653.024,-1610.0,1742651000.0,0.0,64.4,4.887,4.885,826516000.0,588503000.0,933419000.0,933419000.0,198442000.0,,,,,65619000.0,339480000.0,1.0,264047459.0,263911000,280564000.0,3.537,4934444000.0,185706000.0,64090000.0,5605000.0,18.697,1673808000.0
15,GENZ,MRQ,2007-03-31,2007-03-31,2007-03-31,2021-08-25,268730000.0,7474665000.0,,2286555000.0,5188110000.0,,22.569,-82982000.0,687765000.0,687765000.0,202463000.0,158187000.0,3.458,0.257,813980000.0,6327000.0,807653000.0,813980000.0,42202000.0,81919000.0,0.0,0.0,0.0,233568000.0,315487000.0,0.357,315487000.0,233568000.0,229380000.0,0.6,0.57,0.6,5946451000.0,,5946451000.0,16136313582.0,354.0,42.858,114824000.0,0.436,1.0,680720000.0,0.771,2756036000.0,4188000.0,4183523000.0,,405016000.0,850639000.0,162729000.0,687910000.0,1528214000.0,661321000.0,866893000.0,15812454582.0,195595000.0,0.0,27765000.0,27411000.0,0.0,62058000.0,-57923000.0,36663000.0,197806000.0,-6346000.0,158187000.0,158187000.0,158187000.0,0.0,0.0,0.179,485158000.0,195562000.0,87820000.0,0.0,2.659,391.242,375.125,1670848000.0,0.0,60.02,4.735,4.736,787712000.0,504709000.0,883183000.0,883183000.0,166120000.0,,,,,44188000.0,269021000.0,1.0,263453092.0,263476000,279924000.0,3.352,4718629000.0,152884000.0,71193000.0,46574000.0,17.909,1625234000.0
16,GENZ,MRQ,2006-12-31,2006-12-31,2006-12-31,2021-08-25,254205000.0,7191188000.0,,1989501000.0,5201687000.0,,21.377,-96758000.0,492170000.0,492170000.0,198712000.0,-268234000.0,3.054,0.27,816029000.0,6226000.0,809803000.0,816029000.0,21530000.0,84738000.0,0.0,0.0,0.0,-361723000.0,-276985000.0,-0.324,-276985000.0,-361723000.0,-364956000.0,-1.02,-0.99,-1.02,5660711000.0,,5660711000.0,16242223203.0,-437.0,55.21,174879000.0,0.66,1.0,655529000.0,0.767,2790819000.0,3233000.0,4072789000.0,,374644000.0,867287000.0,119894000.0,747393000.0,1530477000.0,651439000.0,879038000.0,16186649203.0,-270717000.0,-569323000.0,46293000.0,-6185000.0,0.0,39731000.0,-572794000.0,129126000.0,271637000.0,-9291000.0,-268234000.0,-268234000.0,-268234000.0,0.0,0.0,-0.314,1039083000.0,-383554000.0,98063000.0,0.0,2.859,-963.663,-1026.333,1610593000.0,0.0,61.58,5.079,5.055,746746000.0,312659000.0,854241000.0,854241000.0,166394000.0,,,,,75683000.0,266551000.0,1.0,262855622.0,264801000,261624000.0,3.226,4400369000.0,136925000.0,-96722000.0,65762000.0,16.618,1338062000.0
17,GENZ,MRQ,2006-09-30,2006-09-30,2006-09-30,2021-08-25,227243000.0,7425038000.0,,2269413000.0,5155625000.0,,22.118,-80511000.0,762887000.0,762887000.0,184676000.0,15966000.0,4.111,0.284,818461000.0,7432000.0,811029000.0,818461000.0,17632000.0,81295000.0,0.0,0.0,0.0,-24792000.0,56503000.0,0.07,56503000.0,-24792000.0,-28564000.0,0.06,0.06,0.06,5784833000.0,,5784833000.0,17959458616.0,38.0,22.619,176256000.0,0.674,1.0,623898000.0,0.772,2773653000.0,3772000.0,4154868000.0,,355457000.0,991182000.0,187291000.0,803891000.0,1640205000.0,552091000.0,1088114000.0,17635035616.0,267695000.0,370000.0,54932000.0,-10247000.0,0.0,53145000.0,-44844000.0,58821000.0,256767000.0,2627000.0,15966000.0,15966000.0,15966000.0,0.0,0.0,0.02,671780000.0,-47882000.0,83410000.0,0.0,3.048,49.248,48.891,1513632000.0,0.0,67.47,5.76,5.764,696488000.0,580893000.0,808574000.0,808574000.0,162293000.0,,,,,49668000.0,239700000.0,1.0,261375954.0,261541000,278271000.0,3.092,4651385000.0,173016000.0,-44530000.0,261414000.0,17.785,1717322000.0
18,GENZ,MRQ,2006-06-30,2006-06-30,2006-06-30,2021-08-25,212150000.0,7372871000.0,,2055813000.0,5317058000.0,,21.673,-91097000.0,495192000.0,495192000.0,185333000.0,134497000.0,3.334,0.306,819615000.0,6122000.0,813493000.0,819615000.0,22634000.0,82965000.0,0.0,0.0,0.0,198534000.0,281499000.0,0.355,281499000.0,198534000.0,194499000.0,0.52,0.49,0.52,5644648000.0,,5644648000.0,16362007721.0,24.0,16.516,135038000.0,0.518,1.0,608023000.0,0.766,3028777000.0,4035000.0,4051885000.0,,354331000.0,937837000.0,168331000.0,769506000.0,1728223000.0,616632000.0,1111591000.0,15894018721.0,142605000.0,0.0,28976000.0,-7793000.0,0.0,26450000.0,-111441000.0,2320000.0,226135000.0,1461000.0,134497000.0,134497000.0,134497000.0,0.0,0.0,0.17,495304000.0,112719000.0,77178000.0,0.0,2.816,34.72,34.492,1458222000.0,0.0,61.05,5.368,5.37,678154000.0,564927000.0,793356000.0,793356000.0,168941000.0,,,,,85597000.0,273480000.0,1.0,260344287.0,260444000,276312000.0,3.046,4344094000.0,173337000.0,60002000.0,365256000.0,16.68,1439181000.0
19,GENZ,MRQ,2006-03-31,2006-03-31,2006-03-31,2021-08-25,175837000.0,7027926000.0,,1792836000.0,5235090000.0,,20.61,-65309000.0,352587000.0,352587000.0,166950000.0,100974000.0,3.475,0.313,820576000.0,6029000.0,814547000.0,820576000.0,21970000.0,82391000.0,0.0,0.0,0.0,150781000.0,233172000.0,0.319,233172000.0,150781000.0,146343000.0,0.39,0.37,0.39,5352509000.0,,5352509000.0,17992461276.0,27.0,18.83,68721000.0,0.265,1.0,563892000.0,0.772,3045680000.0,4438000.0,3934340000.0,,316427000.0,986031000.0,227857000.0,758174000.0,1675417000.0,515895000.0,1159522000.0,17463117276.0,60627000.0,0.0,28104000.0,-1400000.0,0.0,32831000.0,-107333000.0,-24711000.0,134030000.0,1099000.0,100974000.0,100974000.0,100974000.0,0.0,0.0,0.138,435684000.0,128208000.0,72759000.0,0.0,3.263,39.076,38.632,1370274000.0,0.0,67.22,6.158,6.156,629968000.0,430430000.0,730842000.0,730842000.0,152323000.0,,,,,36726000.0,230669000.0,1.0,259790498.0,259709000,276809000.0,2.814,3982246000.0,172173000.0,45369000.0,359349000.0,15.333,1276941000.0
20,GENZ,MRQ,2005-12-31,2005-12-31,2005-12-31,2021-08-25,144488000.0,6878865000.0,,1664999000.0,5213866000.0,,19.919,-60521000.0,291960000.0,291960000.0,188601000.0,106646000.0,3.027,0.336,820113000.0,4461000.0,815652000.0,820113000.0,19681000.0,71944000.0,0.0,0.0,0.0,150887000.0,222831000.0,0.306,222831000.0,150887000.0,146272000.0,0.41,0.39,0.41,5149867000.0,,5149867000.0,18798448347.0,29.0,20.145,112046000.0,0.433,1.0,540090000.0,0.741,3078461000.0,4615000.0,3778534000.0,,297652000.0,942694000.0,196362000.0,746332000.0,1728998000.0,550023000.0,1178975000.0,18277252347.0,-33966000.0,-15199000.0,58498000.0,-20786000.0,0.0,42658000.0,-263551000.0,-169952000.0,172567000.0,14360000.0,106646000.0,106646000.0,106646000.0,0.0,0.0,0.146,402293000.0,137797000.0,96835000.0,0.0,3.549,41.399,40.913,1320813000.0,0.0,70.78,6.683,6.593,608326000.0,329456000.0,728691000.0,728691000.0,138186000.0,,,,,26825000.0,207613000.0,1.0,258226227.0,258535000,276427000.0,2.819,3800404000.0,170443000.0,39626000.0,338098000.0,14.7,1114976000.0
21,GENZ,MRQ,2005-09-30,2005-09-30,2005-09-30,2021-08-25,166363000.0,6781965000.0,,1647786000.0,5134179000.0,,19.417,-51564000.0,325926000.0,325926000.0,152708000.0,115654000.0,2.671,0.362,847122000.0,30332000.0,816790000.0,847122000.0,28708000.0,79481000.0,0.0,0.0,0.0,173682000.0,253163000.0,0.358,253163000.0,173682000.0,166933000.0,0.45,0.43,0.45,4980216000.0,,4980216000.0,18559237722.0,49.0,28.737,158131000.0,0.617,1.0,555355000.0,0.784,3124176000.0,6749000.0,3562002000.0,,309769000.0,771237000.0,125914000.0,645323000.0,1801749000.0,616983000.0,1184766000.0,18388078722.0,-692253000.0,-677196000.0,126690000.0,-350200000.0,0.0,-221594000.0,-677634000.0,59278000.0,209695000.0,-2720000.0,115654000.0,115654000.0,115654000.0,0.0,0.0,0.163,393549000.0,161806000.0,68995000.0,0.0,3.692,103.594,115.548,1294990000.0,0.0,71.64,7.08,7.075,600576000.0,222810000.0,708063000.0,708063000.0,128000000.0,,,,,30079000.0,202002000.0,1.0,256673349.0,256490000,274492000.0,2.761,3657789000.0,199944000.0,51279000.0,408752000.0,14.261,1030803000.0
22,GENZ,MRQ,2005-06-30,2005-06-30,2005-06-30,2021-08-25,170519000.0,6653259000.0,,2209772000.0,4443487000.0,,18.567,-41480000.0,1018179000.0,1018179000.0,145250000.0,123631000.0,2.42,0.416,1189338000.0,379967000.0,809371000.0,1189338000.0,28103000.0,66136000.0,0.0,0.0,0.0,180227000.0,246363000.0,0.369,246363000.0,180227000.0,175761000.0,0.49,0.46,0.49,4698974000.0,,4698974000.0,15629094433.0,44.0,26.524,153491000.0,0.606,1.0,522889000.0,0.783,2447344000.0,4466000.0,3463975000.0,,277434000.0,757147000.0,109088000.0,648059000.0,1954285000.0,913099000.0,1041186000.0,15159647433.0,647599000.0,-113000.0,84411000.0,355238000.0,0.0,444435000.0,-1859000.0,56776000.0,194971000.0,10052000.0,123631000.0,123631000.0,123631000.0,0.0,0.0,0.185,358216000.0,164673000.0,63035000.0,0.0,3.226,94.958,100.15,1275087000.0,0.0,60.09,6.166,6.186,555883000.0,107156000.0,668139000.0,668139000.0,121726000.0,,,,,22837000.0,196385000.0,1.0,252282367.0,253086000,270084000.0,2.64,4205915000.0,165835000.0,52130000.0,298190000.0,16.619,1296673000.0
23,GENZ,MRQ,2005-03-31,2005-03-31,2005-03-31,2021-08-25,220669000.0,6092579000.0,,1559027000.0,4533552000.0,,18.008,-38896000.0,370580000.0,370580000.0,146093000.0,95558000.0,3.001,0.348,840027000.0,29991000.0,810036000.0,840027000.0,29618000.0,67059000.0,0.0,0.0,0.0,143761000.0,210820000.0,0.335,210820000.0,143761000.0,139953000.0,0.38,0.36,0.38,4518628000.0,,4518628000.0,14844894084.0,49.0,28.295,115648000.0,0.461,1.0,483856000.0,0.768,2466938000.0,3808000.0,3575643000.0,,282886000.0,809478000.0,113681000.0,695797000.0,1573951000.0,519445000.0,1054506000.0,14385202084.0,-109618000.0,-10566000.0,85109000.0,-95071000.0,0.0,-6926000.0,-247939000.0,-75140000.0,154544000.0,-9297000.0,95558000.0,95558000.0,95558000.0,0.0,0.0,0.152,347270000.0,136586000.0,61242000.0,0.0,3.184,125.975,124.435,1297802000.0,0.0,57.24,6.148,6.138,547978000.0,-16475000.0,629949000.0,629949000.0,114745000.0,,,,,23264000.0,181839000.0,1.0,251313803.0,250921000,267893000.0,2.511,3625641000.0,161756000.0,44395000.0,282964000.0,14.449,1039582000.0
24,GENZ,MRQ,2004-12-31,2004-12-31,2004-12-31,2021-08-25,286206000.0,6069421000.0,,1633629000.0,4435792000.0,,18.859,-58145000.0,480198000.0,480198000.0,163897000.0,-157342000.0,2.616,0.386,940494000.0,129503000.0,810991000.0,940494000.0,20328000.0,51534000.0,0.0,0.0,0.0,-116057000.0,-64523000.0,-0.109,-64523000.0,-116057000.0,-121034000.0,-0.7,-0.66,-0.7,4380156000.0,,4380156000.0,13950334232.0,52.0,29.616,134107000.0,0.577,1.0,427180000.0,0.723,2360315000.0,4977000.0,3545004000.0,,293658000.0,761399000.0,73393000.0,688006000.0,1689265000.0,624398000.0,1064867000.0,13325288232.0,148966000.0,112869000.0,35762000.0,-33358000.0,0.0,3166000.0,-54102000.0,-111526000.0,192252000.0,7650000.0,-157342000.0,-157342000.0,-157342000.0,0.0,0.0,-0.266,550169000.0,-122989000.0,88140000.0,0.0,3.042,154.002,152.816,1310256000.0,0.0,58.07,6.054,6.02,546613000.0,-112033000.0,591077000.0,591077000.0,107428000.0,,,,,17726000.0,155432000.0,1.0,229469403.0,232255000,210033000.0,2.545,3709106000.0,160438000.0,36308000.0,275930000.0,15.97,1009231000.0
25,GENZ,MRQ,2004-09-30,2004-09-30,2004-09-30,2021-08-25,184590000.0,4912714000.0,,1348036000.0,3564678000.0,,14.52,-45218000.0,331232000.0,331232000.0,154859000.0,97799000.0,2.562,0.483,956278000.0,119184000.0,837094000.0,956278000.0,20514000.0,50879000.0,0.0,0.0,0.0,145707000.0,196586000.0,0.345,196586000.0,145707000.0,140278000.0,0.43,0.41,0.43,3312831000.0,,3312831000.0,13097691097.0,28.0,19.523,115735000.0,0.507,1.0,414370000.0,0.728,1669358000.0,5429000.0,3342213000.0,,266478000.0,617926000.0,24785000.0,593141000.0,1599883000.0,526189000.0,1073694000.0,12404937097.0,41375000.0,-1103000.0,61266000.0,-15030000.0,0.0,49597000.0,-173357000.0,-128600000.0,160953000.0,4182000.0,97799000.0,97799000.0,97799000.0,0.0,0.0,0.172,267731000.0,146639000.0,63533000.0,0.0,3.745,41.189,40.604,1231775000.0,0.0,54.41,5.946,5.951,501990000.0,45309000.0,569229000.0,569229000.0,92188000.0,,,,,17191000.0,147886000.0,1.0,227990022.0,228156000,244406000.0,2.495,3243356000.0,134977000.0,42479000.0,177084000.0,14.216,821847000.0
26,GENZ,MRQ,2004-06-30,2004-06-30,2004-06-30,2021-08-25,171550000.0,4704755000.0,,1245228000.0,3459527000.0,,13.786,-51768000.0,289857000.0,289857000.0,142868000.0,78176000.0,2.503,0.506,982611000.0,144480000.0,838131000.0,982611000.0,20481000.0,52529000.0,0.0,0.0,0.0,129229000.0,181758000.0,0.331,181758000.0,129229000.0,111734000.0,0.35,0.33,0.35,3123689000.0,,3123689000.0,11884256670.0,47.0,26.679,83130000.0,0.367,1.0,406720000.0,0.74,1698415000.0,17495000.0,3201591000.0,,268920000.0,498311000.0,10543000.0,487768000.0,1581066000.0,497503000.0,1083563000.0,10721195670.0,29462000.0,-194286000.0,11113000.0,-440840000.0,0.0,-429943000.0,322203000.0,572814000.0,134898000.0,2304000.0,78176000.0,78176000.0,78176000.0,0.0,0.0,0.142,279465000.0,127255000.0,77543000.0,0.0,3.432,99.603,98.604,1202580000.0,0.0,47.33,5.487,5.488,473053000.0,-52490000.0,549588000.0,549588000.0,99370000.0,,,,,3990000.0,152850000.0,1.0,226520086.0,226578000,241230000.0,2.426,3006340000.0,133433000.0,33558000.0,186213000.0,13.268,747725000.0
27,GENZ,MRQ,2004-03-31,2004-03-31,2004-03-31,2021-08-25,181334000.0,5045444000.0,,1684910000.0,3360534000.0,,13.47,-32269000.0,260395000.0,260395000.0,126962000.0,67894000.0,1.825,0.66,1423456000.0,584398000.0,839058000.0,1423456000.0,13266000.0,50172000.0,0.0,0.0,0.0,107044000.0,157216000.0,0.32,157216000.0,107044000.0,96718000.0,0.3,0.29,0.3,3040309000.0,,3040309000.0,11714026593.0,173.0,48.234,57140000.0,0.253,1.0,364289000.0,0.742,1537411000.0,10326000.0,3748099000.0,,269542000.0,1098180000.0,517229000.0,580951000.0,2005135000.0,922995000.0,1082140000.0,10571041593.0,-32379000.0,-69857000.0,32170000.0,-11156000.0,0.0,23453000.0,-140440000.0,-38342000.0,89409000.0,-4801000.0,67894000.0,67894000.0,67894000.0,0.0,0.0,0.138,262281000.0,102008000.0,62845000.0,0.0,3.477,-234.563,101.696,1156083000.0,0.0,46.78,5.798,5.791,411528000.0,-130666000.0,491251000.0,491251000.0,92816000.0,,,,,11077000.0,143220000.0,1.0,225973527.0,225711000,241603000.0,2.176,3508033000.0,133034000.0,28824000.0,187296000.0,15.542,761915000.0
28,GENZ,MRQ,2003-12-31,2003-12-31,2003-12-31,2021-08-25,188432000.0,5004528000.0,,1322976000.0,3681552000.0,,13.103,-90063000.0,292774000.0,292774000.0,129392000.0,57302000.0,3.375,0.704,1435759000.0,20410000.0,1415349000.0,1435759000.0,10225000.0,49370000.0,0.0,0.0,0.0,85965000.0,135335000.0,0.284,135335000.0,85965000.0,76572000.0,0.26,0.25,0.26,2936412000.0,,2936412000.0,11616244617.0,367.0,60.465,12070000.0,0.054,1.0,346739000.0,0.728,1517791000.0,9393000.0,4237697000.0,,267472000.0,1057624000.0,120712000.0,936912000.0,2068116000.0,392025000.0,1676091000.0,11048015617.0,-56134000.0,-38244000.0,33077000.0,368849000.0,0.0,407334000.0,-578103000.0,-457118000.0,102133000.0,12502000.0,57302000.0,57302000.0,57302000.0,0.0,0.0,0.12,271038000.0,75701000.0,97474000.0,0.0,3.762,-163.452,114.628,1151133000.0,0.0,49.29,6.446,6.309,397439000.0,-198560000.0,476131000.0,476131000.0,97588000.0,,,,,36055000.0,147606000.0,1.0,224143145.0,224101000,231988000.0,2.125,3486737000.0,133707000.0,19270000.0,205923000.0,15.559,930951000.0
29,GENZ,MRQ,2003-09-30,2003-09-30,2003-09-30,2021-08-25,133080000.0,4327316000.0,,1251011000.0,3076305000.0,,12.503,-57645000.0,348908000.0,348908000.0,114863000.0,-95733000.0,1.7,0.559,917137000.0,311733000.0,605404000.0,917137000.0,11639000.0,37841000.0,0.0,0.0,0.0,-66698000.0,-28857000.0,-0.066,-28857000.0,-66698000.0,-71080000.0,-0.43,-0.43,-0.43,2775703000.0,,2775703000.0,10841557615.0,-459.0,88.34,64965000.0,0.293,1.0,322115000.0,0.737,1537571000.0,4382000.0,2621998000.0,,236063000.0,620947000.0,59923000.0,561024000.0,1551613000.0,735976000.0,815637000.0,10283744615.0,6278000.0,-504649000.0,38240000.0,-2606000.0,0.0,35023000.0,-151100000.0,416869000.0,122610000.0,-255000.0,-95733000.0,-95733000.0,-95733000.0,0.0,0.0,-0.219,395577000.0,-73462000.0,60820000.0,0.0,3.705,-102.993,118.744,926569000.0,0.0,46.31,6.44,6.438,369241000.0,-255862000.0,436978000.0,436978000.0,82974000.0,,,,,11938000.0,127340000.0,1.0,222063153.0,222000000,222000000.0,1.968,2789745000.0,173106000.0,24653000.0,269885000.0,12.566,515035000.0
30,GENZ,MRQ,2003-06-30,2003-06-30,2003-06-30,2021-08-25,131772000.0,4179022000.0,,1308491000.0,2870531000.0,,12.982,-66138000.0,342630000.0,342630000.0,119577000.0,-74530000.0,2.116,0.488,900443000.0,300351000.0,600092000.0,900443000.0,16796000.0,37634000.0,0.0,0.0,0.0,-58469000.0,-20835000.0,-0.05,-20835000.0,-58469000.0,-64804000.0,0.33,0.32,0.33,2808266000.0,,2808266000.0,9527192461.0,117.0,42.479,20587000.0,0.095,1.0,299326000.0,0.715,1167622000.0,6335000.0,2950786000.0,,210725000.0,1030421000.0,246183000.0,784238000.0,1370756000.0,618427000.0,752329000.0,9032919461.0,-57672000.0,0.0,36131000.0,3974000.0,0.0,40352000.0,-199504000.0,-123366000.0,86725000.0,14755000.0,-74530000.0,-74530000.0,-74530000.0,0.0,0.0,-0.178,333201000.0,-33875000.0,37478000.0,0.0,3.217,431.392,39.121,882609000.0,0.0,41.86,6.022,6.036,349093000.0,-160129000.0,418903000.0,418903000.0,79063000.0,,,,,7059000.0,130807000.0,1.0,215788807.0,216313000,222867000.0,1.937,3011400000.0,106065000.0,9726000.0,203553000.0,13.921,690064000.0
31,GENZ,MRQ,2003-03-31,2003-03-31,2003-03-31,2021-08-25,77976000.0,4164241000.0,,1203853000.0,2960388000.0,,12.91,-45752000.0,400302000.0,400302000.0,111812000.0,45369000.0,1.969,0.5,894575000.0,294549000.0,600026000.0,894575000.0,24357000.0,35614000.0,0.0,0.0,0.0,70857000.0,106471000.0,0.279,106471000.0,70857000.0,64367000.0,0.29,0.28,0.29,2776924000.0,,2776924000.0,8329054393.0,45.0,25.741,30638000.0,0.142,1.0,270047000.0,0.707,1309049000.0,6490000.0,2738126000.0,,226478000.0,900533000.0,114889000.0,785644000.0,1387317000.0,611339000.0,775978000.0,7841090393.0,-6509000.0,0.0,9011000.0,2087000.0,0.0,11347000.0,-99485000.0,-53131000.0,76390000.0,5239000.0,45369000.0,45369000.0,45369000.0,0.0,0.0,0.119,207360000.0,62687000.0,41933000.0,0.0,2.824,63.341,37.577,831040000.0,0.0,36.45,5.548,5.547,310035000.0,-85599000.0,381859000.0,381859000.0,75631000.0,,,,,3076000.0,114224000.0,1.0,215119078.0,215091000,220432000.0,1.775,2855192000.0,106167000.0,18998000.0,234445000.0,13.274,592514000.0
32,GENZ,MRQ,2002-12-31,2002-12-31,2002-12-31,2021-08-25,56278000.0,4093199000.0,,1199184000.0,2894015000.0,,12.572,-63096000.0,406811000.0,406811000.0,102435000.0,25045000.0,2.11,0.517,894775000.0,294737000.0,600038000.0,894775000.0,17658000.0,35232000.0,0.0,0.0,0.0,30714000.0,65946000.0,0.184,65946000.0,30714000.0,24029000.0,0.2,0.2,0.2,2697847000.0,,2697847000.0,6853084690.0,207.0,41.014,-601000.0,-0.003,1.0,256739000.0,0.715,1326553000.0,6685000.0,2686362000.0,,238809000.0,843056000.0,105992000.0,737064000.0,1395352000.0,568248000.0,827104000.0,6344685690.0,33561000.0,24750000.0,5035000.0,12226000.0,0.0,24474000.0,-64908000.0,-27491000.0,62495000.0,11500000.0,25045000.0,25045000.0,25045000.0,0.0,0.0,0.07,215893000.0,40846000.0,44458000.0,0.0,2.352,-485.29,35.627,802448000.0,0.0,29.57,4.772,4.761,287141000.0,-130968000.0,359174000.0,359174000.0,75714000.0,,,,,8659000.0,108681000.0,1.0,214564954.0,214599000,219313000.0,1.674,2766646000.0,115244000.0,-1016000.0,174929000.0,12.892,630936000.0
33,GENZ,MRQ,2002-09-30,2002-09-30,2002-09-30,2021-08-25,13667000.0,3954338000.0,,1029770000.0,2924568000.0,,12.223,-66142000.0,373250000.0,373250000.0,93641000.0,25055000.0,3.187,0.51,881649000.0,12430000.0,869219000.0,881649000.0,8861000.0,34442000.0,0.0,0.0,0.0,38257000.0,72699000.0,0.214,72699000.0,38257000.0,31655000.0,0.25,0.25,0.25,2619355000.0,,2619355000.0,5013572517.0,667.0,31.316,30851000.0,0.144,1.0,246525000.0,0.725,1357106000.0,6602000.0,2782469000.0,,202781000.0,847564000.0,67538000.0,780026000.0,1334983000.0,323162000.0,1011821000.0,4416296517.0,84247000.0,-10637000.0,5446000.0,-10354000.0,0.0,-5842000.0,-16514000.0,59705000.0,96993000.0,9610000.0,25055000.0,25055000.0,25055000.0,0.0,0.0,0.074,218632000.0,27893000.0,39791000.0,0.0,1.686,-99.238,24.536,757375000.0,0.0,20.61,3.409,3.409,280306000.0,-156013000.0,340166000.0,340166000.0,74698000.0,,,,,335000.0,115514000.0,1.0,214279307.0,214303000,217541000.0,1.587,2597232000.0,70260000.0,6600000.0,217228000.0,12.119,706608000.0
34,GENZ,MRQ,2002-06-30,2002-06-30,2002-06-30,2021-08-25,11797000.0,3911859000.0,,970633000.0,2941226000.0,,12.082,-52658000.0,289003000.0,289003000.0,92961000.0,28323000.0,3.221,0.514,886279000.0,16898000.0,869381000.0,886279000.0,8630000.0,32779000.0,0.0,0.0,0.0,45675000.0,78454000.0,0.236,78454000.0,45675000.0,38616000.0,0.23,0.23,0.23,2584566000.0,,2584566000.0,4685776281.0,-36.0,129.857,-12023000.0,-0.056,1.0,239231000.0,0.72,1374075000.0,7059000.0,2833746000.0,,191351000.0,905919000.0,80104000.0,825815000.0,1327293000.0,301314000.0,1025979000.0,4114458281.0,-26531000.0,-5962000.0,9681000.0,5592000.0,0.0,14553000.0,-85202000.0,-25146000.0,40635000.0,3483000.0,28323000.0,28323000.0,28323000.0,0.0,0.0,0.085,204402000.0,34829000.0,35649000.0,0.0,1.592,-23.889,87.455,715622000.0,0.0,19.24,3.227,3.228,295997000.0,-181068000.0,332192000.0,332192000.0,75934000.0,,,,,359000.0,110882000.0,1.0,213849183.0,213917000,219634000.0,1.553,2537784000.0,70277000.0,10293000.0,228813000.0,11.863,669319000.0
35,GENZ,MRQ,2002-03-31,2002-03-31,2002-03-31,2021-08-25,-32990000.0,3826524000.0,,940080000.0,2886444000.0,,11.728,-43541000.0,315534000.0,315534000.0,87172000.0,-91497000.0,3.467,0.529,886852000.0,7278000.0,879574000.0,886852000.0,7187000.0,31547000.0,0.0,0.0,0.0,-81553000.0,-50006000.0,-0.168,-50006000.0,-81553000.0,-88359000.0,0.14,0.14,0.14,2501982000.0,,2501982000.0,9880043490.0,-57.0,4886.273,-20825000.0,-0.098,1.0,210768000.0,0.707,1390982000.0,6806000.0,2735673000.0,,173764000.0,875276000.0,85308000.0,789968000.0,1324542000.0,271187000.0,1053355000.0,9266291490.0,68523000.0,-8151000.0,11736000.0,32307000.0,0.0,43465000.0,4258000.0,53253000.0,22716000.0,-1916000.0,-91497000.0,-91497000.0,-91497000.0,0.0,0.0,-0.307,202696000.0,8072000.0,33780000.0,0.0,3.704,-44.784,256.882,662277000.0,0.0,43.67,7.453,7.493,252208000.0,-209391000.0,297940000.0,297940000.0,82141000.0,,,,,392000.0,102958000.0,1.0,212188951.0,213332000,221064000.0,1.397,2435542000.0,70188000.0,3138000.0,229767000.0,11.417,668893000.0
36,GENZ,MRQ,2001-12-31,2001-12-31,2001-12-31,2021-08-25,-211000.0,3935745000.0,,849788000.0,3085957000.0,,12.287,-61075000.0,247011000.0,247011000.0,91114000.0,-6383000.0,3.003,0.508,852555000.0,7746000.0,844809000.0,852555000.0,6700000.0,53806000.0,0.0,0.0,0.0,5143000.0,58949000.0,0.181,58949000.0,5143000.0,-1115000.0,0.22,0.21,0.22,2609189000.0,,2609189000.0,13315382607.0,-173.0,130.586,-3324000.0,-0.016,1.0,234119000.0,0.72,1506646000.0,6258000.0,2751653000.0,,171409000.0,962933000.0,66481000.0,896452000.0,1326556000.0,282990000.0,1043566000.0,12701630607.0,23591000.0,51079000.0,17029000.0,21332000.0,0.0,40011000.0,-75185000.0,-60419000.0,57751000.0,1014000.0,-6383000.0,-6383000.0,-6383000.0,0.0,0.0,-0.02,214192000.0,19927000.0,47860000.0,0.0,4.868,-113.25,272.091,635314000.0,0.0,59.86,10.38,9.893,259283000.0,-117894000.0,325233000.0,325233000.0,75353000.0,,,,,52997000.0,107830000.0,1.0,212188951.0,212361000,248181000.0,1.532,2429099000.0,70196000.0,5268000.0,249070000.0,11.439,566798000.0
37,GENZ,MRQ,2001-09-30,2001-09-30,2001-09-30,2021-08-25,5419000.0,3863271000.0,,834781000.0,3028490000.0,,12.423,-51162000.0,223420000.0,223420000.0,89503000.0,-102676000.0,3.316,0.493,837172000.0,8135000.0,829037000.0,837172000.0,3667000.0,47178000.0,0.0,0.0,0.0,-98491000.0,-51313000.0,-0.161,-51313000.0,-98491000.0,-107230000.0,-0.37,-0.37,-0.37,2588334000.0,,2588334000.0,9852029160.0,-39.0,-85.081,52537000.0,0.252,1.0,229992000.0,0.72,1561037000.0,8739000.0,2664265000.0,,173952000.0,938444000.0,113582000.0,824862000.0,1274937000.0,251721000.0,1023216000.0,9431014160.0,-215884000.0,-3513000.0,15409000.0,-3721000.0,0.0,12214000.0,-332650000.0,-287072000.0,103699000.0,853000.0,-102676000.0,-102676000.0,-102676000.0,0.0,0.0,-0.321,308907000.0,-78915000.0,41119000.0,0.0,3.644,-33.156,-133.588,595028000.0,0.0,45.42,8.256,8.284,239276000.0,-111511000.0,319495000.0,319495000.0,69127000.0,,,,,2403000.0,122030000.0,1.0,207640118.0,208350000,208350000.0,1.533,2302234000.0,47074000.0,-4554000.0,220225000.0,11.05,583060000.0
38,GENZ,MRQ,2001-06-30,2001-06-30,2001-06-30,2021-08-25,-17430000.0,3796836000.0,,1034136000.0,2762700000.0,,12.606,-52216000.0,439304000.0,439304000.0,93028000.0,-6354000.0,4.168,0.533,860319000.0,20435000.0,839884000.0,860319000.0,3044000.0,42044000.0,0.0,0.0,0.0,2348000.0,44392000.0,0.148,44392000.0,2348000.0,-8418000.0,0.18,0.17,0.18,2476052000.0,,2476052000.0,12295428610.0,-123.0,3598.311,-3517000.0,-0.018,1.0,207613000.0,0.691,1573563000.0,10766000.0,2396204000.0,,166146000.0,681796000.0,98834000.0,582962000.0,1320784000.0,248084000.0,1072700000.0,11818567610.0,231722000.0,-72356000.0,38128000.0,409681000.0,0.0,447805000.0,-268656000.0,-146241000.0,48699000.0,3874000.0,-6354000.0,-6354000.0,-6354000.0,0.0,0.0,-0.021,205022000.0,2591000.0,33543000.0,0.0,4.773,-80.209,164.865,553358000.0,0.0,61.0,11.254,11.409,238204000.0,-8835000.0,300641000.0,300641000.0,62414000.0,,,,,2402000.0,103666000.0,1.0,193747010.0,196423000,205685000.0,1.531,2223273000.0,47021000.0,-2064000.0,276831000.0,11.319,786052000.0
39,GENZ,MRQ,2001-03-31,2001-03-31,2001-03-31,2021-08-25,-36386000.0,3264412000.0,,788589000.0,2475823000.0,,11.308,-19851000.0,207582000.0,207582000.0,89953000.0,3257000.0,3.662,0.505,684443000.0,19869000.0,664574000.0,684443000.0,5401000.0,35981000.0,0.0,0.0,0.0,13957000.0,49938000.0,0.179,49938000.0,13957000.0,2587000.0,0.21,0.2,0.21,2168357000.0,,2168357000.0,7932700466.0,-312.0,154.612,-5821000.0,-0.03,1.0,188308000.0,0.677,1536065000.0,11370000.0,1989889000.0,,165437000.0,499094000.0,122557000.0,376537000.0,1096055000.0,215319000.0,880736000.0,7856453466.0,-28631000.0,-33808000.0,20951000.0,3085000.0,0.0,29647000.0,-65878000.0,-10811000.0,14030000.0,-6430000.0,3257000.0,3257000.0,3257000.0,0.0,0.0,0.012,177215000.0,11093000.0,30133000.0,0.0,3.623,-85.862,74.041,512386000.0,0.0,45.165,8.071,8.897,211452000.0,-2481000.0,278261000.0,278261000.0,57110000.0,,,,,2570000.0,91114000.0,1.0,173950038.0,191750000,200800000.0,1.451,1728347000.0,45024000.0,-670000.0,48956000.0,9.014,573270000.0
40,GENZ,MRQ,2000-12-31,2000-12-31,2000-12-31,2021-08-25,883000.0,3318100000.0,,800751000.0,2517349000.0,,12.262,-27473000.0,236213000.0,236213000.0,81043000.0,-178671000.0,3.321,0.525,685137000.0,19897000.0,665240000.0,685137000.0,8609000.0,12556000.0,0.0,0.0,0.0,-171369000.0,-158813000.0,-0.651,-158813000.0,-171369000.0,-174294000.0,-0.36,-0.31,-0.36,2175141000.0,,2175141000.0,7898562771.0,958.0,119.353,36362000.0,0.205,1.0,162875000.0,0.668,1539782000.0,2925000.0,1986143000.0,,170341000.0,535028000.0,104586000.0,430442000.0,1142959000.0,241099000.0,901860000.0,7822315771.0,20645000.0,-647295000.0,12059000.0,362306000.0,0.0,375165000.0,-421536000.0,259946000.0,63835000.0,3181000.0,-178671000.0,-178671000.0,-178671000.0,0.0,0.0,-0.733,327012000.0,-164137000.0,26165000.0,0.0,3.596,-124.282,63.336,504412000.0,0.0,44.969,8.66,8.576,205094000.0,-5738000.0,243918000.0,243918000.0,45524000.0,,,,,2185000.0,69193000.0,1.0,173950038.0,177393000,179366000.0,1.375,1778318000.0,46836000.0,4377000.0,277129000.0,10.025,559652000.0
41,GENZ,MRQ,2000-09-30,2000-09-30,2000-09-30,2021-08-25,24256000.0,2076546000.0,,758762000.0,1317784000.0,,9.256,-16404000.0,215568000.0,215568000.0,75797000.0,34421000.0,4.322,0.299,291815000.0,128000.0,291687000.0,291815000.0,4840000.0,12536000.0,0.0,0.0,0.0,55364000.0,67900000.0,0.299,67900000.0,55364000.0,50354000.0,0.34,0.32,0.34,1599077000.0,,1599077000.0,6000216525.0,25.0,20.146,31214000.0,0.181,1.0,151562000.0,0.667,237343000.0,5010000.0,1739901000.0,,123878000.0,789790000.0,164927000.0,624863000.0,477469000.0,175549000.0,301920000.0,5886521525.0,36838000.0,-7125000.0,73157000.0,0.0,0.0,72379000.0,-82376000.0,-58096000.0,47618000.0,-783000.0,34421000.0,34421000.0,34421000.0,0.0,0.0,0.151,109466000.0,42096000.0,23262000.0,0.0,3.681,39.091,24.44,400630000.0,0.0,34.094,6.767,6.771,183779000.0,172933000.0,227359000.0,227359000.0,39678000.0,,,,,0.0,66379000.0,1.0,172656910.0,172759000,194148000.0,1.316,1839203000.0,41441000.0,15933000.0,51778000.0,10.646,583213000.0
42,GENZ,MRQ,2000-06-30,2000-06-30,2000-06-30,2021-08-25,-9694000.0,1895065000.0,,736397000.0,1158668000.0,,8.58,-20239000.0,178730000.0,178730000.0,65610000.0,49492000.0,5.15,0.3,292425000.0,992000.0,291433000.0,292425000.0,4619000.0,15640000.0,0.0,0.0,0.0,76642000.0,92282000.0,0.412,92282000.0,76642000.0,72806000.0,0.42,0.39,0.42,1457762000.0,,1457762000.0,5236855750.0,25.0,19.274,17943000.0,0.106,1.0,158303000.0,0.707,241077000.0,3836000.0,1624702000.0,,127347000.0,634212000.0,182877000.0,451335000.0,437303000.0,142981000.0,294322000.0,5040537750.0,66536000.0,-6824000.0,16251000.0,-9209000.0,0.0,4140000.0,25763000.0,54444000.0,38182000.0,-1549000.0,49492000.0,49492000.0,49492000.0,0.0,0.0,0.221,101689000.0,56614000.0,22087000.0,0.0,3.458,38.79,23.127,396048000.0,0.0,29.719,6.045,6.055,180947000.0,138512000.0,223913000.0,223913000.0,28577000.0,,,,,-12000.0,67428000.0,1.0,169608000.0,169897000,190088000.0,1.318,1653988000.0,55466000.0,23314000.0,43609000.0,9.735,593416000.0
43,GENZ,MRQ,2000-03-31,2000-03-31,2000-03-31,2021-08-25,73602000.0,1916042000.0,,712030000.0,1204012000.0,,8.738,-15620000.0,112194000.0,112194000.0,60110000.0,31818000.0,4.886,0.297,296632000.0,5644000.0,290988000.0,296632000.0,4972000.0,17198000.0,0.0,0.0,0.0,47611000.0,64809000.0,0.311,64809000.0,47611000.0,43672000.0,0.305,0.285,0.305,1476819000.0,,1476819000.0,4411671442.0,28.0,20.19,16160000.0,0.096,1.0,148020000.0,0.711,246803000.0,3939000.0,1707952000.0,,117991000.0,755338000.0,252266000.0,503072000.0,439223000.0,145725000.0,293498000.0,4246125442.0,-17962000.0,-6032000.0,14714000.0,4209000.0,0.0,23879000.0,-72145000.0,-51341000.0,31780000.0,-1476000.0,31818000.0,31818000.0,31818000.0,0.0,0.0,0.153,123348000.0,24672000.0,21355000.0,0.0,2.875,48.951,24.938,386843000.0,0.0,25.062,5.33,5.317,163236000.0,89020000.0,208130000.0,208130000.0,55699000.0,,,,,12000.0,61551000.0,1.0,169421464.0,169004000,189452000.0,1.232,1669239000.0,56260000.0,11854000.0,35567000.0,9.877,566305000.0
44,GENZ,MRQ,1999-12-31,1999-12-31,1999-12-31,2021-08-25,0.0,1787282000.0,,730187000.0,1057095000.0,,8.06,-33522000.0,130156000.0,130156000.0,62130000.0,34855000.0,5.294,0.318,295702000.0,5080000.0,290622000.0,295702000.0,3700000.0,13946000.0,0.0,0.0,0.0,58904000.0,72850000.0,0.346,72850000.0,58904000.0,54143000.0,0.33,0.305,0.33,1356392000.0,,1356392000.0,3938236905.0,28.0,19.462,36953000.0,0.22,1.0,148315000.0,0.705,253153000.0,4761000.0,1561737000.0,,117269000.0,620693000.0,255846000.0,364847000.0,430890000.0,137938000.0,292952000.0,3785863905.0,-123607000.0,467000.0,3554000.0,-66787000.0,0.0,-64264000.0,-130636000.0,-99261000.0,70475000.0,818000.0,34855000.0,34855000.0,34855000.0,0.0,0.0,0.166,105903000.0,42412000.0,27853000.0,0.0,2.791,53.336,25.0,383181000.0,0.0,22.5,4.902,4.842,166803000.0,57202000.0,210445000.0,210445000.0,40884000.0,,,,,58000.0,58846000.0,1.0,168260618.0,168294000,186648000.0,1.25,1534129000.0,59826000.0,19288000.0,27946000.0,9.116,592249000.0
45,GENZ,MRQ,1999-09-30,1999-09-30,1999-09-30,2021-08-25,1581000.0,1804222000.0,,860734000.0,943488000.0,,7.686,-5004000.0,253763000.0,253763000.0,56763000.0,13778000.0,3.807,0.404,378132000.0,87733000.0,290399000.0,378132000.0,1881000.0,11673000.0,0.0,0.0,0.0,30095000.0,41768000.0,0.218,41768000.0,30095000.0,24173000.0,0.23,0.215,0.23,1285396000.0,,1285396000.0,4026593786.0,31.0,21.129,50019000.0,0.299,1.0,134652000.0,0.703,259451000.0,5922000.0,1443051000.0,,117184000.0,519205000.0,274214000.0,244991000.0,518826000.0,226089000.0,292737000.0,3756507786.0,107694000.0,-25438000.0,24960000.0,-2878000.0,0.0,21468000.0,32229000.0,70633000.0,55023000.0,-1026000.0,13778000.0,13778000.0,13778000.0,0.0,0.0,0.072,106137000.0,28515000.0,19886000.0,0.0,2.922,59.773,29.261,383541000.0,0.0,22.531,4.927,4.943,154256000.0,22328000.0,191415000.0,191415000.0,35925000.0,,,,,0.0,58648000.0,1.0,166724340.0,167242000,188662000.0,1.145,1544771000.0,63214000.0,10395000.0,26771000.0,9.237,634645000.0
46,GENZ,MRQ,1999-06-30,1999-06-30,1999-06-30,2021-08-25,0.0,1300221000.0,,636219000.0,664002000.0,,5.031,-19777000.0,87427000.0,87427000.0,56989000.0,6291000.0,3.298,0.564,357513000.0,83334000.0,274179000.0,357513000.0,1556000.0,19765000.0,0.0,0.0,0.0,19312000.0,39077000.0,0.209,39077000.0,19312000.0,13722000.0,0.14,0.14,0.14,831504000.0,,831504000.0,4300964262.0,33.0,20.7,17047000.0,0.103,1.0,129695000.0,0.695,81130000.0,5590000.0,1296288000.0,,80261000.0,423225000.0,250929000.0,172296000.0,468717000.0,192889000.0,275828000.0,4004591262.0,65478000.0,-10593000.0,11456000.0,-394000.0,0.0,13450000.0,14426000.0,38900000.0,36824000.0,778000.0,6291000.0,6291000.0,6291000.0,0.0,0.0,0.034,113397000.0,16298000.0,15753000.0,0.0,4.816,62.538,32.55,359081000.0,0.0,24.25,5.38,5.385,152186000.0,,186684000.0,186684000.0,40873000.0,,,,,0.0,66358000.0,1.0,165137784.0,165288000,185366000.0,1.129,1219091000.0,63843000.0,7431000.0,18878000.0,7.376,443330000.0
47,GENZ,MRQ,1999-03-31,1999-03-31,1999-03-31,2021-08-25,0.0,1688985000.0,,653025000.0,1035960000.0,,7.334,-10633000.0,61668000.0,61668000.0,55906000.0,16057000.0,3.202,0.405,358041000.0,83158000.0,274883000.0,358041000.0,1618000.0,17268000.0,0.0,0.0,0.0,31388000.0,48656000.0,0.265,48656000.0,31388000.0,25890000.0,0.2,0.19,0.2,1202103000.0,,1202103000.0,4338144856.0,26.0,19.058,31056000.0,0.189,1.0,127838000.0,0.696,259934000.0,5498000.0,1521497000.0,,107910000.0,587958000.0,247668000.0,340290000.0,486882000.0,203927000.0,282955000.0,4068963856.0,-38021000.0,-11676000.0,20016000.0,-397000.0,0.0,21165000.0,-98233000.0,-79169000.0,41689000.0,-2642000.0,16057000.0,16057000.0,16057000.0,0.0,0.0,0.087,97986000.0,29852000.0,21513000.0,0.0,3.385,45.702,29.155,374294000.0,0.0,25.219,5.818,5.91,164981000.0,,183744000.0,183744000.0,32834000.0,,,,,0.0,58945000.0,1.0,161346770.0,163916000,185182000.0,1.121,1429051000.0,67935000.0,9833000.0,20974000.0,8.718,449098000.0
48,GENZ,MRQ,1998-12-31,1998-12-31,1998-12-31,2021-08-25,-10367000.0,1688854000.0,,638132000.0,1050722000.0,,7.258,-29158000.0,118612000.0,118612000.0,56647000.0,26720000.0,2.887,0.44,387793000.0,100568000.0,287225000.0,387793000.0,2731000.0,13087000.0,0.0,0.0,0.0,47980000.0,61067000.0,0.305,61067000.0,47980000.0,41455000.0,0.2,0.195,0.2,1172535000.0,,1172535000.0,4334585904.0,35.0,23.57,6406000.0,0.04,1.0,143869000.0,0.717,279516000.0,6525000.0,1457503000.0,,109833000.0,509094000.0,175453000.0,333641000.0,516319000.0,221016000.0,295303000.0,4013500904.0,40279000.0,11171000.0,41979000.0,-13211000.0,0.0,28528000.0,-24585000.0,-138000.0,35564000.0,772000.0,26720000.0,26720000.0,26720000.0,0.0,0.0,0.133,95268000.0,48601000.0,28785000.0,0.0,3.423,64.147,32.516,382619000.0,0.0,24.875,5.658,5.545,163042000.0,-13798000.0,200516000.0,200516000.0,34087000.0,,,,,8740000.0,54939000.0,1.0,161346770.0,161552000,183254000.0,1.241,1409338000.0,64002000.0,14735000.0,16543000.0,8.724,417116000.0
49,GENZ,MRQ,1998-09-30,1998-09-30,1998-09-30,2021-08-25,0.0,1575380000.0,,488631000.0,1086749000.0,,6.75,8433000.0,55170000.0,55170000.0,83837000.0,14967000.0,3.426,0.477,376255000.0,20963000.0,355292000.0,376255000.0,0.0,26483000.0,0.0,0.0,0.0,32489000.0,58972000.0,0.34,58972000.0,32489000.0,25543000.0,0.205,0.195,0.205,1066914000.0,,1066914000.0,2931220958.0,46.0,22.009,-6029000.0,-0.038,1.0,89557000.0,0.516,242781000.0,6946000.0,1511078000.0,,103442000.0,526731000.0,132224000.0,394507000.0,508466000.0,142606000.0,365860000.0,2852017958.0,-235025000.0,-6303000.0,18225000.0,-5320000.0,0.0,30103000.0,-252083000.0,-255514000.0,-14462000.0,1417000.0,14967000.0,14967000.0,14967000.0,0.0,0.0,0.086,90159000.0,-602000.0,15697000.0,0.0,2.673,115.452,26.562,379615000.0,0.0,18.062,4.477,4.481,147450000.0,,173394000.0,173394000.0,32351000.0,,,,,-31000.0,51781000.0,1.0,157897188.0,158064000,175764000.0,1.097,1332599000.0,64034000.0,10576000.0,29691000.0,8.431,346025000.0
50,GENZ,MRQ,1998-06-30,1998-06-30,1998-06-30,2021-08-25,0.0,1518506000.0,,632357000.0,886149000.0,,6.681,-21333000.0,276760000.0,276760000.0,41853000.0,31289000.0,5.017,0.447,355963000.0,20796000.0,335167000.0,355963000.0,0.0,5501000.0,0.0,0.0,0.0,53433000.0,58934000.0,0.416,58934000.0,53433000.0,50100000.0,0.26,0.26,0.26,1049287000.0,,1049287000.0,2072950542.0,32.0,17.359,33509000.0,0.213,1.0,99926000.0,0.705,245672000.0,3333000.0,1226002000.0,,133489000.0,221158000.0,34938000.0,186220000.0,469219000.0,126035000.0,343184000.0,2005534542.0,193763000.0,-3753000.0,6300000.0,230150000.0,0.0,221015000.0,-81298000.0,-55973000.0,54842000.0,-796000.0,31289000.0,31289000.0,31289000.0,0.0,0.0,0.221,50481000.0,49445000.0,16882000.0,0.0,1.911,69.799,20.128,381788000.0,0.0,12.781,3.274,3.277,141418000.0,,141779000.0,141779000.0,17316000.0,,,,,31000.0,31296000.0,1.0,156912238.0,157048000,157048000.0,0.903,1272834000.0,64001000.0,18811000.0,21718000.0,8.105,506322000.0
51,GENZ,MRQ,1998-03-31,1998-03-31,1998-03-31,2021-08-25,-11371000.0,1310182000.0,,464583000.0,845599000.0,,6.549,-11247000.0,101219000.0,101219000.0,54477000.0,19297000.0,4.431,0.27,168635000.0,2117000.0,166518000.0,168635000.0,1719000.0,13798000.0,0.0,0.0,0.0,33797000.0,47595000.0,0.309,47595000.0,33797000.0,31807000.0,0.16,0.155,0.16,1031595000.0,,1031595000.0,2579370808.0,61.0,26.475,23912000.0,0.152,1.0,99646000.0,0.647,271537000.0,1990000.0,1001203000.0,,135558000.0,185494000.0,54627000.0,130867000.0,278587000.0,104858000.0,173729000.0,2510595808.0,17189000.0,-6259000.0,10356000.0,-452000.0,0.0,10265000.0,-27176000.0,-9476000.0,35159000.0,-1059000.0,19297000.0,19297000.0,19297000.0,0.0,0.0,0.125,66728000.0,32918000.0,18634000.0,0.0,2.434,154.985,30.189,385536000.0,0.0,16.0,4.06,4.076,122394000.0,-68562000.0,154123000.0,154123000.0,18418000.0,,,,,0.0,45111000.0,1.0,156912238.0,157520000,157520000.0,0.978,1038645000.0,58141000.0,12510000.0,18204000.0,6.594,359725000.0
52,GENZ,MRQ,1997-12-31,1997-12-31,1997-12-31,2021-08-25,-12005000.0,1295453000.0,,456585000.0,838868000.0,,6.523,-3496000.0,102406000.0,102406000.0,91767000.0,-40850000.0,4.317,0.28,171181000.0,905000.0,170276000.0,171181000.0,1800000.0,23851000.0,0.0,0.0,0.0,-56170000.0,-32319000.0,-0.193,-32319000.0,-56170000.0,-62831000.0,0.055,0.05,0.055,1012050000.0,,1012050000.0,,,,-25255000.0,-0.163,1.0,76013000.0,0.453,271275000.0,6661000.0,987190000.0,,139681000.0,176001000.0,51259000.0,124742000.0,283403000.0,105763000.0,177640000.0,,-22093000.0,-1548000.0,38432000.0,31893000.0,0.0,90224000.0,-90676000.0,-114526000.0,-21759000.0,118000.0,-40850000.0,-40850000.0,-40850000.0,0.0,0.0,-0.243,124618000.0,-48605000.0,19787000.0,0.0,,,27.475,385348000.0,0.0,13.875,,3.488,118277000.0,-76346000.0,167780000.0,167780000.0,34774000.0,,,,,3160000.0,75086000.0,1.0,,155150000,174302000.0,1.081,1024178000.0,57080000.0,-21981000.0,11168000.0,6.601,350822000.0
53,GENZ,MRQ,1997-09-30,1997-09-30,1997-09-30,2021-08-25,,,,,,,,-9070000.0,,,51245000.0,18997000.0,,,,,,,,12283000.0,,0.0,0.0,32925000.0,45208000.0,0.304,45208000.0,32925000.0,30919000.0,0.16,0.155,0.16,,,,,,,22390000.0,0.146,1.0,97596000.0,0.656,,2006000.0,,,,,,,,,,,29400000.0,-3044000.0,16812000.0,1917000.0,0.0,17807000.0,-19131000.0,13801000.0,31460000.0,-736000.0,18997000.0,18997000.0,18997000.0,0.0,0.0,0.128,65328000.0,32268000.0,,0.0,,,,,0.0,14.875,,,,,148841000.0,148841000.0,18484000.0,,,,,0.0,43717000.0,1.0,,153672000,153672000.0,0.969,,,11922000.0,,,
54,GENZ,MRQ,1997-06-30,1997-06-30,1997-06-30,2021-08-25,,,,,,,,-11776000.0,,,54477000.0,18755000.0,,,,,,,,4934000.0,,0.0,0.0,32007000.0,36941000.0,0.25,36941000.0,32007000.0,30288000.0,0.155,0.15,0.155,,,,,,,11749000.0,0.077,1.0,93137000.0,0.631,,1719000.0,,,,,,,,,,,-12711000.0,1843000.0,8850000.0,-11288000.0,0.0,-21415000.0,-16001000.0,625000.0,23525000.0,1180000.0,18755000.0,18755000.0,18755000.0,0.0,0.0,0.127,62941000.0,30196000.0,,0.0,,,,,0.0,13.875,,,,,147614000.0,147614000.0,18976000.0,,,,,-197000.0,40801000.0,1.0,,152130000,152130000.0,0.97,,,11533000.0,,,
55,GENZ,MRQ,1997-03-31,1997-03-31,1997-03-31,2021-08-25,,,,,,,,-4115000.0,,,58684000.0,9367000.0,,,,,,,,9896000.0,,0.0,0.0,18140000.0,28036000.0,0.191,28036000.0,18140000.0,15482000.0,0.14,,0.14,,,,,,,2333000.0,0.015,1.0,87909000.0,0.6,,2658000.0,,,,,,,,,,,14678000.0,-1843000.0,91942000.0,-91510000.0,0.0,432000.0,10635000.0,19395000.0,6448000.0,-2837000.0,9367000.0,9367000.0,9367000.0,0.0,0.0,0.064,70614000.0,17295000.0,,0.0,,,,,0.0,11.25,,,,,146593000.0,146593000.0,20092000.0,,,,,197000.0,47326000.0,1.0,,151296000,,0.969,,,6115000.0,,,
56,GENZ,MRQ,1996-12-31,1996-12-31,1996-12-31,2021-08-25,-1118000.0,1270508000.0,,509618000.0,760890000.0,,6.607,,93132000.0,93132000.0,,,4.47,0.408,242997000.0,999000.0,241998000.0,242997000.0,2693000.0,,0.0,0.0,0.0,,,,,,,,,,902309000.0,,902309000.0,,,,,,1.0,,,247745000.0,,1058615000.0,,125265000.0,105636000.0,56608000.0,49028000.0,368199000.0,114013000.0,254186000.0,,,,,,,,,,,,,,,,,,,,22271000.0,,,,-48.333,393839000.0,,10.875,,2.863,116833000.0,-89975000.0,,,,,,,,,,1.0,,136578000,,,1022763000.0,59714000.0,,17926000.0,7.488,395605000.0
0,GENZ,MRT,2010-12-31,2010-12-31,2010-12-31,2021-08-25,185073000.0,10913854000.0,10237917250.0,3700958000.0,7212896000.0,0.395,29.01,-654105000.0,1331112000.0,1331112000.0,1191540000.0,422144000.0,2.834,0.438,1106540000.0,7584000.0,1098956000.0,1106540000.0,60409000.0,495443000.0,0.0,0.0,0.0,404420000.0,899863000.0,0.222,899863000.0,404420000.0,397394000.0,1.61,1.57,1.61,7586973000.0,7147710750.0,7586973000.0,18649192410.0,46.0,20.724,-167133000.0,-0.639,1.0,2857168000.0,0.706,3161797000.0,7026000.0,6221520000.0,5607446250.0,586940000.0,683251000.0,147342000.0,535909000.0,3326881000.0,1305965000.0,2020916000.0,18440160410.0,597321000.0,915910000.0,-573481000.0,937725000.0,0.0,220922000.0,-75344000.0,-311902000.0,486972000.0,-35229000.0,422144000.0,422144000.0,422144000.0,-390081000.0,0.0,0.104,2821338000.0,35830000.0,132327000.0,0.0,2.431,43.682,44.224,2925584000.0,0.0,71.2,4.555,4.599,1089688000.0,2092240000.0,4048708000.0,4048708000.0,847284000.0,0.041,0.059,0.072,0.1,211584000.0,1553921000.0,1.0,258991017.0,261531000,268601000.0,15.481,7752057000.0,590481000.0,-24750000.0,118088000.0,29.641,2394993000.0
1,GENZ,MRT,2010-09-30,2010-09-30,2010-09-30,2021-08-25,224260000.0,10419121000.0,10024634750.0,3090855000.0,7328266000.0,0.408,27.417,-679209000.0,899165000.0,899165000.0,1319187000.0,-26522000.0,2.19,0.488,1108197000.0,7420000.0,1100777000.0,1108197000.0,60510000.0,498015000.0,0.0,0.0,0.0,-125070000.0,372945000.0,0.091,372945000.0,-125070000.0,-128428000.0,-0.08,-0.09,-0.08,7001237000.0,7171880500.0,7001237000.0,18472771769.0,-148.0,49.532,107193000.0,0.42,1.0,2774815000.0,0.678,3220390000.0,3358000.0,5996367000.0,5213647000.0,596730000.0,332307000.0,101961000.0,230346000.0,3417884000.0,1411396000.0,2006488000.0,18040112769.0,219606000.0,5902000.0,-701135000.0,961614000.0,0.0,127808000.0,-656182000.0,43050000.0,786402000.0,-38422000.0,-26522000.0,-26522000.0,-26522000.0,3495000.0,0.0,-0.006,2881165000.0,-106350000.0,172050000.0,0.0,2.577,-680.194,-884.875,2866947000.0,0.0,70.79,4.406,4.415,935194000.0,1620329000.0,4094002000.0,4094002000.0,878457000.0,-0.003,-0.004,-0.024,-0.031,258103000.0,1634102000.0,1.0,254839847.0,255359000,263786000.0,16.032,7198731000.0,775425000.0,-101906000.0,0.0,28.191,1679459000.0
2,GENZ,MRT,2010-06-30,2010-06-30,2010-06-30,2021-08-25,52897000.0,9763899000.0,9912426500.0,2696012000.0,7067887000.0,0.405,24.411,-673687000.0,681807000.0,681807000.0,1289796000.0,-79481000.0,2.125,0.508,1114466000.0,8510000.0,1105956000.0,1114466000.0,46626000.0,493885000.0,0.0,0.0,0.0,-199737000.0,294148000.0,0.073,294148000.0,-199737000.0,-199737000.0,-0.29,-0.29,-0.29,6475405000.0,7325404000.0,6475405000.0,13027378837.0,-65.0,44.289,210162000.0,0.792,1.0,2726172000.0,0.679,3367068000.0,0.0,5560955000.0,4849576000.0,594112000.0,366574000.0,152706000.0,213868000.0,3288494000.0,1268535000.0,2019959000.0,13548919837.0,-50123000.0,65737000.0,-1201365000.0,1025701000.0,0.0,-266184000.0,-627011000.0,18290000.0,883849000.0,-40777000.0,-79481000.0,-79481000.0,-79481000.0,-4150000.0,0.0,-0.02,2913317000.0,-187145000.0,130323000.0,0.0,2.092,-170.467,-175.069,2846148000.0,0.0,50.77,3.374,3.354,890244000.0,1551375000.0,4015968000.0,4015968000.0,887331000.0,-0.008,-0.011,-0.041,-0.05,227882000.0,1619732000.0,1.0,266868620.0,265270000,265270000.0,15.139,6396831000.0,706009000.0,-120256000.0,0.0,24.114,1427477000.0
3,GENZ,MRT,2010-03-31,2010-03-31,2010-03-31,2021-08-25,199132000.0,9854795000.0,9995223250.0,2810036000.0,7044759000.0,0.417,28.271,-652372000.0,643337000.0,643337000.0,1272151000.0,111866000.0,2.256,0.309,121796000.0,8407000.0,113389000.0,121796000.0,45455000.0,480094000.0,0.0,0.0,0.0,90433000.0,570527000.0,0.137,570527000.0,90433000.0,90433000.0,0.41,0.4,0.41,7527228000.0,7651670000.0,7527228000.0,13174318607.0,146.0,23.091,395354000.0,1.485,1.0,2892888000.0,0.695,3436602000.0,0.0,4650943000.0,4593001750.0,608642000.0,398243000.0,162011000.0,236232000.0,2327567000.0,1245709000.0,1081858000.0,13791964607.0,-101000.0,-51336000.0,-210670000.0,-24371000.0,0.0,-289159000.0,-744586000.0,14529000.0,1047726000.0,-14082000.0,111866000.0,111866000.0,111866000.0,-4150000.0,0.0,0.027,2844997000.0,47891000.0,175764000.0,0.0,1.832,123.29,126.415,2824099000.0,0.0,51.83,3.311,3.313,904102000.0,1555148000.0,4165039000.0,4165039000.0,872295000.0,0.011,0.015,0.02,0.022,220532000.0,1571325000.0,1.0,266100031.0,266251000,266251000.0,15.643,6418193000.0,582688000.0,-21433000.0,0.0,24.106,1564327000.0
4,GENZ,MRT,2009-12-31,2009-12-31,2009-12-31,2021-08-25,322158000.0,10060724000.0,9686501000.0,2802803000.0,7257921000.0,0.411,28.581,-661713000.0,742246000.0,742246000.0,1070347000.0,422300000.0,2.595,0.309,124600000.0,8166000.0,116434000.0,124600000.0,38132000.0,456364000.0,0.0,0.0,0.0,545066000.0,1001430000.0,0.252,1001430000.0,545066000.0,545066000.0,1.57,1.54,1.57,7683652000.0,7604923250.0,7683652000.0,12452998537.0,23.0,12.435,517324000.0,1.924,1.0,2906941000.0,0.731,3716625000.0,0.0,4646323000.0,4498240000.0,608022000.0,381892000.0,163630000.0,218262000.0,2377072000.0,1080130000.0,1296942000.0,13006415537.0,170140000.0,-51336000.0,-313353000.0,-6596000.0,0.0,-336616000.0,-671424000.0,88703000.0,1179037000.0,-857000.0,422300000.0,422300000.0,422300000.0,4631000.0,0.0,0.106,2397342000.0,509599000.0,189629000.0,0.0,1.693,30.799,31.217,2809349000.0,0.0,49.01,3.27,3.313,899731000.0,1670096000.0,3977288000.0,3977288000.0,833853000.0,0.044,0.056,0.121,0.137,216374000.0,1244398000.0,1.0,265382892.0,268841000,274071000.0,14.794,6344099000.0,555242000.0,122766000.0,0.0,23.598,1722673000.0
5,GENZ,MRT,2009-09-30,2009-09-30,2009-09-30,2021-08-25,353259000.0,9970288000.0,9339139000.0,2796548000.0,7173740000.0,0.428,28.314,-644011000.0,679559000.0,679559000.0,923480000.0,485705000.0,2.55,0.309,126142000.0,7988000.0,118154000.0,126142000.0,29815000.0,427981000.0,0.0,0.0,0.0,691845000.0,1119826000.0,0.28,1119826000.0,691845000.0,691023000.0,1.79,1.75,1.79,7615331000.0,7510508500.0,7615331000.0,14730364738.0,21.0,13.154,637680000.0,2.371,1.0,3073613000.0,0.769,3779951000.0,822000.0,4540083000.0,4401914750.0,601939000.0,385185000.0,169153000.0,216032000.0,2354957000.0,1096837000.0,1258120000.0,15334594738.0,-239177000.0,-57238000.0,-313599000.0,-707269000.0,0.0,-1016903000.0,-504891000.0,235881000.0,1281691000.0,926000.0,485705000.0,485705000.0,485705000.0,3671000.0,0.0,0.122,2424262000.0,649351000.0,164879000.0,0.0,2.014,31.572,31.693,2695231000.0,0.0,56.73,3.836,3.817,993206000.0,1646851000.0,3997093000.0,3997093000.0,977883000.0,0.052,0.065,0.157,0.173,209987000.0,1171441000.0,1.0,270308386.0,268957000,273741000.0,14.861,6190337000.0,574471000.0,205318000.0,0.0,23.016,1699711000.0
6,GENZ,MRT,2009-06-30,2009-06-30,2009-06-30,2021-08-25,298733000.0,10095086000.0,9200463250.0,2933312000.0,7161774000.0,0.46,28.821,-664101000.0,731930000.0,731930000.0,928806000.0,589306000.0,2.628,0.297,127700000.0,7850000.0,119850000.0,127700000.0,32947000.0,400060000.0,0.0,0.0,0.0,857715000.0,1257775000.0,0.297,1257775000.0,857715000.0,856101000.0,2.17,2.11,2.17,7780469000.0,7415646750.0,7780469000.0,14503630059.0,17.0,11.531,516111000.0,1.912,1.0,3304805000.0,0.781,3840197000.0,1614000.0,4534658000.0,4393141750.0,586686000.0,384839000.0,74504000.0,310335000.0,2314617000.0,1116001000.0,1198616000.0,15017768059.0,38243000.0,-133634000.0,138119000.0,-712232000.0,0.0,-551263000.0,-607332000.0,221443000.0,1180212000.0,16626000.0,589306000.0,589306000.0,589306000.0,6024000.0,0.0,0.139,2480256000.0,824549000.0,160271000.0,0.0,1.93,25.484,25.654,2550269000.0,0.0,55.67,3.547,3.55,1213475000.0,1630856000.0,4233611000.0,4233611000.0,1067200000.0,0.064,0.079,0.195,0.203,229715000.0,1179098000.0,1.0,269764111.0,269958000,274852000.0,15.682,6254889000.0,549997000.0,266795000.0,0.0,23.17,1817311000.0
7,GENZ,MRT,2009-03-31,2009-03-31,2009-03-31,2021-08-25,135259000.0,8619906000.0,8972404750.0,2534857000.0,6085049000.0,0.465,27.1,-637156000.0,643438000.0,643438000.0,878613000.0,471296000.0,3.035,0.174,129300000.0,7792000.0,121508000.0,129300000.0,30739000.0,382583000.0,0.0,0.0,0.0,700391000.0,1082974000.0,0.259,1082974000.0,700391000.0,697628000.0,1.74,1.68,1.74,7340241000.0,7230880500.0,7340241000.0,15675438031.0,22.0,14.474,220261000.0,0.813,1.0,3297622000.0,0.79,2998550000.0,2763000.0,4271896000.0,4361679000.0,438905000.0,391745000.0,58808000.0,332937000.0,1279665000.0,835322000.0,444343000.0,16115637031.0,-239360000.0,-16561000.0,86108000.0,-690241000.0,0.0,-579178000.0,-527357000.0,210850000.0,857417000.0,9758000.0,471296000.0,471296000.0,471296000.0,6024000.0,0.0,0.113,2627342000.0,670280000.0,126850000.0,0.0,2.196,34.194,34.132,2354299000.0,0.0,59.39,3.859,3.852,1055896000.0,1443282000.0,4176235000.0,4176235000.0,1238539000.0,0.053,0.065,0.161,0.168,222481000.0,1172275000.0,1.0,271352703.0,270854000,277628000.0,15.419,5621356000.0,491721000.0,226332000.0,0.0,20.754,1699535000.0
8,GENZ,MRT,2008-12-31,2008-12-31,2008-12-31,2021-08-25,276211000.0,8671276000.0,9088191500.0,2516135000.0,6155141000.0,0.454,27.211,-597562000.0,572106000.0,572106000.0,855114000.0,421081000.0,2.752,0.187,131907000.0,7566000.0,124341000.0,131907000.0,26637000.0,374664000.0,0.0,0.0,0.0,633064000.0,1007728000.0,0.244,1007728000.0,633064000.0,628646000.0,1.57,1.5,1.57,7305993000.0,7132818000.0,7305993000.0,17858428697.0,28.0,17.721,161613000.0,0.602,1.0,3272311000.0,0.793,3055772000.0,4418000.0,4261022000.0,4330212000.0,453437000.0,484910000.0,57507000.0,427403000.0,1365283000.0,914283000.0,451000000.0,17954390697.0,-294906000.0,-16561000.0,175741000.0,-668201000.0,0.0,-466243000.0,-581540000.0,112909000.0,759175000.0,-6298000.0,421081000.0,421081000.0,421081000.0,6024000.0,0.0,0.102,2681699000.0,590612000.0,127869000.0,0.0,2.457,42.639,42.274,2306567000.0,0.0,66.37,4.35,4.317,1036940000.0,1247796000.0,4127425000.0,4127425000.0,1294411000.0,0.046,0.059,0.146,0.153,229019000.0,1172700000.0,1.0,270519673.0,268490000,285595000.0,15.373,5615504000.0,457342000.0,207565000.0,0.0,20.915,1601852000.0
9,GENZ,MRT,2008-09-30,2008-09-30,2008-09-30,2021-08-25,348352000.0,9415585000.0,8998966250.0,2810106000.0,6605479000.0,0.497,26.882,-565550000.0,918736000.0,918736000.0,1120508000.0,413330000.0,1.904,0.301,822774000.0,697426000.0,125348000.0,822774000.0,32162000.0,367682000.0,0.0,0.0,0.0,632592000.0,1000274000.0,0.224,1000274000.0,632592000.0,626132000.0,1.54,1.48,1.54,7235884000.0,6959554000.0,7235884000.0,21843710402.0,35.0,21.838,176360000.0,0.655,1.0,3347729000.0,0.749,3338604000.0,6460000.0,4504991000.0,4218538750.0,442899000.0,724191000.0,76570000.0,647621000.0,2179701000.0,1476028000.0,703673000.0,21731380402.0,68872000.0,-286788000.0,286711000.0,-10864000.0,0.0,309537000.0,-975467000.0,-25624000.0,741910000.0,-7108000.0,413330000.0,413330000.0,413330000.0,0.0,0.0,0.093,2777173000.0,570556000.0,120729000.0,0.0,3.003,52.576,52.526,2268854000.0,0.0,80.89,4.864,4.873,1013534000.0,1161146000.0,4468237000.0,4468237000.0,1147223000.0,0.046,0.059,0.15,0.142,252685000.0,1305238000.0,1.0,268653485.0,269176000,288179000.0,16.6,6076981000.0,489071000.0,212802000.0,0.0,22.576,1334078000.0
10,GENZ,MRT,2008-06-30,2008-06-30,2008-06-30,2021-08-25,518635000.0,9182852000.0,8605645250.0,2629830000.0,6553022000.0,0.496,26.382,-484616000.0,693687000.0,693687000.0,1079912000.0,453047000.0,1.762,0.304,806017000.0,696860000.0,109157000.0,806017000.0,33515000.0,358488000.0,0.0,0.0,0.0,678911000.0,1037399000.0,0.243,1037399000.0,678911000.0,671769000.0,1.71,1.64,1.71,7041404000.0,6721525750.0,7041404000.0,19139559013.0,28.0,18.45,237197000.0,0.889,1.0,3188200000.0,0.747,3394232000.0,7142000.0,4408807000.0,4197720500.0,472538000.0,723737000.0,67688000.0,656049000.0,2141448000.0,1492143000.0,649305000.0,19214470013.0,-97754000.0,-334685000.0,33438000.0,1025000.0,0.0,60995000.0,-832132000.0,98202000.0,721813000.0,-48430000.0,453047000.0,453047000.0,453047000.0,0.0,0.0,0.106,2581391000.0,606809000.0,117180000.0,0.0,2.729,42.412,42.035,2212044000.0,0.0,71.88,4.502,4.495,1066478000.0,1041550000.0,4268112000.0,4268112000.0,1017781000.0,0.053,0.067,0.162,0.159,231679000.0,1244374000.0,1.0,267313161.0,266904000,284262000.0,15.991,5788620000.0,429478000.0,218722000.0,23166000.0,21.688,1137687000.0
11,GENZ,MRT,2008-03-31,2008-03-31,2008-03-31,2021-08-25,527445000.0,9083053000.0,8223648500.0,2780389000.0,6302664000.0,0.49,25.996,-451857000.0,882798000.0,882798000.0,997180000.0,467277000.0,1.884,0.307,807887000.0,696743000.0,111144000.0,807887000.0,37105000.0,347316000.0,0.0,0.0,0.0,721296000.0,1068612000.0,0.265,1068612000.0,721296000.0,711682000.0,1.77,1.7,1.77,6947991000.0,6480779750.0,6947991000.0,19892387303.0,28.0,18.615,428542000.0,1.603,1.0,3033217000.0,0.753,3386451000.0,9614000.0,4146028000.0,4156875500.0,468824000.0,733486000.0,79050000.0,654436000.0,2135062000.0,1475663000.0,659399000.0,19949026303.0,195033000.0,-334685000.0,43446000.0,-23235000.0,0.0,42334000.0,-698820000.0,144988000.0,880399000.0,-28880000.0,467277000.0,467277000.0,467277000.0,0.0,0.0,0.116,2384007000.0,649210000.0,121192000.0,0.0,2.871,42.692,42.113,2118960000.0,0.0,74.54,4.95,4.943,1031095000.0,971986000.0,4030397000.0,4030397000.0,834362000.0,0.057,0.072,0.174,0.179,237503000.0,1236549000.0,1.0,267628472.0,267276000,285208000.0,15.08,5696602000.0,279300000.0,244405000.0,19567000.0,21.314,1304726000.0
12,GENZ,MRT,2007-12-31,2007-12-31,2007-12-31,2021-08-25,414078000.0,8314375000.0,7821551500.0,2621831000.0,5692544000.0,0.488,25.059,-412872000.0,867012000.0,867012000.0,927330000.0,480193000.0,1.767,0.257,810373000.0,696625000.0,113748000.0,810373000.0,29939000.0,338196000.0,0.0,0.0,0.0,747821000.0,1086017000.0,0.285,1086017000.0,747821000.0,735674000.0,1.82,1.74,1.82,6612937000.0,6230394750.0,6612937000.0,19760983671.0,26.0,18.196,505800000.0,1.917,1.0,2886189000.0,0.757,2959480000.0,12147000.0,3814329000.0,4166249250.0,439115000.0,682563000.0,80445000.0,602118000.0,1701438000.0,1483927000.0,217511000.0,19799232671.0,374842000.0,-334685000.0,54186000.0,-11819000.0,0.0,64623000.0,-591056000.0,221432000.0,918672000.0,-17397000.0,480193000.0,480193000.0,480193000.0,0.0,0.0,0.126,2232324000.0,653865000.0,128380000.0,0.0,2.994,41.232,40.901,1968402000.0,0.0,74.44,5.192,5.151,904101000.0,826715000.0,3813519000.0,3813519000.0,737685000.0,0.061,0.077,0.179,0.196,227536000.0,1187184000.0,1.0,265975721.0,263895000,280767000.0,14.451,5354895000.0,260005000.0,255481000.0,0.0,20.292,1137904000.0
13,GENZ,MRT,2007-09-30,2007-09-30,2007-09-30,2021-08-25,355720000.0,7842301000.0,7540754750.0,2524967000.0,5317334000.0,0.482,23.913,-378067000.0,849864000.0,849864000.0,863385000.0,133060000.0,3.642,0.248,811615000.0,6519000.0,805096000.0,811615000.0,44881000.0,331294000.0,0.0,0.0,0.0,250569000.0,581863000.0,0.16,581863000.0,250569000.0,238053000.0,0.51,0.47,0.51,6283771000.0,5992338250.0,6283771000.0,16324453955.0,65.0,28.055,504397000.0,1.92,1.0,2767617000.0,0.762,2689126000.0,12516000.0,4421718000.0,4230864250.0,438872000.0,707418000.0,87503000.0,619915000.0,1558530000.0,693208000.0,865322000.0,16303093955.0,86977000.0,-633781000.0,-34641000.0,8468000.0,0.0,-17660000.0,-752113000.0,340737000.0,882464000.0,-25714000.0,133060000.0,133060000.0,133060000.0,0.0,0.0,0.037,2607553000.0,160064000.0,77823000.0,0.0,2.594,122.524,121.49,1850754000.0,0.0,61.96,4.49,4.484,879163000.0,747816000.0,3631002000.0,3631002000.0,706756000.0,0.018,0.022,0.059,0.069,233354000.0,1145358000.0,1.0,263122885.0,262775000,279206000.0,13.818,5153175000.0,210015000.0,104993000.0,0.0,19.611,1831759000.0
14,GENZ,MRT,2007-06-30,2007-06-30,2007-06-30,2021-08-25,272699000.0,7654865000.0,7436439000.0,2384185000.0,5270680000.0,0.468,23.032,-357310000.0,791441000.0,791441000.0,803449000.0,-10287000.0,3.356,0.259,812801000.0,6413000.0,806388000.0,812801000.0,19625000.0,328860000.0,0.0,0.0,0.0,-1442000.0,327418000.0,0.094,327418000.0,-1442000.0,-16256000.0,-0.04,-0.05,-0.04,6078420000.0,5867603750.0,6078420000.0,17130871360.0,-11880.0,52.321,547262000.0,2.074,1.0,2675968000.0,0.769,2720421000.0,14814000.0,4245427000.0,4164151750.0,431610000.0,783182000.0,89010000.0,694172000.0,1576445000.0,710377000.0,866068000.0,17004656360.0,296249000.0,-568953000.0,105969000.0,-3853000.0,0.0,117374000.0,-729255000.0,283098000.0,904572000.0,3558000.0,-10287000.0,-10287000.0,-10287000.0,0.0,0.0,-0.003,2783408000.0,-107440000.0,88555000.0,0.0,2.798,-1653.024,-1610.0,1742651000.0,0.0,64.4,4.887,4.885,826516000.0,588503000.0,3479417000.0,3479417000.0,693249000.0,-0.001,-0.002,0.0,0.0,235158000.0,1114752000.0,1.0,264047459.0,263911000,280564000.0,13.184,4934444000.0,185706000.0,-5969000.0,5605000.0,18.697,1673808000.0
15,GENZ,MRT,2007-03-31,2007-03-31,2007-03-31,2021-08-25,268730000.0,7474665000.0,7365940500.0,2286555000.0,5188110000.0,0.453,22.569,-351348000.0,687765000.0,687765000.0,771184000.0,40416000.0,3.458,0.257,813980000.0,6327000.0,807653000.0,813980000.0,42202000.0,330917000.0,0.0,0.0,0.0,45587000.0,376504000.0,0.113,376504000.0,45587000.0,30359000.0,0.16,0.13,0.16,5946451000.0,5759160750.0,5946451000.0,16136313582.0,354.0,42.858,600997000.0,2.281,1.0,2568170000.0,0.769,2756036000.0,15228000.0,4183523000.0,4115766250.0,405016000.0,850639000.0,162729000.0,687910000.0,1528214000.0,661321000.0,866893000.0,15812454582.0,335178000.0,-568953000.0,157966000.0,3186000.0,0.0,181384000.0,-787002000.0,226930000.0,952345000.0,-11549000.0,40416000.0,40416000.0,40416000.0,0.0,0.0,0.012,2691325000.0,-123155000.0,87820000.0,0.0,2.659,391.242,375.125,1670848000.0,0.0,60.02,4.735,4.736,787712000.0,504709000.0,3339354000.0,3339354000.0,663748000.0,0.005,0.007,0.011,0.014,255136000.0,1048752000.0,1.0,263453092.0,263476000,279924000.0,12.674,4718629000.0,152884000.0,-10057000.0,46574000.0,17.909,1625234000.0
16,GENZ,MRT,2006-12-31,2006-12-31,2006-12-31,2021-08-25,254205000.0,7191188000.0,7254255750.0,1989501000.0,5201687000.0,0.439,21.637,-333675000.0,492170000.0,492170000.0,735671000.0,-16797000.0,3.054,0.27,816029000.0,6226000.0,809803000.0,816029000.0,21530000.0,331389000.0,0.0,0.0,0.0,-37200000.0,294189000.0,0.092,294189000.0,-37200000.0,-52678000.0,-0.06,-0.06,-0.06,5660711000.0,5610675250.0,5660711000.0,16242223203.0,-437.0,55.21,554894000.0,2.121,1.0,2451342000.0,0.769,2790819000.0,15478000.0,4072789000.0,4053470500.0,374644000.0,867287000.0,119894000.0,747393000.0,1530477000.0,651439000.0,879038000.0,16186649203.0,200210000.0,-568953000.0,158305000.0,-25625000.0,0.0,152157000.0,-836412000.0,165556000.0,888569000.0,-4104000.0,-16797000.0,-16797000.0,-16797000.0,0.0,0.0,-0.005,2641851000.0,-190509000.0,98063000.0,0.0,2.859,-963.663,-1026.333,1610593000.0,0.0,61.58,5.079,5.055,746746000.0,312659000.0,3187013000.0,3187013000.0,649951000.0,-0.002,-0.003,-0.009,-0.012,247674000.0,1010400000.0,1.0,262855622.0,261624000,261624000.0,12.182,4400369000.0,136925000.0,-35881000.0,65762000.0,16.819,1338062000.0
17,GENZ,MRT,2006-09-30,2006-09-30,2006-09-30,2021-08-25,227243000.0,7425038000.0,7176175000.0,2269413000.0,5155625000.0,0.427,22.118,-297438000.0,762887000.0,762887000.0,725560000.0,358083000.0,4.111,0.284,818461000.0,7432000.0,811029000.0,818461000.0,17632000.0,318595000.0,0.0,0.0,0.0,475410000.0,794005000.0,0.259,794005000.0,475410000.0,458550000.0,1.38,1.31,1.38,5784833000.0,5482964250.0,5784833000.0,17959458616.0,38.0,22.619,492061000.0,1.881,1.0,2335903000.0,0.763,2773653000.0,16860000.0,4154868000.0,3979906750.0,355457000.0,991182000.0,187291000.0,803891000.0,1640205000.0,552091000.0,1088114000.0,17635035616.0,436961000.0,-14829000.0,170510000.0,-40226000.0,0.0,155084000.0,-527169000.0,-133522000.0,789499000.0,19547000.0,358083000.0,358083000.0,358083000.0,0.0,0.0,0.117,2005061000.0,330842000.0,83410000.0,0.0,3.048,49.248,48.891,1513632000.0,0.0,67.47,5.76,5.764,696488000.0,580893000.0,3061463000.0,3061463000.0,621743000.0,0.05,0.065,0.119,0.155,198816000.0,951462000.0,1.0,261375954.0,261541000,278271000.0,11.705,4651385000.0,173016000.0,100467000.0,261414000.0,17.785,1717322000.0
18,GENZ,MRT,2006-06-30,2006-06-30,2006-06-30,2021-08-25,212150000.0,7372871000.0,7015406750.0,2055813000.0,5317058000.0,0.422,21.673,-268491000.0,495192000.0,495192000.0,693592000.0,457771000.0,3.334,0.306,819615000.0,6122000.0,813493000.0,819615000.0,22634000.0,316781000.0,0.0,0.0,0.0,673884000.0,990665000.0,0.335,990665000.0,673884000.0,654047000.0,1.77,1.68,1.77,5644648000.0,5281810000.0,5644648000.0,16362007721.0,24.0,16.516,473936000.0,1.82,1.0,2267360000.0,0.766,3028777000.0,19837000.0,4051885000.0,3831690250.0,354331000.0,937837000.0,168331000.0,769506000.0,1728223000.0,616632000.0,1111591000.0,15894018721.0,-522987000.0,-692395000.0,242268000.0,-380179000.0,0.0,-119655000.0,-1159959000.0,-133065000.0,742427000.0,14200000.0,457771000.0,457771000.0,457771000.0,0.0,0.0,0.155,1726830000.0,540530000.0,77178000.0,0.0,2.816,34.72,34.492,1458222000.0,0.0,61.05,5.368,5.37,678154000.0,564927000.0,2960952000.0,2960952000.0,587450000.0,0.065,0.087,0.176,0.228,179227000.0,913764000.0,1.0,260344287.0,260444000,276312000.0,11.369,4344094000.0,173337000.0,196276000.0,365256000.0,16.68,1439181000.0
19,GENZ,MRT,2006-03-31,2006-03-31,2006-03-31,2021-08-25,175837000.0,7027926000.0,6835503750.0,1792836000.0,5235090000.0,0.415,20.61,-218874000.0,352587000.0,352587000.0,653509000.0,446905000.0,3.475,0.313,820576000.0,6029000.0,814547000.0,820576000.0,21970000.0,299952000.0,0.0,0.0,0.0,655577000.0,955529000.0,0.337,955529000.0,655577000.0,635309000.0,1.74,1.65,1.74,5352509000.0,5045391500.0,5352509000.0,17992461276.0,27.0,18.83,492389000.0,1.896,1.0,2182226000.0,0.77,3045680000.0,20268000.0,3934340000.0,3684712750.0,316427000.0,986031000.0,227857000.0,758174000.0,1675417000.0,515895000.0,1159522000.0,17463117276.0,-17993000.0,-692508000.0,297703000.0,-17148000.0,0.0,298330000.0,-1050377000.0,-78609000.0,711263000.0,22791000.0,446905000.0,446905000.0,446905000.0,0.0,0.0,0.158,1589742000.0,592484000.0,72759000.0,0.0,3.263,39.076,38.632,1370274000.0,0.0,67.22,6.158,6.156,629968000.0,430430000.0,2835735000.0,2835735000.0,540235000.0,0.065,0.089,0.178,0.231,116467000.0,836669000.0,1.0,259790498.0,259709000,276809000.0,10.919,3982246000.0,172173000.0,188404000.0,359349000.0,15.333,1276941000.0
20,GENZ,MRT,2005-12-31,2005-12-31,2005-12-31,2021-08-25,144488000.0,6878865000.0,6601667000.0,1664999000.0,5213866000.0,0.414,20.215,-192461000.0,291960000.0,291960000.0,632652000.0,441489000.0,3.027,0.336,820113000.0,4461000.0,815652000.0,820113000.0,19681000.0,284620000.0,0.0,0.0,0.0,648557000.0,933177000.0,0.341,933177000.0,648557000.0,628919000.0,1.73,1.65,1.73,5149867000.0,4836921250.0,5149867000.0,18798448347.0,29.0,20.145,539316000.0,2.117,1.0,2102190000.0,0.769,3078461000.0,19638000.0,3778534000.0,3595038500.0,297652000.0,942694000.0,196362000.0,746332000.0,1728998000.0,550023000.0,1178975000.0,18277252347.0,-188238000.0,-703074000.0,354708000.0,-110819000.0,0.0,258573000.0,-1190983000.0,-129038000.0,731777000.0,12395000.0,441489000.0,441489000.0,441489000.0,0.0,0.0,0.161,1501328000.0,600862000.0,96835000.0,0.0,3.549,41.399,40.913,1320813000.0,0.0,70.78,6.683,6.593,608326000.0,329456000.0,2734842000.0,2734842000.0,502657000.0,0.067,0.091,0.18,0.237,103005000.0,787839000.0,1.0,258226227.0,254758000,272224000.0,10.735,3800404000.0,170443000.0,187430000.0,338098000.0,14.918,1114976000.0
21,GENZ,MRT,2005-09-30,2005-09-30,2005-09-30,2021-08-25,166363000.0,6781965000.0,6399306000.0,1647786000.0,5134179000.0,0.406,19.417,-190085000.0,325926000.0,325926000.0,607948000.0,177501000.0,2.671,0.362,847122000.0,30332000.0,816790000.0,847122000.0,28708000.0,264210000.0,0.0,0.0,0.0,381613000.0,645823000.0,0.249,645823000.0,381613000.0,361613000.0,0.62,0.59,0.62,4980216000.0,4644493500.0,4980216000.0,18559237722.0,49.0,28.737,561377000.0,2.189,1.0,1989280000.0,0.766,3124176000.0,20000000.0,3562002000.0,3536656000.0,309769000.0,771237000.0,125914000.0,645323000.0,1801749000.0,616983000.0,1184766000.0,18388078722.0,-5306000.0,-575006000.0,331972000.0,-123391000.0,0.0,219081000.0,-981534000.0,-70612000.0,751462000.0,5685000.0,177501000.0,177501000.0,177501000.0,0.0,0.0,0.068,1649204000.0,340076000.0,68995000.0,0.0,3.692,103.594,115.548,1294990000.0,0.0,71.64,7.08,7.075,600576000.0,222810000.0,2597228000.0,2597228000.0,471899000.0,0.028,0.038,0.108,0.147,93906000.0,735658000.0,1.0,256673349.0,256490000,274492000.0,10.126,3657789000.0,199944000.0,184112000.0,408752000.0,14.261,1030803000.0
22,GENZ,MRT,2005-06-30,2005-06-30,2005-06-30,2021-08-25,170519000.0,6653259000.0,5931993250.0,2209772000.0,4443487000.0,0.414,18.567,-183739000.0,1018179000.0,1018179000.0,610099000.0,159646000.0,2.42,0.416,1189338000.0,379967000.0,809371000.0,1189338000.0,28103000.0,235608000.0,0.0,0.0,0.0,353638000.0,589246000.0,0.24,589246000.0,353638000.0,334958000.0,0.6,0.57,0.6,4698974000.0,4227647250.0,4698974000.0,15629094433.0,44.0,26.524,518981000.0,2.051,1.0,1848295000.0,0.752,2447344000.0,18680000.0,3463975000.0,3481708750.0,277434000.0,757147000.0,109088000.0,648059000.0,1954285000.0,913099000.0,1041186000.0,15159647433.0,728322000.0,101087000.0,266548000.0,211779000.0,0.0,490272000.0,-477257000.0,-258490000.0,702720000.0,12587000.0,159646000.0,159646000.0,159646000.0,0.0,0.0,0.065,1523386000.0,324909000.0,63035000.0,0.0,3.226,94.958,100.15,1275087000.0,0.0,60.09,6.166,6.186,555883000.0,107156000.0,2458394000.0,2458394000.0,436087000.0,0.027,0.038,0.102,0.144,81018000.0,681542000.0,1.0,252282367.0,253086000,270084000.0,9.714,4205915000.0,165835000.0,175312000.0,298190000.0,16.619,1296673000.0
23,GENZ,MRT,2005-03-31,2005-03-31,2005-03-31,2021-08-25,220669000.0,6092579000.0,5444867250.0,1559027000.0,4533552000.0,0.43,18.008,-194027000.0,370580000.0,370580000.0,607717000.0,114191000.0,3.001,0.348,840027000.0,29991000.0,810036000.0,840027000.0,29618000.0,222001000.0,0.0,0.0,0.0,302640000.0,524641000.0,0.224,524641000.0,302640000.0,270931000.0,0.46,0.44,0.46,4518628000.0,3833826000.0,4518628000.0,14844894084.0,49.0,28.295,448620000.0,1.788,1.0,1732126000.0,0.74,2466938000.0,31709000.0,3575643000.0,3416112750.0,282886000.0,809478000.0,113681000.0,695797000.0,1573951000.0,519445000.0,1054506000.0,14385202084.0,110185000.0,-93086000.0,193250000.0,-584299000.0,0.0,-384106000.0,-153195000.0,257548000.0,642647000.0,4839000.0,114191000.0,114191000.0,114191000.0,0.0,0.0,0.049,1444635000.0,287491000.0,61242000.0,0.0,3.184,125.975,124.435,1297802000.0,0.0,57.24,6.148,6.138,547978000.0,-16475000.0,2339843000.0,2339843000.0,413731000.0,0.021,0.03,0.089,0.129,62171000.0,638007000.0,1.0,251313803.0,250921000,267893000.0,9.325,3625641000.0,161756000.0,156740000.0,282964000.0,14.449,1039582000.0
24,GENZ,MRT,2004-12-31,2004-12-31,2004-12-31,2021-08-25,286206000.0,6069421000.0,5183083500.0,1633629000.0,4435792000.0,0.425,19.196,-187400000.0,480198000.0,480198000.0,588586000.0,86527000.0,2.616,0.386,940494000.0,129503000.0,810991000.0,940494000.0,20328000.0,205114000.0,0.0,0.0,0.0,265923000.0,471037000.0,0.214,471037000.0,265923000.0,227696000.0,0.38,0.37,0.38,4380156000.0,3464246250.0,4380156000.0,13950334232.0,52.0,29.616,390112000.0,1.71,1.0,1612559000.0,0.733,2360315000.0,38227000.0,3545004000.0,3459226750.0,293658000.0,761399000.0,73393000.0,688006000.0,1689265000.0,624398000.0,1064867000.0,13325288232.0,187424000.0,-152377000.0,140311000.0,-500384000.0,0.0,-353727000.0,-45696000.0,294346000.0,577512000.0,9335000.0,86527000.0,86527000.0,86527000.0,0.0,0.0,0.039,1359646000.0,252913000.0,88140000.0,0.0,3.042,154.002,152.816,1310256000.0,0.0,58.07,6.054,6.02,546613000.0,-112033000.0,2201145000.0,2201145000.0,391802000.0,0.017,0.025,0.077,0.121,49984000.0,599388000.0,1.0,229469403.0,228175000,234318000.0,9.647,3709106000.0,160438000.0,141169000.0,275930000.0,16.256,1009231000.0
25,GENZ,MRT,2004-09-30,2004-09-30,2004-09-30,2021-08-25,184590000.0,4912714000.0,4916860250.0,1348036000.0,3564678000.0,0.424,14.52,-219318000.0,331232000.0,331232000.0,554081000.0,301171000.0,2.562,0.483,956278000.0,119184000.0,837094000.0,956278000.0,20514000.0,202950000.0,0.0,0.0,0.0,467945000.0,670895000.0,0.322,670895000.0,467945000.0,425302000.0,1.34,1.28,1.34,3312831000.0,3103310250.0,3312831000.0,13097691097.0,28.0,19.523,268075000.0,1.175,1.0,1532118000.0,0.734,1669358000.0,42643000.0,3342213000.0,3632400000.0,266478000.0,617926000.0,24785000.0,593141000.0,1599883000.0,526189000.0,1073694000.0,12404937097.0,-17676000.0,-303490000.0,137626000.0,-98177000.0,0.0,50441000.0,-569697000.0,-51246000.0,487393000.0,14187000.0,301171000.0,301171000.0,301171000.0,0.0,0.0,0.144,1080515000.0,451603000.0,63533000.0,0.0,3.745,41.189,40.604,1231775000.0,0.0,54.41,5.946,5.951,501990000.0,45309000.0,2086199000.0,2086199000.0,381962000.0,0.061,0.097,0.129,0.224,68313000.0,591562000.0,1.0,227990022.0,228156000,244406000.0,9.144,3243356000.0,134977000.0,124131000.0,177084000.0,14.216,821847000.0
26,GENZ,MRT,2004-06-30,2004-06-30,2004-06-30,2021-08-25,171550000.0,4704755000.0,4770510750.0,1245228000.0,3459527000.0,0.41,13.786,-231745000.0,289857000.0,289857000.0,514085000.0,107639000.0,2.503,0.506,982611000.0,144480000.0,838131000.0,982611000.0,20481000.0,189912000.0,0.0,0.0,0.0,255540000.0,445452000.0,0.228,445452000.0,255540000.0,213944000.0,0.48,0.44,0.48,3123689000.0,2969028250.0,3123689000.0,11884256670.0,47.0,26.679,217305000.0,0.959,1.0,1439863000.0,0.737,1698415000.0,41596000.0,3201591000.0,3452346250.0,268920000.0,498311000.0,10543000.0,487768000.0,1581066000.0,497503000.0,1083563000.0,10721195670.0,-52773000.0,-807036000.0,114600000.0,-85753000.0,0.0,35867000.0,-547440000.0,494223000.0,449050000.0,9750000.0,107639000.0,107639000.0,107639000.0,0.0,0.0,0.055,1208361000.0,231502000.0,77543000.0,0.0,3.432,99.603,98.604,1202580000.0,0.0,47.33,5.487,5.488,473053000.0,-52490000.0,1953948000.0,1953948000.0,372748000.0,0.023,0.036,0.074,0.131,63060000.0,571016000.0,1.0,226520086.0,226578000,241230000.0,8.624,3006340000.0,133433000.0,106305000.0,186213000.0,13.268,747725000.0
27,GENZ,MRT,2004-03-31,2004-03-31,2004-03-31,2021-08-25,181334000.0,5045444000.0,4639077500.0,1684910000.0,3360534000.0,0.393,13.47,-246115000.0,260395000.0,260395000.0,490794000.0,-45067000.0,1.825,0.66,1423456000.0,584398000.0,839058000.0,1423456000.0,13266000.0,175017000.0,0.0,0.0,0.0,67842000.0,242859000.0,0.133,242859000.0,67842000.0,37406000.0,0.46,0.43,0.46,3040309000.0,2890172500.0,3040309000.0,11714026593.0,173.0,48.234,154762000.0,0.686,1.0,1332469000.0,0.731,1537411000.0,30436000.0,3748099000.0,3389645000.0,269542000.0,1098180000.0,517229000.0,580951000.0,2005135000.0,922995000.0,1082140000.0,10571041593.0,-139907000.0,-612750000.0,139618000.0,359061000.0,0.0,506162000.0,-1069147000.0,-201957000.0,400877000.0,22201000.0,-45067000.0,-45067000.0,-45067000.0,0.0,0.0,-0.025,1262097000.0,70372000.0,62845000.0,0.0,3.477,-234.563,101.696,1156083000.0,0.0,46.78,5.798,5.791,411528000.0,-130666000.0,1823263000.0,1823263000.0,352441000.0,-0.01,-0.016,0.02,0.037,66129000.0,548973000.0,1.0,225973527.0,225711000,241603000.0,8.078,3508033000.0,133034000.0,82473000.0,187296000.0,15.542,761915000.0
28,GENZ,MRT,2003-12-31,2003-12-31,2003-12-31,2021-08-25,188432000.0,5004528000.0,4418776750.0,1322976000.0,3681552000.0,0.388,13.385,-259598000.0,292774000.0,292774000.0,475644000.0,-67592000.0,3.375,0.704,1435759000.0,20410000.0,1415349000.0,1435759000.0,10225000.0,160459000.0,0.0,0.0,0.0,31655000.0,192114000.0,0.112,192114000.0,31655000.0,5055000.0,0.43,0.42,0.43,2936412000.0,2824326250.0,2936412000.0,11616244617.0,367.0,60.465,128260000.0,0.585,1.0,1238227000.0,0.722,1517791000.0,26600000.0,4237697000.0,3137151750.0,267472000.0,1057624000.0,120712000.0,936912000.0,2068116000.0,392025000.0,1676091000.0,11048015617.0,-114037000.0,-542893000.0,116459000.0,372304000.0,0.0,494056000.0,-1028192000.0,-216746000.0,387858000.0,32241000.0,-67592000.0,-67592000.0,-67592000.0,0.0,0.0,-0.039,1207176000.0,31051000.0,97474000.0,0.0,3.762,-163.452,114.628,1151133000.0,0.0,49.29,6.446,6.309,397439000.0,-198560000.0,1713871000.0,1713871000.0,335256000.0,-0.015,-0.024,0.01,0.018,58128000.0,519977000.0,1.0,224143145.0,219376000,225976000.0,7.812,3486737000.0,133707000.0,72647000.0,205923000.0,15.894,930951000.0
29,GENZ,MRT,2003-09-30,2003-09-30,2003-09-30,2021-08-25,133080000.0,4327316000.0,4190944500.0,1251011000.0,3076305000.0,0.381,12.503,-232631000.0,348908000.0,348908000.0,448687000.0,-99849000.0,1.7,0.559,917137000.0,311733000.0,605404000.0,917137000.0,11639000.0,146321000.0,0.0,0.0,0.0,-23596000.0,122725000.0,0.077,122725000.0,-23596000.0,-47488000.0,0.39,0.37,0.39,2775703000.0,2764685000.0,2775703000.0,10841557615.0,-459.0,88.34,115589000.0,0.521,1.0,1148227000.0,0.719,1537571000.0,23892000.0,2621998000.0,2749318000.0,236063000.0,620947000.0,59923000.0,561024000.0,1551613000.0,735976000.0,815637000.0,10283744615.0,-24342000.0,-479899000.0,88417000.0,15681000.0,0.0,111196000.0,-514997000.0,212881000.0,348220000.0,31239000.0,-99849000.0,-99849000.0,-99849000.0,0.0,0.0,-0.063,1152031000.0,-3804000.0,60820000.0,0.0,3.705,-102.993,118.744,926569000.0,0.0,46.31,6.44,6.438,369241000.0,-255862000.0,1596914000.0,1596914000.0,313382000.0,-0.024,-0.036,-0.009,-0.015,30732000.0,481052000.0,1.0,222063153.0,222000000,222000000.0,7.193,2789745000.0,173106000.0,52361000.0,269885000.0,12.566,515035000.0
30,GENZ,MRT,2003-06-30,2003-06-30,2003-06-30,2021-08-25,131772000.0,4179022000.0,4097700000.0,1308491000.0,2870531000.0,0.366,12.982,-241128000.0,342630000.0,342630000.0,427465000.0,20939000.0,2.116,0.488,900443000.0,300351000.0,600092000.0,900443000.0,16796000.0,142922000.0,0.0,0.0,0.0,81359000.0,224281000.0,0.15,224281000.0,81359000.0,55247000.0,1.07,1.05,1.07,2808266000.0,2725598000.0,2808266000.0,9527192461.0,117.0,42.479,81475000.0,0.377,1.0,1072637000.0,0.715,1167622000.0,26112000.0,2950786000.0,2789435750.0,210725000.0,1030421000.0,246183000.0,784238000.0,1370756000.0,618427000.0,752329000.0,9032919461.0,53627000.0,14113000.0,55623000.0,7933000.0,0.0,70331000.0,-380411000.0,-144283000.0,322603000.0,41104000.0,20939000.0,20939000.0,20939000.0,0.0,0.0,0.014,975086000.0,97551000.0,37478000.0,0.0,3.217,431.392,39.121,882609000.0,0.0,41.86,6.022,6.036,349093000.0,-160129000.0,1500102000.0,1500102000.0,305106000.0,0.005,0.008,0.029,0.054,19129000.0,469226000.0,1.0,215788807.0,216313000,222867000.0,6.935,3011400000.0,106065000.0,34308000.0,203553000.0,13.921,690064000.0
31,GENZ,MRT,2003-03-31,2003-03-31,2003-03-31,2021-08-25,77976000.0,4164241000.0,4030909250.0,1203853000.0,2960388000.0,0.351,12.91,-227648000.0,400302000.0,400302000.0,400849000.0,123792000.0,1.969,0.5,894575000.0,294549000.0,600026000.0,894575000.0,24357000.0,138067000.0,0.0,0.0,0.0,185503000.0,323570000.0,0.229,323570000.0,185503000.0,158667000.0,0.97,0.96,0.97,2776924000.0,2669673000.0,2776924000.0,8329054393.0,45.0,25.741,48865000.0,0.227,1.0,1012542000.0,0.716,1309049000.0,26836000.0,2738126000.0,2760175750.0,226478000.0,900533000.0,114889000.0,785644000.0,1387317000.0,611339000.0,775978000.0,7841090393.0,84768000.0,8151000.0,29173000.0,9551000.0,0.0,44532000.0,-266109000.0,-46063000.0,276513000.0,29832000.0,123792000.0,123792000.0,123792000.0,0.0,0.0,0.088,846287000.0,166255000.0,41933000.0,0.0,2.824,63.341,37.577,831040000.0,0.0,36.45,5.548,5.547,310035000.0,-85599000.0,1413391000.0,1413391000.0,301977000.0,0.031,0.046,0.067,0.131,12429000.0,449301000.0,1.0,215119078.0,215091000,220432000.0,6.571,2855192000.0,106167000.0,34875000.0,234445000.0,13.274,592514000.0
32,GENZ,MRT,2002-12-31,2002-12-31,2002-12-31,2021-08-25,56278000.0,4093199000.0,3946480000.0,1199184000.0,2894015000.0,0.337,12.605,-225437000.0,406811000.0,406811000.0,376209000.0,-13074000.0,2.11,0.517,894775000.0,294737000.0,600038000.0,894775000.0,17658000.0,134000000.0,0.0,0.0,0.0,33093000.0,167093000.0,0.126,167093000.0,33093000.0,5941000.0,0.83,0.81,0.83,2697847000.0,2600937500.0,2697847000.0,6853084690.0,207.0,41.014,-2598000.0,-0.012,1.0,953263000.0,0.717,1326553000.0,27152000.0,2686362000.0,2759562500.0,238809000.0,843056000.0,105992000.0,737064000.0,1395352000.0,568248000.0,827104000.0,6344685690.0,159800000.0,0.0,31898000.0,39771000.0,0.0,76650000.0,-162366000.0,60321000.0,222839000.0,22677000.0,-13074000.0,-13074000.0,-13074000.0,0.0,0.0,-0.01,841623000.0,111640000.0,44458000.0,0.0,2.352,-485.29,35.627,802448000.0,0.0,29.57,4.772,4.761,287141000.0,-130968000.0,1329472000.0,1329472000.0,308487000.0,-0.003,-0.005,0.012,0.025,9745000.0,438035000.0,1.0,214564954.0,214038000,219388000.0,6.211,2766646000.0,115244000.0,19015000.0,174929000.0,12.926,630936000.0
33,GENZ,MRT,2002-09-30,2002-09-30,2002-09-30,2021-08-25,13667000.0,3954338000.0,3907116500.0,1029770000.0,2924568000.0,0.332,12.223,-223416000.0,373250000.0,373250000.0,364888000.0,-44502000.0,3.187,0.51,881649000.0,12430000.0,869219000.0,881649000.0,8861000.0,152574000.0,0.0,0.0,0.0,7522000.0,160096000.0,0.124,160096000.0,7522000.0,-19203000.0,0.84,0.83,0.84,2619355000.0,2578773000.0,2619355000.0,5013572517.0,667.0,31.316,-5321000.0,-0.025,1.0,930643000.0,0.718,1357106000.0,26725000.0,2782469000.0,2775885250.0,202781000.0,847564000.0,67538000.0,780026000.0,1334983000.0,323162000.0,1011821000.0,4416296517.0,149830000.0,26329000.0,43892000.0,48877000.0,0.0,92187000.0,-172643000.0,27393000.0,218095000.0,12191000.0,-44502000.0,-44502000.0,-44502000.0,0.0,0.0,-0.034,839922000.0,90721000.0,39791000.0,0.0,1.686,-99.238,24.536,757375000.0,0.0,20.61,3.409,3.409,280306000.0,-156013000.0,1295531000.0,1295531000.0,308126000.0,-0.011,-0.017,0.003,0.006,54083000.0,437184000.0,1.0,214279307.0,214303000,217541000.0,6.045,2597232000.0,70260000.0,25299000.0,217228000.0,12.119,706608000.0
34,GENZ,MRT,2002-06-30,2002-06-30,2002-06-30,2021-08-25,11797000.0,3911859000.0,3884349750.0,970633000.0,2941226000.0,0.328,12.082,-208436000.0,289003000.0,289003000.0,360750000.0,-172233000.0,3.221,0.514,886279000.0,16898000.0,869381000.0,886279000.0,8630000.0,165310000.0,0.0,0.0,0.0,-129226000.0,36084000.0,0.028,36084000.0,-129226000.0,-158088000.0,0.22,0.21,0.22,2584566000.0,2571017750.0,2584566000.0,4685776281.0,-36.0,129.857,16365000.0,0.077,1.0,914110000.0,0.717,1374075000.0,28862000.0,2833746000.0,2746334250.0,191351000.0,905919000.0,80104000.0,825815000.0,1327293000.0,301314000.0,1025979000.0,4114458281.0,-150301000.0,33453000.0,53855000.0,55510000.0,0.0,110243000.0,-488779000.0,-319384000.0,224801000.0,3434000.0,-172233000.0,-172233000.0,-172233000.0,0.0,0.0,-0.135,930197000.0,-16087000.0,35649000.0,0.0,1.592,-23.889,87.455,715622000.0,0.0,19.24,3.227,3.228,295997000.0,-181068000.0,1274860000.0,1274860000.0,302555000.0,-0.044,-0.067,-0.047,-0.101,56151000.0,443700000.0,1.0,213849183.0,213917000,219634000.0,5.96,2537784000.0,70277000.0,14145000.0,228813000.0,11.863,669319000.0
35,GENZ,MRT,2002-03-31,2002-03-31,2002-03-31,2021-08-25,-32990000.0,3826524000.0,3855594000.0,940080000.0,2886444000.0,0.322,11.728,-207994000.0,315534000.0,315534000.0,360817000.0,-206910000.0,3.467,0.529,886852000.0,7278000.0,879574000.0,886852000.0,7187000.0,174575000.0,0.0,0.0,0.0,-172553000.0,2022000.0,0.002,2022000.0,-172553000.0,-205122000.0,0.17,0.15,0.17,2501982000.0,2543889250.0,2501982000.0,9880043490.0,-57.0,4886.273,24871000.0,0.117,1.0,882492000.0,0.71,1390982000.0,32569000.0,2735673000.0,2636948750.0,173764000.0,875276000.0,85308000.0,789968000.0,1324542000.0,271187000.0,1053355000.0,9266291490.0,107952000.0,-32941000.0,82302000.0,459599000.0,0.0,543495000.0,-672233000.0,-440479000.0,232865000.0,3825000.0,-206910000.0,-206910000.0,-206910000.0,0.0,0.0,-0.166,930817000.0,-48325000.0,33780000.0,0.0,3.704,-44.784,256.882,662277000.0,0.0,43.67,7.453,7.493,252208000.0,-209391000.0,1243309000.0,1243309000.0,289035000.0,-0.054,-0.081,-0.065,-0.139,58194000.0,436484000.0,1.0,212188951.0,213332000,221064000.0,5.828,2435542000.0,70188000.0,1788000.0,229767000.0,11.417,668893000.0
36,GENZ,MRT,2001-12-31,2001-12-31,2001-12-31,2021-08-25,-211000.0,3935745000.0,3715066000.0,849788000.0,3085957000.0,0.329,12.903,-184304000.0,247011000.0,247011000.0,363598000.0,-112156000.0,3.003,0.508,852555000.0,7746000.0,844809000.0,852555000.0,6700000.0,179009000.0,0.0,0.0,0.0,-77043000.0,101966000.0,0.083,101966000.0,-77043000.0,-114176000.0,0.22,0.21,0.22,2609189000.0,2460483000.0,2609189000.0,13315382607.0,-173.0,130.586,39875000.0,0.197,1.0,860032000.0,0.703,1506646000.0,37133000.0,2751653000.0,2450502750.0,171409000.0,962933000.0,66481000.0,896452000.0,1326556000.0,282990000.0,1043566000.0,12701630607.0,10798000.0,-58598000.0,91517000.0,430377000.0,0.0,529677000.0,-742369000.0,-504543000.0,224179000.0,-689000.0,-112156000.0,-112156000.0,-112156000.0,0.0,0.0,-0.092,905336000.0,-45304000.0,47860000.0,0.0,4.868,-113.25,272.091,635314000.0,0.0,59.86,10.38,9.893,259283000.0,-117894000.0,1223630000.0,1223630000.0,264004000.0,-0.03,-0.046,-0.031,-0.063,60372000.0,424640000.0,1.0,212188951.0,202221000,211176000.0,6.051,2429099000.0,70196000.0,-2020000.0,249070000.0,12.012,566798000.0
37,GENZ,MRT,2001-09-30,2001-09-30,2001-09-30,2021-08-25,5419000.0,3863271000.0,3560654750.0,834781000.0,3028490000.0,0.321,12.423,-150702000.0,223420000.0,223420000.0,353527000.0,-284444000.0,3.316,0.493,837172000.0,8135000.0,829037000.0,837172000.0,3667000.0,137759000.0,0.0,0.0,0.0,-253555000.0,-115796000.0,-0.101,-115796000.0,-253555000.0,-287355000.0,-0.34,-0.31,-0.34,2588334000.0,2351971000.0,2588334000.0,9852029160.0,-39.0,-85.081,79561000.0,0.382,1.0,788788000.0,0.691,1561037000.0,33800000.0,2664265000.0,2259125250.0,173952000.0,938444000.0,113582000.0,824862000.0,1274937000.0,251721000.0,1023216000.0,9431014160.0,7852000.0,-756972000.0,86547000.0,771351000.0,0.0,864831000.0,-1088720000.0,-184178000.0,230263000.0,1478000.0,-284444000.0,-284444000.0,-284444000.0,0.0,0.0,-0.249,1018156000.0,-229368000.0,41119000.0,0.0,3.644,-33.156,-133.588,595028000.0,0.0,45.42,8.256,8.284,239276000.0,-111511000.0,1142315000.0,1142315000.0,234175000.0,-0.08,-0.121,-0.112,-0.222,9560000.0,386003000.0,1.0,207640118.0,208350000,208350000.0,5.483,2302234000.0,47074000.0,-2911000.0,220225000.0,11.05,583060000.0
38,GENZ,MRT,2001-06-30,2001-06-30,2001-06-30,2021-08-25,-17430000.0,3796836000.0,3113973500.0,1034136000.0,2762700000.0,0.337,12.606,-115944000.0,439304000.0,439304000.0,339821000.0,-147347000.0,4.168,0.533,860319000.0,20435000.0,839884000.0,860319000.0,3044000.0,103117000.0,0.0,0.0,0.0,-99700000.0,3417000.0,0.003,3417000.0,-99700000.0,-129771000.0,0.37,0.38,0.37,2476052000.0,2104656750.0,2476052000.0,12295428610.0,-123.0,3598.311,58238000.0,0.296,1.0,710358000.0,0.676,1573563000.0,30071000.0,2396204000.0,2028034250.0,166146000.0,681796000.0,98834000.0,582962000.0,1320784000.0,248084000.0,1072700000.0,11818567610.0,260574000.0,-760584000.0,144295000.0,775072000.0,0.0,924996000.0,-838446000.0,44798000.0,174182000.0,-158000.0,-147347000.0,-147347000.0,-147347000.0,0.0,0.0,-0.14,818715000.0,-108357000.0,33543000.0,0.0,4.773,-80.209,164.865,553358000.0,0.0,61.0,11.254,11.409,238204000.0,-8835000.0,1050179000.0,1050179000.0,204726000.0,-0.047,-0.07,-0.049,-0.095,7157000.0,330352000.0,1.0,193747010.0,196423000,205685000.0,5.347,2223273000.0,47021000.0,17576000.0,276831000.0,11.319,786052000.0
39,GENZ,MRT,2001-03-31,2001-03-31,2001-03-31,2021-08-25,-36386000.0,3264412000.0,2638530750.0,788589000.0,2475823000.0,0.369,11.308,-83967000.0,207582000.0,207582000.0,312403000.0,-91501000.0,3.662,0.505,684443000.0,19869000.0,664574000.0,684443000.0,5401000.0,76713000.0,0.0,0.0,0.0,-25406000.0,51307000.0,0.053,51307000.0,-25406000.0,-48547000.0,0.61,0.6,0.61,2168357000.0,1850084250.0,2168357000.0,7932700466.0,-312.0,154.612,79698000.0,0.416,1.0,661048000.0,0.679,1536065000.0,23141000.0,1989889000.0,1835158750.0,165437000.0,499094000.0,122557000.0,376537000.0,1096055000.0,215319000.0,880736000.0,7856453466.0,95388000.0,-695052000.0,122418000.0,356182000.0,0.0,481331000.0,-544027000.0,245483000.0,163665000.0,-5581000.0,-91501000.0,-91501000.0,-91501000.0,0.0,0.0,-0.094,715382000.0,-54334000.0,30133000.0,0.0,3.623,-85.862,74.041,512386000.0,0.0,45.165,8.071,8.897,211452000.0,-2481000.0,973451000.0,973451000.0,170889000.0,-0.035,-0.049,-0.014,-0.026,4743000.0,294114000.0,1.0,173950038.0,191750000,200800000.0,5.077,1728347000.0,45024000.0,42954000.0,48956000.0,9.014,573270000.0
40,GENZ,MRT,2000-12-31,2000-12-31,2000-12-31,2021-08-25,883000.0,3318100000.0,2301438250.0,800751000.0,2517349000.0,0.393,12.627,-79736000.0,236213000.0,236213000.0,282560000.0,-62940000.0,3.321,0.525,685137000.0,19897000.0,665240000.0,685137000.0,8609000.0,57930000.0,0.0,0.0,0.0,8248000.0,66178000.0,0.073,66178000.0,8248000.0,-7462000.0,0.71,0.68,0.71,2175141000.0,1677199750.0,2175141000.0,7898562771.0,958.0,119.353,101679000.0,0.59,1.0,620760000.0,0.687,1539782000.0,15710000.0,1986143000.0,1764674500.0,170341000.0,535028000.0,104586000.0,430442000.0,1142959000.0,241099000.0,901860000.0,7822315771.0,106057000.0,-667276000.0,116181000.0,357306000.0,0.0,475563000.0,-550294000.0,204953000.0,181415000.0,-627000.0,-62940000.0,-62940000.0,-62940000.0,0.0,0.0,-0.07,661515000.0,-40755000.0,26165000.0,0.0,3.596,-124.282,63.336,504412000.0,0.0,44.969,8.66,8.576,205094000.0,-5738000.0,903320000.0,903320000.0,169478000.0,-0.027,-0.038,0.005,0.009,2185000.0,264551000.0,1.0,173950038.0,172263000,179366000.0,5.244,1778318000.0,46836000.0,55478000.0,277129000.0,10.323,559652000.0
41,GENZ,MRT,2000-09-30,2000-09-30,2000-09-30,2021-08-25,24256000.0,2076546000.0,1918733750.0,758762000.0,1317784000.0,0.453,9.256,-85785000.0,215568000.0,215568000.0,263647000.0,150586000.0,4.322,0.299,291815000.0,128000.0,291687000.0,291815000.0,4840000.0,59320000.0,0.0,0.0,0.0,238521000.0,297841000.0,0.342,297841000.0,238521000.0,220975000.0,1.395,1.3,1.395,1599077000.0,1472512500.0,1599077000.0,6000216525.0,25.0,20.146,102270000.0,0.592,1.0,606200000.0,0.697,237343000.0,17546000.0,1739901000.0,1658573000.0,123878000.0,789790000.0,164927000.0,624863000.0,477469000.0,175549000.0,301920000.0,5886521525.0,-38195000.0,-19514000.0,107676000.0,-71787000.0,0.0,36134000.0,-259394000.0,-154254000.0,188055000.0,-2990000.0,150586000.0,150586000.0,150586000.0,0.0,0.0,0.173,440406000.0,165794000.0,23262000.0,0.0,3.681,39.091,24.44,400630000.0,0.0,34.094,6.767,6.771,183779000.0,172933000.0,869847000.0,869847000.0,164838000.0,0.078,0.102,0.144,0.274,58000.0,254204000.0,1.0,172656910.0,172759000,194148000.0,5.035,1839203000.0,41441000.0,70389000.0,51778000.0,10.646,583213000.0
42,GENZ,MRT,2000-06-30,2000-06-30,2000-06-30,2021-08-25,-9694000.0,1895065000.0,1850652750.0,736397000.0,1158668000.0,0.451,8.58,-74385000.0,178730000.0,178730000.0,244613000.0,129943000.0,5.15,0.3,292425000.0,992000.0,291433000.0,292425000.0,4619000.0,58457000.0,0.0,0.0,0.0,213252000.0,271709000.0,0.326,271709000.0,213252000.0,194794000.0,1.285,1.195,1.285,1457762000.0,1394092250.0,1457762000.0,5236855750.0,25.0,19.274,121075000.0,0.713,1.0,589290000.0,0.707,241077000.0,18458000.0,1624702000.0,1584360500.0,127347000.0,634212000.0,182877000.0,451335000.0,437303000.0,142981000.0,294322000.0,5040537750.0,32661000.0,-37827000.0,59479000.0,-74665000.0,0.0,-14777000.0,-144789000.0,-25525000.0,195460000.0,-3233000.0,129943000.0,129943000.0,129943000.0,0.0,0.0,0.156,437077000.0,152213000.0,22087000.0,0.0,3.458,38.79,23.127,396048000.0,0.0,29.719,6.045,6.055,180947000.0,138512000.0,833903000.0,833903000.0,161085000.0,0.07,0.093,0.135,0.256,58000.0,246473000.0,1.0,169608000.0,169897000,190088000.0,4.908,1653988000.0,55466000.0,64851000.0,43609000.0,9.735,593416000.0
43,GENZ,MRT,2000-03-31,2000-03-31,2000-03-31,2021-08-25,73602000.0,1916042000.0,1701941750.0,712030000.0,1204012000.0,0.468,8.738,-73923000.0,112194000.0,112194000.0,235992000.0,86742000.0,4.886,0.297,296632000.0,5644000.0,290988000.0,296632000.0,4972000.0,62582000.0,0.0,0.0,0.0,155922000.0,218504000.0,0.274,218504000.0,155922000.0,135710000.0,1.005,0.945,1.005,1476819000.0,1237527750.0,1476819000.0,4411671442.0,28.0,20.19,120179000.0,0.711,1.0,560682000.0,0.704,246803000.0,20212000.0,1707952000.0,1502257000.0,117991000.0,755338000.0,252266000.0,503072000.0,439223000.0,145725000.0,293498000.0,4246125442.0,31603000.0,-41596000.0,54684000.0,-65850000.0,0.0,-5467000.0,-156126000.0,-41069000.0,194102000.0,-906000.0,86742000.0,86742000.0,86742000.0,0.0,0.0,0.109,448785000.0,111897000.0,21355000.0,0.0,2.875,48.951,24.938,386843000.0,0.0,25.062,5.33,5.317,163236000.0,89020000.0,796674000.0,796674000.0,173381000.0,0.051,0.07,0.104,0.196,70000.0,245403000.0,1.0,169421464.0,169004000,189452000.0,4.714,1669239000.0,56260000.0,48968000.0,35567000.0,9.877,566305000.0
44,GENZ,MRT,1999-12-31,1999-12-31,1999-12-31,2021-08-25,0.0,1787282000.0,1645177500.0,730187000.0,1057095000.0,0.469,8.162,-68936000.0,130156000.0,130156000.0,231781000.0,70981000.0,5.294,0.318,295702000.0,5080000.0,290622000.0,295702000.0,3700000.0,62652000.0,0.0,0.0,0.0,139699000.0,202351000.0,0.262,202351000.0,139699000.0,117928000.0,0.9,0.85,0.9,1356392000.0,1168848750.0,1356392000.0,3938236905.0,28.0,19.462,135075000.0,0.813,1.0,540507000.0,0.7,253153000.0,21771000.0,1561737000.0,1455643250.0,117269000.0,620693000.0,255846000.0,364847000.0,430890000.0,137938000.0,292952000.0,3785863905.0,11544000.0,-47240000.0,59986000.0,-70456000.0,0.0,-8181000.0,-182214000.0,-68897000.0,204011000.0,-2072000.0,70981000.0,70981000.0,70981000.0,0.0,0.0,0.092,423423000.0,117084000.0,27853000.0,0.0,2.791,53.336,25.0,383181000.0,0.0,22.5,4.902,4.842,166803000.0,57202000.0,772288000.0,772288000.0,150516000.0,0.043,0.061,0.096,0.181,58000.0,242797000.0,1.0,168260618.0,166185000,186456000.0,4.647,1534129000.0,59826000.0,46947000.0,27946000.0,9.231,592249000.0
45,GENZ,MRT,1999-09-30,1999-09-30,1999-09-30,2021-08-25,1581000.0,1804222000.0,1620570500.0,860734000.0,943488000.0,0.47,7.686,-64572000.0,253763000.0,253763000.0,226305000.0,62846000.0,3.807,0.404,378132000.0,87733000.0,290399000.0,378132000.0,1881000.0,61793000.0,0.0,0.0,0.0,128775000.0,190568000.0,0.25,190568000.0,128775000.0,105240000.0,0.77,0.74,0.77,1285396000.0,1122884500.0,1285396000.0,4026593786.0,31.0,21.129,104528000.0,0.625,1.0,536054000.0,0.703,259451000.0,23535000.0,1443051000.0,1429584750.0,117184000.0,519205000.0,274214000.0,244991000.0,518826000.0,226089000.0,292737000.0,3756507786.0,175430000.0,-36536000.0,98411000.0,-16880000.0,0.0,84611000.0,-76163000.0,30226000.0,169100000.0,-2118000.0,62846000.0,62846000.0,62846000.0,0.0,0.0,0.082,412788000.0,123266000.0,19886000.0,0.0,2.922,59.773,29.261,383541000.0,0.0,22.531,4.927,4.943,154256000.0,22328000.0,762359000.0,762359000.0,143719000.0,0.039,0.056,0.09,0.169,8740000.0,238890000.0,1.0,166724340.0,167242000,188662000.0,4.558,1544771000.0,63214000.0,42394000.0,26771000.0,9.237,634645000.0
46,GENZ,MRT,1999-06-30,1999-06-30,1999-06-30,2021-08-25,0.0,1300221000.0,1563360000.0,636219000.0,664002000.0,0.476,5.031,-51135000.0,87427000.0,87427000.0,253379000.0,64035000.0,3.298,0.564,357513000.0,83334000.0,274179000.0,357513000.0,1556000.0,76603000.0,0.0,0.0,0.0,131169000.0,207772000.0,0.279,207772000.0,131169000.0,106610000.0,0.745,0.72,0.745,831504000.0,1068264000.0,831504000.0,4300964262.0,33.0,20.7,48480000.0,0.293,1.0,490959000.0,0.66,81130000.0,24559000.0,1296288000.0,1446591500.0,80261000.0,423225000.0,250929000.0,172296000.0,468717000.0,192889000.0,275828000.0,4004591262.0,-167289000.0,-17401000.0,91676000.0,-19322000.0,0.0,93246000.0,-360475000.0,-295921000.0,99615000.0,325000.0,64035000.0,64035000.0,64035000.0,0.0,0.0,0.086,396810000.0,94149000.0,15753000.0,0.0,4.816,62.538,32.55,359081000.0,0.0,24.25,5.38,5.385,152186000.0,,744338000.0,744338000.0,140145000.0,0.041,0.06,0.091,0.176,8709000.0,232023000.0,1.0,165137784.0,165288000,185366000.0,4.503,1219091000.0,63843000.0,42575000.0,18878000.0,7.376,443330000.0
47,GENZ,MRT,1999-03-31,1999-03-31,1999-03-31,2021-08-25,0.0,1688985000.0,1617931250.0,653025000.0,1035960000.0,0.432,7.334,-52691000.0,61668000.0,61668000.0,238243000.0,89033000.0,3.202,0.405,358041000.0,83158000.0,274883000.0,358041000.0,1618000.0,62339000.0,0.0,0.0,0.0,165290000.0,227629000.0,0.325,227629000.0,165290000.0,142988000.0,0.865,0.84,0.865,1202103000.0,1122709750.0,1202103000.0,4338144856.0,26.0,19.058,64942000.0,0.396,1.0,461190000.0,0.659,259934000.0,22302000.0,1521497000.0,1429020000.0,107910000.0,587958000.0,247668000.0,340290000.0,486882000.0,203927000.0,282955000.0,4068963856.0,-39004000.0,-10561000.0,86520000.0,211222000.0,0.0,300811000.0,-456199000.0,-390794000.0,117633000.0,-1249000.0,89033000.0,89033000.0,89033000.0,0.0,0.0,0.127,333894000.0,127296000.0,21513000.0,0.0,3.385,45.702,29.155,374294000.0,0.0,25.219,5.818,5.91,164981000.0,,699433000.0,699433000.0,116588000.0,0.055,0.079,0.116,0.236,8740000.0,196961000.0,1.0,161346770.0,163916000,185182000.0,4.267,1429051000.0,67935000.0,53955000.0,20974000.0,8.718,449098000.0
48,GENZ,MRT,1998-12-31,1998-12-31,1998-12-31,2021-08-25,-10367000.0,1688854000.0,1523230500.0,638132000.0,1050722000.0,0.466,7.415,-53305000.0,118612000.0,118612000.0,259662000.0,62567000.0,2.887,0.44,387793000.0,100568000.0,287225000.0,387793000.0,2731000.0,58869000.0,0.0,0.0,0.0,125030000.0,183899000.0,0.259,183899000.0,125030000.0,102437000.0,0.765,0.74,0.765,1172535000.0,1080082750.0,1172535000.0,4334585904.0,35.0,23.57,57798000.0,0.366,1.0,449673000.0,0.634,279516000.0,22593000.0,1457503000.0,1298946500.0,109833000.0,509094000.0,175453000.0,333641000.0,516319000.0,221016000.0,295303000.0,4013500904.0,16206000.0,-5144000.0,76860000.0,211167000.0,0.0,289911000.0,-385142000.0,-321101000.0,111103000.0,334000.0,62567000.0,62567000.0,62567000.0,0.0,0.0,0.088,358542000.0,91131000.0,28785000.0,0.0,3.423,64.147,32.516,382619000.0,0.0,24.875,5.658,5.545,163042000.0,-13798000.0,709335000.0,709335000.0,119005000.0,0.041,0.058,0.096,0.176,8740000.0,215203000.0,1.0,161346770.0,158126000,171644000.0,4.486,1409338000.0,64002000.0,39870000.0,16543000.0,8.913,417116000.0
49,GENZ,MRT,1998-09-30,1998-09-30,1998-09-30,2021-08-25,0.0,1575380000.0,1424880250.0,488631000.0,1086749000.0,0.447,6.75,-27643000.0,55170000.0,55170000.0,271934000.0,24703000.0,3.426,0.477,376255000.0,20963000.0,355292000.0,376255000.0,0.0,69633000.0,0.0,0.0,0.0,63549000.0,133182000.0,0.209,133182000.0,63549000.0,44619000.0,0.68,0.66,0.68,1066914000.0,1039961500.0,1066914000.0,2931220958.0,46.0,22.009,26137000.0,0.165,1.0,365142000.0,0.573,242781000.0,18930000.0,1511078000.0,1181368250.0,103442000.0,526731000.0,132224000.0,394507000.0,508466000.0,142606000.0,365860000.0,2852017958.0,-46166000.0,-17863000.0,73313000.0,256271000.0,0.0,351607000.0,-451233000.0,-435489000.0,53780000.0,-320000.0,24703000.0,24703000.0,24703000.0,0.0,0.0,0.039,331986000.0,33156000.0,15697000.0,0.0,2.673,115.452,26.562,379615000.0,0.0,18.062,4.477,4.481,147450000.0,,637076000.0,637076000.0,102859000.0,0.017,0.024,0.054,0.1,3160000.0,203274000.0,1.0,157897188.0,158064000,175764000.0,4.03,1332599000.0,64034000.0,19916000.0,29691000.0,8.431,346025000.0
50,GENZ,MRT,1998-06-30,1998-06-30,1998-06-30,2021-08-25,0.0,1518506000.0,,632357000.0,886149000.0,,6.681,-45146000.0,276760000.0,276760000.0,239342000.0,28733000.0,5.017,0.447,355963000.0,20796000.0,335167000.0,355963000.0,0.0,55433000.0,0.0,0.0,0.0,63985000.0,119418000.0,0.195,119418000.0,63985000.0,49995000.0,0.635,0.62,0.635,1049287000.0,,1049287000.0,2072950542.0,32.0,17.359,54556000.0,0.347,1.0,373181000.0,0.609,245672000.0,13990000.0,1226002000.0,,133489000.0,221158000.0,34938000.0,186220000.0,469219000.0,126035000.0,343184000.0,2005534542.0,218259000.0,-14604000.0,71900000.0,263508000.0,0.0,339311000.0,-218281000.0,-166174000.0,99702000.0,-2473000.0,28733000.0,28733000.0,28733000.0,0.0,0.0,0.047,307155000.0,66026000.0,16882000.0,0.0,1.911,69.799,20.128,381788000.0,0.0,12.781,3.274,3.277,141418000.0,,612523000.0,612523000.0,88992000.0,,,,0.104,3191000.0,195210000.0,1.0,156912238.0,157048000,157048000.0,3.9,1272834000.0,64001000.0,21262000.0,21718000.0,8.105,506322000.0
51,GENZ,MRT,1998-03-31,1998-03-31,1998-03-31,2021-08-25,-11371000.0,1310182000.0,,464583000.0,845599000.0,,6.549,-35589000.0,101219000.0,101219000.0,251966000.0,16199000.0,4.431,0.27,168635000.0,2117000.0,166518000.0,168635000.0,1719000.0,54866000.0,0.0,0.0,0.0,42559000.0,97425000.0,0.158,97425000.0,42559000.0,30183000.0,0.53,0.51,0.53,1031595000.0,,1031595000.0,2579370808.0,61.0,26.475,32796000.0,0.208,1.0,366392000.0,0.593,271537000.0,12376000.0,1001203000.0,,135558000.0,185494000.0,54627000.0,130867000.0,278587000.0,104858000.0,173729000.0,2510595808.0,11785000.0,-9008000.0,74450000.0,22070000.0,0.0,96881000.0,-152984000.0,-109576000.0,68385000.0,-497000.0,16199000.0,16199000.0,16199000.0,0.0,0.0,0.026,319615000.0,46777000.0,18634000.0,0.0,2.434,154.985,30.189,385536000.0,0.0,16.0,4.06,4.076,122394000.0,-68562000.0,618358000.0,618358000.0,90652000.0,,,,0.069,2963000.0,204715000.0,1.0,156912238.0,157520000,157520000.0,3.926,1038645000.0,58141000.0,13984000.0,18204000.0,6.594,359725000.0
52,GENZ,MRT,1997-12-31,1997-12-31,1997-12-31,2021-08-25,-12005000.0,1295453000.0,1282980500.0,456585000.0,838868000.0,0.475,6.612,-28457000.0,102406000.0,102406000.0,253317000.0,13629000.0,4.317,0.28,171181000.0,905000.0,170276000.0,171181000.0,1800000.0,50964000.0,0.0,0.0,0.0,38396000.0,89360000.0,0.147,89360000.0,38396000.0,25729000.0,0.505,0.49,0.505,1012050000.0,957179500.0,1012050000.0,,,,11217000.0,0.073,1.0,355524000.0,0.584,271275000.0,12667000.0,987190000.0,1022902500.0,139681000.0,176001000.0,51259000.0,124742000.0,283403000.0,105763000.0,177640000.0,,9274000.0,-4592000.0,156036000.0,-68988000.0,0.0,87048000.0,-115173000.0,-80705000.0,39674000.0,-2275000.0,13629000.0,13629000.0,13629000.0,0.0,0.0,0.022,314279000.0,41245000.0,19787000.0,0.0,,,27.475,385348000.0,0.0,13.875,,3.488,118277000.0,-76346000.0,608841000.0,608841000.0,89558000.0,0.011,0.014,0.038,0.063,3160000.0,200476000.0,1.0,,153062000,157850000.0,3.978,1024178000.0,57080000.0,12100000.0,11168000.0,6.691,350822000.0
53,GENZ,MRT,1997-09-30,1997-09-30,1997-09-30,2021-08-25,,,,,,,,,,,,,,,,,,,,,,0.0,0.0,,,,,,,,,,,,,,,,,,1.0,,,,,,,,,,,,,,,,,,,,,,,,,,,,,,,,,,,,,,,,14.875,,,,,,,,,,,,,,1.0,,153672000,,,,,,,,
54,GENZ,MRT,1997-06-30,1997-06-30,1997-06-30,2021-08-25,,,,,,,,,,,,,,,,,,,,,,0.0,0.0,,,,,,,,,,,,,,,,,,1.0,,,,,,,,,,,,,,,,,,,,,,,,,,,,,,,,,,,,,,,,13.875,,,,,,,,,,,,,,1.0,,152130000,,,,,,,,
55,GENZ,MRT,1997-03-31,1997-03-31,1997-03-31,2021-08-25,,,,,,,,,,,,,,,,,,,,,,0.0,0.0,,,,,,,,,,,,,,,,,,1.0,,,,,,,,,,,,,,,,,,,,,,,,,,,,,,,,,,,,,,,,11.25,,,,,,,,,,,,,,1.0,,151296000,,,,,,,,
56,GENZ,MRT,1996-12-31,1996-12-31,1996-12-31,2021-08-25,-1118000.0,1270508000.0,,509618000.0,760890000.0,,6.607,-63802000.0,93132000.0,93132000.0,210012000.0,-72817000.0,4.47,0.408,242997000.0,999000.0,241998000.0,242997000.0,2693000.0,30192000.0,0.0,0.0,0.0,-62632000.0,-32440000.0,-0.063,-32440000.0,-62632000.0,-69622000.0,-0.225,,-0.225,902309000.0,,902309000.0,,,,-23785000.0,-0.174,1.0,308742000.0,0.595,247745000.0,6990000.0,1058615000.0,,125265000.0,105636000.0,56608000.0,49028000.0,368199000.0,114013000.0,254186000.0,,-51240000.0,-306265000.0,41556000.0,157498000.0,0.0,199054000.0,-292231000.0,85306000.0,40017000.0,1920000.0,-72817000.0,-72817000.0,-72817000.0,0.0,0.0,-0.14,384066000.0,-75324000.0,22271000.0,0.0,,,-48.333,393839000.0,0.0,10.875,,2.863,116833000.0,-89975000.0,518754000.0,518754000.0,80849000.0,,,,-0.121,460000.0,162264000.0,1.0,,136578000,,3.798,1022763000.0,59714000.0,3195000.0,17926000.0,7.488,395605000.0
57,GENZ,MRT,1995-12-31,1995-12-31,1995-12-31,2021-08-25,,,,,,,,-49988000.0,,,149832000.0,21650000.0,,,,,,,,22638000.0,,0.0,0.0,44408000.0,67046000.0,0.175,67046000.0,44408000.0,43299000.0,0.395,,0.395,,,,,,,-5286000.0,-0.048,1.0,233951000.0,0.61,,1109000.0,,,,,,,,,,,80830000.0,-4750000.0,223139000.0,-41449000.0,0.0,182797000.0,-145888000.0,-89885000.0,44702000.0,-781000.0,21650000.0,21650000.0,21650000.0,0.0,0.0,0.056,198155000.0,35796000.0,,0.0,,,39.478,,0.0,15.594,,4.513,,,383783000.0,383783000.0,68845000.0,,,,0.116,1013000.0,110447000.0,1.0,,111062000,,3.456,,,21649000.0,,,
