None,ticker,dimension,calendardate,datekey,reportperiod,lastupdated,accoci,assets,assetsavg,assetsc,assetsnc,assetturnover,bvps,capex,cashneq,cashnequsd,cor,consolinc,currentratio,de,debt,debtc,debtnc,debtusd,deferredrev,depamor,deposits,divyield,dps,ebit,ebitda,ebitdamargin,ebitdausd,ebitusd,ebt,eps,epsdil,epsusd,equity,equityavg,equityusd,ev,evebit,evebitda,fcf,fcfps,fxusd,gp,grossmargin,intangibles,intexp,invcap,invcapavg,inventory,investments,investmentsc,investmentsnc,liabilities,liabilitiesc,liabilitiesnc,marketcap,ncf,ncfbus,ncfcommon,ncfdebt,ncfdiv,ncff,ncfi,ncfinv,ncfo,ncfx,netinc,netinccmn,netinccmnusd,netincdis,netincnci,netmargin,opex,opinc,payables,payoutratio,pb,pe,pe1,ppnenet,prefdivis,price,ps,ps1,receivables,retearn,revenue,revenueusd,rnd,roa,roe,roic,ros,sbcomp,sgna,sharefactor,sharesbas,shareswa,shareswadil,sps,tangibles,taxassets,taxexp,taxliabilities,tbvps,workingcapital
0,EP,MRY,2011-12-31,2011-12-31,2011-12-31,2019-05-06,-796000000.0,24314000000.0,25301750000.0,1577000000.0,22737000000.0,0.192,5.646,-3769000000.0,194000000.0,194000000.0,1858000000.0,427000000.0,0.734,3.946,12967000000.0,362000000.0,12605000000.0,12967000000.0,0.0,1116000000.0,0.0,0.002,0.04,1039000000.0,2155000000.0,0.443,2155000000.0,1039000000.0,91000000.0,0.19,0.18,0.19,4354000000.0,4402500000.0,4354000000.0,32981665099.0,32.0,15.305,-1668000000.0,-2.163,1.0,3002000000.0,0.618,0.0,948000000.0,34939000000.0,36218750000.0,175000000.0,2824000000.0,85000000.0,2739000000.0,17179000000.0,2148000000.0,15031000000.0,20490665099.0,-153000000.0,665000000.0,68000000.0,250000000.0,-38000000.0,1044000000.0,-3298000000.0,-121000000.0,2101000000.0,0.0,141000000.0,141000000.0,141000000.0,0.0,286000000.0,0.029,1270000000.0,1732000000.0,836000000.0,0.211,4.706,145.324,139.842,19170000000.0,0.0,26.57,4.216,4.216,714000000.0,-2293000000.0,4860000000.0,4860000000.0,0.0,0.006,0.032,0.029,0.214,0.0,0.0,1.0,771195525.0,771195525,,6.302,24314000000.0,127000000.0,-50000000.0,612000000.0,31.528,-571000000.0
1,EP,MRY,2010-12-31,2010-12-31,2010-12-31,2019-05-06,-751000000.0,25270000000.0,24085750000.0,1552000000.0,23718000000.0,0.192,5.563,-3981000000.0,347000000.0,347000000.0,1689000000.0,924000000.0,0.605,4.903,14006000000.0,489000000.0,13517000000.0,14006000000.0,0.0,942000000.0,0.0,0.003,0.04,2175000000.0,3117000000.0,0.675,3117000000.0,2175000000.0,1144000000.0,1.03,1.0,1.03,3917000000.0,3773750000.0,3917000000.0,22651001612.0,10.0,7.267,-2228000000.0,-3.164,1.0,2927000000.0,0.634,0.0,1031000000.0,36364000000.0,34675750000.0,169000000.0,1673000000.0,0.0,1673000000.0,19206000000.0,2565000000.0,16641000000.0,9689001612.0,-288000000.0,412000000.0,8000000.0,233000000.0,-65000000.0,1520000000.0,-3561000000.0,-29000000.0,1753000000.0,0.0,758000000.0,721000000.0,721000000.0,0.0,166000000.0,0.156,884000000.0,2043000000.0,1005000000.0,0.039,2.474,13.438,13.359,21072000000.0,37000000.0,13.76,2.099,2.099,606000000.0,-2434000000.0,4616000000.0,4616000000.0,0.0,0.03,0.191,0.063,0.471,0.0,0.0,1.0,704142559.0,704142559,,6.555,25270000000.0,165000000.0,386000000.0,568000000.0,35.888,-1013000000.0
2,EP,MRY,2009-12-31,2009-12-31,2009-12-31,2019-05-06,-718000000.0,22505000000.0,22182250000.0,2008000000.0,20497000000.0,0.209,4.572,-2902000000.0,635000000.0,635000000.0,1670000000.0,-474000000.0,0.748,5.775,13868000000.0,477000000.0,13391000000.0,13868000000.0,0.0,867000000.0,0.0,0.016,0.16,70000000.0,937000000.0,0.202,937000000.0,70000000.0,-938000000.0,-0.83,-0.83,-0.83,3206000000.0,3021250000.0,3206000000.0,19744493409.0,282.0,21.072,-695000000.0,-0.991,1.0,2961000000.0,0.639,0.0,1008000000.0,33052000000.0,32526250000.0,175000000.0,1718000000.0,0.0,1718000000.0,18514000000.0,2686000000.0,15828000000.0,6893493409.0,-389000000.0,221000000.0,1000000.0,-50000000.0,-177000000.0,77000000.0,-2673000000.0,-33000000.0,2207000000.0,0.0,-539000000.0,-576000000.0,-576000000.0,0.0,65000000.0,-0.124,3012000000.0,-51000000.0,890000000.0,-0.193,2.15,-11.968,-11.843,17895000000.0,37000000.0,9.83,1.489,1.489,679000000.0,-3192000000.0,4631000000.0,4631000000.0,0.0,-0.026,-0.191,0.002,0.015,0.0,0.0,1.0,701270947.0,701270947,,6.604,22505000000.0,298000000.0,-399000000.0,339000000.0,32.092,-678000000.0
3,EP,MRY,2008-12-31,2008-12-31,2008-12-31,2019-05-06,-532000000.0,23668000000.0,24996500000.0,3051000000.0,20617000000.0,0.215,5.776,-2757000000.0,1024000000.0,1024000000.0,1715000000.0,-789000000.0,0.941,4.727,13908000000.0,1090000000.0,12818000000.0,13908000000.0,0.0,1205000000.0,0.0,0.023,0.18,-154000000.0,1051000000.0,0.196,1051000000.0,-154000000.0,-1068000000.0,-1.24,-1.24,-1.24,4035000000.0,5200750000.0,4035000000.0,17646745597.0,-115.0,16.79,-387000000.0,-0.554,1.0,3648000000.0,0.68,0.0,914000000.0,33309000000.0,34015500000.0,187000000.0,1703000000.0,0.0,1703000000.0,19072000000.0,3243000000.0,15829000000.0,5469745596.0,739000000.0,320000000.0,-77000000.0,962000000.0,-157000000.0,717000000.0,-2348000000.0,0.0,2370000000.0,0.0,-823000000.0,-860000000.0,-860000000.0,0.0,34000000.0,-0.16,3878000000.0,-230000000.0,996000000.0,-0.145,1.356,-6.36,-6.315,17858000000.0,37000000.0,7.83,1.02,1.02,964000000.0,-2653000000.0,5363000000.0,5363000000.0,0.0,-0.034,-0.165,-0.005,-0.029,0.0,0.0,1.0,698562656.0,698562656,,7.677,23668000000.0,0.0,-245000000.0,565000000.0,33.881,-192000000.0
4,EP,MRY,2007-12-31,2007-12-31,2007-12-31,2019-05-06,-272000000.0,24579000000.0,23535250000.0,1712000000.0,22867000000.0,0.197,7.538,-2495000000.0,285000000.0,285000000.0,1827000000.0,1116000000.0,0.709,3.655,12814000000.0,331000000.0,12483000000.0,12814000000.0,0.0,1176000000.0,0.0,0.009,0.16,2326000000.0,3502000000.0,0.753,3502000000.0,2326000000.0,1332000000.0,1.54,1.53,1.54,5280000000.0,4962250000.0,5280000000.0,24699381502.0,11.0,7.053,-690000000.0,-0.985,1.0,2821000000.0,0.607,0.0,994000000.0,34695000000.0,32859750000.0,131000000.0,1614000000.0,0.0,1614000000.0,19299000000.0,2413000000.0,16886000000.0,12076381502.0,-252000000.0,-1091000000.0,0.0,-2278000000.0,-149000000.0,-2167000000.0,110000000.0,0.0,1805000000.0,0.0,1110000000.0,1073000000.0,1073000000.0,-674000000.0,6000000.0,0.231,1176000000.0,1645000000.0,967000000.0,0.104,2.287,11.255,11.195,19354000000.0,37000000.0,17.24,2.598,2.598,992000000.0,-1834000000.0,4648000000.0,4648000000.0,0.0,0.046,0.216,0.071,0.5,0.0,0.0,1.0,700486166.0,700486166,,6.635,24579000000.0,191000000.0,222000000.0,1157000000.0,35.088,-701000000.0
5,EP,MRY,2006-12-31,2006-12-31,2006-12-31,2019-05-06,-343000000.0,27261000000.0,28509500000.0,7167000000.0,20094000000.0,0.15,5.934,-2164000000.0,537000000.0,537000000.0,1807000000.0,475000000.0,1.165,5.512,14689000000.0,1360000000.0,13329000000.0,14689000000.0,0.0,1047000000.0,344000000.0,0.01,0.16,1694000000.0,2741000000.0,0.64,2741000000.0,1694000000.0,466000000.0,0.65,0.64,0.65,4186000000.0,4337000000.0,4186000000.0,25198352737.0,15.0,9.193,-61000000.0,-0.086,1.0,2474000000.0,0.578,0.0,1228000000.0,35262000000.0,38204250000.0,115000000.0,1707000000.0,0.0,1707000000.0,23075000000.0,6151000000.0,16924000000.0,10778352737.0,-1595000000.0,673000000.0,500000000.0,-2649000000.0,-145000000.0,-2544000000.0,-1154000000.0,0.0,2103000000.0,0.0,475000000.0,438000000.0,438000000.0,56000000.0,0.0,0.102,1047000000.0,1427000000.0,1050000000.0,0.246,2.575,24.608,23.508,16678000000.0,37000000.0,15.28,2.518,2.518,1440000000.0,-2940000000.0,4281000000.0,4281000000.0,0.0,0.015,0.101,0.044,0.396,0.0,0.0,1.0,705389577.0,705389577,,6.069,27261000000.0,478000000.0,-9000000.0,950000000.0,38.647,1016000000.0
6,EP,MRY,2005-12-31,2005-12-31,2005-12-31,2019-05-06,-332000000.0,31840000000.0,30938250000.0,6185000000.0,25655000000.0,0.109,5.246,-1474000000.0,2132000000.0,2132000000.0,2414000000.0,-606000000.0,1.083,8.395,17266000000.0,984000000.0,16282000000.0,17266000000.0,0.0,1006000000.0,497000000.0,0.013,0.16,358000000.0,1364000000.0,0.406,1364000000.0,358000000.0,-937000000.0,-0.98,-0.98,-0.98,3389000000.0,3488250000.0,3389000000.0,25054474810.0,70.0,18.368,-1206000000.0,-1.867,1.0,945000000.0,0.281,0.0,1295000000.0,41262000000.0,41319250000.0,0.0,2165000000.0,0.0,2165000000.0,28451000000.0,5712000000.0,22739000000.0,8017474810.0,15000000.0,284000000.0,0.0,129000000.0,-121000000.0,248000000.0,-501000000.0,0.0,268000000.0,0.0,-606000000.0,-633000000.0,-633000000.0,96000000.0,0.0,-0.188,1006000000.0,-61000000.0,1329000000.0,-0.163,2.366,-12.666,-12.408,15552000000.0,27000000.0,12.16,2.387,2.339,1548000000.0,-3415000000.0,3359000000.0,3359000000.0,0.0,-0.02,-0.181,0.009,0.107,0.0,0.0,1.0,659331810.0,646000000,646000000.0,5.2,31840000000.0,391000000.0,-331000000.0,549000000.0,49.288,473000000.0
7,EP,MRY,2004-12-31,2004-12-31,2004-12-31,2019-05-06,1000000.0,31383000000.0,32709000000.0,5632000000.0,25751000000.0,0.146,5.38,-1651000000.0,2117000000.0,2117000000.0,2930000000.0,-947000000.0,1.232,8.128,19196000000.0,955000000.0,18241000000.0,19196000000.0,0.0,962000000.0,131000000.0,0.015,0.16,434000000.0,1396000000.0,0.292,1396000000.0,434000000.0,-1063000000.0,-1.48,-1.48,-1.48,3438000000.0,3964500000.0,3438000000.0,23353222186.0,54.0,16.729,-335000000.0,-0.524,1.0,1853000000.0,0.387,421000000.0,1497000000.0,43469000000.0,44464500000.0,0.0,2574000000.0,0.0,2574000000.0,27945000000.0,4572000000.0,23373000000.0,6689222186.0,688000000.0,1877000000.0,73000000.0,-2012000000.0,-101000000.0,-2531000000.0,1903000000.0,0.0,1316000000.0,0.0,-947000000.0,-947000000.0,-947000000.0,-85000000.0,0.0,-0.198,2039000000.0,-186000000.0,1460000000.0,-0.108,1.946,-7.064,-7.027,18549000000.0,0.0,10.4,1.399,1.389,2128000000.0,-2809000000.0,4783000000.0,4783000000.0,0.0,-0.029,-0.239,0.01,0.091,0.0,0.0,1.0,643194441.0,639000000,639000000.0,7.485,30962000000.0,418000000.0,-116000000.0,1287000000.0,48.454,1060000000.0
8,EP,MRY,2003-12-31,2003-12-31,2003-12-31,2019-05-06,-40000000.0,36943000000.0,42239250000.0,8923000000.0,28020000000.0,0.15,7.28,-2349000000.0,2019000000.0,2019000000.0,3928000000.0,-1883000000.0,1.261,7.5,21732000000.0,1457000000.0,20275000000.0,21732000000.0,0.0,1157000000.0,0.0,0.02,0.16,-577000000.0,580000000.0,0.091,580000000.0,-577000000.0,-2367000000.0,-3.15,-3.15,-3.15,4346000000.0,6465500000.0,4346000000.0,26846285451.0,-47.0,46.287,-20000000.0,-0.034,1.0,2411000000.0,0.38,1082000000.0,1790000000.0,48500000000.0,54178250000.0,181000000.0,3409000000.0,0.0,3409000000.0,32597000000.0,7074000000.0,25523000000.0,4909285451.0,-162000000.0,1380000000.0,120000000.0,235000000.0,-203000000.0,-1302000000.0,-1189000000.0,-43000000.0,2329000000.0,0.0,-1883000000.0,-1883000000.0,-1883000000.0,1269000000.0,0.0,-0.297,2017000000.0,394000000.0,2016000000.0,-0.051,1.13,-2.607,-2.6,18195000000.0,0.0,8.19,0.774,0.771,2886000000.0,-1862000000.0,6339000000.0,6339000000.0,0.0,-0.045,-0.291,-0.011,-0.091,0.0,0.0,1.0,599424353.0,597000000,597000000.0,10.618,35861000000.0,593000000.0,-484000000.0,1558000000.0,60.069,1849000000.0
9,EP,MRY,2002-12-31,2002-12-31,2002-12-31,2019-05-06,-235000000.0,42065000000.0,47432750000.0,11780000000.0,30285000000.0,0.145,10.486,-3243000000.0,1715000000.0,1715000000.0,4813000000.0,-1875000000.0,1.14,6.164,18571000000.0,2264000000.0,16307000000.0,18571000000.0,0.0,1159000000.0,0.0,0.125,0.87,-1219000000.0,-60000000.0,-0.009,-60000000.0,-1219000000.0,-2516000000.0,-3.35,-3.35,-3.35,5872000000.0,8870000000.0,5872000000.0,20078795641.0,-16.0,-334.647,-2807000000.0,-5.013,1.0,2068000000.0,0.301,1368000000.0,1297000000.0,47221000000.0,51558500000.0,252000000.0,4891000000.0,0.0,4891000000.0,36193000000.0,10332000000.0,25861000000.0,4168795641.0,453000000.0,2824000000.0,1053000000.0,2577000000.0,-470000000.0,1272000000.0,-1255000000.0,-295000000.0,436000000.0,0.0,-1875000000.0,-1875000000.0,-1875000000.0,425000000.0,0.0,-0.272,2239000000.0,-171000000.0,4352000000.0,-0.26,0.71,-2.223,-2.078,17892000000.0,0.0,6.96,0.606,0.566,5506000000.0,143000000.0,6881000000.0,6881000000.0,0.0,-0.04,-0.211,-0.024,-0.177,0.0,0.0,1.0,598964891.0,560000000,560000000.0,12.287,40697000000.0,245000000.0,-641000000.0,2094000000.0,72.673,1448000000.0
10,EP,MRY,2001-12-31,2001-12-31,2001-12-31,2019-05-06,157000000.0,48546000000.0,47476750000.0,12805000000.0,35741000000.0,0.215,18.527,-3868000000.0,1148000000.0,1148000000.0,4830000000.0,-447000000.0,0.919,4.189,17002000000.0,3743000000.0,13259000000.0,17002000000.0,0.0,1380000000.0,0.0,0.019,0.85,612000000.0,1992000000.0,0.195,1992000000.0,612000000.0,-517000000.0,-0.89,-0.89,-0.89,9356000000.0,8095000000.0,9356000000.0,37515118826.0,61.0,18.833,252000000.0,0.499,1.0,5384000000.0,0.527,1425000000.0,1129000000.0,49039000000.0,47317750000.0,815000000.0,5297000000.0,0.0,5297000000.0,39190000000.0,13936000000.0,25254000000.0,22765118826.0,397000000.0,606000000.0,915000000.0,377000000.0,-387000000.0,1300000000.0,-5023000000.0,-1564000000.0,4120000000.0,0.0,-447000000.0,-447000000.0,-447000000.0,85000000.0,0.0,-0.044,5093000000.0,291000000.0,5924000000.0,-0.955,2.433,-50.929,-50.124,24405000000.0,0.0,44.61,2.229,2.206,7268000000.0,4902000000.0,10214000000.0,10214000000.0,0.0,-0.009,-0.055,0.013,0.06,0.0,0.0,1.0,510314253.0,505000000,505000000.0,20.226,47121000000.0,0.0,-70000000.0,4388000000.0,93.309,-1131000000.0
11,EP,MRY,2000-12-31,2000-12-31,2000-12-31,2019-05-06,-65000000.0,46320000000.0,26013750000.0,15124000000.0,31196000000.0,0.741,16.435,-2592000000.0,741000000.0,741000000.0,15537000000.0,1306000000.0,0.965,4.705,15985000000.0,4039000000.0,11946000000.0,15985000000.0,0.0,1231000000.0,0.0,0.012,0.824,2885000000.0,4116000000.0,0.214,4116000000.0,2885000000.0,1845000000.0,2.64,2.57,2.64,8119000000.0,4506250000.0,8119000000.0,23405015515.0,8.0,5.686,-2493000000.0,-5.047,1.0,3734000000.0,0.194,0.0,1040000000.0,45889000000.0,26550250000.0,1335000000.0,4802000000.0,392000000.0,4410000000.0,38201000000.0,15675000000.0,22526000000.0,16758015515.0,179000000.0,-524000000.0,141000000.0,2728000000.0,-243000000.0,3914000000.0,-3834000000.0,-672000000.0,99000000.0,0.0,1306000000.0,1306000000.0,1306000000.0,1000000.0,0.0,0.068,1319000000.0,2415000000.0,6885000000.0,0.312,2.064,12.832,27.131,22262000000.0,0.0,71.625,0.87,1.836,6188000000.0,5243000000.0,19271000000.0,19271000000.0,0.0,0.05,0.29,0.109,0.15,0.0,0.0,1.0,233968803.0,494000000,513000000.0,39.01,46320000000.0,0.0,539000000.0,4106000000.0,93.765,-551000000.0
12,EP,MRY,1999-12-31,1999-12-31,1999-12-31,2019-05-06,-29000000.0,16667000000.0,12527750000.0,2914000000.0,13753000000.0,2.181,6.014,-2797000000.0,545000000.0,545000000.0,24605000000.0,244000000.0,0.787,4.656,6688000000.0,1465000000.0,5223000000.0,6688000000.0,0.0,1101000000.0,0.0,0.021,0.8,1113000000.0,2214000000.0,0.081,2214000000.0,1113000000.0,337000000.0,0.49,0.49,0.49,2947000000.0,2316750000.0,2947000000.0,12714652418.0,11.0,5.743,-1530000000.0,-3.122,1.0,2720000000.0,0.1,0.0,776000000.0,19107000000.0,14521750000.0,74000000.0,2543000000.0,366000000.0,2177000000.0,13720000000.0,3703000000.0,10017000000.0,8861652418.0,354000000.0,-165000000.0,39000000.0,2393000000.0,-238000000.0,3504000000.0,-4417000000.0,-1351000000.0,1267000000.0,0.0,244000000.0,244000000.0,244000000.0,0.0,0.0,0.009,2010000000.0,710000000.0,994000000.0,1.633,3.007,36.318,79.209,10265000000.0,0.0,38.813,0.324,0.696,986000000.0,1207000000.0,27325000000.0,27325000000.0,0.0,0.019,0.105,0.077,0.041,0.0,0.0,1.0,228319547.0,490000000,497000000.0,55.765,16667000000.0,0.0,93000000.0,1737000000.0,34.014,-789000000.0
13,EP,MRY,1998-12-31,1998-12-31,1998-12-31,2019-05-06,-12000000.0,14443000000.0,11987500000.0,2048000000.0,12395000000.0,0.797,15.208,-748000000.0,104000000.0,104000000.0,8121000000.0,-306000000.0,0.552,3.202,5342000000.0,1650000000.0,3692000000.0,5342000000.0,0.0,624000000.0,0.0,0.022,0.766,-89000000.0,535000000.0,0.056,535000000.0,-89000000.0,-476000000.0,-1.35,-1.35,-1.35,3437000000.0,2698000000.0,3437000000.0,7504239328.0,-84.0,14.027,285000000.0,1.261,1.0,1439000000.0,0.151,538000000.0,387000000.0,15430000000.0,12634500000.0,84000000.0,1104000000.0,0.0,1104000000.0,11006000000.0,3713000000.0,7293000000.0,4183239328.0,-41000000.0,-373000000.0,-20000000.0,483000000.0,-209000000.0,573000000.0,-1647000000.0,-526000000.0,1033000000.0,0.0,-306000000.0,-306000000.0,-306000000.0,0.0,0.0,-0.032,1674000000.0,-235000000.0,800000000.0,-0.567,1.217,-13.671,-25.787,10086000000.0,0.0,34.813,0.438,0.823,1335000000.0,1669000000.0,9560000000.0,9560000000.0,0.0,-0.026,-0.113,-0.007,-0.009,0.0,0.0,1.0,120164864.0,226000000,226000000.0,42.301,13905000000.0,81000000.0,-170000000.0,1728000000.0,61.527,-1665000000.0
14,EP,MRY,1997-12-31,1997-12-31,1997-12-31,2019-05-06,-7000000.0,9532000000.0,,1629000000.0,7903000000.0,,8.746,-1294000000.0,116000000.0,116000000.0,8412000000.0,405000000.0,0.661,3.866,3004000000.0,885000000.0,2119000000.0,3004000000.0,0.0,639000000.0,0.0,0.022,0.73,983000000.0,1622000000.0,0.162,1622000000.0,983000000.0,639000000.0,1.81,1.77,1.81,1959000000.0,,1959000000.0,,,,-83000000.0,-0.371,1.0,1603000000.0,0.16,117000000.0,344000000.0,9839000000.0,,68000000.0,373000000.0,0.0,373000000.0,7573000000.0,2464000000.0,5109000000.0,,-106000000.0,-467000000.0,99000000.0,471000000.0,-170000000.0,409000000.0,-1726000000.0,0.0,1211000000.0,0.0,405000000.0,405000000.0,405000000.0,0.0,0.0,0.04,689000000.0,914000000.0,886000000.0,0.403,,,18.37,7116000000.0,0.0,33.25,,0.744,1037000000.0,327000000.0,10015000000.0,10015000000.0,0.0,,,,0.098,0.0,0.0,1.0,,224000000,229000000.0,44.71,9415000000.0,168000000.0,234000000.0,1550000000.0,42.031,-835000000.0
15,EP,MRY,1996-12-31,1996-12-31,1996-12-31,2019-05-06,,,,,,,,71000000.0,,,2642000000.0,38000000.0,,,,,,,,101000000.0,,0.028,0.695,173000000.0,274000000.0,0.091,274000000.0,173000000.0,63000000.0,0.53,0.52,0.53,,,,,,,362000000.0,5.028,1.0,370000000.0,0.123,,110000000.0,,,,,,,,,,,161000000.0,-59000000.0,0.0,-143000000.0,-53000000.0,-125000000.0,-5000000.0,0.0,291000000.0,0.0,38000000.0,38000000.0,38000000.0,0.0,0.0,0.013,200000000.0,170000000.0,,1.311,,,47.642,,0.0,25.25,,0.604,,,3012000000.0,3012000000.0,0.0,,,,0.057,0.0,0.0,,,72000000,73000000.0,41.833,,,25000000.0,,,
0,EP,MRQ,2012-03-31,2012-03-31,2012-03-31,2019-05-06,-785000000.0,24378000000.0,,1615000000.0,22763000000.0,,5.817,-509000000.0,305000000.0,305000000.0,474000000.0,149000000.0,0.834,3.802,12981000000.0,361000000.0,12620000000.0,12981000000.0,0.0,330000000.0,0.0,0.001,0.01,382000000.0,712000000.0,0.565,712000000.0,382000000.0,156000000.0,0.11,0.11,0.11,4496000000.0,,4496000000.0,35611016723.0,32.0,15.537,7000000.0,0.009,1.0,786000000.0,0.624,0.0,226000000.0,35118000000.0,,174000000.0,2855000000.0,113000000.0,2742000000.0,17096000000.0,1936000000.0,15160000000.0,22838016723.0,111000000.0,0.0,0.0,14000000.0,-8000000.0,52000000.0,-457000000.0,37000000.0,516000000.0,0.0,86000000.0,86000000.0,86000000.0,0.0,63000000.0,0.068,392000000.0,394000000.0,731000000.0,0.091,5.08,138.412,134.318,19271000000.0,0.0,29.55,4.451,4.451,666000000.0,-2207000000.0,1260000000.0,1260000000.0,0.0,,,,,0.0,0.0,1.0,772860126.0,772860126,,1.63,24378000000.0,74000000.0,70000000.0,633000000.0,31.543,-321000000.0
1,EP,MRQ,2011-12-31,2011-12-31,2011-12-31,2019-05-06,-796000000.0,24314000000.0,,1577000000.0,22737000000.0,,5.646,-780000000.0,194000000.0,194000000.0,512000000.0,245000000.0,0.734,3.946,12967000000.0,362000000.0,12605000000.0,12967000000.0,0.0,301000000.0,0.0,0.002,0.01,435000000.0,736000000.0,0.597,736000000.0,435000000.0,208000000.0,0.25,0.24,0.25,4354000000.0,,4354000000.0,32981665099.0,32.0,15.305,-296000000.0,-0.384,1.0,720000000.0,0.584,0.0,227000000.0,34939000000.0,,175000000.0,2824000000.0,85000000.0,2739000000.0,17179000000.0,2148000000.0,15031000000.0,20490665099.0,-196000000.0,75000000.0,20000000.0,83000000.0,-7000000.0,35000000.0,-715000000.0,-6000000.0,484000000.0,0.0,185000000.0,185000000.0,185000000.0,0.0,60000000.0,0.15,303000000.0,417000000.0,836000000.0,0.04,4.706,145.324,139.842,19170000000.0,0.0,26.57,4.216,4.216,714000000.0,-2293000000.0,1232000000.0,1232000000.0,0.0,,,,,0.0,0.0,1.0,771195525.0,771195525,,1.598,24314000000.0,127000000.0,23000000.0,612000000.0,31.528,-571000000.0
2,EP,MRQ,2011-09-30,2011-09-30,2011-09-30,2019-05-06,-669000000.0,24078000000.0,,1627000000.0,22451000000.0,,5.681,-973000000.0,390000000.0,390000000.0,473000000.0,-293000000.0,0.726,3.867,12881000000.0,350000000.0,12531000000.0,12881000000.0,0.0,299000000.0,0.0,0.002,0.01,-256000000.0,43000000.0,0.031,43000000.0,-256000000.0,-498000000.0,-0.48,-0.48,-0.48,4376000000.0,,4376000000.0,27415928642.0,28.0,13.539,-352000000.0,-0.457,1.0,930000000.0,0.663,0.0,242000000.0,34327000000.0,,167000000.0,2756000000.0,0.0,2756000000.0,16923000000.0,2242000000.0,14681000000.0,13463928642.0,130000000.0,561000000.0,5000000.0,52000000.0,-8000000.0,-7000000.0,-484000000.0,-3000000.0,621000000.0,0.0,-368000000.0,-368000000.0,-368000000.0,0.0,75000000.0,-0.262,451000000.0,479000000.0,842000000.0,-0.021,3.077,747.996,582.667,18738000000.0,0.0,17.48,2.919,2.919,649000000.0,-2478000000.0,1403000000.0,1403000000.0,0.0,,,,,0.0,0.0,1.0,770247634.0,770247634,,1.821,24078000000.0,107000000.0,-130000000.0,527000000.0,31.26,-615000000.0
3,EP,MRQ,2011-06-30,2011-06-30,2011-06-30,2019-05-06,-737000000.0,26958000000.0,,1552000000.0,25406000000.0,,6.073,-927000000.0,260000000.0,260000000.0,445000000.0,339000000.0,0.605,4.178,14212000000.0,618000000.0,13594000000.0,14212000000.0,0.0,262000000.0,0.0,0.002,0.01,539000000.0,801000000.0,0.648,801000000.0,539000000.0,300000000.0,0.34,0.34,0.34,4670000000.0,,4670000000.0,29352136309.0,17.0,10.899,-462000000.0,-0.601,1.0,791000000.0,0.64,0.0,239000000.0,38343000000.0,,180000000.0,1689000000.0,0.0,1689000000.0,19511000000.0,2567000000.0,16944000000.0,15533136309.0,18000000.0,29000000.0,43000000.0,103000000.0,-7000000.0,563000000.0,-1010000000.0,-112000000.0,465000000.0,0.0,262000000.0,262000000.0,262000000.0,0.0,77000000.0,0.212,262000000.0,529000000.0,908000000.0,0.029,3.326,29.929,28.857,22569000000.0,0.0,20.2,3.513,3.513,624000000.0,-2110000000.0,1236000000.0,1236000000.0,0.0,,,,,0.0,0.0,1.0,768967144.0,768967144,,1.607,26958000000.0,284000000.0,38000000.0,764000000.0,35.057,-1015000000.0
4,EP,MRQ,2011-03-31,2011-03-31,2011-03-31,2019-05-06,-729000000.0,25857000000.0,,1391000000.0,24466000000.0,,5.974,-1089000000.0,242000000.0,242000000.0,428000000.0,136000000.0,0.577,4.561,14061000000.0,495000000.0,13566000000.0,14061000000.0,0.0,254000000.0,0.0,0.002,0.01,321000000.0,575000000.0,0.581,575000000.0,321000000.0,81000000.0,0.09,0.08,0.09,4210000000.0,,4210000000.0,26344574790.0,16.0,9.915,-558000000.0,-0.792,1.0,561000000.0,0.567,0.0,240000000.0,37266000000.0,,166000000.0,1683000000.0,0.0,1683000000.0,19200000000.0,2410000000.0,16790000000.0,12685574790.0,-105000000.0,0.0,0.0,12000000.0,-16000000.0,453000000.0,-1089000000.0,1000000.0,531000000.0,0.0,62000000.0,62000000.0,62000000.0,0.0,74000000.0,0.063,254000000.0,307000000.0,883000000.0,0.111,3.013,31.4,31.579,21790000000.0,0.0,18.0,3.018,3.018,640000000.0,-2372000000.0,989000000.0,989000000.0,0.0,,,,,0.0,0.0,1.0,704754155.0,704754155,,1.403,25857000000.0,189000000.0,19000000.0,628000000.0,36.689,-1019000000.0
5,EP,MRQ,2010-12-31,2010-12-31,2010-12-31,2019-05-06,-751000000.0,25270000000.0,,1552000000.0,23718000000.0,,5.563,-1340000000.0,347000000.0,347000000.0,434000000.0,136000000.0,0.605,4.903,14006000000.0,489000000.0,13517000000.0,14006000000.0,0.0,243000000.0,0.0,0.003,0.01,363000000.0,606000000.0,0.616,606000000.0,363000000.0,114000000.0,0.08,0.1,0.08,3917000000.0,,3917000000.0,22651001612.0,10.0,7.267,-999000000.0,-1.419,1.0,550000000.0,0.559,0.0,249000000.0,36364000000.0,,169000000.0,1673000000.0,0.0,1673000000.0,19206000000.0,2565000000.0,16641000000.0,9689001612.0,-462000000.0,105000000.0,2000000.0,107000000.0,-16000000.0,438000000.0,-1241000000.0,-6000000.0,341000000.0,0.0,71000000.0,62000000.0,62000000.0,0.0,65000000.0,0.063,169000000.0,381000000.0,1005000000.0,0.125,2.474,13.438,13.359,21072000000.0,9000000.0,13.76,2.099,2.099,606000000.0,-2434000000.0,984000000.0,984000000.0,0.0,,,,,0.0,0.0,1.0,704142559.0,704142559,,1.397,25270000000.0,165000000.0,43000000.0,568000000.0,35.888,-1013000000.0
6,EP,MRQ,2010-09-30,2010-09-30,2010-09-30,2019-05-06,-749000000.0,24507000000.0,,1969000000.0,22538000000.0,,5.467,-1139000000.0,809000000.0,809000000.0,442000000.0,183000000.0,0.725,4.912,13771000000.0,637000000.0,13134000000.0,13771000000.0,0.0,239000000.0,0.0,0.003,0.01,472000000.0,711000000.0,0.586,711000000.0,472000000.0,217000000.0,0.19,0.19,0.19,3849000000.0,,3849000000.0,21802610485.0,9.0,6.67,-621000000.0,-0.882,1.0,771000000.0,0.636,0.0,255000000.0,34755000000.0,,167000000.0,1538000000.0,0.0,1538000000.0,18906000000.0,2714000000.0,16192000000.0,8715610485.0,102000000.0,14000000.0,2000000.0,221000000.0,-16000000.0,706000000.0,-1122000000.0,-7000000.0,518000000.0,0.0,142000000.0,133000000.0,133000000.0,0.0,41000000.0,0.11,253000000.0,518000000.0,922000000.0,0.053,2.264,9.432,9.379,20006000000.0,9000000.0,12.38,1.806,1.806,527000000.0,-2505000000.0,1213000000.0,1213000000.0,0.0,,,,,0.0,0.0,1.0,704007309.0,704007309,,1.723,24507000000.0,142000000.0,75000000.0,507000000.0,34.811,-745000000.0
7,EP,MRQ,2010-06-30,2010-06-30,2010-06-30,2019-05-06,-730000000.0,23375000000.0,,1880000000.0,21495000000.0,,5.297,-761000000.0,707000000.0,707000000.0,392000000.0,186000000.0,0.698,4.909,13794000000.0,711000000.0,13083000000.0,13794000000.0,0.0,242000000.0,0.0,0.007,0.01,523000000.0,765000000.0,0.751,765000000.0,523000000.0,239000000.0,0.21,0.21,0.21,3728000000.0,,3728000000.0,21141564243.0,9.0,6.785,-345000000.0,-0.49,1.0,626000000.0,0.615,0.0,284000000.0,33769000000.0,,169000000.0,1529000000.0,0.0,1529000000.0,18302000000.0,2693000000.0,15609000000.0,7818564243.0,-8000000.0,293000000.0,4000000.0,-253000000.0,-17000000.0,27000000.0,-451000000.0,-16000000.0,416000000.0,0.0,157000000.0,147000000.0,147000000.0,0.0,29000000.0,0.144,242000000.0,384000000.0,759000000.0,0.048,2.097,9.209,9.182,19031000000.0,10000000.0,11.11,1.702,1.702,547000000.0,-2647000000.0,1018000000.0,1018000000.0,0.0,,,,,0.0,0.0,1.0,703741156.0,703741156,,1.447,23375000000.0,189000000.0,82000000.0,496000000.0,33.215,-813000000.0
8,EP,MRQ,2010-03-31,2010-03-31,2010-03-31,2019-05-06,-706000000.0,23191000000.0,,2095000000.0,21096000000.0,,5.135,-741000000.0,715000000.0,715000000.0,423000000.0,419000000.0,0.776,5.156,14038000000.0,622000000.0,13416000000.0,14038000000.0,0.0,218000000.0,0.0,0.011,0.01,817000000.0,1035000000.0,0.739,1035000000.0,817000000.0,574000000.0,0.54,0.51,0.54,3601000000.0,,3601000000.0,20835295749.0,10.0,7.048,-263000000.0,-0.375,1.0,978000000.0,0.698,0.0,243000000.0,33815000000.0,,169000000.0,1725000000.0,0.0,1725000000.0,18567000000.0,2699000000.0,15868000000.0,7602295749.0,80000000.0,0.0,0.0,158000000.0,-16000000.0,349000000.0,-747000000.0,0.0,478000000.0,0.0,388000000.0,379000000.0,379000000.0,0.0,31000000.0,0.271,218000000.0,760000000.0,842000000.0,0.019,2.111,9.734,9.766,18439000000.0,9000000.0,10.84,1.672,1.672,670000000.0,-2804000000.0,1401000000.0,1401000000.0,0.0,,,,,0.0,0.0,1.0,701318796.0,701318796,,1.998,23191000000.0,204000000.0,186000000.0,444000000.0,33.068,-604000000.0
9,EP,MRQ,2009-12-31,2009-12-31,2009-12-31,2019-05-06,-718000000.0,22505000000.0,,2008000000.0,20497000000.0,,4.572,-821000000.0,635000000.0,635000000.0,421000000.0,301000000.0,0.748,5.775,13868000000.0,477000000.0,13391000000.0,13868000000.0,0.0,214000000.0,0.0,0.016,0.01,544000000.0,758000000.0,0.635,758000000.0,544000000.0,300000000.0,0.38,0.38,0.38,3206000000.0,,3206000000.0,19744493409.0,282.0,21.072,-395000000.0,-0.563,1.0,772000000.0,0.647,0.0,244000000.0,33052000000.0,,175000000.0,1718000000.0,0.0,1718000000.0,18514000000.0,2686000000.0,15828000000.0,6893493409.0,-486000000.0,-43000000.0,1000000.0,-129000000.0,-44000000.0,-41000000.0,-871000000.0,-33000000.0,426000000.0,0.0,274000000.0,265000000.0,265000000.0,0.0,27000000.0,0.222,274000000.0,498000000.0,890000000.0,0.026,2.15,-11.968,-11.843,17895000000.0,9000000.0,9.83,1.489,1.489,679000000.0,-3192000000.0,1193000000.0,1193000000.0,0.0,,,,,0.0,0.0,1.0,701270947.0,701270947,,1.701,22505000000.0,298000000.0,26000000.0,339000000.0,32.092,-678000000.0
10,EP,MRQ,2009-09-30,2009-09-30,2009-09-30,2019-05-06,-709000000.0,22157000000.0,,2425000000.0,19732000000.0,,4.201,-718000000.0,1121000000.0,1121000000.0,447000000.0,82000000.0,0.988,6.257,13972000000.0,339000000.0,13633000000.0,13972000000.0,0.0,200000000.0,0.0,0.019,0.05,358000000.0,558000000.0,0.569,558000000.0,358000000.0,102000000.0,0.08,0.08,0.08,2946000000.0,,2946000000.0,19912346611.0,-8.0,-12.046,-110000000.0,-0.157,1.0,534000000.0,0.544,0.0,256000000.0,32553000000.0,,172000000.0,1705000000.0,0.0,1705000000.0,18433000000.0,2455000000.0,15978000000.0,7236346611.0,151000000.0,-36000000.0,0.0,310000000.0,-44000000.0,279000000.0,-736000000.0,0.0,608000000.0,0.0,67000000.0,58000000.0,58000000.0,0.0,15000000.0,0.059,205000000.0,329000000.0,799000000.0,0.625,2.456,-2.862,-2.827,17200000000.0,9000000.0,10.32,1.514,1.514,585000000.0,-3466000000.0,981000000.0,981000000.0,0.0,,,,,0.0,0.0,1.0,701196377.0,701196377,,1.399,22157000000.0,231000000.0,35000000.0,265000000.0,31.599,-30000000.0
11,EP,MRQ,2009-06-30,2009-06-30,2009-06-30,2019-05-06,-650000000.0,21643000000.0,,2471000000.0,19172000000.0,,4.237,-604000000.0,970000000.0,970000000.0,373000000.0,100000000.0,1.198,6.035,13646000000.0,169000000.0,13477000000.0,13646000000.0,0.0,197000000.0,0.0,0.022,0.05,408000000.0,605000000.0,0.622,605000000.0,408000000.0,155000000.0,0.11,0.11,0.11,2970000000.0,,2970000000.0,19131271627.0,-9.0,-18.431,-240000000.0,-0.342,1.0,600000000.0,0.617,0.0,253000000.0,32257000000.0,,190000000.0,1724000000.0,0.0,1724000000.0,17924000000.0,2062000000.0,15862000000.0,6470271627.0,-871000000.0,90000000.0,0.0,-829000000.0,-45000000.0,-705000000.0,-530000000.0,0.0,364000000.0,0.0,89000000.0,79000000.0,79000000.0,0.0,11000000.0,0.081,209000000.0,391000000.0,806000000.0,0.455,2.179,-3.009,-2.977,16609000000.0,10000000.0,9.23,1.199,1.199,738000000.0,-3533000000.0,973000000.0,973000000.0,0.0,,,,,0.0,0.0,1.0,701004510.0,701004510,,1.388,21643000000.0,114000000.0,66000000.0,182000000.0,30.874,409000000.0
12,EP,MRQ,2009-03-31,2009-03-31,2009-03-31,2019-05-06,-605000000.0,22424000000.0,,3550000000.0,18874000000.0,,4.241,-759000000.0,1841000000.0,1841000000.0,429000000.0,-957000000.0,1.249,6.378,14502000000.0,961000000.0,13541000000.0,14502000000.0,0.0,256000000.0,0.0,0.03,0.05,-1240000000.0,-984000000.0,-0.663,-984000000.0,-1240000000.0,-1495000000.0,-1.41,-1.41,-1.41,2963000000.0,,2963000000.0,17250334638.0,-9.0,-20.39,50000000.0,0.072,1.0,1055000000.0,0.711,0.0,255000000.0,32243000000.0,,192000000.0,1764000000.0,0.0,1764000000.0,18898000000.0,2842000000.0,16056000000.0,4366334638.0,817000000.0,210000000.0,0.0,598000000.0,-44000000.0,544000000.0,-536000000.0,0.0,809000000.0,0.0,-969000000.0,-978000000.0,-978000000.0,0.0,12000000.0,-0.659,2324000000.0,-1269000000.0,753000000.0,-0.035,1.474,-2.142,-2.126,16075000000.0,9000000.0,6.25,0.783,0.783,839000000.0,-3622000000.0,1484000000.0,1484000000.0,0.0,,,,,0.0,0.0,1.0,698613542.0,698613542,,2.124,22424000000.0,145000000.0,-526000000.0,182000000.0,32.098,708000000.0
13,EP,MRQ,2008-12-31,2008-12-31,2008-12-31,2019-05-06,-532000000.0,23668000000.0,,3051000000.0,20617000000.0,,5.776,-852000000.0,1024000000.0,1024000000.0,416000000.0,-1667000000.0,0.941,4.727,13908000000.0,1090000000.0,12818000000.0,13908000000.0,0.0,302000000.0,0.0,0.023,0.05,-2134000000.0,-1832000000.0,-1.364,-1832000000.0,-2134000000.0,-2373000000.0,-2.43,-2.36,-2.43,4035000000.0,,4035000000.0,17646745597.0,-115.0,16.79,-533000000.0,-0.763,1.0,927000000.0,0.69,0.0,239000000.0,33309000000.0,,187000000.0,1703000000.0,0.0,1703000000.0,19072000000.0,3243000000.0,15829000000.0,5469745596.0,-136000000.0,11000000.0,0.0,435000000.0,-44000000.0,376000000.0,-831000000.0,0.0,319000000.0,0.0,-1678000000.0,-1687000000.0,-1687000000.0,0.0,11000000.0,-1.256,2967000000.0,-2040000000.0,996000000.0,-0.021,1.356,-6.36,-6.315,17858000000.0,9000000.0,7.83,1.02,1.02,964000000.0,-2653000000.0,1343000000.0,1343000000.0,0.0,,,,,0.0,0.0,1.0,698562656.0,698562656,,1.923,23668000000.0,0.0,-695000000.0,565000000.0,33.881,-192000000.0
14,EP,MRQ,2008-09-30,2008-09-30,2008-09-30,2019-05-06,-167000000.0,26426000000.0,,2999000000.0,23427000000.0,,8.721,-730000000.0,1160000000.0,1160000000.0,466000000.0,452000000.0,0.887,3.322,13337000000.0,1079000000.0,12258000000.0,13337000000.0,0.0,292000000.0,0.0,0.013,0.05,881000000.0,1173000000.0,0.734,1173000000.0,881000000.0,660000000.0,0.63,0.58,0.63,6115000000.0,,6115000000.0,21132337890.0,9.0,5.724,3000000.0,0.004,1.0,1132000000.0,0.708,0.0,221000000.0,35223000000.0,,168000000.0,1830000000.0,0.0,1830000000.0,20311000000.0,3380000000.0,16931000000.0,8947337890.0,886000000.0,-14000000.0,-77000000.0,928000000.0,-38000000.0,861000000.0,-708000000.0,0.0,733000000.0,0.0,445000000.0,436000000.0,436000000.0,0.0,7000000.0,0.273,293000000.0,839000000.0,1027000000.0,0.079,1.463,9.149,9.114,19768000000.0,9000000.0,12.76,1.694,1.694,1102000000.0,-975000000.0,1598000000.0,1598000000.0,0.0,,,,,0.0,0.0,1.0,701202029.0,701202029,,2.279,26426000000.0,181000000.0,215000000.0,1660000000.0,37.687,-381000000.0
15,EP,MRQ,2008-06-30,2008-06-30,2008-06-30,2019-05-06,-617000000.0,25226000000.0,,2374000000.0,22852000000.0,,7.581,-644000000.0,274000000.0,274000000.0,427000000.0,198000000.0,0.584,3.738,12459000000.0,1236000000.0,11223000000.0,12459000000.0,0.0,298000000.0,0.0,0.007,0.04,499000000.0,797000000.0,0.691,797000000.0,499000000.0,278000000.0,0.27,0.25,0.27,5324000000.0,,5324000000.0,27458550174.0,13.0,8.333,40000000.0,0.057,1.0,726000000.0,0.63,0.0,221000000.0,33344000000.0,,143000000.0,1863000000.0,0.0,1863000000.0,19902000000.0,4067000000.0,15835000000.0,15268550174.0,-224000000.0,20000000.0,0.0,-211000000.0,-37000000.0,-290000000.0,-618000000.0,0.0,684000000.0,0.0,191000000.0,191000000.0,191000000.0,0.0,7000000.0,0.166,305000000.0,421000000.0,1125000000.0,0.148,2.868,22.193,22.184,19168000000.0,0.0,21.74,3.148,3.148,1317000000.0,-1420000000.0,1153000000.0,1153000000.0,0.0,,,,,0.0,0.0,1.0,702325215.0,702325215,,1.642,25226000000.0,458000000.0,87000000.0,1437000000.0,35.918,-1693000000.0
16,EP,MRQ,2008-03-31,2008-03-31,2008-03-31,2019-05-06,-387000000.0,24666000000.0,,2128000000.0,22538000000.0,,7.604,-531000000.0,498000000.0,498000000.0,406000000.0,228000000.0,0.797,3.629,12688000000.0,366000000.0,12322000000.0,12688000000.0,0.0,313000000.0,0.0,0.01,0.04,600000000.0,913000000.0,0.719,913000000.0,600000000.0,367000000.0,0.29,0.29,0.29,5329000000.0,,5329000000.0,24190046326.0,12.0,7.441,103000000.0,0.147,1.0,863000000.0,0.68,0.0,233000000.0,34186000000.0,,132000000.0,1846000000.0,0.0,1846000000.0,19337000000.0,2670000000.0,16667000000.0,11661046326.0,213000000.0,303000000.0,0.0,-190000000.0,-38000000.0,-230000000.0,-191000000.0,0.0,634000000.0,0.0,219000000.0,200000000.0,200000000.0,0.0,9000000.0,0.158,313000000.0,550000000.0,886000000.0,0.138,2.188,17.858,17.702,18777000000.0,19000000.0,16.64,2.382,2.382,1168000000.0,-1610000000.0,1269000000.0,1269000000.0,0.0,,,,,0.0,0.0,1.0,700784034.0,700784034,,1.811,24666000000.0,285000000.0,148000000.0,1337000000.0,35.198,-542000000.0
17,EP,MRQ,2007-12-31,2007-12-31,2007-12-31,2019-05-06,-272000000.0,24579000000.0,,1712000000.0,22867000000.0,,7.538,-699000000.0,285000000.0,285000000.0,494000000.0,166000000.0,0.709,3.655,12814000000.0,331000000.0,12483000000.0,12814000000.0,0.0,326000000.0,0.0,0.009,0.04,483000000.0,809000000.0,0.641,809000000.0,483000000.0,231000000.0,0.21,0.22,0.21,5280000000.0,,5280000000.0,24699381502.0,11.0,7.053,-356000000.0,-0.508,1.0,768000000.0,0.609,0.0,252000000.0,34695000000.0,,131000000.0,1614000000.0,0.0,1614000000.0,19299000000.0,2413000000.0,16886000000.0,12076381502.0,-104000000.0,9000000.0,0.0,-245000000.0,-37000000.0,257000000.0,-704000000.0,0.0,343000000.0,0.0,160000000.0,151000000.0,151000000.0,0.0,6000000.0,0.12,326000000.0,442000000.0,967000000.0,0.19,2.287,11.255,11.195,19354000000.0,9000000.0,17.24,2.598,2.598,992000000.0,-1834000000.0,1262000000.0,1262000000.0,0.0,,,,,0.0,0.0,1.0,700486166.0,700486166,,1.802,24579000000.0,191000000.0,71000000.0,1157000000.0,35.088,-701000000.0
18,EP,MRQ,2007-09-30,2007-09-30,2007-09-30,2019-05-06,-413000000.0,24081000000.0,,2029000000.0,22052000000.0,,7.146,-666000000.0,389000000.0,389000000.0,456000000.0,155000000.0,0.731,3.81,13012000000.0,567000000.0,12445000000.0,13012000000.0,0.0,293000000.0,0.0,0.009,0.04,483000000.0,776000000.0,0.666,776000000.0,483000000.0,255000000.0,0.21,0.2,0.21,5006000000.0,,5006000000.0,23476535341.0,12.0,7.642,-69000000.0,-0.098,1.0,710000000.0,0.609,0.0,228000000.0,33927000000.0,,0.0,1638000000.0,0.0,1638000000.0,19075000000.0,2777000000.0,16298000000.0,11888535341.0,80000000.0,-910000000.0,0.0,1066000000.0,-37000000.0,1029000000.0,-1546000000.0,0.0,597000000.0,0.0,155000000.0,146000000.0,146000000.0,0.0,0.0,0.125,293000000.0,417000000.0,880000000.0,0.19,2.375,15.915,15.86,18919000000.0,9000000.0,16.97,2.765,2.765,1116000000.0,-1994000000.0,1166000000.0,1166000000.0,0.0,,,,,0.0,0.0,1.0,700561894.0,700561894,,1.664,24081000000.0,358000000.0,100000000.0,1204000000.0,34.374,-748000000.0
19,EP,MRQ,2007-06-30,2007-06-30,2007-06-30,2019-05-06,-419000000.0,22818000000.0,,1992000000.0,20826000000.0,,6.949,-602000000.0,309000000.0,309000000.0,461000000.0,166000000.0,0.733,3.689,11897000000.0,440000000.0,11457000000.0,11897000000.0,0.0,286000000.0,0.0,0.009,0.04,467000000.0,753000000.0,0.629,753000000.0,467000000.0,236000000.0,0.23,0.22,0.23,4866000000.0,,4866000000.0,23499148484.0,13.0,8.14,-50000000.0,-0.071,1.0,737000000.0,0.615,0.0,231000000.0,31689000000.0,,0.0,1653000000.0,0.0,1653000000.0,17952000000.0,2717000000.0,15235000000.0,12065148484.0,77000000.0,27000000.0,0.0,131000000.0,-38000000.0,100000000.0,-575000000.0,0.0,552000000.0,0.0,166000000.0,156000000.0,156000000.0,3000000.0,0.0,0.13,286000000.0,451000000.0,984000000.0,0.174,2.479,16.596,16.567,17650000000.0,10000000.0,17.23,2.961,2.961,1224000000.0,-2149000000.0,1198000000.0,1198000000.0,0.0,,,,,0.0,0.0,1.0,700240771.0,700240771,,1.711,22818000000.0,297000000.0,70000000.0,1069000000.0,32.586,-725000000.0
20,EP,MRQ,2007-03-31,2007-03-31,2007-03-31,2019-05-06,-446000000.0,22663000000.0,,2241000000.0,20422000000.0,,6.726,-528000000.0,232000000.0,232000000.0,416000000.0,629000000.0,0.755,3.825,11666000000.0,403000000.0,11263000000.0,11666000000.0,0.0,271000000.0,0.0,0.011,0.04,893000000.0,1164000000.0,1.139,1164000000.0,893000000.0,610000000.0,0.89,0.89,0.89,4697000000.0,,4697000000.0,24256893472.0,14.0,8.529,-215000000.0,-0.308,1.0,606000000.0,0.593,0.0,283000000.0,31128000000.0,,0.0,1671000000.0,0.0,1671000000.0,17966000000.0,2969000000.0,14997000000.0,10104893472.0,-305000000.0,-217000000.0,0.0,-3230000000.0,-37000000.0,-3553000000.0,2935000000.0,0.0,313000000.0,0.0,629000000.0,620000000.0,620000000.0,-677000000.0,0.0,0.607,271000000.0,335000000.0,921000000.0,0.045,2.151,14.192,14.186,17206000000.0,9000000.0,14.47,2.548,2.548,1568000000.0,-2315000000.0,1022000000.0,1022000000.0,0.0,,,,,0.0,0.0,1.0,698334034.0,698334034,,1.463,22663000000.0,345000000.0,-19000000.0,1047000000.0,32.453,-728000000.0
21,EP,MRQ,2006-12-31,2006-12-31,2006-12-31,2019-05-06,-343000000.0,27261000000.0,,7167000000.0,20094000000.0,,5.934,-654000000.0,537000000.0,537000000.0,469000000.0,-166000000.0,1.165,5.512,14689000000.0,1360000000.0,13329000000.0,14689000000.0,0.0,281000000.0,344000000.0,0.01,0.04,98000000.0,379000000.0,0.415,379000000.0,98000000.0,-189000000.0,-0.26,-0.23,-0.26,4186000000.0,,4186000000.0,25198352737.0,15.0,9.193,-563000000.0,-0.798,1.0,444000000.0,0.486,0.0,287000000.0,35262000000.0,,115000000.0,1707000000.0,0.0,1707000000.0,23075000000.0,6151000000.0,16924000000.0,10778352737.0,-222000000.0,172000000.0,0.0,216000000.0,-37000000.0,186000000.0,-499000000.0,0.0,91000000.0,0.0,-166000000.0,-175000000.0,-175000000.0,151000000.0,0.0,-0.192,281000000.0,163000000.0,1050000000.0,-0.154,2.575,24.608,23.508,16678000000.0,9000000.0,15.28,2.518,2.518,1440000000.0,-2940000000.0,913000000.0,913000000.0,0.0,,,,,0.0,0.0,1.0,705389577.0,705389577,,1.294,27261000000.0,478000000.0,-23000000.0,950000000.0,38.647,1016000000.0
22,EP,MRQ,2006-09-30,2006-09-30,2006-09-30,2019-05-06,20000000.0,27399000000.0,,2819000000.0,24580000000.0,,6.814,-568000000.0,759000000.0,759000000.0,464000000.0,135000000.0,0.721,4.778,15179000000.0,885000000.0,14294000000.0,15179000000.0,0.0,260000000.0,294000000.0,0.012,0.04,331000000.0,591000000.0,0.627,591000000.0,331000000.0,37000000.0,0.18,0.18,0.18,4742000000.0,,4742000000.0,23942748670.0,16.0,9.837,22000000.0,0.032,1.0,478000000.0,0.507,0.0,294000000.0,37907000000.0,,0.0,2081000000.0,0.0,2081000000.0,22657000000.0,3912000000.0,18745000000.0,9492748670.0,-1003000000.0,26000000.0,0.0,-1047000000.0,-37000000.0,-1110000000.0,-483000000.0,0.0,590000000.0,0.0,135000000.0,126000000.0,126000000.0,-24000000.0,0.0,0.134,260000000.0,218000000.0,956000000.0,0.222,2.002,21.526,20.667,19624000000.0,9000000.0,13.64,2.553,2.553,1465000000.0,-2774000000.0,942000000.0,942000000.0,0.0,,,,,0.0,0.0,1.0,695949316.0,695949316,,1.354,27399000000.0,206000000.0,-98000000.0,1557000000.0,39.369,-1093000000.0
23,EP,MRQ,2006-06-30,2006-06-30,2006-06-30,2019-05-06,-77000000.0,28777000000.0,,4229000000.0,24548000000.0,,6.876,-569000000.0,1762000000.0,1762000000.0,470000000.0,150000000.0,1.035,5.341,16212000000.0,838000000.0,15374000000.0,16212000000.0,0.0,256000000.0,456000000.0,0.011,0.04,454000000.0,710000000.0,0.652,710000000.0,454000000.0,138000000.0,0.21,0.21,0.21,4538000000.0,,4538000000.0,25201322560.0,24.0,12.588,-98000000.0,-0.148,1.0,619000000.0,0.568,0.0,316000000.0,39140000000.0,,0.0,2102000000.0,0.0,2102000000.0,24239000000.0,4087000000.0,20152000000.0,9900322560.0,-17000000.0,416000000.0,500000000.0,-872000000.0,-35000000.0,-636000000.0,148000000.0,0.0,471000000.0,0.0,150000000.0,141000000.0,141000000.0,-16000000.0,0.0,0.129,256000000.0,363000000.0,986000000.0,0.19,2.182,-1650.054,-750.0,19355000000.0,9000000.0,15.0,2.806,2.806,1500000000.0,-2909000000.0,1089000000.0,1089000000.0,0.0,,,,,0.0,0.0,1.0,660021504.0,660021504,,1.65,28777000000.0,263000000.0,-12000000.0,1653000000.0,43.6,142000000.0
24,EP,MRQ,2006-03-31,2006-03-31,2006-03-31,2019-05-06,-163000000.0,30601000000.0,,5234000000.0,25367000000.0,,5.918,-373000000.0,1779000000.0,1779000000.0,404000000.0,356000000.0,1.051,6.883,17080000000.0,848000000.0,16232000000.0,17080000000.0,0.0,250000000.0,845000000.0,0.013,0.04,811000000.0,1061000000.0,0.794,1061000000.0,811000000.0,480000000.0,0.53,0.49,0.53,3882000000.0,,3882000000.0,24045484091.0,33.0,14.095,578000000.0,0.881,1.0,933000000.0,0.698,413000000.0,331000000.0,40508000000.0,,0.0,2414000000.0,0.0,2414000000.0,26719000000.0,4981000000.0,21738000000.0,7943484091.0,-353000000.0,59000000.0,0.0,-946000000.0,-36000000.0,-984000000.0,-320000000.0,0.0,951000000.0,0.0,356000000.0,346000000.0,346000000.0,-55000000.0,0.0,0.259,250000000.0,683000000.0,1153000000.0,0.075,2.046,-20.212,-19.754,19094000000.0,10000000.0,12.05,2.202,2.191,1391000000.0,-3059000000.0,1337000000.0,1337000000.0,0.0,,,,,0.0,0.0,1.0,659210298.0,656000000,724000000.0,2.038,30188000000.0,250000000.0,124000000.0,1529000000.0,46.018,253000000.0
25,EP,MRQ,2005-12-31,2005-12-31,2005-12-31,2019-05-06,-332000000.0,31840000000.0,,6185000000.0,25655000000.0,,5.174,-214000000.0,2132000000.0,2132000000.0,715000000.0,-162000000.0,1.083,8.395,17266000000.0,984000000.0,16282000000.0,17266000000.0,0.0,183000000.0,497000000.0,0.013,0.04,-111000000.0,72000000.0,0.206,72000000.0,-111000000.0,-393000000.0,-0.26,-0.26,-0.26,3389000000.0,,3389000000.0,25054474810.0,70.0,18.368,452000000.0,0.69,1.0,-365000000.0,-1.043,0.0,282000000.0,41262000000.0,,0.0,2165000000.0,0.0,2165000000.0,28451000000.0,5712000000.0,22739000000.0,8017474810.0,1245000000.0,194000000.0,0.0,429000000.0,-36000000.0,311000000.0,268000000.0,0.0,666000000.0,0.0,-162000000.0,-172000000.0,-172000000.0,-235000000.0,0.0,-0.491,173000000.0,-538000000.0,1329000000.0,-0.154,2.366,-12.666,-12.408,15552000000.0,10000000.0,12.16,2.387,2.339,1548000000.0,-3415000000.0,350000000.0,350000000.0,0.0,,,,,0.0,0.0,1.0,659331810.0,655000000,655000000.0,0.534,31840000000.0,391000000.0,-231000000.0,549000000.0,48.611,473000000.0
26,EP,MRQ,2005-09-30,2005-09-30,2005-09-30,2019-05-06,-471000000.0,31702000000.0,,5619000000.0,26083000000.0,,5.312,-443000000.0,887000000.0,887000000.0,634000000.0,-312000000.0,0.918,8.21,17924000000.0,1267000000.0,16657000000.0,17924000000.0,0.0,270000000.0,245000000.0,0.012,0.04,-111000000.0,159000000.0,0.211,159000000.0,-111000000.0,-448000000.0,-0.5,-0.5,-0.5,3442000000.0,,3442000000.0,24913494642.0,-445.0,27.05,-851000000.0,-1.313,1.0,118000000.0,0.157,413000000.0,337000000.0,42206000000.0,,0.0,2760000000.0,0.0,2760000000.0,28260000000.0,6120000000.0,22140000000.0,8975494642.0,-653000000.0,-566000000.0,0.0,754000000.0,-34000000.0,674000000.0,-919000000.0,-131000000.0,-408000000.0,0.0,-312000000.0,-321000000.0,-321000000.0,19000000.0,0.0,-0.427,273000000.0,-155000000.0,1391000000.0,-0.08,2.608,-8.949,-8.91,19163000000.0,9000000.0,13.9,2.735,2.744,1953000000.0,-3253000000.0,752000000.0,752000000.0,0.0,,,,,0.0,0.0,1.0,645719039.0,648000000,648000000.0,1.16,31289000000.0,787000000.0,-136000000.0,1786000000.0,48.285,-501000000.0
27,EP,MRQ,2005-06-30,2005-06-30,2005-06-30,2019-05-06,-183000000.0,29676000000.0,,4806000000.0,24870000000.0,,5.928,-429000000.0,1540000000.0,1540000000.0,495000000.0,-238000000.0,1.032,6.809,17478000000.0,1099000000.0,16379000000.0,17478000000.0,0.0,284000000.0,342000000.0,0.014,0.04,130000000.0,414000000.0,0.354,414000000.0,130000000.0,-203000000.0,-0.38,-0.38,-0.38,3800000000.0,,3800000000.0,23551290246.0,75.0,18.243,-470000000.0,-0.733,1.0,674000000.0,0.577,422000000.0,333000000.0,40533000000.0,,0.0,2275000000.0,0.0,2275000000.0,25876000000.0,4659000000.0,21217000000.0,7425290246.0,-111000000.0,196000000.0,0.0,-255000000.0,-25000000.0,135000000.0,-205000000.0,0.0,-41000000.0,0.0,-238000000.0,-246000000.0,-246000000.0,305000000.0,0.0,-0.21,284000000.0,390000000.0,1199000000.0,-0.105,1.954,-8.287,-8.288,18687000000.0,8000000.0,11.52,1.876,1.865,1755000000.0,-2941000000.0,1169000000.0,1169000000.0,0.0,,,,,0.0,0.0,1.0,644556445.0,641000000,641000000.0,1.824,29254000000.0,607000000.0,35000000.0,1528000000.0,45.638,147000000.0
28,EP,MRQ,2005-03-31,2005-03-31,2005-03-31,2019-05-06,-198000000.0,30535000000.0,,5282000000.0,25253000000.0,,5.191,-388000000.0,1651000000.0,1651000000.0,570000000.0,106000000.0,1.066,8.192,17777000000.0,850000000.0,16927000000.0,17777000000.0,0.0,269000000.0,0.0,0.015,0.04,450000000.0,719000000.0,0.661,719000000.0,450000000.0,107000000.0,0.17,0.17,0.17,3322000000.0,,3322000000.0,23701246809.0,37.0,14.786,-337000000.0,-0.527,1.0,518000000.0,0.476,429000000.0,343000000.0,41276000000.0,,137000000.0,2403000000.0,0.0,2403000000.0,27213000000.0,4956000000.0,22257000000.0,6802246809.0,-466000000.0,460000000.0,0.0,-799000000.0,-26000000.0,-872000000.0,355000000.0,131000000.0,51000000.0,0.0,106000000.0,106000000.0,106000000.0,7000000.0,0.0,0.097,276000000.0,242000000.0,1389000000.0,0.235,2.048,-10.546,-10.58,18911000000.0,0.0,10.58,1.577,1.57,1937000000.0,-2703000000.0,1088000000.0,1088000000.0,0.0,,,,,0.0,0.0,1.0,642934481.0,640000000,642000000.0,1.7,30106000000.0,670000000.0,1000000.0,1629000000.0,47.041,326000000.0
29,EP,MRQ,2004-12-31,2004-12-31,2004-12-31,2019-05-06,1000000.0,31383000000.0,,5632000000.0,25751000000.0,,5.38,-379000000.0,2117000000.0,2117000000.0,269000000.0,-542000000.0,1.232,8.128,19196000000.0,955000000.0,18241000000.0,19196000000.0,0.0,154000000.0,131000000.0,0.015,0.04,-525000000.0,-371000000.0,-1.359,-371000000.0,-525000000.0,-793000000.0,-0.85,-0.85,-0.85,3438000000.0,,3438000000.0,23353222186.0,54.0,16.729,138000000.0,0.216,1.0,4000000.0,0.015,421000000.0,268000000.0,43469000000.0,,0.0,2574000000.0,0.0,2574000000.0,27945000000.0,4572000000.0,23373000000.0,6689222186.0,-212000000.0,166000000.0,0.0,-357000000.0,-26000000.0,-475000000.0,-254000000.0,0.0,517000000.0,0.0,-542000000.0,-542000000.0,-542000000.0,-203000000.0,0.0,-1.985,394000000.0,-390000000.0,1460000000.0,-0.047,1.946,-7.064,-7.027,18549000000.0,0.0,10.4,1.399,1.389,2128000000.0,-2809000000.0,273000000.0,273000000.0,0.0,,,,,0.0,0.0,1.0,643194441.0,639000000,639000000.0,0.427,30962000000.0,418000000.0,-251000000.0,1287000000.0,48.454,1060000000.0
30,EP,MRQ,2004-09-30,2004-09-30,2004-09-30,2019-05-06,-84000000.0,31653000000.0,,5977000000.0,25676000000.0,,6.116,-490000000.0,2563000000.0,2563000000.0,932000000.0,-214000000.0,1.238,7.1,19227000000.0,1554000000.0,17673000000.0,19227000000.0,0.0,270000000.0,0.0,0.017,0.04,259000000.0,529000000.0,0.37,529000000.0,259000000.0,-137000000.0,-0.33,-0.33,-0.33,3908000000.0,,3908000000.0,25626229572.0,23.0,11.691,13000000.0,0.02,1.0,497000000.0,0.348,424000000.0,396000000.0,43065000000.0,,154000000.0,2910000000.0,0.0,2910000000.0,27745000000.0,4828000000.0,22917000000.0,5913229572.0,918000000.0,1544000000.0,0.0,-681000000.0,-26000000.0,-720000000.0,1135000000.0,-77000000.0,503000000.0,0.0,-214000000.0,-214000000.0,-214000000.0,12000000.0,0.0,-0.15,852000000.0,-355000000.0,1336000000.0,-0.121,1.513,-9.168,-9.01,18625000000.0,0.0,9.19,1.031,1.023,1892000000.0,-2267000000.0,1429000000.0,1429000000.0,0.0,,,,,0.0,0.0,1.0,643441738.0,639000000,639000000.0,2.236,31229000000.0,563000000.0,77000000.0,1580000000.0,48.872,1149000000.0
31,EP,MRQ,2004-06-30,2004-06-30,2004-06-30,2019-05-06,-44000000.0,32585000000.0,,6117000000.0,26468000000.0,,6.545,-410000000.0,1647000000.0,1647000000.0,874000000.0,5000000.0,1.189,6.792,19833000000.0,1574000000.0,18259000000.0,19833000000.0,0.0,263000000.0,0.0,0.02,0.04,463000000.0,726000000.0,0.476,726000000.0,463000000.0,53000000.0,0.01,0.01,0.01,4182000000.0,,4182000000.0,26660463902.0,19.0,10.634,-743000000.0,-1.163,1.0,650000000.0,0.427,1077000000.0,410000000.0,44549000000.0,,157000000.0,3375000000.0,0.0,3375000000.0,28403000000.0,5145000000.0,23258000000.0,4723463902.0,-407000000.0,143000000.0,0.0,-448000000.0,-26000000.0,-479000000.0,405000000.0,88000000.0,-333000000.0,0.0,5000000.0,5000000.0,5000000.0,29000000.0,0.0,0.003,280000000.0,370000000.0,1506000000.0,4.0,1.129,-11.606,-12.123,18349000000.0,0.0,7.88,0.784,0.836,2237000000.0,-2053000000.0,1524000000.0,1524000000.0,0.0,,,,,0.0,0.0,1.0,599424353.0,639000000,639000000.0,2.385,31508000000.0,328000000.0,48000000.0,1317000000.0,49.308,972000000.0
32,EP,MRQ,2004-03-31,2004-03-31,2004-03-31,2019-05-06,21000000.0,35215000000.0,,7536000000.0,27679000000.0,,6.787,-372000000.0,2531000000.0,2531000000.0,855000000.0,-196000000.0,1.259,7.133,21153000000.0,1472000000.0,19681000000.0,21153000000.0,0.0,275000000.0,0.0,0.023,0.04,237000000.0,512000000.0,0.329,512000000.0,237000000.0,-186000000.0,-0.31,-0.31,-0.31,4330000000.0,,4330000000.0,26198907150.0,-119.0,29.338,257000000.0,0.403,1.0,702000000.0,0.451,1077000000.0,423000000.0,46775000000.0,,170000000.0,3589000000.0,0.0,3589000000.0,30885000000.0,5985000000.0,24900000000.0,4261907150.0,389000000.0,24000000.0,73000000.0,-526000000.0,-23000000.0,-857000000.0,617000000.0,-11000000.0,629000000.0,0.0,-196000000.0,-196000000.0,-196000000.0,77000000.0,0.0,-0.126,513000000.0,189000000.0,1491000000.0,-0.129,0.984,-2.586,-2.604,18156000000.0,0.0,7.11,0.702,0.748,2342000000.0,-1991000000.0,1557000000.0,1557000000.0,0.0,,,,,0.0,0.0,1.0,599424353.0,638000000,638000000.0,2.44,34138000000.0,530000000.0,10000000.0,1465000000.0,53.508,1551000000.0
33,EP,MRQ,2003-12-31,2003-12-31,2003-12-31,2019-05-06,-40000000.0,36943000000.0,,8923000000.0,28020000000.0,,7.243,-481000000.0,2019000000.0,2019000000.0,650000000.0,-240000000.0,1.261,7.5,21732000000.0,1457000000.0,20275000000.0,21732000000.0,0.0,260000000.0,0.0,0.02,0.04,165000000.0,425000000.0,0.346,425000000.0,165000000.0,-273000000.0,-0.39,-0.39,-0.39,4346000000.0,,4346000000.0,26846285451.0,-47.0,46.287,82000000.0,0.137,1.0,578000000.0,0.471,1082000000.0,438000000.0,48500000000.0,,181000000.0,3409000000.0,0.0,3409000000.0,32597000000.0,7074000000.0,25523000000.0,4909285451.0,-214000000.0,1076000000.0,120000000.0,-857000000.0,-25000000.0,-1059000000.0,282000000.0,-18000000.0,563000000.0,0.0,-240000000.0,-240000000.0,-240000000.0,74000000.0,0.0,-0.195,528000000.0,50000000.0,2016000000.0,-0.103,1.13,-2.607,-2.6,18195000000.0,0.0,8.19,0.774,0.771,2886000000.0,-1862000000.0,1228000000.0,1228000000.0,0.0,,,,,0.0,0.0,1.0,599424353.0,600000000,600000000.0,2.047,35861000000.0,593000000.0,-33000000.0,1558000000.0,59.768,1849000000.0
34,EP,MRQ,2003-09-30,2003-09-30,2003-09-30,2019-05-06,-372000000.0,42676000000.0,,8070000000.0,34606000000.0,,11.331,-602000000.0,1643000000.0,1643000000.0,896000000.0,24000000.0,1.258,5.32,23580000000.0,1056000000.0,22524000000.0,23580000000.0,0.0,283000000.0,0.0,0.046,0.04,561000000.0,844000000.0,0.492,844000000.0,561000000.0,86000000.0,0.04,0.04,0.04,6753000000.0,,6753000000.0,26052747105.0,-8.0,-11.589,150000000.0,0.252,1.0,818000000.0,0.477,1234000000.0,475000000.0,56962000000.0,,203000000.0,5107000000.0,0.0,5107000000.0,35923000000.0,6417000000.0,29506000000.0,4383747105.0,-142000000.0,100000000.0,0.0,-395000000.0,-24000000.0,-419000000.0,-475000000.0,74000000.0,752000000.0,0.0,24000000.0,24000000.0,24000000.0,41000000.0,0.0,0.014,337000000.0,481000000.0,2050000000.0,1.0,0.649,-1.158,-1.108,23054000000.0,0.0,7.3,0.785,0.779,3517000000.0,1142000000.0,1714000000.0,1714000000.0,0.0,,,,,0.0,0.0,1.0,600513302.0,596000000,596000000.0,2.876,41442000000.0,0.0,62000000.0,3056000000.0,69.534,1653000000.0
35,EP,MRQ,2003-06-30,2003-06-30,2003-06-30,2019-05-06,-532000000.0,44317000000.0,,9418000000.0,34899000000.0,,11.379,-592000000.0,1785000000.0,1785000000.0,1144000000.0,-1236000000.0,1.368,5.535,23454000000.0,963000000.0,22491000000.0,23454000000.0,0.0,295000000.0,0.0,0.064,0.04,-1183000000.0,-888000000.0,-0.566,-888000000.0,-1183000000.0,-1646000000.0,-2.07,-2.07,-2.07,6782000000.0,,6782000000.0,23781792915.0,-7.0,-9.566,511000000.0,0.857,1.0,425000000.0,0.271,1276000000.0,463000000.0,57823000000.0,,208000000.0,5096000000.0,0.0,5096000000.0,37535000000.0,6887000000.0,30648000000.0,4840792915.0,3000000.0,-865000000.0,0.0,-541000000.0,-24000000.0,-581000000.0,-519000000.0,903000000.0,1103000000.0,0.0,-1236000000.0,-1236000000.0,-1236000000.0,939000000.0,0.0,-0.788,784000000.0,-359000000.0,2249000000.0,-0.019,0.714,-1.248,-1.197,22890000000.0,0.0,8.08,0.87,0.865,3840000000.0,1312000000.0,1569000000.0,1569000000.0,0.0,,,,,0.0,0.0,1.0,599108034.0,596000000,596000000.0,2.633,43041000000.0,0.0,-410000000.0,2966000000.0,72.216,2531000000.0
36,EP,MRQ,2003-03-31,2003-03-31,2003-03-31,2019-05-06,-523000000.0,45021000000.0,,11308000000.0,33713000000.0,,13.413,-674000000.0,1782000000.0,1782000000.0,1245000000.0,-431000000.0,1.233,4.641,20723000000.0,2796000000.0,17927000000.0,20723000000.0,0.0,319000000.0,0.0,0.115,0.04,-124000000.0,195000000.0,0.105,195000000.0,-124000000.0,-537000000.0,-0.72,-0.72,-0.72,7981000000.0,,7981000000.0,20606582282.0,-10.0,-20.731,-763000000.0,-1.282,1.0,609000000.0,0.328,1364000000.0,413000000.0,53428000000.0,,854000000.0,5429000000.0,0.0,5429000000.0,37040000000.0,9170000000.0,27870000000.0,3626582282.0,191000000.0,1069000000.0,0.0,2028000000.0,-130000000.0,757000000.0,-477000000.0,-1002000000.0,-89000000.0,0.0,-431000000.0,-431000000.0,-431000000.0,222000000.0,0.0,-0.232,342000000.0,267000000.0,3884000000.0,-0.056,0.454,-1.349,-1.271,22479000000.0,0.0,6.05,0.623,0.619,6332000000.0,2524000000.0,1854000000.0,1854000000.0,0.0,,,,,0.0,0.0,1.0,599435088.0,595000000,595000000.0,3.116,43657000000.0,0.0,-106000000.0,3378000000.0,73.373,2138000000.0
37,EP,MRQ,2002-12-31,2002-12-31,2002-12-31,2019-05-06,-235000000.0,42065000000.0,,11780000000.0,30285000000.0,,9.852,-755000000.0,1715000000.0,1715000000.0,1214000000.0,-2144000000.0,1.14,6.164,18571000000.0,2264000000.0,16307000000.0,18571000000.0,0.0,159000000.0,0.0,0.125,0.217,-2558000000.0,-2399000000.0,-5.355,-2399000000.0,-2558000000.0,-2905000000.0,-3.84,-3.84,-3.84,5872000000.0,,5872000000.0,20078795641.0,-16.0,-334.647,-1483000000.0,-2.488,1.0,-766000000.0,-1.71,1368000000.0,347000000.0,47221000000.0,,252000000.0,4891000000.0,0.0,4891000000.0,36193000000.0,10332000000.0,25861000000.0,4168795641.0,-102000000.0,1525000000.0,2000000.0,1680000000.0,-130000000.0,493000000.0,133000000.0,-295000000.0,-728000000.0,0.0,-2144000000.0,-2144000000.0,-2144000000.0,276000000.0,0.0,-4.786,996000000.0,-1762000000.0,4352000000.0,-0.057,0.71,-2.223,-2.078,17892000000.0,0.0,6.96,0.606,0.566,5506000000.0,143000000.0,448000000.0,448000000.0,0.0,,,,,0.0,0.0,1.0,598964891.0,596000000,593000000.0,0.752,40697000000.0,245000000.0,-761000000.0,2094000000.0,68.284,1448000000.0
38,EP,MRQ,2002-09-30,2002-09-30,2002-09-30,2019-05-06,-409000000.0,49106000000.0,,13419000000.0,35687000000.0,,17.468,-1039000000.0,1693000000.0,1693000000.0,1067000000.0,-69000000.0,1.28,3.797,17603000000.0,1154000000.0,16449000000.0,17603000000.0,0.0,316000000.0,0.0,0.105,0.217,290000000.0,606000000.0,0.357,606000000.0,290000000.0,-53000000.0,-0.12,-0.12,-0.12,10236000000.0,,10236000000.0,20675698327.0,15.0,7.371,-402000000.0,-0.686,1.0,629000000.0,0.371,1434000000.0,343000000.0,53095000000.0,,828000000.0,6142000000.0,1175000000.0,4967000000.0,38870000000.0,10487000000.0,28383000000.0,4836698327.0,-970000000.0,148000000.0,29000000.0,-483000000.0,-116000000.0,-1030000000.0,-577000000.0,108000000.0,637000000.0,0.0,-69000000.0,-69000000.0,-69000000.0,93000000.0,0.0,-0.041,319000000.0,310000000.0,6267000000.0,-1.808,0.473,46.507,41.35,23641000000.0,0.0,8.27,0.732,0.734,8273000000.0,4811000000.0,1696000000.0,1696000000.0,0.0,,,,,0.0,0.0,1.0,584848649.0,586000000,586000000.0,2.894,47672000000.0,0.0,16000000.0,4497000000.0,81.352,2932000000.0
39,EP,MRQ,2002-06-30,2002-06-30,2002-06-30,2019-05-06,-331000000.0,50003000000.0,,14689000000.0,35314000000.0,,18.902,-1258000000.0,2663000000.0,2663000000.0,969000000.0,-45000000.0,1.311,3.991,18502000000.0,1927000000.0,16575000000.0,18502000000.0,0.0,319000000.0,0.0,0.042,0.217,285000000.0,604000000.0,0.332,604000000.0,285000000.0,-19000000.0,-0.08,-0.08,-0.08,10018000000.0,,10018000000.0,27491512806.0,16.0,8.783,-817000000.0,-1.542,1.0,852000000.0,0.468,1460000000.0,304000000.0,53175000000.0,,890000000.0,6258000000.0,1260000000.0,4998000000.0,39985000000.0,11207000000.0,28778000000.0,10979512806.0,1405000000.0,1341000000.0,1022000000.0,896000000.0,-116000000.0,1429000000.0,-465000000.0,-99000000.0,441000000.0,0.0,-45000000.0,-45000000.0,-45000000.0,116000000.0,0.0,-0.025,556000000.0,296000000.0,6268000000.0,-2.712,1.096,28.592,27.851,23418000000.0,0.0,20.61,1.36,1.353,8186000000.0,5007000000.0,1821000000.0,1821000000.0,0.0,,,,,0.0,0.0,1.0,532727453.0,530000000,532000000.0,3.436,48543000000.0,0.0,26000000.0,4523000000.0,91.591,3482000000.0
40,EP,MRQ,2002-03-31,2002-03-31,2002-03-31,2019-05-06,-171000000.0,48557000000.0,,12844000000.0,35713000000.0,,17.75,-191000000.0,1259000000.0,1259000000.0,2370000000.0,383000000.0,1.042,4.191,17771000000.0,3073000000.0,14698000000.0,17771000000.0,0.0,365000000.0,0.0,0.019,0.217,808000000.0,1173000000.0,0.312,1173000000.0,808000000.0,501000000.0,0.73,0.72,0.73,9354000000.0,,9354000000.0,39332398408.0,25.0,13.203,-105000000.0,-0.199,1.0,1395000000.0,0.371,0.0,307000000.0,52743000000.0,,1011000000.0,6075000000.0,1186000000.0,4889000000.0,39203000000.0,12326000000.0,26877000000.0,23443398408.0,120000000.0,-190000000.0,0.0,484000000.0,-108000000.0,380000000.0,-346000000.0,-9000000.0,86000000.0,0.0,383000000.0,383000000.0,383000000.0,19000000.0,0.0,0.102,383000000.0,1012000000.0,6107000000.0,0.297,2.506,69.772,68.797,24304000000.0,0.0,44.03,2.342,2.318,7257000000.0,5169000000.0,3765000000.0,3765000000.0,0.0,,,,,0.0,0.0,1.0,532441481.0,527000000,538000000.0,7.144,48557000000.0,0.0,118000000.0,4513000000.0,92.139,518000000.0
41,EP,MRQ,2001-12-31,2001-12-31,2001-12-31,2019-05-06,157000000.0,48546000000.0,,12805000000.0,35741000000.0,,18.417,-1488000000.0,1148000000.0,1148000000.0,-2926000000.0,-165000000.0,0.919,4.189,17002000000.0,3743000000.0,13259000000.0,17002000000.0,0.0,398000000.0,0.0,0.019,0.212,24000000.0,422000000.0,-0.624,422000000.0,24000000.0,-239000000.0,-0.33,-0.33,-0.33,9356000000.0,,9356000000.0,37515118826.0,61.0,18.833,-844000000.0,-1.661,1.0,2250000000.0,-3.328,1425000000.0,263000000.0,49039000000.0,,815000000.0,5297000000.0,0.0,5297000000.0,39190000000.0,13936000000.0,25254000000.0,22765118826.0,361000000.0,585000000.0,869000000.0,167000000.0,-109000000.0,1322000000.0,-1605000000.0,-540000000.0,644000000.0,0.0,-165000000.0,-165000000.0,-165000000.0,84000000.0,0.0,0.244,2200000000.0,50000000.0,5924000000.0,-0.642,2.433,-50.929,-50.124,24405000000.0,0.0,44.61,2.229,2.206,7268000000.0,4902000000.0,-676000000.0,-676000000.0,0.0,,,,,0.0,0.0,1.0,510314253.0,508000000,508000000.0,-1.331,47121000000.0,0.0,-74000000.0,4388000000.0,92.758,-1131000000.0
42,EP,MRQ,2001-09-30,2001-09-30,2001-09-30,2019-05-06,343000000.0,47118000000.0,,12835000000.0,34283000000.0,,16.451,-1131000000.0,777000000.0,777000000.0,2182000000.0,211000000.0,0.932,4.66,15527000000.0,2786000000.0,12741000000.0,15527000000.0,0.0,338000000.0,0.0,0.02,0.212,593000000.0,931000000.0,0.294,931000000.0,593000000.0,313000000.0,0.42,0.41,0.42,8324000000.0,,8324000000.0,34840565686.0,26.0,13.162,-310000000.0,-0.613,1.0,984000000.0,0.311,0.0,280000000.0,48098000000.0,,980000000.0,5550000000.0,906000000.0,4644000000.0,38794000000.0,13770000000.0,25024000000.0,21180565686.0,-276000000.0,-151000000.0,9000000.0,769000000.0,-111000000.0,667000000.0,-1764000000.0,-604000000.0,821000000.0,0.0,211000000.0,211000000.0,211000000.0,-1000000.0,0.0,0.067,501000000.0,483000000.0,5784000000.0,0.505,2.545,399.633,377.727,24060000000.0,0.0,41.55,1.862,1.848,7375000000.0,4634000000.0,3166000000.0,3166000000.0,0.0,,,,,0.0,0.0,1.0,509760907.0,506000000,520000000.0,6.257,47118000000.0,0.0,102000000.0,4097000000.0,93.119,-935000000.0
43,EP,MRQ,2001-06-30,2001-06-30,2001-06-30,2019-05-06,-29000000.0,46209000000.0,,13162000000.0,33047000000.0,,15.485,-716000000.0,1053000000.0,1053000000.0,2874000000.0,-93000000.0,0.97,4.909,14713000000.0,2456000000.0,12257000000.0,14713000000.0,0.0,318000000.0,0.0,0.016,0.212,135000000.0,453000000.0,0.121,453000000.0,135000000.0,-156000000.0,-0.18,-0.18,-0.18,7820000000.0,,7820000000.0,40652102101.0,28.0,14.995,884000000.0,1.75,1.0,883000000.0,0.235,0.0,291000000.0,46299000000.0,,1009000000.0,5006000000.0,489000000.0,4517000000.0,38389000000.0,13570000000.0,24819000000.0,26752102101.0,467000000.0,95000000.0,13000000.0,35000000.0,-107000000.0,-59000000.0,-1074000000.0,-296000000.0,1600000000.0,0.0,-93000000.0,-93000000.0,-93000000.0,3000000.0,0.0,-0.025,926000000.0,-43000000.0,6395000000.0,-1.178,3.421,215.743,202.077,22977000000.0,0.0,52.54,1.234,1.224,8223000000.0,4534000000.0,3757000000.0,3757000000.0,0.0,,,,,0.0,0.0,1.0,509175906.0,505000000,505000000.0,7.44,46209000000.0,0.0,-63000000.0,3732000000.0,91.503,-408000000.0
44,EP,MRQ,2001-03-31,2001-03-31,2001-03-31,2019-05-06,-1127000000.0,48034000000.0,,15164000000.0,32870000000.0,,13.705,-533000000.0,586000000.0,586000000.0,16487000000.0,-400000000.0,0.942,5.982,14486000000.0,2283000000.0,12203000000.0,14486000000.0,2239000000.0,326000000.0,0.0,0.013,0.212,-140000000.0,186000000.0,0.01,186000000.0,-140000000.0,-435000000.0,-0.8,-0.8,-0.8,6880000000.0,,6880000000.0,41346697685.0,21.0,12.933,522000000.0,1.04,1.0,1275000000.0,0.072,0.0,295000000.0,45835000000.0,,1195000000.0,4338000000.0,0.0,4338000000.0,41154000000.0,16099000000.0,25055000000.0,33230697685.0,-155000000.0,77000000.0,24000000.0,-594000000.0,-60000000.0,-630000000.0,-580000000.0,-124000000.0,1055000000.0,0.0,-400000000.0,-400000000.0,-400000000.0,0.0,0.0,-0.023,1487000000.0,-212000000.0,8109000000.0,-0.265,4.83,69.52,67.32,22543000000.0,0.0,65.3,1.181,1.165,7838000000.0,4726000000.0,17762000000.0,17762000000.0,0.0,,,,,0.0,0.0,1.0,508892767.0,502000000,502000000.0,35.382,48034000000.0,0.0,-35000000.0,3855000000.0,95.685,-935000000.0
45,EP,MRQ,2000-12-31,2000-12-31,2000-12-31,2019-05-06,-65000000.0,46320000000.0,,15124000000.0,31196000000.0,,16.336,-645000000.0,741000000.0,741000000.0,-14369000000.0,335000000.0,0.965,4.705,15985000000.0,4039000000.0,11946000000.0,15985000000.0,0.0,329000000.0,0.0,0.012,0.206,748000000.0,1077000000.0,-0.081,1077000000.0,748000000.0,465000000.0,0.67,0.65,0.67,8119000000.0,,8119000000.0,23405015515.0,8.0,5.686,-915000000.0,-1.841,1.0,1060000000.0,-0.08,0.0,283000000.0,45889000000.0,,1335000000.0,4802000000.0,392000000.0,4410000000.0,38201000000.0,15675000000.0,22526000000.0,16758015515.0,462000000.0,-974000000.0,40000000.0,1351000000.0,-63000000.0,2078000000.0,-1346000000.0,343000000.0,-270000000.0,0.0,335000000.0,335000000.0,335000000.0,1000000.0,0.0,-0.025,361000000.0,699000000.0,6885000000.0,0.307,2.064,12.832,27.131,22262000000.0,0.0,71.625,0.87,1.836,6188000000.0,5243000000.0,-13309000000.0,-13309000000.0,0.0,,,,,0.0,0.0,1.0,233968803.0,497000000,519000000.0,-26.779,46320000000.0,0.0,130000000.0,4106000000.0,93.199,-551000000.0
46,EP,MRQ,2000-09-30,2000-09-30,2000-09-30,2019-05-06,-36000000.0,21746000000.0,,5857000000.0,15889000000.0,,6.931,-761000000.0,169000000.0,169000000.0,12588000000.0,282000000.0,0.807,5.338,6816000000.0,1825000000.0,4991000000.0,6816000000.0,0.0,305000000.0,0.0,0.013,0.206,690000000.0,995000000.0,0.074,995000000.0,690000000.0,417000000.0,0.57,0.55,0.57,3431000000.0,,3431000000.0,19912850762.0,7.0,4.34,-315000000.0,-0.636,1.0,880000000.0,0.065,0.0,273000000.0,21137000000.0,,76000000.0,2809000000.0,0.0,2809000000.0,18315000000.0,7256000000.0,11059000000.0,14311850762.0,111000000.0,-34000000.0,51000000.0,786000000.0,-60000000.0,777000000.0,-1112000000.0,-316000000.0,446000000.0,0.0,282000000.0,282000000.0,282000000.0,0.0,0.0,0.021,308000000.0,572000000.0,3266000000.0,0.361,4.171,11.077,22.009,10448000000.0,0.0,61.625,0.276,0.587,3099000000.0,1590000000.0,13468000000.0,13468000000.0,0.0,,,,,0.0,0.0,1.0,232240986.0,495000000,517000000.0,27.208,21746000000.0,0.0,135000000.0,1962000000.0,43.931,-1399000000.0
47,EP,MRQ,2000-06-30,2000-06-30,2000-06-30,2019-05-06,-31000000.0,19335000000.0,,4853000000.0,14482000000.0,,6.68,-750000000.0,129000000.0,129000000.0,9315000000.0,261000000.0,0.932,4.872,5730000000.0,732000000.0,4998000000.0,5730000000.0,0.0,304000000.0,0.0,0.016,0.206,635000000.0,939000000.0,0.092,939000000.0,635000000.0,386000000.0,0.53,0.52,0.53,3293000000.0,,3293000000.0,17784989014.0,7.0,4.531,-1136000000.0,-2.304,1.0,901000000.0,0.088,0.0,249000000.0,19729000000.0,,74000000.0,2200000000.0,0.0,2200000000.0,16042000000.0,5207000000.0,10835000000.0,11779989014.0,28000000.0,0.0,37000000.0,771000000.0,-61000000.0,1285000000.0,-871000000.0,-121000000.0,-386000000.0,0.0,261000000.0,261000000.0,261000000.0,0.0,0.0,0.026,353000000.0,548000000.0,2439000000.0,0.389,3.577,11.23,21.224,10484000000.0,0.0,50.938,0.282,0.602,2479000000.0,1500000000.0,10216000000.0,10216000000.0,0.0,,,,,0.0,0.0,1.0,231263588.0,493000000,511000000.0,20.722,19335000000.0,0.0,125000000.0,1771000000.0,39.219,-354000000.0
48,EP,MRQ,2000-03-31,2000-03-31,2000-03-31,2019-05-06,-28000000.0,16654000000.0,,2555000000.0,14099000000.0,,6.481,-436000000.0,108000000.0,108000000.0,8168000000.0,428000000.0,0.795,4.234,6113000000.0,564000000.0,5549000000.0,6113000000.0,0.0,293000000.0,0.0,0.02,0.206,812000000.0,1105000000.0,0.122,1105000000.0,812000000.0,577000000.0,0.87,0.85,0.87,3182000000.0,,3182000000.0,15446183194.0,8.0,4.684,-127000000.0,-0.259,1.0,904000000.0,0.1,0.0,235000000.0,19446000000.0,,73000000.0,2159000000.0,0.0,2159000000.0,13472000000.0,3213000000.0,10259000000.0,9303183194.0,-422000000.0,484000000.0,13000000.0,-180000000.0,-59000000.0,-226000000.0,-505000000.0,-578000000.0,309000000.0,0.0,428000000.0,428000000.0,428000000.0,0.0,0.0,0.047,297000000.0,607000000.0,1751000000.0,0.237,2.924,11.263,19.792,10372000000.0,0.0,40.375,0.273,0.581,1533000000.0,1413000000.0,9072000000.0,9072000000.0,0.0,,,,,0.0,0.0,1.0,230419398.0,491000000,505000000.0,18.477,16654000000.0,0.0,149000000.0,1734000000.0,33.919,-658000000.0
49,EP,MRQ,1999-12-31,1999-12-31,1999-12-31,2019-05-06,-29000000.0,16667000000.0,,2914000000.0,13753000000.0,,6.014,-2105000000.0,545000000.0,545000000.0,17555000000.0,321000000.0,0.787,4.656,6688000000.0,1465000000.0,5223000000.0,6688000000.0,0.0,667000000.0,0.0,0.021,0.2,882000000.0,1549000000.0,0.081,1549000000.0,882000000.0,437000000.0,0.83,0.83,0.83,2947000000.0,,2947000000.0,12714652418.0,11.0,5.743,-1213000000.0,-2.476,1.0,1633000000.0,0.085,0.0,445000000.0,19107000000.0,,74000000.0,2543000000.0,366000000.0,2177000000.0,13720000000.0,3703000000.0,10017000000.0,8861652418.0,345000000.0,77000000.0,39000000.0,1383000000.0,-78000000.0,2145000000.0,-2692000000.0,-560000000.0,892000000.0,0.0,321000000.0,321000000.0,321000000.0,0.0,0.0,0.017,1031000000.0,602000000.0,994000000.0,0.241,3.007,36.318,79.209,10265000000.0,0.0,38.813,0.324,0.696,986000000.0,1207000000.0,19188000000.0,19188000000.0,0.0,,,,,0.0,0.0,1.0,228319547.0,490000000,497000000.0,39.159,16667000000.0,0.0,116000000.0,1737000000.0,34.014,-789000000.0
50,EP,MRQ,1999-09-30,1999-09-30,1999-09-30,2019-05-06,-24000000.0,11943000000.0,,2161000000.0,9782000000.0,,9.184,-289000000.0,92000000.0,92000000.0,2915000000.0,39000000.0,1.018,4.703,3945000000.0,225000000.0,3720000000.0,3945000000.0,0.0,145000000.0,0.0,0.02,0.2,187000000.0,332000000.0,0.102,332000000.0,187000000.0,68000000.0,0.17,0.17,0.17,2094000000.0,,2094000000.0,8260383478.0,-27.0,14.83,-171000000.0,-0.75,1.0,347000000.0,0.106,0.0,119000000.0,13673000000.0,,51000000.0,1199000000.0,0.0,1199000000.0,9849000000.0,2123000000.0,7726000000.0,4742383478.0,34000000.0,-117000000.0,0.0,618000000.0,-56000000.0,569000000.0,-653000000.0,-220000000.0,118000000.0,0.0,39000000.0,39000000.0,39000000.0,0.0,0.0,0.012,203000000.0,144000000.0,1376000000.0,1.176,2.265,-8.654,-12.942,7305000000.0,0.0,40.25,0.36,0.697,1531000000.0,501000000.0,3262000000.0,3262000000.0,0.0,,,,,0.0,0.0,1.0,117823192.0,228000000,231000000.0,14.307,11943000000.0,0.0,29000000.0,1654000000.0,52.382,38000000.0
51,EP,MRQ,1999-06-30,1999-06-30,1999-06-30,2019-05-06,-21000000.0,11035000000.0,,1629000000.0,9406000000.0,,9.093,-224000000.0,70000000.0,70000000.0,2208000000.0,38000000.0,1.082,4.346,3588000000.0,62000000.0,3526000000.0,3588000000.0,0.0,141000000.0,0.0,0.022,0.2,171000000.0,312000000.0,0.12,312000000.0,171000000.0,61000000.0,0.17,0.17,0.17,2064000000.0,,2064000000.0,8002984831.0,-23.0,18.189,-182000000.0,-0.802,1.0,389000000.0,0.15,0.0,110000000.0,13048000000.0,,48000000.0,1093000000.0,0.0,1093000000.0,8971000000.0,1505000000.0,7466000000.0,4274984831.0,-31000000.0,-36000000.0,0.0,-186000000.0,-51000000.0,262000000.0,-335000000.0,-121000000.0,42000000.0,0.0,38000000.0,38000000.0,38000000.0,0.0,0.0,0.015,272000000.0,117000000.0,921000000.0,1.176,2.071,-7.991,-12.434,7194000000.0,0.0,35.188,0.371,0.693,1134000000.0,474000000.0,2597000000.0,2597000000.0,0.0,,,,,0.0,0.0,1.0,121491576.0,227000000,230000000.0,11.441,11035000000.0,0.0,23000000.0,1596000000.0,48.612,124000000.0
52,EP,MRQ,1999-03-31,1999-03-31,1999-03-31,2019-05-06,-23000000.0,10466000000.0,,1223000000.0,9243000000.0,,9.566,-179000000.0,90000000.0,90000000.0,1927000000.0,-154000000.0,0.632,3.841,3818000000.0,736000000.0,3082000000.0,3818000000.0,0.0,148000000.0,0.0,0.024,0.2,-127000000.0,21000000.0,0.009,21000000.0,-127000000.0,-229000000.0,-0.68,-0.68,-0.68,2162000000.0,,2162000000.0,7228843922.0,-20.0,21.387,36000000.0,0.159,1.0,350000000.0,0.154,0.0,102000000.0,12259000000.0,,48000000.0,973000000.0,0.0,973000000.0,8304000000.0,1935000000.0,6369000000.0,3954843922.0,6000000.0,-89000000.0,0.0,578000000.0,-53000000.0,528000000.0,-737000000.0,-450000000.0,215000000.0,0.0,-154000000.0,-154000000.0,-154000000.0,0.0,0.0,-0.068,504000000.0,-154000000.0,599000000.0,-0.294,1.829,-7.635,-12.92,7191000000.0,0.0,32.688,0.387,0.723,780000000.0,494000000.0,2277000000.0,2277000000.0,0.0,,,,,0.0,0.0,1.0,120989489.0,226000000,226000000.0,10.075,10466000000.0,0.0,-75000000.0,1589000000.0,46.31,-712000000.0
53,EP,MRQ,1998-12-31,1998-12-31,1998-12-31,2019-05-06,-12000000.0,14443000000.0,,2048000000.0,12395000000.0,,15.208,-546000000.0,104000000.0,104000000.0,4156000000.0,-471000000.0,0.552,3.202,5342000000.0,1650000000.0,3692000000.0,5342000000.0,0.0,425000000.0,0.0,0.022,0.191,-533000000.0,-108000000.0,-0.021,-108000000.0,-533000000.0,-734000000.0,-2.77,-2.71,-2.77,3437000000.0,,3437000000.0,7504239328.0,-84.0,14.027,102000000.0,0.451,1.0,874000000.0,0.174,538000000.0,201000000.0,15430000000.0,,84000000.0,1104000000.0,0.0,1104000000.0,11006000000.0,3713000000.0,7293000000.0,4183239328.0,7000000.0,412000000.0,16000000.0,203000000.0,-141000000.0,68000000.0,-709000000.0,-526000000.0,648000000.0,0.0,-471000000.0,-471000000.0,-471000000.0,0.0,0.0,-0.094,1475000000.0,-601000000.0,800000000.0,-0.069,1.217,-13.671,-25.787,10086000000.0,0.0,34.813,0.438,0.823,1335000000.0,1669000000.0,5030000000.0,5030000000.0,0.0,,,,,0.0,0.0,1.0,120164864.0,226000000,226000000.0,22.257,13905000000.0,81000000.0,-263000000.0,1728000000.0,61.527,-1665000000.0
54,EP,MRQ,1998-09-30,1998-09-30,1998-09-30,2019-05-06,15000000.0,10086000000.0,,1283000000.0,8803000000.0,,17.672,-99000000.0,68000000.0,68000000.0,1436000000.0,52000000.0,0.529,3.92,3389000000.0,924000000.0,2465000000.0,3389000000.0,0.0,67000000.0,0.0,0.023,0.191,148000000.0,215000000.0,0.133,215000000.0,148000000.0,83000000.0,0.45,0.43,0.45,2050000000.0,,2050000000.0,,,,4000000.0,0.034,1.0,179000000.0,0.111,556000000.0,65000000.0,10425000000.0,,46000000.0,723000000.0,0.0,723000000.0,8036000000.0,2426000000.0,5610000000.0,3897847776.0,-21000000.0,-454000000.0,-3000000.0,424000000.0,-23000000.0,399000000.0,-523000000.0,0.0,103000000.0,0.0,52000000.0,52000000.0,52000000.0,0.0,0.0,0.032,67000000.0,112000000.0,746000000.0,0.424,1.901,8.961,15.901,7231000000.0,0.0,32.438,0.372,0.359,776000000.0,423000000.0,1615000000.0,1615000000.0,0.0,,,,,0.0,0.0,1.0,120164864.0,116000000,127000000.0,13.922,9530000000.0,68000000.0,31000000.0,1463000000.0,82.155,-1143000000.0
55,EP,MRQ,1998-06-30,1998-06-30,1998-06-30,2019-05-06,,,,,,,,-56000000.0,,,1116000000.0,55000000.0,,,,,,,,67000000.0,,0.02,0.191,143000000.0,210000000.0,0.162,210000000.0,143000000.0,82000000.0,0.47,0.45,0.47,,,,,,,116000000.0,1.0,1.0,180000000.0,0.139,,61000000.0,,,,,,,,,,,16000000.0,-53000000.0,-33000000.0,-6000000.0,-23000000.0,-59000000.0,-97000000.0,0.0,172000000.0,0.0,55000000.0,55000000.0,55000000.0,0.0,0.0,0.042,67000000.0,113000000.0,,0.406,,,19.416,,0.0,38.25,,0.438,,,1296000000.0,1296000000.0,0.0,,,,,0.0,0.0,1.0,,116000000,129000000.0,11.172,,,27000000.0,,,
56,EP,MRQ,1998-03-31,1998-03-31,1998-03-31,2019-05-06,,,,,,,,-47000000.0,,,1413000000.0,58000000.0,,,,,,,,65000000.0,,0.021,0.193,157000000.0,222000000.0,0.137,222000000.0,157000000.0,93000000.0,0.5,0.48,0.5,,,,,,,63000000.0,0.544,1.0,206000000.0,0.127,,64000000.0,,,,,,,,,,,-43000000.0,-278000000.0,0.0,-138000000.0,-22000000.0,165000000.0,-318000000.0,0.0,110000000.0,0.0,58000000.0,58000000.0,58000000.0,0.0,0.0,0.036,65000000.0,141000000.0,,0.386,,,,,0.0,35.313,,,,,1619000000.0,1619000000.0,0.0,,,,,0.0,0.0,1.0,,115900000,121700000.0,13.969,,,35000000.0,,,
57,EP,MRQ,1997-12-31,1997-12-31,1997-12-31,2019-05-06,-7000000.0,9532000000.0,,1629000000.0,7903000000.0,,8.746,-1166000000.0,116000000.0,116000000.0,4917000000.0,270000000.0,0.661,3.866,3004000000.0,885000000.0,2119000000.0,3004000000.0,0.0,457000000.0,0.0,0.022,0.182,574000000.0,1031000000.0,0.173,1031000000.0,574000000.0,408000000.0,0.62,0.61,0.62,1959000000.0,,1959000000.0,,,,-363000000.0,-1.621,1.0,1037000000.0,0.174,117000000.0,166000000.0,9839000000.0,,68000000.0,373000000.0,0.0,373000000.0,7573000000.0,2464000000.0,5109000000.0,,-5000000.0,-271000000.0,-53000000.0,785000000.0,-114000000.0,607000000.0,-1415000000.0,0.0,803000000.0,0.0,270000000.0,270000000.0,270000000.0,0.0,0.0,0.045,507000000.0,530000000.0,886000000.0,0.294,,,18.37,7116000000.0,0.0,33.25,,0.744,1037000000.0,327000000.0,5954000000.0,5954000000.0,0.0,,,,,0.0,0.0,1.0,,224000000,229000000.0,26.58,9415000000.0,168000000.0,138000000.0,1550000000.0,42.031,-835000000.0
58,EP,MRQ,1997-09-30,1997-09-30,1997-09-30,2019-05-06,,,,,,,,,,,1073000000.0,44000000.0,,,,,,,,,,0.024,0.182,133000000.0,,,,133000000.0,75000000.0,0.38,0.37,0.38,,,,,,,,,1.0,178000000.0,0.142,,58000000.0,,,,,,,,,,,,,,,,,,,,,44000000.0,44000000.0,44000000.0,0.0,0.0,0.035,58000000.0,120000000.0,,0.479,,,,,0.0,30.281,,,,,1251000000.0,1251000000.0,0.0,,,,,,0.0,1.0,,114800000,117800000.0,10.897,,,31000000.0,,,
0,EP,MRT,2012-03-31,2012-03-31,2012-03-31,2019-05-06,-785000000.0,24378000000.0,24932000000.0,1615000000.0,22763000000.0,0.206,5.817,-3189000000.0,305000000.0,305000000.0,1904000000.0,440000000.0,0.834,3.802,12981000000.0,361000000.0,12620000000.0,12981000000.0,0.0,1192000000.0,0.0,0.001,0.04,1100000000.0,2292000000.0,0.447,2292000000.0,1100000000.0,166000000.0,0.22,0.21,0.22,4496000000.0,4474000000.0,4496000000.0,35611016723.0,32.0,15.537,-1103000000.0,-1.427,1.0,3227000000.0,0.629,0.0,934000000.0,35118000000.0,35681750000.0,174000000.0,2855000000.0,113000000.0,2742000000.0,17096000000.0,1936000000.0,15160000000.0,22838016723.0,63000000.0,665000000.0,68000000.0,252000000.0,-30000000.0,643000000.0,-2666000000.0,-84000000.0,2086000000.0,0.0,165000000.0,165000000.0,165000000.0,0.0,275000000.0,0.032,1408000000.0,1819000000.0,731000000.0,0.182,5.08,138.412,134.318,19271000000.0,0.0,29.55,4.451,4.451,666000000.0,-2207000000.0,5131000000.0,5131000000.0,0.0,0.007,0.037,0.031,0.214,0.0,0.0,1.0,772860126.0,772860126,,6.639,24378000000.0,74000000.0,1000000.0,633000000.0,31.543,-321000000.0
1,EP,MRT,2011-12-31,2011-12-31,2011-12-31,2019-05-06,-796000000.0,24314000000.0,25301750000.0,1577000000.0,22737000000.0,0.192,5.646,-3769000000.0,194000000.0,194000000.0,1858000000.0,427000000.0,0.734,3.946,12967000000.0,362000000.0,12605000000.0,12967000000.0,0.0,1116000000.0,0.0,0.002,0.04,1039000000.0,2155000000.0,0.443,2155000000.0,1039000000.0,91000000.0,0.19,0.18,0.19,4354000000.0,4402500000.0,4354000000.0,32981665099.0,32.0,15.305,-1668000000.0,-2.163,1.0,3002000000.0,0.618,0.0,948000000.0,34939000000.0,36218750000.0,175000000.0,2824000000.0,85000000.0,2739000000.0,17179000000.0,2148000000.0,15031000000.0,20490665099.0,-153000000.0,665000000.0,68000000.0,250000000.0,-38000000.0,1044000000.0,-3298000000.0,-121000000.0,2101000000.0,0.0,141000000.0,141000000.0,141000000.0,0.0,286000000.0,0.029,1270000000.0,1732000000.0,836000000.0,0.211,4.706,145.324,139.842,19170000000.0,0.0,26.57,4.216,4.216,714000000.0,-2293000000.0,4860000000.0,4860000000.0,0.0,0.006,0.032,0.029,0.214,0.0,0.0,1.0,771195525.0,771195525,,6.302,24314000000.0,127000000.0,-50000000.0,612000000.0,31.528,-571000000.0
2,EP,MRT,2011-09-30,2011-09-30,2011-09-30,2019-05-06,-669000000.0,24078000000.0,25540750000.0,1627000000.0,22451000000.0,0.181,5.681,-4329000000.0,390000000.0,390000000.0,1780000000.0,318000000.0,0.726,3.867,12881000000.0,350000000.0,12531000000.0,12881000000.0,0.0,1058000000.0,0.0,0.002,0.04,967000000.0,2025000000.0,0.439,2025000000.0,967000000.0,-3000000.0,0.03,0.04,0.03,4376000000.0,4293250000.0,4376000000.0,27415928642.0,28.0,13.539,-2371000000.0,-3.078,1.0,2832000000.0,0.614,0.0,970000000.0,34327000000.0,36575000000.0,167000000.0,2756000000.0,0.0,2756000000.0,16923000000.0,2242000000.0,14681000000.0,13463928642.0,-419000000.0,695000000.0,50000000.0,274000000.0,-47000000.0,1447000000.0,-3824000000.0,-120000000.0,1958000000.0,0.0,27000000.0,18000000.0,18000000.0,0.0,291000000.0,0.004,1136000000.0,1696000000.0,842000000.0,1.333,3.077,747.996,582.667,18738000000.0,9000000.0,17.48,2.919,2.919,649000000.0,-2478000000.0,4612000000.0,4612000000.0,0.0,0.001,0.004,0.026,0.21,0.0,0.0,1.0,770247634.0,770247634,,5.988,24078000000.0,107000000.0,-30000000.0,527000000.0,31.26,-615000000.0
3,EP,MRT,2011-06-30,2011-06-30,2011-06-30,2019-05-06,-737000000.0,26958000000.0,25648000000.0,1552000000.0,25406000000.0,0.172,6.073,-4495000000.0,260000000.0,260000000.0,1749000000.0,794000000.0,0.605,4.178,14212000000.0,618000000.0,13594000000.0,14212000000.0,0.0,998000000.0,0.0,0.002,0.04,1695000000.0,2693000000.0,0.609,2693000000.0,1695000000.0,712000000.0,0.7,0.71,0.7,4670000000.0,4161500000.0,4670000000.0,29352136309.0,17.0,10.899,-2640000000.0,-3.433,1.0,2673000000.0,0.604,0.0,983000000.0,38343000000.0,36682000000.0,180000000.0,1689000000.0,0.0,1689000000.0,19511000000.0,2567000000.0,16944000000.0,15533136309.0,-447000000.0,148000000.0,47000000.0,443000000.0,-55000000.0,2160000000.0,-4462000000.0,-124000000.0,1855000000.0,0.0,537000000.0,519000000.0,519000000.0,0.0,257000000.0,0.117,938000000.0,1735000000.0,908000000.0,0.057,3.326,29.929,28.857,22569000000.0,18000000.0,20.2,3.513,3.513,624000000.0,-2110000000.0,4422000000.0,4422000000.0,0.0,0.02,0.125,0.046,0.383,0.0,0.0,1.0,768967144.0,768967144,,5.751,26958000000.0,284000000.0,175000000.0,764000000.0,35.057,-1015000000.0
4,EP,MRT,2011-03-31,2011-03-31,2011-03-31,2019-05-06,-729000000.0,25857000000.0,24752250000.0,1391000000.0,24466000000.0,0.17,5.974,-4329000000.0,242000000.0,242000000.0,1696000000.0,641000000.0,0.577,4.561,14061000000.0,495000000.0,13566000000.0,14061000000.0,0.0,978000000.0,0.0,0.002,0.04,1679000000.0,2657000000.0,0.632,2657000000.0,1679000000.0,651000000.0,0.57,0.58,0.57,4210000000.0,3926000000.0,4210000000.0,26344574790.0,16.0,9.915,-2523000000.0,-3.58,1.0,2508000000.0,0.597,0.0,1028000000.0,37266000000.0,35538500000.0,166000000.0,1683000000.0,0.0,1683000000.0,19200000000.0,2410000000.0,16790000000.0,12685574790.0,-473000000.0,412000000.0,8000000.0,87000000.0,-65000000.0,1624000000.0,-3903000000.0,-28000000.0,1806000000.0,0.0,432000000.0,404000000.0,404000000.0,0.0,209000000.0,0.096,918000000.0,1590000000.0,883000000.0,0.07,3.013,31.4,31.579,21790000000.0,28000000.0,18.0,3.018,3.018,640000000.0,-2372000000.0,4204000000.0,4204000000.0,0.0,0.016,0.103,0.047,0.399,0.0,0.0,1.0,704754155.0,704754155,,5.965,25857000000.0,189000000.0,219000000.0,628000000.0,36.689,-1019000000.0
5,EP,MRT,2010-12-31,2010-12-31,2010-12-31,2019-05-06,-751000000.0,25270000000.0,24085750000.0,1552000000.0,23718000000.0,0.192,5.563,-3981000000.0,347000000.0,347000000.0,1689000000.0,924000000.0,0.605,4.903,14006000000.0,489000000.0,13517000000.0,14006000000.0,0.0,942000000.0,0.0,0.003,0.04,2175000000.0,3117000000.0,0.675,3117000000.0,2175000000.0,1144000000.0,1.03,1.0,1.03,3917000000.0,3773750000.0,3917000000.0,22651001612.0,10.0,7.267,-2228000000.0,-3.164,1.0,2927000000.0,0.634,0.0,1031000000.0,36364000000.0,34675750000.0,169000000.0,1673000000.0,0.0,1673000000.0,19206000000.0,2565000000.0,16641000000.0,9689001612.0,-288000000.0,412000000.0,8000000.0,233000000.0,-65000000.0,1520000000.0,-3561000000.0,-29000000.0,1753000000.0,0.0,758000000.0,721000000.0,721000000.0,0.0,166000000.0,0.156,884000000.0,2043000000.0,1005000000.0,0.039,2.474,13.438,13.359,21072000000.0,37000000.0,13.76,2.099,2.099,606000000.0,-2434000000.0,4616000000.0,4616000000.0,0.0,0.03,0.191,0.063,0.471,0.0,0.0,1.0,704142559.0,704142559,,6.555,25270000000.0,165000000.0,386000000.0,568000000.0,35.888,-1013000000.0
6,EP,MRT,2010-09-30,2010-09-30,2010-09-30,2019-05-06,-749000000.0,24507000000.0,23394500000.0,1969000000.0,22538000000.0,0.206,5.467,-3462000000.0,809000000.0,809000000.0,1678000000.0,1089000000.0,0.725,4.912,13771000000.0,637000000.0,13134000000.0,13771000000.0,0.0,913000000.0,0.0,0.003,0.04,2356000000.0,3269000000.0,0.678,3269000000.0,2356000000.0,1330000000.0,1.32,1.29,1.32,3849000000.0,3596000000.0,3849000000.0,21802610485.0,9.0,6.67,-1624000000.0,-2.307,1.0,3147000000.0,0.652,0.0,1026000000.0,34755000000.0,33847750000.0,167000000.0,1538000000.0,0.0,1538000000.0,18906000000.0,2714000000.0,16192000000.0,8715610485.0,-312000000.0,264000000.0,7000000.0,-3000000.0,-93000000.0,1041000000.0,-3191000000.0,-56000000.0,1838000000.0,0.0,961000000.0,924000000.0,924000000.0,0.0,128000000.0,0.192,987000000.0,2160000000.0,922000000.0,0.03,2.264,9.432,9.379,20006000000.0,37000000.0,12.38,1.806,1.806,527000000.0,-2505000000.0,4825000000.0,4825000000.0,0.0,0.039,0.257,0.07,0.488,0.0,0.0,1.0,704007309.0,704007309,,6.854,24507000000.0,142000000.0,369000000.0,507000000.0,34.811,-745000000.0
7,EP,MRT,2010-06-30,2010-06-30,2010-06-30,2019-05-06,-730000000.0,23375000000.0,22807000000.0,1880000000.0,21495000000.0,0.201,5.297,-3041000000.0,707000000.0,707000000.0,1683000000.0,988000000.0,0.698,4.909,13794000000.0,711000000.0,13083000000.0,13794000000.0,0.0,874000000.0,0.0,0.007,0.08,2242000000.0,3116000000.0,0.678,3116000000.0,2242000000.0,1215000000.0,1.21,1.18,1.21,3728000000.0,3370250000.0,3728000000.0,21141564243.0,9.0,6.785,-1113000000.0,-1.582,1.0,2910000000.0,0.634,0.0,1027000000.0,33769000000.0,33297250000.0,169000000.0,1529000000.0,0.0,1529000000.0,18302000000.0,2693000000.0,15609000000.0,7818564243.0,-263000000.0,214000000.0,5000000.0,86000000.0,-121000000.0,614000000.0,-2805000000.0,-49000000.0,1928000000.0,0.0,886000000.0,849000000.0,849000000.0,0.0,102000000.0,0.185,939000000.0,1971000000.0,759000000.0,0.066,2.097,9.209,9.182,19031000000.0,37000000.0,11.11,1.702,1.702,547000000.0,-2647000000.0,4593000000.0,4593000000.0,0.0,0.037,0.252,0.067,0.488,0.0,0.0,1.0,703741156.0,703741156,,6.527,23375000000.0,189000000.0,329000000.0,496000000.0,33.215,-813000000.0
8,EP,MRT,2010-03-31,2010-03-31,2010-03-31,2019-05-06,-706000000.0,23191000000.0,22374000000.0,2095000000.0,21096000000.0,0.203,5.135,-2884000000.0,715000000.0,715000000.0,1664000000.0,902000000.0,0.776,5.156,14038000000.0,622000000.0,13416000000.0,14038000000.0,0.0,829000000.0,0.0,0.011,0.12,2127000000.0,2956000000.0,0.65,2956000000.0,2127000000.0,1131000000.0,1.11,1.08,1.11,3601000000.0,3180750000.0,3601000000.0,20835295749.0,10.0,7.048,-1008000000.0,-1.437,1.0,2884000000.0,0.634,0.0,996000000.0,33815000000.0,32919250000.0,169000000.0,1725000000.0,0.0,1725000000.0,18567000000.0,2699000000.0,15868000000.0,7602295749.0,-1126000000.0,11000000.0,1000000.0,-490000000.0,-149000000.0,-118000000.0,-2884000000.0,-33000000.0,1876000000.0,0.0,818000000.0,781000000.0,781000000.0,0.0,84000000.0,0.172,906000000.0,1978000000.0,842000000.0,0.108,2.111,9.734,9.766,18439000000.0,37000000.0,10.84,1.672,1.672,670000000.0,-2804000000.0,4548000000.0,4548000000.0,0.0,0.035,0.246,0.065,0.468,0.0,0.0,1.0,701318796.0,701318796,,6.485,23191000000.0,204000000.0,313000000.0,444000000.0,33.068,-604000000.0
9,EP,MRT,2009-12-31,2009-12-31,2009-12-31,2019-05-06,-718000000.0,22505000000.0,22182250000.0,2008000000.0,20497000000.0,0.209,4.572,-2902000000.0,635000000.0,635000000.0,1670000000.0,-474000000.0,0.748,5.775,13868000000.0,477000000.0,13391000000.0,13868000000.0,0.0,867000000.0,0.0,0.016,0.16,70000000.0,937000000.0,0.202,937000000.0,70000000.0,-938000000.0,-0.83,-0.83,-0.83,3206000000.0,3021250000.0,3206000000.0,19744493409.0,282.0,21.072,-695000000.0,-0.991,1.0,2961000000.0,0.639,0.0,1008000000.0,33052000000.0,32526250000.0,175000000.0,1718000000.0,0.0,1718000000.0,18514000000.0,2686000000.0,15828000000.0,6893493409.0,-389000000.0,221000000.0,1000000.0,-50000000.0,-177000000.0,77000000.0,-2673000000.0,-33000000.0,2207000000.0,0.0,-539000000.0,-576000000.0,-576000000.0,0.0,65000000.0,-0.124,3012000000.0,-51000000.0,890000000.0,-0.193,2.15,-11.968,-11.843,17895000000.0,37000000.0,9.83,1.489,1.489,679000000.0,-3192000000.0,4631000000.0,4631000000.0,0.0,-0.026,-0.191,0.002,0.015,0.0,0.0,1.0,701270947.0,701270947,,6.604,22505000000.0,298000000.0,-399000000.0,339000000.0,32.092,-678000000.0
10,EP,MRT,2009-09-30,2009-09-30,2009-09-30,2019-05-06,-709000000.0,22157000000.0,22473000000.0,2425000000.0,19732000000.0,0.213,4.201,-2933000000.0,1121000000.0,1121000000.0,1665000000.0,-2442000000.0,0.988,6.257,13972000000.0,339000000.0,13633000000.0,13972000000.0,0.0,955000000.0,0.0,0.019,0.2,-2608000000.0,-1653000000.0,-0.346,-1653000000.0,-2608000000.0,-3611000000.0,-3.65,-3.58,-3.65,2946000000.0,3228500000.0,2946000000.0,19912346611.0,-8.0,-12.046,-833000000.0,-1.188,1.0,3116000000.0,0.652,0.0,1003000000.0,32553000000.0,32590500000.0,172000000.0,1705000000.0,0.0,1705000000.0,18433000000.0,2455000000.0,15978000000.0,7236346611.0,-39000000.0,275000000.0,0.0,514000000.0,-177000000.0,494000000.0,-2633000000.0,0.0,2100000000.0,0.0,-2491000000.0,-2528000000.0,-2528000000.0,0.0,49000000.0,-0.529,5705000000.0,-2589000000.0,799000000.0,-0.055,2.456,-2.862,-2.827,17200000000.0,37000000.0,10.32,1.514,1.514,585000000.0,-3466000000.0,4781000000.0,4781000000.0,0.0,-0.112,-0.783,-0.08,-0.545,0.0,0.0,1.0,701196377.0,701196377,,6.818,22157000000.0,231000000.0,-1120000000.0,265000000.0,31.599,-30000000.0
11,EP,MRT,2009-06-30,2009-06-30,2009-06-30,2019-05-06,-650000000.0,21643000000.0,23540250000.0,2471000000.0,19172000000.0,0.229,4.237,-2945000000.0,970000000.0,970000000.0,1684000000.0,-2072000000.0,1.198,6.035,13646000000.0,169000000.0,13477000000.0,13646000000.0,0.0,1047000000.0,0.0,0.022,0.2,-2085000000.0,-1038000000.0,-0.192,-1038000000.0,-2085000000.0,-3053000000.0,-3.1,-3.08,-3.1,2970000000.0,4020750000.0,2970000000.0,19131271627.0,-9.0,-18.431,-720000000.0,-1.027,1.0,3714000000.0,0.688,0.0,968000000.0,32257000000.0,33258000000.0,190000000.0,1724000000.0,0.0,1724000000.0,17924000000.0,2062000000.0,15862000000.0,6470271627.0,696000000.0,297000000.0,-77000000.0,1132000000.0,-171000000.0,1076000000.0,-2605000000.0,0.0,2225000000.0,0.0,-2113000000.0,-2150000000.0,-2150000000.0,0.0,41000000.0,-0.398,5793000000.0,-2079000000.0,806000000.0,-0.065,2.179,-3.009,-2.977,16609000000.0,37000000.0,9.23,1.199,1.199,738000000.0,-3533000000.0,5398000000.0,5398000000.0,0.0,-0.091,-0.535,-0.063,-0.386,0.0,0.0,1.0,701004510.0,701004510,,7.7,21643000000.0,114000000.0,-940000000.0,182000000.0,30.874,409000000.0
12,EP,MRT,2009-03-31,2009-03-31,2009-03-31,2019-05-06,-605000000.0,22424000000.0,24436000000.0,3550000000.0,18874000000.0,0.228,4.241,-2985000000.0,1841000000.0,1841000000.0,1738000000.0,-1974000000.0,1.249,6.378,14502000000.0,961000000.0,13541000000.0,14502000000.0,0.0,1148000000.0,0.0,0.03,0.19,-1994000000.0,-846000000.0,-0.152,-846000000.0,-1994000000.0,-2930000000.0,-2.94,-2.94,-2.94,2963000000.0,4609250000.0,2963000000.0,17250334638.0,-9.0,-20.39,-440000000.0,-0.63,1.0,3840000000.0,0.688,0.0,936000000.0,32243000000.0,33529750000.0,192000000.0,1764000000.0,0.0,1764000000.0,18898000000.0,2842000000.0,16056000000.0,4366334638.0,1343000000.0,227000000.0,-77000000.0,1750000000.0,-163000000.0,1491000000.0,-2693000000.0,0.0,2545000000.0,0.0,-2011000000.0,-2038000000.0,-2038000000.0,0.0,37000000.0,-0.365,5889000000.0,-2049000000.0,753000000.0,-0.065,1.474,-2.142,-2.126,16075000000.0,27000000.0,6.25,0.783,0.783,839000000.0,-3622000000.0,5578000000.0,5578000000.0,0.0,-0.083,-0.442,-0.059,-0.357,0.0,0.0,1.0,698613542.0,698613542,,7.984,22424000000.0,145000000.0,-919000000.0,182000000.0,32.098,708000000.0
13,EP,MRT,2008-12-31,2008-12-31,2008-12-31,2019-05-06,-532000000.0,23668000000.0,24996500000.0,3051000000.0,20617000000.0,0.215,5.776,-2757000000.0,1024000000.0,1024000000.0,1715000000.0,-789000000.0,0.941,4.727,13908000000.0,1090000000.0,12818000000.0,13908000000.0,0.0,1205000000.0,0.0,0.023,0.18,-154000000.0,1051000000.0,0.196,1051000000.0,-154000000.0,-1068000000.0,-1.24,-1.24,-1.24,4035000000.0,5200750000.0,4035000000.0,17646745597.0,-115.0,16.79,-387000000.0,-0.554,1.0,3648000000.0,0.68,0.0,914000000.0,33309000000.0,34015500000.0,187000000.0,1703000000.0,0.0,1703000000.0,19072000000.0,3243000000.0,15829000000.0,5469745596.0,739000000.0,320000000.0,-77000000.0,962000000.0,-157000000.0,717000000.0,-2348000000.0,0.0,2370000000.0,0.0,-823000000.0,-860000000.0,-860000000.0,0.0,34000000.0,-0.16,3878000000.0,-230000000.0,996000000.0,-0.145,1.356,-6.36,-6.315,17858000000.0,37000000.0,7.83,1.02,1.02,964000000.0,-2653000000.0,5363000000.0,5363000000.0,0.0,-0.034,-0.165,-0.005,-0.029,0.0,0.0,1.0,698562656.0,698562656,,7.677,23668000000.0,0.0,-245000000.0,565000000.0,33.881,-192000000.0
14,EP,MRT,2008-09-30,2008-09-30,2008-09-30,2019-05-06,-167000000.0,26426000000.0,25224250000.0,2999000000.0,23427000000.0,0.209,8.721,-2604000000.0,1160000000.0,1160000000.0,1793000000.0,1044000000.0,0.887,3.322,13337000000.0,1079000000.0,12258000000.0,13337000000.0,0.0,1229000000.0,0.0,0.013,0.17,2463000000.0,3692000000.0,0.699,3692000000.0,2463000000.0,1536000000.0,1.4,1.34,1.4,6115000000.0,5512000000.0,6115000000.0,21132337890.0,9.0,5.724,-210000000.0,-0.299,1.0,3489000000.0,0.661,0.0,927000000.0,35223000000.0,34362000000.0,168000000.0,1830000000.0,0.0,1830000000.0,20311000000.0,3380000000.0,16931000000.0,8947337890.0,771000000.0,318000000.0,-77000000.0,282000000.0,-150000000.0,598000000.0,-2221000000.0,0.0,2394000000.0,0.0,1015000000.0,978000000.0,978000000.0,0.0,29000000.0,0.185,1237000000.0,2252000000.0,1027000000.0,0.121,1.463,9.149,9.114,19768000000.0,37000000.0,12.76,1.694,1.694,1102000000.0,-975000000.0,5282000000.0,5282000000.0,0.0,0.039,0.177,0.072,0.466,0.0,0.0,1.0,701202029.0,701202029,,7.533,26426000000.0,181000000.0,521000000.0,1660000000.0,37.687,-381000000.0
15,EP,MRT,2008-06-30,2008-06-30,2008-06-30,2019-05-06,-617000000.0,25226000000.0,24638000000.0,2374000000.0,22852000000.0,0.197,7.581,-2540000000.0,274000000.0,274000000.0,1783000000.0,747000000.0,0.584,3.738,12459000000.0,1236000000.0,11223000000.0,12459000000.0,0.0,1230000000.0,0.0,0.007,0.16,2065000000.0,3295000000.0,0.679,3295000000.0,2065000000.0,1131000000.0,0.98,0.96,0.98,5324000000.0,5234750000.0,5324000000.0,27458550174.0,13.0,8.333,-282000000.0,-0.402,1.0,3067000000.0,0.632,0.0,934000000.0,33344000000.0,34038000000.0,143000000.0,1863000000.0,0.0,1863000000.0,19902000000.0,4067000000.0,15835000000.0,15268550174.0,-35000000.0,-578000000.0,0.0,420000000.0,-149000000.0,766000000.0,-3059000000.0,0.0,2258000000.0,0.0,725000000.0,688000000.0,688000000.0,0.0,22000000.0,0.142,1237000000.0,1830000000.0,1125000000.0,0.163,2.868,22.193,22.184,19168000000.0,37000000.0,21.74,3.148,3.148,1317000000.0,-1420000000.0,4850000000.0,4850000000.0,0.0,0.028,0.131,0.061,0.426,0.0,0.0,1.0,702325215.0,702325215,,6.906,25226000000.0,458000000.0,406000000.0,1437000000.0,35.918,-1693000000.0
16,EP,MRT,2008-03-31,2008-03-31,2008-03-31,2019-05-06,-387000000.0,24666000000.0,24036000000.0,2128000000.0,22538000000.0,0.204,7.604,-2498000000.0,498000000.0,498000000.0,1817000000.0,715000000.0,0.797,3.629,12688000000.0,366000000.0,12322000000.0,12688000000.0,0.0,1218000000.0,0.0,0.01,0.16,2033000000.0,3251000000.0,0.664,3251000000.0,2033000000.0,1089000000.0,0.94,0.93,0.94,5329000000.0,5120250000.0,5329000000.0,24190046326.0,12.0,7.441,-372000000.0,-0.531,1.0,3078000000.0,0.629,0.0,944000000.0,34186000000.0,33624250000.0,132000000.0,1846000000.0,0.0,1846000000.0,19337000000.0,2670000000.0,16667000000.0,11661046326.0,266000000.0,-571000000.0,0.0,762000000.0,-150000000.0,1156000000.0,-3016000000.0,0.0,2126000000.0,0.0,700000000.0,653000000.0,653000000.0,3000000.0,15000000.0,0.133,1218000000.0,1860000000.0,886000000.0,0.17,2.188,17.858,17.702,18777000000.0,47000000.0,16.64,2.382,2.382,1168000000.0,-1610000000.0,4895000000.0,4895000000.0,0.0,0.027,0.128,0.06,0.415,0.0,0.0,1.0,700784034.0,700784034,,6.985,24666000000.0,285000000.0,389000000.0,1337000000.0,35.198,-542000000.0
17,EP,MRT,2007-12-31,2007-12-31,2007-12-31,2019-05-06,-272000000.0,24579000000.0,23535250000.0,1712000000.0,22867000000.0,0.197,7.538,-2495000000.0,285000000.0,285000000.0,1827000000.0,1116000000.0,0.709,3.655,12814000000.0,331000000.0,12483000000.0,12814000000.0,0.0,1176000000.0,0.0,0.009,0.16,2326000000.0,3502000000.0,0.753,3502000000.0,2326000000.0,1332000000.0,1.54,1.53,1.54,5280000000.0,4962250000.0,5280000000.0,24699381502.0,11.0,7.053,-690000000.0,-0.985,1.0,2821000000.0,0.607,0.0,994000000.0,34695000000.0,32859750000.0,131000000.0,1614000000.0,0.0,1614000000.0,19299000000.0,2413000000.0,16886000000.0,12076381502.0,-252000000.0,-1091000000.0,0.0,-2278000000.0,-149000000.0,-2167000000.0,110000000.0,0.0,1805000000.0,0.0,1110000000.0,1073000000.0,1073000000.0,-674000000.0,6000000.0,0.231,1176000000.0,1645000000.0,967000000.0,0.104,2.287,11.255,11.195,19354000000.0,37000000.0,17.24,2.598,2.598,992000000.0,-1834000000.0,4648000000.0,4648000000.0,0.0,0.046,0.216,0.071,0.5,0.0,0.0,1.0,700486166.0,700486166,,6.635,24579000000.0,191000000.0,222000000.0,1157000000.0,35.088,-701000000.0
18,EP,MRT,2007-09-30,2007-09-30,2007-09-30,2019-05-06,-413000000.0,24081000000.0,24205750000.0,2029000000.0,22052000000.0,0.178,7.146,-2450000000.0,389000000.0,389000000.0,1802000000.0,784000000.0,0.731,3.81,13012000000.0,567000000.0,12445000000.0,13012000000.0,0.0,1131000000.0,0.0,0.009,0.16,1941000000.0,3072000000.0,0.715,3072000000.0,1941000000.0,912000000.0,1.07,1.08,1.07,5006000000.0,4688750000.0,5006000000.0,23476535341.0,12.0,7.642,-897000000.0,-1.28,1.0,2497000000.0,0.581,0.0,1029000000.0,33927000000.0,33001500000.0,0.0,1638000000.0,0.0,1638000000.0,19075000000.0,2777000000.0,16298000000.0,11888535341.0,-370000000.0,-928000000.0,0.0,-1817000000.0,-149000000.0,-2238000000.0,315000000.0,0.0,1553000000.0,0.0,784000000.0,747000000.0,747000000.0,-523000000.0,0.0,0.174,1131000000.0,1366000000.0,880000000.0,0.15,2.375,15.915,15.86,18919000000.0,37000000.0,16.97,2.765,2.765,1116000000.0,-1994000000.0,4299000000.0,4299000000.0,0.0,0.031,0.159,0.059,0.452,0.0,0.0,1.0,700561894.0,700561894,,6.137,24081000000.0,358000000.0,128000000.0,1204000000.0,34.374,-748000000.0
19,EP,MRT,2007-06-30,2007-06-30,2007-06-30,2019-05-06,-419000000.0,22818000000.0,25035250000.0,1992000000.0,20826000000.0,0.163,6.949,-2352000000.0,309000000.0,309000000.0,1810000000.0,764000000.0,0.733,3.689,11897000000.0,440000000.0,11457000000.0,11897000000.0,0.0,1098000000.0,0.0,0.009,0.16,1789000000.0,2887000000.0,0.708,2887000000.0,1789000000.0,694000000.0,1.04,1.06,1.04,4866000000.0,4622750000.0,4866000000.0,23499148484.0,13.0,8.14,-806000000.0,-1.151,1.0,2265000000.0,0.556,0.0,1095000000.0,31689000000.0,33996500000.0,0.0,1653000000.0,0.0,1653000000.0,17952000000.0,2717000000.0,15235000000.0,12065148484.0,-1453000000.0,8000000.0,0.0,-3930000000.0,-149000000.0,-4377000000.0,1378000000.0,0.0,1546000000.0,0.0,764000000.0,727000000.0,727000000.0,-547000000.0,0.0,0.178,1098000000.0,1167000000.0,984000000.0,0.154,2.479,16.596,16.567,17650000000.0,37000000.0,17.23,2.961,2.961,1224000000.0,-2149000000.0,4075000000.0,4075000000.0,0.0,0.029,0.157,0.053,0.439,0.0,0.0,1.0,700240771.0,700240771,,5.819,22818000000.0,297000000.0,-70000000.0,1069000000.0,32.586,-725000000.0
20,EP,MRT,2007-03-31,2007-03-31,2007-03-31,2019-05-06,-446000000.0,22663000000.0,26525000000.0,2241000000.0,20422000000.0,0.15,6.726,-2319000000.0,232000000.0,232000000.0,1819000000.0,748000000.0,0.755,3.825,11666000000.0,403000000.0,11263000000.0,11666000000.0,0.0,1068000000.0,0.0,0.011,0.16,1776000000.0,2844000000.0,0.717,2844000000.0,1776000000.0,596000000.0,1.02,1.05,1.02,4697000000.0,4540750000.0,4697000000.0,24256893472.0,14.0,8.529,-854000000.0,-1.223,1.0,2147000000.0,0.541,0.0,1180000000.0,31128000000.0,35859250000.0,0.0,1671000000.0,0.0,1671000000.0,17966000000.0,2969000000.0,14997000000.0,10104893472.0,-1547000000.0,397000000.0,500000000.0,-4933000000.0,-146000000.0,-5113000000.0,2101000000.0,0.0,1465000000.0,0.0,748000000.0,712000000.0,712000000.0,-566000000.0,0.0,0.18,1068000000.0,1079000000.0,921000000.0,0.157,2.151,14.192,14.186,17206000000.0,36000000.0,14.47,2.548,2.548,1568000000.0,-2315000000.0,3966000000.0,3966000000.0,0.0,0.027,0.157,0.05,0.448,0.0,0.0,1.0,698334034.0,698334034,,5.679,22663000000.0,345000000.0,-152000000.0,1047000000.0,32.453,-728000000.0
21,EP,MRT,2006-12-31,2006-12-31,2006-12-31,2019-05-06,-343000000.0,27261000000.0,28509500000.0,7167000000.0,20094000000.0,0.15,5.934,-2164000000.0,537000000.0,537000000.0,1807000000.0,475000000.0,1.165,5.512,14689000000.0,1360000000.0,13329000000.0,14689000000.0,0.0,1047000000.0,344000000.0,0.01,0.16,1694000000.0,2741000000.0,0.64,2741000000.0,1694000000.0,466000000.0,0.65,0.64,0.65,4186000000.0,4337000000.0,4186000000.0,25198352737.0,15.0,9.193,-61000000.0,-0.086,1.0,2474000000.0,0.578,0.0,1228000000.0,35262000000.0,38204250000.0,115000000.0,1707000000.0,0.0,1707000000.0,23075000000.0,6151000000.0,16924000000.0,10778352737.0,-1595000000.0,673000000.0,500000000.0,-2649000000.0,-145000000.0,-2544000000.0,-1154000000.0,0.0,2103000000.0,0.0,475000000.0,438000000.0,438000000.0,56000000.0,0.0,0.102,1047000000.0,1427000000.0,1050000000.0,0.246,2.575,24.608,23.508,16678000000.0,37000000.0,15.28,2.518,2.518,1440000000.0,-2940000000.0,4281000000.0,4281000000.0,0.0,0.015,0.101,0.044,0.396,0.0,0.0,1.0,705389577.0,705389577,,6.069,27261000000.0,478000000.0,-9000000.0,950000000.0,38.647,1016000000.0
22,EP,MRT,2006-09-30,2006-09-30,2006-09-30,2019-05-06,20000000.0,27399000000.0,29654250000.0,2819000000.0,24580000000.0,0.125,6.814,-1724000000.0,759000000.0,759000000.0,2053000000.0,479000000.0,0.721,4.778,15179000000.0,885000000.0,14294000000.0,15179000000.0,0.0,949000000.0,294000000.0,0.012,0.16,1485000000.0,2434000000.0,0.655,2434000000.0,1485000000.0,262000000.0,0.66,0.62,0.66,4742000000.0,4137750000.0,4742000000.0,23942748670.0,16.0,9.837,954000000.0,1.371,1.0,1665000000.0,0.448,0.0,1223000000.0,37907000000.0,39704250000.0,0.0,2081000000.0,0.0,2081000000.0,22657000000.0,3912000000.0,18745000000.0,9492748670.0,-128000000.0,695000000.0,500000000.0,-2436000000.0,-144000000.0,-2419000000.0,-387000000.0,0.0,2678000000.0,0.0,479000000.0,441000000.0,441000000.0,-330000000.0,0.0,0.119,939000000.0,726000000.0,956000000.0,0.242,2.002,21.526,20.667,19624000000.0,38000000.0,13.64,2.553,2.553,1465000000.0,-2774000000.0,3718000000.0,3718000000.0,0.0,0.015,0.107,0.037,0.399,0.0,0.0,1.0,695949316.0,695949316,,5.342,27399000000.0,206000000.0,-217000000.0,1557000000.0,39.369,-1093000000.0
23,EP,MRT,2006-06-30,2006-06-30,2006-06-30,2019-05-06,-77000000.0,28777000000.0,30730000000.0,4229000000.0,24548000000.0,0.115,6.876,-1599000000.0,1762000000.0,1762000000.0,2223000000.0,32000000.0,1.035,5.341,16212000000.0,838000000.0,15374000000.0,16212000000.0,0.0,959000000.0,456000000.0,0.011,0.16,1043000000.0,2002000000.0,0.567,2002000000.0,1043000000.0,-223000000.0,-0.02,-0.06,-0.02,4538000000.0,3812750000.0,4538000000.0,25201322560.0,24.0,12.588,81000000.0,0.123,1.0,1305000000.0,0.37,0.0,1266000000.0,39140000000.0,40779000000.0,0.0,2102000000.0,0.0,2102000000.0,24239000000.0,4087000000.0,20152000000.0,9900322560.0,222000000.0,103000000.0,500000000.0,-635000000.0,-141000000.0,-635000000.0,-823000000.0,-131000000.0,1680000000.0,0.0,32000000.0,-6000000.0,-6000000.0,-287000000.0,0.0,-0.002,952000000.0,353000000.0,986000000.0,-8.0,2.182,-1650.054,-750.0,19355000000.0,38000000.0,15.0,2.806,2.806,1500000000.0,-2909000000.0,3528000000.0,3528000000.0,0.0,0.0,-0.002,0.026,0.296,0.0,0.0,1.0,660021504.0,660021504,,5.345,28777000000.0,263000000.0,-255000000.0,1653000000.0,43.6,142000000.0
24,EP,MRT,2006-03-31,2006-03-31,2006-03-31,2019-05-06,-163000000.0,30601000000.0,30954750000.0,5234000000.0,25367000000.0,0.117,5.918,-1459000000.0,1779000000.0,1779000000.0,2248000000.0,-356000000.0,1.051,6.883,17080000000.0,848000000.0,16232000000.0,17080000000.0,0.0,987000000.0,845000000.0,0.013,0.16,719000000.0,1706000000.0,0.473,1706000000.0,719000000.0,-564000000.0,-0.61,-0.65,-0.61,3882000000.0,3628250000.0,3882000000.0,24045484091.0,33.0,14.095,-291000000.0,-0.444,1.0,1360000000.0,0.377,413000000.0,1283000000.0,40508000000.0,41127250000.0,0.0,2414000000.0,0.0,2414000000.0,26719000000.0,4981000000.0,21738000000.0,7943484091.0,128000000.0,-117000000.0,0.0,-18000000.0,-131000000.0,136000000.0,-1176000000.0,-131000000.0,1168000000.0,0.0,-356000000.0,-393000000.0,-393000000.0,34000000.0,0.0,-0.109,980000000.0,380000000.0,1153000000.0,-0.262,2.046,-20.212,-19.754,19094000000.0,37000000.0,12.05,2.202,2.191,1391000000.0,-3059000000.0,3608000000.0,3608000000.0,0.0,-0.013,-0.108,0.017,0.199,0.0,0.0,1.0,659210298.0,656000000,724000000.0,5.5,30188000000.0,250000000.0,-208000000.0,1529000000.0,46.018,253000000.0
25,EP,MRT,2005-12-31,2005-12-31,2005-12-31,2019-05-06,-332000000.0,31840000000.0,30938250000.0,6185000000.0,25655000000.0,0.109,5.246,-1474000000.0,2132000000.0,2132000000.0,2414000000.0,-606000000.0,1.083,8.395,17266000000.0,984000000.0,16282000000.0,17266000000.0,0.0,1006000000.0,497000000.0,0.013,0.16,358000000.0,1364000000.0,0.406,1364000000.0,358000000.0,-937000000.0,-0.98,-0.98,-0.98,3389000000.0,3488250000.0,3389000000.0,25054474810.0,70.0,18.368,-1206000000.0,-1.867,1.0,945000000.0,0.281,0.0,1295000000.0,41262000000.0,41319250000.0,0.0,2165000000.0,0.0,2165000000.0,28451000000.0,5712000000.0,22739000000.0,8017474810.0,15000000.0,284000000.0,0.0,129000000.0,-121000000.0,248000000.0,-501000000.0,0.0,268000000.0,0.0,-606000000.0,-633000000.0,-633000000.0,96000000.0,0.0,-0.188,1006000000.0,-61000000.0,1329000000.0,-0.163,2.366,-12.666,-12.408,15552000000.0,27000000.0,12.16,2.387,2.339,1548000000.0,-3415000000.0,3359000000.0,3359000000.0,0.0,-0.02,-0.181,0.009,0.107,0.0,0.0,1.0,659331810.0,646000000,646000000.0,5.2,31840000000.0,391000000.0,-331000000.0,549000000.0,49.288,473000000.0
26,EP,MRT,2005-09-30,2005-09-30,2005-09-30,2019-05-06,-471000000.0,31702000000.0,30824000000.0,5619000000.0,26083000000.0,0.106,5.312,-1639000000.0,887000000.0,887000000.0,1968000000.0,-986000000.0,0.918,8.21,17924000000.0,1267000000.0,16657000000.0,17924000000.0,0.0,977000000.0,245000000.0,0.012,0.16,-56000000.0,921000000.0,0.281,921000000.0,-56000000.0,-1337000000.0,-1.56,-1.56,-1.56,3442000000.0,3500500000.0,3442000000.0,24913494642.0,-445.0,27.05,-1520000000.0,-2.346,1.0,1314000000.0,0.4,413000000.0,1281000000.0,42206000000.0,41871000000.0,0.0,2760000000.0,0.0,2760000000.0,28260000000.0,6120000000.0,22140000000.0,8975494642.0,-1442000000.0,256000000.0,0.0,-657000000.0,-111000000.0,-538000000.0,-1023000000.0,0.0,119000000.0,0.0,-986000000.0,-1003000000.0,-1003000000.0,128000000.0,0.0,-0.306,1227000000.0,87000000.0,1391000000.0,-0.103,2.608,-8.949,-8.91,19163000000.0,17000000.0,13.9,2.735,2.744,1953000000.0,-3253000000.0,3282000000.0,3282000000.0,0.0,-0.033,-0.287,-0.001,-0.017,0.0,0.0,1.0,645719039.0,648000000,648000000.0,5.065,31289000000.0,787000000.0,-351000000.0,1786000000.0,48.285,-501000000.0
27,EP,MRT,2005-06-30,2005-06-30,2005-06-30,2019-05-06,-183000000.0,29676000000.0,30811750000.0,4806000000.0,24870000000.0,0.128,5.928,-1686000000.0,1540000000.0,1540000000.0,2266000000.0,-888000000.0,1.032,6.809,17478000000.0,1099000000.0,16379000000.0,17478000000.0,0.0,977000000.0,342000000.0,0.014,0.16,314000000.0,1291000000.0,0.326,1291000000.0,314000000.0,-1026000000.0,-1.39,-1.39,-1.39,3800000000.0,3617000000.0,3800000000.0,23551290246.0,75.0,18.243,-656000000.0,-1.023,1.0,1693000000.0,0.428,422000000.0,1340000000.0,40533000000.0,42085750000.0,0.0,2275000000.0,0.0,2275000000.0,25876000000.0,4659000000.0,21217000000.0,7425290246.0,129000000.0,2366000000.0,0.0,-2092000000.0,-103000000.0,-1932000000.0,1031000000.0,54000000.0,1030000000.0,0.0,-888000000.0,-896000000.0,-896000000.0,121000000.0,0.0,-0.226,1806000000.0,-113000000.0,1199000000.0,-0.115,1.954,-8.287,-8.288,18687000000.0,8000000.0,11.52,1.876,1.865,1755000000.0,-2941000000.0,3959000000.0,3959000000.0,0.0,-0.029,-0.248,0.007,0.079,0.0,0.0,1.0,644556445.0,641000000,641000000.0,6.176,29254000000.0,607000000.0,-138000000.0,1528000000.0,45.638,147000000.0
28,EP,MRT,2005-03-31,2005-03-31,2005-03-31,2019-05-06,-198000000.0,30535000000.0,31539000000.0,5282000000.0,25253000000.0,0.137,5.191,-1667000000.0,1651000000.0,1651000000.0,2645000000.0,-645000000.0,1.066,8.192,17777000000.0,850000000.0,16927000000.0,17777000000.0,0.0,956000000.0,0.0,0.015,0.16,647000000.0,1603000000.0,0.372,1603000000.0,647000000.0,-770000000.0,-1.0,-1.0,-1.0,3322000000.0,3712500000.0,3322000000.0,23701246809.0,37.0,14.786,-929000000.0,-1.452,1.0,1669000000.0,0.387,429000000.0,1417000000.0,41276000000.0,43089750000.0,137000000.0,2403000000.0,0.0,2403000000.0,27213000000.0,4956000000.0,22257000000.0,6802246809.0,-167000000.0,2313000000.0,0.0,-2285000000.0,-104000000.0,-2546000000.0,1641000000.0,142000000.0,738000000.0,0.0,-645000000.0,-645000000.0,-645000000.0,-155000000.0,0.0,-0.15,1802000000.0,-133000000.0,1389000000.0,-0.16,2.048,-10.546,-10.58,18911000000.0,0.0,10.58,1.577,1.57,1937000000.0,-2703000000.0,4314000000.0,4314000000.0,0.0,-0.02,-0.174,0.015,0.15,0.0,0.0,1.0,642934481.0,640000000,642000000.0,6.741,30106000000.0,670000000.0,-125000000.0,1629000000.0,47.041,326000000.0
29,EP,MRT,2004-12-31,2004-12-31,2004-12-31,2019-05-06,1000000.0,31383000000.0,32709000000.0,5632000000.0,25751000000.0,0.146,5.38,-1651000000.0,2117000000.0,2117000000.0,2930000000.0,-947000000.0,1.232,8.128,19196000000.0,955000000.0,18241000000.0,19196000000.0,0.0,962000000.0,131000000.0,0.015,0.16,434000000.0,1396000000.0,0.292,1396000000.0,434000000.0,-1063000000.0,-1.48,-1.48,-1.48,3438000000.0,3964500000.0,3438000000.0,23353222186.0,54.0,16.729,-335000000.0,-0.524,1.0,1853000000.0,0.387,421000000.0,1497000000.0,43469000000.0,44464500000.0,0.0,2574000000.0,0.0,2574000000.0,27945000000.0,4572000000.0,23373000000.0,6689222186.0,688000000.0,1877000000.0,73000000.0,-2012000000.0,-101000000.0,-2531000000.0,1903000000.0,0.0,1316000000.0,0.0,-947000000.0,-947000000.0,-947000000.0,-85000000.0,0.0,-0.198,2039000000.0,-186000000.0,1460000000.0,-0.108,1.946,-7.064,-7.027,18549000000.0,0.0,10.4,1.399,1.389,2128000000.0,-2809000000.0,4783000000.0,4783000000.0,0.0,-0.029,-0.239,0.01,0.091,0.0,0.0,1.0,643194441.0,639000000,639000000.0,7.485,30962000000.0,418000000.0,-116000000.0,1287000000.0,48.454,1060000000.0
30,EP,MRT,2004-09-30,2004-09-30,2004-09-30,2019-05-06,-84000000.0,31653000000.0,34099000000.0,5977000000.0,25676000000.0,0.168,6.116,-1753000000.0,2563000000.0,2563000000.0,3311000000.0,-645000000.0,1.238,7.1,19227000000.0,1554000000.0,17673000000.0,19227000000.0,0.0,1068000000.0,0.0,0.017,0.16,1124000000.0,2192000000.0,0.382,2192000000.0,1124000000.0,-543000000.0,-1.02,-1.02,-1.02,3908000000.0,4191500000.0,3908000000.0,25626229572.0,23.0,11.691,-391000000.0,-0.612,1.0,2427000000.0,0.423,424000000.0,1667000000.0,43065000000.0,45722250000.0,154000000.0,2910000000.0,0.0,2910000000.0,27745000000.0,4828000000.0,22917000000.0,5913229572.0,686000000.0,2787000000.0,193000000.0,-2512000000.0,-100000000.0,-3115000000.0,2439000000.0,-18000000.0,1362000000.0,0.0,-645000000.0,-645000000.0,-645000000.0,192000000.0,0.0,-0.112,2173000000.0,254000000.0,1336000000.0,-0.157,1.513,-9.168,-9.01,18625000000.0,0.0,9.19,1.031,1.023,1892000000.0,-2267000000.0,5738000000.0,5738000000.0,0.0,-0.019,-0.154,0.025,0.196,0.0,0.0,1.0,643441738.0,639000000,639000000.0,8.98,31229000000.0,563000000.0,102000000.0,1580000000.0,48.872,1149000000.0
31,EP,MRT,2004-06-30,2004-06-30,2004-06-30,2019-05-06,-44000000.0,32585000000.0,36854750000.0,6117000000.0,26468000000.0,0.163,6.545,-1865000000.0,1647000000.0,1647000000.0,3275000000.0,-407000000.0,1.189,6.792,19833000000.0,1574000000.0,18259000000.0,19833000000.0,0.0,1081000000.0,0.0,0.02,0.16,1426000000.0,2507000000.0,0.416,2507000000.0,1426000000.0,-320000000.0,-0.65,-0.65,-0.65,4182000000.0,4902750000.0,4182000000.0,26660463902.0,19.0,10.634,-254000000.0,-0.397,1.0,2748000000.0,0.456,1077000000.0,1746000000.0,44549000000.0,49196500000.0,157000000.0,3375000000.0,0.0,3375000000.0,28403000000.0,5145000000.0,23258000000.0,4723463902.0,-374000000.0,1343000000.0,193000000.0,-2226000000.0,-98000000.0,-2814000000.0,829000000.0,133000000.0,1611000000.0,0.0,-407000000.0,-407000000.0,-407000000.0,221000000.0,0.0,-0.068,1658000000.0,1090000000.0,1506000000.0,-0.246,1.129,-11.606,-12.123,18349000000.0,0.0,7.88,0.784,0.836,2237000000.0,-2053000000.0,6023000000.0,6023000000.0,0.0,-0.011,-0.083,0.029,0.237,0.0,0.0,1.0,599424353.0,639000000,639000000.0,9.426,31508000000.0,328000000.0,87000000.0,1317000000.0,49.308,972000000.0
32,EP,MRT,2004-03-31,2004-03-31,2004-03-31,2019-05-06,21000000.0,35215000000.0,39787750000.0,7536000000.0,27679000000.0,0.153,6.787,-2047000000.0,2531000000.0,2531000000.0,3545000000.0,-1648000000.0,1.259,7.133,21153000000.0,1472000000.0,19681000000.0,21153000000.0,0.0,1113000000.0,0.0,0.023,0.16,-220000000.0,893000000.0,0.147,893000000.0,-220000000.0,-2019000000.0,-2.73,-2.73,-2.73,4330000000.0,5552750000.0,4330000000.0,26198907150.0,-119.0,29.338,1000000000.0,1.567,1.0,2523000000.0,0.416,1077000000.0,1799000000.0,46775000000.0,52515000000.0,170000000.0,3589000000.0,0.0,3589000000.0,30885000000.0,5985000000.0,24900000000.0,4261907150.0,36000000.0,335000000.0,193000000.0,-2319000000.0,-96000000.0,-2916000000.0,-95000000.0,948000000.0,3047000000.0,0.0,-1648000000.0,-1648000000.0,-1648000000.0,1131000000.0,0.0,-0.272,2162000000.0,361000000.0,1491000000.0,-0.059,0.984,-2.586,-2.604,18156000000.0,0.0,7.11,0.702,0.748,2342000000.0,-1991000000.0,6068000000.0,6068000000.0,0.0,-0.041,-0.297,-0.004,-0.036,0.0,0.0,1.0,599424353.0,638000000,638000000.0,9.511,34138000000.0,530000000.0,-371000000.0,1465000000.0,53.508,1551000000.0
33,EP,MRT,2003-12-31,2003-12-31,2003-12-31,2019-05-06,-40000000.0,36943000000.0,42239250000.0,8923000000.0,28020000000.0,0.15,7.28,-2349000000.0,2019000000.0,2019000000.0,3928000000.0,-1883000000.0,1.261,7.5,21732000000.0,1457000000.0,20275000000.0,21732000000.0,0.0,1157000000.0,0.0,0.02,0.16,-577000000.0,580000000.0,0.091,580000000.0,-577000000.0,-2367000000.0,-3.15,-3.15,-3.15,4346000000.0,6465500000.0,4346000000.0,26846285451.0,-47.0,46.287,-20000000.0,-0.034,1.0,2411000000.0,0.38,1082000000.0,1790000000.0,48500000000.0,54178250000.0,181000000.0,3409000000.0,0.0,3409000000.0,32597000000.0,7074000000.0,25523000000.0,4909285451.0,-162000000.0,1380000000.0,120000000.0,235000000.0,-203000000.0,-1302000000.0,-1189000000.0,-43000000.0,2329000000.0,0.0,-1883000000.0,-1883000000.0,-1883000000.0,1269000000.0,0.0,-0.297,2017000000.0,394000000.0,2016000000.0,-0.051,1.13,-2.607,-2.6,18195000000.0,0.0,8.19,0.774,0.771,2886000000.0,-1862000000.0,6339000000.0,6339000000.0,0.0,-0.045,-0.291,-0.011,-0.091,0.0,0.0,1.0,599424353.0,597000000,597000000.0,10.618,35861000000.0,593000000.0,-484000000.0,1558000000.0,60.069,1849000000.0
34,EP,MRT,2003-09-30,2003-09-30,2003-09-30,2019-05-06,-372000000.0,42676000000.0,43519750000.0,8070000000.0,34606000000.0,0.128,11.331,-2623000000.0,1643000000.0,1643000000.0,4499000000.0,-3787000000.0,1.258,5.32,23580000000.0,1056000000.0,22524000000.0,23580000000.0,0.0,1056000000.0,0.0,0.046,0.338,-3304000000.0,-2248000000.0,-0.403,-2248000000.0,-3304000000.0,-5002000000.0,-6.59,-6.59,-6.59,6753000000.0,6847000000.0,6753000000.0,26052747105.0,-8.0,-11.589,-1585000000.0,-2.659,1.0,1086000000.0,0.194,1234000000.0,1698000000.0,56962000000.0,53858500000.0,203000000.0,5107000000.0,0.0,5107000000.0,35923000000.0,6417000000.0,29506000000.0,4383747105.0,-50000000.0,1829000000.0,2000000.0,2772000000.0,-308000000.0,250000000.0,-1338000000.0,-320000000.0,1038000000.0,0.0,-3787000000.0,-3787000000.0,-3787000000.0,1478000000.0,0.0,-0.678,2459000000.0,-1373000000.0,2050000000.0,-0.051,0.649,-1.158,-1.108,23054000000.0,0.0,7.3,0.785,0.779,3517000000.0,1142000000.0,5585000000.0,5585000000.0,0.0,-0.087,-0.553,-0.061,-0.592,0.0,0.0,1.0,600513302.0,596000000,596000000.0,9.371,41442000000.0,0.0,-1215000000.0,3056000000.0,69.534,1653000000.0
35,EP,MRT,2003-06-30,2003-06-30,2003-06-30,2019-05-06,-532000000.0,44317000000.0,45127250000.0,9418000000.0,34899000000.0,0.123,11.379,-3060000000.0,1785000000.0,1785000000.0,4670000000.0,-3880000000.0,1.368,5.535,23454000000.0,963000000.0,22491000000.0,23454000000.0,0.0,1089000000.0,0.0,0.064,0.515,-3575000000.0,-2486000000.0,-0.447,-2486000000.0,-3575000000.0,-5141000000.0,-6.75,-6.75,-6.75,6782000000.0,7717750000.0,6782000000.0,23781792915.0,-7.0,-9.566,-2137000000.0,-3.586,1.0,897000000.0,0.161,1276000000.0,1566000000.0,57823000000.0,52891750000.0,208000000.0,5096000000.0,0.0,5096000000.0,37535000000.0,6887000000.0,30648000000.0,4840792915.0,-878000000.0,1877000000.0,31000000.0,2684000000.0,-400000000.0,-361000000.0,-1440000000.0,-286000000.0,923000000.0,0.0,-3880000000.0,-3880000000.0,-3880000000.0,1530000000.0,0.0,-0.697,2441000000.0,-1544000000.0,2249000000.0,-0.076,0.714,-1.248,-1.197,22890000000.0,0.0,8.08,0.87,0.865,3840000000.0,1312000000.0,5567000000.0,5567000000.0,0.0,-0.086,-0.503,-0.068,-0.642,0.0,0.0,1.0,599108034.0,596000000,596000000.0,9.341,43041000000.0,0.0,-1261000000.0,2966000000.0,72.216,2531000000.0
36,EP,MRT,2003-03-31,2003-03-31,2003-03-31,2019-05-06,-523000000.0,45021000000.0,46548750000.0,11308000000.0,33713000000.0,0.125,13.413,-3726000000.0,1782000000.0,1782000000.0,4495000000.0,-2689000000.0,1.233,4.641,20723000000.0,2796000000.0,17927000000.0,20723000000.0,0.0,1113000000.0,0.0,0.115,0.693,-2107000000.0,-994000000.0,-0.171,-994000000.0,-2107000000.0,-3514000000.0,-4.76,-4.76,-4.76,7981000000.0,8526750000.0,7981000000.0,20606582282.0,-10.0,-20.731,-3465000000.0,-5.824,1.0,1324000000.0,0.228,1364000000.0,1407000000.0,53428000000.0,51729750000.0,854000000.0,5429000000.0,0.0,5429000000.0,37040000000.0,9170000000.0,27870000000.0,3626582282.0,524000000.0,4083000000.0,1053000000.0,4121000000.0,-492000000.0,1649000000.0,-1386000000.0,-1288000000.0,261000000.0,0.0,-2689000000.0,-2689000000.0,-2689000000.0,707000000.0,0.0,-0.462,2213000000.0,-889000000.0,3884000000.0,-0.146,0.454,-1.349,-1.271,22479000000.0,0.0,6.05,0.623,0.619,6332000000.0,2524000000.0,5819000000.0,5819000000.0,0.0,-0.058,-0.315,-0.041,-0.362,0.0,0.0,1.0,599435088.0,595000000,595000000.0,9.78,43657000000.0,0.0,-825000000.0,3378000000.0,73.373,2138000000.0
37,EP,MRT,2002-12-31,2002-12-31,2002-12-31,2019-05-06,-235000000.0,42065000000.0,47432750000.0,11780000000.0,30285000000.0,0.145,10.486,-3243000000.0,1715000000.0,1715000000.0,4813000000.0,-1875000000.0,1.14,6.164,18571000000.0,2264000000.0,16307000000.0,18571000000.0,0.0,1159000000.0,0.0,0.125,0.87,-1219000000.0,-60000000.0,-0.009,-60000000.0,-1219000000.0,-2516000000.0,-3.35,-3.35,-3.35,5872000000.0,8870000000.0,5872000000.0,20078795641.0,-16.0,-334.647,-2807000000.0,-5.013,1.0,2068000000.0,0.301,1368000000.0,1297000000.0,47221000000.0,51558500000.0,252000000.0,4891000000.0,0.0,4891000000.0,36193000000.0,10332000000.0,25861000000.0,4168795641.0,453000000.0,2824000000.0,1053000000.0,2577000000.0,-470000000.0,1272000000.0,-1255000000.0,-295000000.0,436000000.0,0.0,-1875000000.0,-1875000000.0,-1875000000.0,425000000.0,0.0,-0.272,2239000000.0,-171000000.0,4352000000.0,-0.26,0.71,-2.223,-2.078,17892000000.0,0.0,6.96,0.606,0.566,5506000000.0,143000000.0,6881000000.0,6881000000.0,0.0,-0.04,-0.211,-0.024,-0.177,0.0,0.0,1.0,598964891.0,560000000,560000000.0,12.287,40697000000.0,245000000.0,-641000000.0,2094000000.0,72.673,1448000000.0
38,EP,MRT,2002-09-30,2002-09-30,2002-09-30,2019-05-06,-409000000.0,49106000000.0,49053000000.0,13419000000.0,35687000000.0,0.135,17.468,-3976000000.0,1693000000.0,1693000000.0,1480000000.0,104000000.0,1.28,3.797,17603000000.0,1154000000.0,16449000000.0,17603000000.0,0.0,1398000000.0,0.0,0.105,0.865,1407000000.0,2805000000.0,0.425,2805000000.0,1407000000.0,190000000.0,0.2,0.19,0.2,10236000000.0,9741000000.0,10236000000.0,20675698327.0,15.0,7.371,-2168000000.0,-3.7,1.0,5126000000.0,0.776,1434000000.0,1217000000.0,53095000000.0,52013000000.0,828000000.0,6142000000.0,1175000000.0,4967000000.0,38870000000.0,10487000000.0,28383000000.0,4836698327.0,916000000.0,1884000000.0,1920000000.0,1064000000.0,-449000000.0,2101000000.0,-2993000000.0,-540000000.0,1808000000.0,0.0,104000000.0,104000000.0,104000000.0,312000000.0,0.0,0.016,3458000000.0,1668000000.0,6267000000.0,4.325,0.473,46.507,41.35,23641000000.0,0.0,8.27,0.732,0.734,8273000000.0,4811000000.0,6606000000.0,6606000000.0,0.0,0.002,0.011,0.027,0.213,0.0,0.0,1.0,584848649.0,586000000,586000000.0,11.273,47672000000.0,0.0,86000000.0,4497000000.0,81.352,2932000000.0
39,EP,MRT,2002-06-30,2002-06-30,2002-06-30,2019-05-06,-331000000.0,50003000000.0,48556000000.0,14689000000.0,35314000000.0,0.166,18.902,-4068000000.0,2663000000.0,2663000000.0,2595000000.0,384000000.0,1.311,3.991,18502000000.0,1927000000.0,16575000000.0,18502000000.0,0.0,1420000000.0,0.0,0.042,0.86,1710000000.0,3130000000.0,0.388,3130000000.0,1710000000.0,556000000.0,0.74,0.72,0.74,10018000000.0,9263000000.0,10018000000.0,27491512806.0,16.0,8.783,-2076000000.0,-3.917,1.0,5481000000.0,0.679,1460000000.0,1154000000.0,53175000000.0,50763750000.0,890000000.0,6258000000.0,1260000000.0,4998000000.0,39985000000.0,11207000000.0,28778000000.0,10979512806.0,1610000000.0,1585000000.0,1900000000.0,2316000000.0,-444000000.0,3798000000.0,-4180000000.0,-1252000000.0,1992000000.0,0.0,384000000.0,384000000.0,384000000.0,218000000.0,0.0,0.048,3640000000.0,1841000000.0,6268000000.0,1.162,1.096,28.592,27.851,23418000000.0,0.0,20.61,1.36,1.353,8186000000.0,5007000000.0,8076000000.0,8076000000.0,0.0,0.008,0.041,0.034,0.212,0.0,0.0,1.0,532727453.0,530000000,532000000.0,15.238,48543000000.0,0.0,172000000.0,4523000000.0,91.591,3482000000.0
40,EP,MRT,2002-03-31,2002-03-31,2002-03-31,2019-05-06,-171000000.0,48557000000.0,47607500000.0,12844000000.0,35713000000.0,0.21,17.75,-3526000000.0,1259000000.0,1259000000.0,4500000000.0,336000000.0,1.042,4.191,17771000000.0,3073000000.0,14698000000.0,17771000000.0,0.0,1419000000.0,0.0,0.019,0.855,1560000000.0,2979000000.0,0.298,2979000000.0,1560000000.0,419000000.0,0.64,0.62,0.64,9354000000.0,8713500000.0,9354000000.0,39332398408.0,25.0,13.203,-375000000.0,-0.712,1.0,5512000000.0,0.551,0.0,1141000000.0,52743000000.0,49044750000.0,1011000000.0,6075000000.0,1186000000.0,4889000000.0,39203000000.0,12326000000.0,26877000000.0,23443398408.0,672000000.0,339000000.0,891000000.0,1455000000.0,-435000000.0,2310000000.0,-4789000000.0,-1449000000.0,3151000000.0,0.0,336000000.0,336000000.0,336000000.0,105000000.0,0.0,0.034,4010000000.0,1502000000.0,6107000000.0,1.336,2.506,69.772,68.797,24304000000.0,0.0,44.03,2.342,2.318,7257000000.0,5169000000.0,10012000000.0,10012000000.0,0.0,0.007,0.039,0.032,0.156,0.0,0.0,1.0,532441481.0,527000000,538000000.0,18.998,48557000000.0,0.0,83000000.0,4513000000.0,92.139,518000000.0
41,EP,MRT,2001-12-31,2001-12-31,2001-12-31,2019-05-06,157000000.0,48546000000.0,47476750000.0,12805000000.0,35741000000.0,0.215,18.527,-3868000000.0,1148000000.0,1148000000.0,4830000000.0,-447000000.0,0.919,4.189,17002000000.0,3743000000.0,13259000000.0,17002000000.0,0.0,1380000000.0,0.0,0.019,0.85,612000000.0,1992000000.0,0.195,1992000000.0,612000000.0,-517000000.0,-0.89,-0.89,-0.89,9356000000.0,8095000000.0,9356000000.0,37515118826.0,61.0,18.833,252000000.0,0.499,1.0,5384000000.0,0.527,1425000000.0,1129000000.0,49039000000.0,47317750000.0,815000000.0,5297000000.0,0.0,5297000000.0,39190000000.0,13936000000.0,25254000000.0,22765118826.0,397000000.0,606000000.0,915000000.0,377000000.0,-387000000.0,1300000000.0,-5023000000.0,-1564000000.0,4120000000.0,0.0,-447000000.0,-447000000.0,-447000000.0,85000000.0,0.0,-0.044,5093000000.0,291000000.0,5924000000.0,-0.955,2.433,-50.929,-50.124,24405000000.0,0.0,44.61,2.229,2.206,7268000000.0,4902000000.0,10214000000.0,10214000000.0,0.0,-0.009,-0.055,0.013,0.06,0.0,0.0,1.0,510314253.0,505000000,505000000.0,20.226,47121000000.0,0.0,-70000000.0,4388000000.0,93.309,-1131000000.0
42,EP,MRT,2001-09-30,2001-09-30,2001-09-30,2019-05-06,343000000.0,47118000000.0,46920250000.0,12835000000.0,34283000000.0,0.242,16.451,-3025000000.0,777000000.0,777000000.0,7174000000.0,53000000.0,0.932,4.66,15527000000.0,2786000000.0,12741000000.0,15527000000.0,0.0,1311000000.0,0.0,0.02,0.843,1336000000.0,2647000000.0,0.233,2647000000.0,1336000000.0,187000000.0,0.11,0.08,0.11,8324000000.0,7785750000.0,8324000000.0,34840565686.0,26.0,13.162,181000000.0,0.358,1.0,4202000000.0,0.369,0.0,1149000000.0,48098000000.0,46530250000.0,980000000.0,5550000000.0,906000000.0,4644000000.0,38794000000.0,13770000000.0,25024000000.0,21180565686.0,498000000.0,-953000000.0,86000000.0,1561000000.0,-341000000.0,2056000000.0,-4764000000.0,-681000000.0,3206000000.0,0.0,53000000.0,53000000.0,53000000.0,3000000.0,0.0,0.005,3275000000.0,927000000.0,5784000000.0,7.664,2.545,399.633,377.727,24060000000.0,0.0,41.55,1.862,1.848,7375000000.0,4634000000.0,11376000000.0,11376000000.0,0.0,0.001,0.007,0.029,0.117,0.0,0.0,1.0,509760907.0,506000000,520000000.0,22.482,47118000000.0,0.0,134000000.0,4097000000.0,93.119,-935000000.0
43,EP,MRT,2001-06-30,2001-06-30,2001-06-30,2019-05-06,-29000000.0,46209000000.0,40577250000.0,13162000000.0,33047000000.0,0.534,15.485,-2655000000.0,1053000000.0,1053000000.0,17580000000.0,124000000.0,0.97,4.909,14713000000.0,2456000000.0,12257000000.0,14713000000.0,0.0,1278000000.0,0.0,0.016,0.837,1433000000.0,2711000000.0,0.125,2711000000.0,1433000000.0,291000000.0,0.26,0.22,0.26,7820000000.0,6562500000.0,7820000000.0,40652102101.0,28.0,14.995,176000000.0,0.349,1.0,4098000000.0,0.189,0.0,1142000000.0,46299000000.0,39790000000.0,1009000000.0,5006000000.0,489000000.0,4517000000.0,38389000000.0,13570000000.0,24819000000.0,26752102101.0,885000000.0,-836000000.0,128000000.0,1578000000.0,-290000000.0,2166000000.0,-4112000000.0,-393000000.0,2831000000.0,0.0,124000000.0,124000000.0,124000000.0,4000000.0,0.0,0.006,3082000000.0,1016000000.0,6395000000.0,3.219,3.421,215.743,202.077,22977000000.0,0.0,52.54,1.234,1.224,8223000000.0,4534000000.0,21678000000.0,21678000000.0,0.0,0.003,0.019,0.036,0.066,0.0,0.0,1.0,509175906.0,505000000,505000000.0,42.927,46209000000.0,0.0,167000000.0,3732000000.0,91.503,-408000000.0
44,EP,MRT,2001-03-31,2001-03-31,2001-03-31,2019-05-06,-1127000000.0,48034000000.0,33858750000.0,15164000000.0,32870000000.0,0.831,13.705,-2689000000.0,586000000.0,586000000.0,24021000000.0,478000000.0,0.942,5.982,14486000000.0,2283000000.0,12203000000.0,14486000000.0,2239000000.0,1264000000.0,0.0,0.013,0.83,1933000000.0,3197000000.0,0.114,3197000000.0,1933000000.0,833000000.0,0.97,0.92,0.97,6880000000.0,5430750000.0,6880000000.0,41346697685.0,21.0,12.933,-1844000000.0,-3.673,1.0,4116000000.0,0.146,0.0,1100000000.0,45835000000.0,33147500000.0,1195000000.0,4338000000.0,0.0,4338000000.0,41154000000.0,16099000000.0,25055000000.0,33230697685.0,446000000.0,-931000000.0,152000000.0,2314000000.0,-244000000.0,3510000000.0,-3909000000.0,-218000000.0,845000000.0,0.0,478000000.0,478000000.0,478000000.0,1000000.0,0.0,0.017,2509000000.0,1607000000.0,8109000000.0,0.856,4.83,69.52,67.32,22543000000.0,0.0,65.3,1.181,1.165,7838000000.0,4726000000.0,28137000000.0,28137000000.0,0.0,0.014,0.088,0.058,0.069,0.0,0.0,1.0,508892767.0,502000000,502000000.0,56.05,48034000000.0,0.0,355000000.0,3855000000.0,95.685,-935000000.0
45,EP,MRT,2000-12-31,2000-12-31,2000-12-31,2019-05-06,-65000000.0,46320000000.0,26013750000.0,15124000000.0,31196000000.0,0.741,16.435,-2592000000.0,741000000.0,741000000.0,15537000000.0,1306000000.0,0.965,4.705,15985000000.0,4039000000.0,11946000000.0,15985000000.0,0.0,1231000000.0,0.0,0.012,0.824,2885000000.0,4116000000.0,0.214,4116000000.0,2885000000.0,1845000000.0,2.64,2.57,2.64,8119000000.0,4506250000.0,8119000000.0,23405015515.0,8.0,5.686,-2493000000.0,-5.047,1.0,3734000000.0,0.194,0.0,1040000000.0,45889000000.0,26550250000.0,1335000000.0,4802000000.0,392000000.0,4410000000.0,38201000000.0,15675000000.0,22526000000.0,16758015515.0,179000000.0,-524000000.0,141000000.0,2728000000.0,-243000000.0,3914000000.0,-3834000000.0,-672000000.0,99000000.0,0.0,1306000000.0,1306000000.0,1306000000.0,1000000.0,0.0,0.068,1319000000.0,2415000000.0,6885000000.0,0.312,2.064,12.832,27.131,22262000000.0,0.0,71.625,0.87,1.836,6188000000.0,5243000000.0,19271000000.0,19271000000.0,0.0,0.05,0.29,0.109,0.15,0.0,0.0,1.0,233968803.0,494000000,513000000.0,39.01,46320000000.0,0.0,539000000.0,4106000000.0,93.765,-551000000.0
46,EP,MRT,2000-09-30,2000-09-30,2000-09-30,2019-05-06,-36000000.0,21746000000.0,18600500000.0,5857000000.0,15889000000.0,2.793,6.931,-4052000000.0,169000000.0,169000000.0,47626000000.0,1292000000.0,0.807,5.338,6816000000.0,1825000000.0,4991000000.0,6816000000.0,0.0,1569000000.0,0.0,0.013,0.818,3019000000.0,4588000000.0,0.088,4588000000.0,3019000000.0,1817000000.0,2.8,2.75,2.8,3431000000.0,3213250000.0,3431000000.0,19912850762.0,7.0,4.34,-2791000000.0,-5.638,1.0,4318000000.0,0.083,0.0,1202000000.0,21137000000.0,19854750000.0,76000000.0,2809000000.0,0.0,2809000000.0,18315000000.0,7256000000.0,11059000000.0,14311850762.0,62000000.0,527000000.0,140000000.0,2760000000.0,-258000000.0,3981000000.0,-5180000000.0,-1575000000.0,1261000000.0,0.0,1292000000.0,1292000000.0,1292000000.0,0.0,0.0,0.025,1989000000.0,2329000000.0,3266000000.0,0.292,4.171,11.077,22.009,10448000000.0,0.0,61.625,0.276,0.587,3099000000.0,1590000000.0,51944000000.0,51944000000.0,0.0,0.069,0.402,0.152,0.058,0.0,0.0,1.0,232240986.0,495000000,517000000.0,104.937,21746000000.0,0.0,525000000.0,1962000000.0,43.931,-1399000000.0
47,EP,MRT,2000-06-30,2000-06-30,2000-06-30,2019-05-06,-31000000.0,19335000000.0,16149750000.0,4853000000.0,14482000000.0,2.584,6.68,-3580000000.0,129000000.0,129000000.0,37953000000.0,1049000000.0,0.932,4.872,5730000000.0,732000000.0,4998000000.0,5730000000.0,0.0,1409000000.0,0.0,0.016,0.812,2516000000.0,3925000000.0,0.094,3925000000.0,2516000000.0,1468000000.0,2.4,2.37,2.4,3293000000.0,2879000000.0,3293000000.0,17784989014.0,7.0,4.531,-2647000000.0,-5.369,1.0,3785000000.0,0.091,0.0,1048000000.0,19729000000.0,17988750000.0,74000000.0,2200000000.0,0.0,2200000000.0,16042000000.0,5207000000.0,10835000000.0,11779989014.0,-15000000.0,444000000.0,89000000.0,2592000000.0,-254000000.0,3773000000.0,-4721000000.0,-1479000000.0,933000000.0,0.0,1049000000.0,1049000000.0,1049000000.0,0.0,0.0,0.025,1884000000.0,1901000000.0,2439000000.0,0.338,3.577,11.23,21.224,10484000000.0,0.0,50.938,0.282,0.602,2479000000.0,1500000000.0,41738000000.0,41738000000.0,0.0,0.065,0.364,0.14,0.06,0.0,0.0,1.0,231263588.0,493000000,511000000.0,84.661,19335000000.0,0.0,419000000.0,1771000000.0,39.219,-354000000.0
48,EP,MRT,2000-03-31,2000-03-31,2000-03-31,2019-05-06,-28000000.0,16654000000.0,14074750000.0,2555000000.0,14099000000.0,2.424,6.481,-3054000000.0,108000000.0,108000000.0,30846000000.0,826000000.0,0.795,4.234,6113000000.0,564000000.0,5549000000.0,6113000000.0,0.0,1246000000.0,0.0,0.02,0.806,2052000000.0,3298000000.0,0.097,3298000000.0,2052000000.0,1143000000.0,2.04,2.02,2.04,3182000000.0,2571750000.0,3182000000.0,15446183194.0,8.0,4.684,-1693000000.0,-3.448,1.0,3273000000.0,0.096,0.0,909000000.0,19446000000.0,16318500000.0,73000000.0,2159000000.0,0.0,2159000000.0,13472000000.0,3213000000.0,10259000000.0,9303183194.0,-74000000.0,408000000.0,52000000.0,1635000000.0,-244000000.0,2750000000.0,-4185000000.0,-1479000000.0,1361000000.0,0.0,826000000.0,826000000.0,826000000.0,0.0,0.0,0.024,1803000000.0,1470000000.0,1751000000.0,0.395,2.924,11.263,19.792,10372000000.0,0.0,40.375,0.273,0.581,1533000000.0,1413000000.0,34119000000.0,34119000000.0,0.0,0.059,0.321,0.126,0.06,0.0,0.0,1.0,230419398.0,491000000,505000000.0,69.489,16654000000.0,0.0,317000000.0,1734000000.0,33.919,-658000000.0
49,EP,MRT,1999-12-31,1999-12-31,1999-12-31,2019-05-06,-29000000.0,16667000000.0,12527750000.0,2914000000.0,13753000000.0,2.181,6.014,-2797000000.0,545000000.0,545000000.0,24605000000.0,244000000.0,0.787,4.656,6688000000.0,1465000000.0,5223000000.0,6688000000.0,0.0,1101000000.0,0.0,0.021,0.8,1113000000.0,2214000000.0,0.081,2214000000.0,1113000000.0,337000000.0,0.49,0.49,0.49,2947000000.0,2316750000.0,2947000000.0,12714652418.0,11.0,5.743,-1530000000.0,-3.122,1.0,2720000000.0,0.1,0.0,776000000.0,19107000000.0,14521750000.0,74000000.0,2543000000.0,366000000.0,2177000000.0,13720000000.0,3703000000.0,10017000000.0,8861652418.0,354000000.0,-165000000.0,39000000.0,2393000000.0,-238000000.0,3504000000.0,-4417000000.0,-1351000000.0,1267000000.0,0.0,244000000.0,244000000.0,244000000.0,0.0,0.0,0.009,2010000000.0,710000000.0,994000000.0,1.633,3.007,36.318,79.209,10265000000.0,0.0,38.813,0.324,0.696,986000000.0,1207000000.0,27325000000.0,27325000000.0,0.0,0.019,0.105,0.077,0.041,0.0,0.0,1.0,228319547.0,490000000,497000000.0,55.765,16667000000.0,0.0,93000000.0,1737000000.0,34.014,-789000000.0
50,EP,MRT,1999-09-30,1999-09-30,1999-09-30,2019-05-06,-24000000.0,11943000000.0,11971750000.0,2161000000.0,9782000000.0,1.1,9.184,-1238000000.0,92000000.0,92000000.0,11206000000.0,-548000000.0,1.018,4.703,3945000000.0,225000000.0,3720000000.0,3945000000.0,0.0,859000000.0,0.0,0.02,0.791,-302000000.0,557000000.0,0.042,557000000.0,-302000000.0,-834000000.0,-3.11,-3.05,-3.11,2094000000.0,2439250000.0,2094000000.0,8260383478.0,-27.0,14.83,-215000000.0,-0.943,1.0,1960000000.0,0.149,0.0,532000000.0,13673000000.0,13602500000.0,51000000.0,1199000000.0,0.0,1199000000.0,9849000000.0,2123000000.0,7726000000.0,4742383478.0,16000000.0,170000000.0,16000000.0,1213000000.0,-301000000.0,1427000000.0,-2434000000.0,-1317000000.0,1023000000.0,0.0,-548000000.0,-548000000.0,-548000000.0,0.0,0.0,-0.042,2454000000.0,-494000000.0,1376000000.0,-0.254,2.265,-8.654,-12.942,7305000000.0,0.0,40.25,0.36,0.697,1531000000.0,501000000.0,13166000000.0,13166000000.0,0.0,-0.046,-0.225,-0.022,-0.023,0.0,0.0,1.0,117823192.0,228000000,231000000.0,57.746,11943000000.0,0.0,-286000000.0,1654000000.0,52.382,38000000.0
51,EP,MRT,1999-06-30,1999-06-30,1999-06-30,2019-05-06,-21000000.0,11035000000.0,11507500000.0,1629000000.0,9406000000.0,1.001,9.093,-1048000000.0,70000000.0,70000000.0,9727000000.0,-535000000.0,1.082,4.346,3588000000.0,62000000.0,3526000000.0,3588000000.0,0.0,781000000.0,0.0,0.022,0.783,-341000000.0,440000000.0,0.038,440000000.0,-341000000.0,-819000000.0,-2.83,-2.79,-2.83,2064000000.0,2428250000.0,2064000000.0,8002984831.0,-23.0,18.189,-40000000.0,-0.176,1.0,1792000000.0,0.156,0.0,478000000.0,13048000000.0,12790500000.0,48000000.0,1093000000.0,0.0,1093000000.0,8971000000.0,1505000000.0,7466000000.0,4274984831.0,-39000000.0,-167000000.0,13000000.0,1019000000.0,-268000000.0,1257000000.0,-2304000000.0,-1097000000.0,1008000000.0,0.0,-535000000.0,-535000000.0,-535000000.0,0.0,0.0,-0.046,2318000000.0,-526000000.0,921000000.0,-0.277,2.071,-7.991,-12.434,7194000000.0,0.0,35.188,0.371,0.693,1134000000.0,474000000.0,11519000000.0,11519000000.0,0.0,-0.046,-0.22,-0.027,-0.03,0.0,0.0,1.0,121491576.0,227000000,230000000.0,50.744,11035000000.0,0.0,-284000000.0,1596000000.0,48.612,124000000.0
52,EP,MRT,1999-03-31,1999-03-31,1999-03-31,2019-05-06,-23000000.0,10466000000.0,,1223000000.0,9243000000.0,,9.566,-880000000.0,90000000.0,90000000.0,8635000000.0,-518000000.0,0.632,3.841,3818000000.0,736000000.0,3082000000.0,3818000000.0,0.0,707000000.0,0.0,0.024,0.774,-369000000.0,338000000.0,0.033,338000000.0,-369000000.0,-798000000.0,-2.53,-2.51,-2.53,2162000000.0,,2162000000.0,7228843922.0,-20.0,21.387,258000000.0,1.142,1.0,1583000000.0,0.155,0.0,429000000.0,12259000000.0,,48000000.0,973000000.0,0.0,973000000.0,8304000000.0,1935000000.0,6369000000.0,3954843922.0,8000000.0,-184000000.0,-20000000.0,1199000000.0,-240000000.0,936000000.0,-2066000000.0,-976000000.0,1138000000.0,0.0,-518000000.0,-518000000.0,-518000000.0,0.0,0.0,-0.051,2113000000.0,-530000000.0,599000000.0,-0.306,1.829,-7.635,-12.92,7191000000.0,0.0,32.688,0.387,0.723,780000000.0,494000000.0,10218000000.0,10218000000.0,0.0,,,,-0.036,0.0,0.0,1.0,120989489.0,226000000,226000000.0,45.212,10466000000.0,0.0,-280000000.0,1589000000.0,46.31,-712000000.0
53,EP,MRT,1998-12-31,1998-12-31,1998-12-31,2019-05-06,-12000000.0,14443000000.0,11987500000.0,2048000000.0,12395000000.0,0.797,15.208,-748000000.0,104000000.0,104000000.0,8121000000.0,-306000000.0,0.552,3.202,5342000000.0,1650000000.0,3692000000.0,5342000000.0,0.0,624000000.0,0.0,0.022,0.766,-89000000.0,535000000.0,0.056,535000000.0,-89000000.0,-476000000.0,-1.35,-1.35,-1.35,3437000000.0,2698000000.0,3437000000.0,7504239328.0,-84.0,14.027,285000000.0,1.261,1.0,1439000000.0,0.151,538000000.0,387000000.0,15430000000.0,12634500000.0,84000000.0,1104000000.0,0.0,1104000000.0,11006000000.0,3713000000.0,7293000000.0,4183239328.0,-41000000.0,-373000000.0,-20000000.0,483000000.0,-209000000.0,573000000.0,-1647000000.0,-526000000.0,1033000000.0,0.0,-306000000.0,-306000000.0,-306000000.0,0.0,0.0,-0.032,1674000000.0,-235000000.0,800000000.0,-0.567,1.217,-13.671,-25.787,10086000000.0,0.0,34.813,0.438,0.823,1335000000.0,1669000000.0,9560000000.0,9560000000.0,0.0,-0.026,-0.113,-0.007,-0.009,0.0,0.0,1.0,120164864.0,226000000,226000000.0,42.301,13905000000.0,81000000.0,-170000000.0,1728000000.0,61.527,-1665000000.0
54,EP,MRT,1998-09-30,1998-09-30,1998-09-30,2019-05-06,15000000.0,10086000000.0,,1283000000.0,8803000000.0,,17.672,-1368000000.0,68000000.0,68000000.0,8882000000.0,435000000.0,0.529,3.92,3389000000.0,924000000.0,2465000000.0,3389000000.0,0.0,656000000.0,0.0,0.023,0.757,1022000000.0,1678000000.0,0.16,1678000000.0,1022000000.0,666000000.0,2.04,1.97,2.04,2050000000.0,,2050000000.0,,,,-180000000.0,-1.552,1.0,1602000000.0,0.153,556000000.0,356000000.0,10425000000.0,,46000000.0,723000000.0,0.0,723000000.0,8036000000.0,2426000000.0,5610000000.0,3897847776.0,-53000000.0,-1056000000.0,-89000000.0,1065000000.0,-182000000.0,1112000000.0,-2353000000.0,0.0,1188000000.0,0.0,435000000.0,435000000.0,435000000.0,0.0,0.0,0.041,706000000.0,896000000.0,746000000.0,0.371,1.901,8.961,15.901,7231000000.0,0.0,32.438,0.372,0.359,776000000.0,423000000.0,10484000000.0,10484000000.0,0.0,,,,0.097,0.0,0.0,1.0,120164864.0,116000000,127000000.0,90.379,9530000000.0,68000000.0,231000000.0,1463000000.0,82.155,-1143000000.0
55,EP,MRT,1998-06-30,1998-06-30,1998-06-30,2019-05-06,,,,,,,,,,,8519000000.0,427000000.0,,,,,,,,,,0.02,0.749,1007000000.0,,,,1007000000.0,658000000.0,1.97,1.91,1.97,,,,,,,,,1.0,1601000000.0,0.158,,349000000.0,,,,,,,,,,,,,,,,,,,,,427000000.0,427000000.0,427000000.0,0.0,0.0,0.042,697000000.0,904000000.0,,0.38,,,19.416,,0.0,38.25,,0.438,,,10120000000.0,10120000000.0,0.0,,,,0.1,,0.0,1.0,,116000000,129000000.0,87.241,,,231000000.0,,,
56,EP,MRT,1998-03-31,1998-03-31,1998-03-31,2019-05-06,,,,,,,,,,,,,,,,,,,,,,0.021,0.74,,,,,,,,,,,,,,,,,,1.0,,,,,,,,,,,,,,,,,,,,,,,,,,,,,,,,,,,,,,,,35.313,,,,,,,,,,,,,,1.0,,115900000,,,,,,,,
57,EP,MRT,1997-12-31,1997-12-31,1997-12-31,2019-05-06,-7000000.0,9532000000.0,,1629000000.0,7903000000.0,,8.746,-1294000000.0,116000000.0,116000000.0,8412000000.0,405000000.0,0.661,3.866,3004000000.0,885000000.0,2119000000.0,3004000000.0,0.0,639000000.0,0.0,0.022,0.73,983000000.0,1622000000.0,0.162,1622000000.0,983000000.0,639000000.0,1.81,1.77,1.81,1959000000.0,,1959000000.0,,,,-83000000.0,-0.371,1.0,1603000000.0,0.16,117000000.0,344000000.0,9839000000.0,,68000000.0,373000000.0,0.0,373000000.0,7573000000.0,2464000000.0,5109000000.0,,-106000000.0,-467000000.0,99000000.0,471000000.0,-170000000.0,409000000.0,-1726000000.0,0.0,1211000000.0,0.0,405000000.0,405000000.0,405000000.0,0.0,0.0,0.04,689000000.0,914000000.0,886000000.0,0.403,,,18.37,7116000000.0,0.0,33.25,,0.744,1037000000.0,327000000.0,10015000000.0,10015000000.0,0.0,,,,0.098,0.0,0.0,1.0,,224000000,229000000.0,44.71,9415000000.0,168000000.0,234000000.0,1550000000.0,42.031,-835000000.0
58,EP,MRT,1997-09-30,1997-09-30,1997-09-30,2019-05-06,,,,,,,,,,,,,,,,,,,,,,0.024,0.721,,,,,,,,,,,,,,,,,,1.0,,,,,,,,,,,,,,,,,,,,,,,,,,,,,,,,,,,,,,,,30.281,,,,,,,,,,,,,,1.0,,114800000,,,,,,,,
59,EP,MRT,1996-12-31,1996-12-31,1996-12-31,2019-05-06,,,,,,,,71000000.0,,,2642000000.0,38000000.0,,,,,,,,101000000.0,,0.028,0.695,173000000.0,274000000.0,0.091,274000000.0,173000000.0,63000000.0,0.53,0.52,0.53,,,,,,,362000000.0,5.028,1.0,370000000.0,0.123,,110000000.0,,,,,,,,,,,161000000.0,-59000000.0,0.0,-143000000.0,-53000000.0,-125000000.0,-5000000.0,0.0,291000000.0,0.0,38000000.0,38000000.0,38000000.0,0.0,0.0,0.013,200000000.0,170000000.0,,1.311,,,47.642,,0.0,25.25,,0.604,,,3012000000.0,3012000000.0,0.0,,,,0.057,0.0,0.0,,,72000000,73000000.0,41.833,,,25000000.0,,,
