None,ticker,dimension,calendardate,datekey,reportperiod,lastupdated,accoci,assets,assetsavg,assetsc,assetsnc,assetturnover,bvps,capex,cashneq,cashnequsd,cor,consolinc,currentratio,de,debt,debtc,debtnc,debtusd,deferredrev,depamor,deposits,divyield,dps,ebit,ebitda,ebitdamargin,ebitdausd,ebitusd,ebt,eps,epsdil,epsusd,equity,equityavg,equityusd,ev,evebit,evebitda,fcf,fcfps,fxusd,gp,grossmargin,intangibles,intexp,invcap,invcapavg,inventory,investments,investmentsc,investmentsnc,liabilities,liabilitiesc,liabilitiesnc,marketcap,ncf,ncfbus,ncfcommon,ncfdebt,ncfdiv,ncff,ncfi,ncfinv,ncfo,ncfx,netinc,netinccmn,netinccmnusd,netincdis,netincnci,netmargin,opex,opinc,payables,payoutratio,pb,pe,pe1,ppnenet,prefdivis,price,ps,ps1,receivables,retearn,revenue,revenueusd,rnd,roa,roe,roic,ros,sbcomp,sgna,sharefactor,sharesbas,shareswa,shareswadil,sps,tangibles,taxassets,taxexp,taxliabilities,tbvps,workingcapital
0,TIE,MRY,2011-12-31,2011-12-31,2011-12-31,2019-05-27,-97200000.0,1622000000.0,1588575000.0,959500000.0,662500000.0,0.658,6.844,-54100000.0,47300000.0,47300000.0,821600000.0,117200000.0,5.255,0.321,2500000.0,0.0,2500000.0,2500000.0,0.0,50500000.0,0.0,0.015,0.225,177500000.0,228000000.0,0.218,228000000.0,177500000.0,177500000.0,0.64,0.64,0.64,1218300000.0,1241350000.0,1218300000.0,2535293015.0,14.0,11.12,-96100000.0,-0.54,1.0,223600000.0,0.214,0.0,0.0,1394600000.0,1347400000.0,677500000.0,186200000.0,27000000.0,159200000.0,390600000.0,182600000.0,208000000.0,2624193015.0,-236100000.0,0.0,-80600000.0,0.0,-39900000.0,-126100000.0,-67800000.0,-11200000.0,-42000000.0,-200000.0,114000000.0,114000000.0,114000000.0,0.0,3200000.0,0.109,64500000.0,159100000.0,84900000.0,0.352,2.154,23.019,23.406,385800000.0,0.0,14.98,2.511,2.551,156100000.0,885700000.0,1045200000.0,1045200000.0,0.0,0.072,0.092,0.132,0.17,0.0,64500000.0,1.0,175179774.0,178000000,178100000.0,5.872,1622000000.0,64400000.0,63500000.0,84500000.0,9.112,776900000.0
1,TIE,MRY,2010-12-31,2010-12-31,2010-12-31,2019-05-27,-112000000.0,1498000000.0,1442100000.0,940700000.0,557300000.0,0.594,6.725,-23600000.0,283400000.0,283400000.0,678400000.0,82900000.0,7.66,0.225,0.0,0.0,0.0,0.0,0.0,52500000.0,0.0,0.0,0.0,123400000.0,175900000.0,0.205,175900000.0,123400000.0,123400000.0,0.45,0.45,0.45,1209900000.0,1153950000.0,1209900000.0,2873493667.0,23.0,16.336,97800000.0,0.544,1.0,178800000.0,0.209,0.0,0.0,1091800000.0,1105650000.0,470700000.0,104000000.0,24700000.0,79300000.0,272300000.0,122800000.0,149500000.0,3095393667.0,114000000.0,0.0,-3900000.0,0.0,0.0,-6300000.0,500000.0,24600000.0,121400000.0,-1600000.0,80700000.0,80600000.0,80600000.0,0.0,2200000.0,0.094,56600000.0,122200000.0,52300000.0,0.0,2.558,38.404,38.178,381600000.0,100000.0,17.18,3.611,3.606,123000000.0,811600000.0,857200000.0,857200000.0,0.0,0.056,0.07,0.112,0.144,0.0,56600000.0,1.0,180174253.0,179900000,180400000.0,4.765,1498000000.0,52400000.0,42700000.0,37200000.0,8.327,817900000.0
2,TIE,MRY,2009-12-31,2009-12-31,2009-12-31,2019-05-27,-138000000.0,1378600000.0,1383750000.0,807300000.0,571300000.0,0.559,6.126,-33000000.0,169400000.0,169400000.0,660700000.0,35800000.0,7.718,0.23,0.0,0.0,0.0,0.0,0.0,51500000.0,0.0,0.0,0.0,55200000.0,106700000.0,0.138,106700000.0,55200000.0,55200000.0,0.19,0.19,0.19,1107000000.0,1115700000.0,1107000000.0,2110264598.0,38.0,19.778,173800000.0,0.962,1.0,113300000.0,0.146,0.0,0.0,1104600000.0,1140325000.0,475600000.0,113600000.0,33800000.0,79800000.0,254500000.0,104600000.0,149900000.0,2253864598.0,124400000.0,0.0,-14700000.0,0.0,0.0,-20300000.0,-64100000.0,-34000000.0,206800000.0,2000000.0,34500000.0,34300000.0,34300000.0,0.0,1300000.0,0.044,60400000.0,52900000.0,30100000.0,0.0,2.036,65.71,65.895,416100000.0,200000.0,12.52,2.912,2.923,85000000.0,731000000.0,774000000.0,774000000.0,0.0,0.025,0.031,0.048,0.071,0.0,60400000.0,1.0,180021134.0,180700000,180700000.0,4.283,1378600000.0,50300000.0,20700000.0,2900000.0,7.629,702700000.0
3,TIE,MRY,2008-12-31,2008-12-31,2008-12-31,2019-05-27,-145500000.0,1367700000.0,1422275000.0,788900000.0,578800000.0,0.81,5.951,-121300000.0,45000000.0,45000000.0,863800000.0,168200000.0,5.183,0.248,0.0,0.0,0.0,0.0,0.0,47700000.0,17600000.0,0.034,0.3,231600000.0,279300000.0,0.243,279300000.0,231600000.0,231600000.0,0.89,0.89,0.89,1079600000.0,1138625000.0,1079600000.0,1571824689.0,7.0,5.628,76300000.0,0.421,1.0,287700000.0,0.25,0.0,0.0,1170500000.0,1225050000.0,569700000.0,75800000.0,1000000.0,74800000.0,267400000.0,152200000.0,115200000.0,1595124689.0,-45000000.0,0.0,-36500000.0,0.0,-54500000.0,-97700000.0,-142600000.0,-19100000.0,197600000.0,-2300000.0,162500000.0,162200000.0,162200000.0,0.0,5700000.0,0.141,66500000.0,221200000.0,58500000.0,0.337,1.478,9.834,9.899,427100000.0,300000.0,8.81,1.385,1.388,144400000.0,696700000.0,1151500000.0,1151500000.0,0.0,0.114,0.142,0.189,0.201,0.0,66500000.0,1.0,181058421.0,181400000,182500000.0,6.348,1367700000.0,41800000.0,69100000.0,0.0,7.54,636700000.0
4,TIE,MRY,2007-12-31,2007-12-31,2007-12-31,2019-05-27,-20400000.0,1419900000.0,1350800000.0,897800000.0,522100000.0,0.947,6.958,-100900000.0,90000000.0,90000000.0,831500000.0,276700000.0,5.052,0.232,0.0,0.0,0.0,0.0,0.0,41100000.0,17400000.0,0.003,0.075,387700000.0,428800000.0,0.335,428800000.0,387700000.0,385100000.0,1.62,1.46,1.62,1132700000.0,1051725000.0,1132700000.0,4211145470.0,11.0,9.821,91200000.0,0.56,1.0,447400000.0,0.35,0.0,2600000.0,1152200000.0,1102675000.0,562700000.0,53200000.0,0.0,53200000.0,263300000.0,177700000.0,85600000.0,4289945470.0,60600000.0,0.0,0.0,0.0,-13700000.0,-24500000.0,-108200000.0,2600000.0,192100000.0,1200000.0,268200000.0,263100000.0,263100000.0,0.0,8500000.0,0.206,69000000.0,378400000.0,72600000.0,0.046,3.787,16.305,16.327,382000000.0,5100000.0,26.45,3.354,3.367,209900000.0,589000000.0,1278900000.0,1278900000.0,0.0,0.195,0.25,0.352,0.303,0.0,69000000.0,1.0,162190755.0,162800000,184300000.0,7.856,1419900000.0,31700000.0,116900000.0,11300000.0,8.722,720100000.0
5,TIE,MRY,2006-12-31,2006-12-31,2006-12-31,2019-05-27,-22400000.0,1216900000.0,1097677500.0,757600000.0,459300000.0,1.078,5.67,-100900000.0,29400000.0,29400000.0,747100000.0,281300000.0,3.589,0.36,0.0,0.0,0.0,0.0,0.0,34100000.0,18700000.0,0.0,0.0,413100000.0,447200000.0,0.378,447200000.0,413100000.0,409700000.0,1.77,1.53,1.77,878900000.0,746946500.0,878900000.0,4784236507.0,12.0,10.698,-21800000.0,-0.141,1.0,436100000.0,0.369,0.0,3400000.0,976400000.0,930679500.0,501500000.0,56800000.0,0.0,56800000.0,316700000.0,211100000.0,105600000.0,4755759507.0,11800000.0,75000000.0,11300000.0,-52700000.0,0.0,-42500000.0,-26500000.0,0.0,79100000.0,1700000.0,281300000.0,274500000.0,274500000.0,0.0,0.0,0.232,67000000.0,369100000.0,87800000.0,0.0,5.411,17.325,16.672,329800000.0,6800000.0,29.51,4.019,3.866,213000000.0,340300000.0,1183200000.0,1183200000.0,0.0,0.25,0.367,0.444,0.349,-9900000.0,67000000.0,1.0,161157557.0,155000000,183800000.0,7.634,1216900000.0,12600000.0,128400000.0,40400000.0,7.851,546500000.0
6,TIE,MRY,2005-12-31,2005-12-31,2005-12-31,2019-05-27,-38271000.0,907264000.0,829518750.0,550270000.0,356994000.0,0.904,4.298,-61100000.0,17751000.0,17751000.0,550400000.0,155900000.0,3.298,0.59,57211000.0,0.0,57211000.0,57211000.0,0.0,31500000.0,15577000.0,0.0,0.0,184400000.0,215900000.0,0.288,215900000.0,184400000.0,180400000.0,1.1,0.86,1.1,562168000.0,496988750.0,562168000.0,2110092260.0,11.0,9.773,11800000.0,0.09,1.0,199400000.0,0.266,0.0,4000000.0,779874000.0,686364500.0,365696000.0,72455000.0,0.0,72455000.0,331573000.0,166850000.0,164723000.0,2036494260.0,10400000.0,0.0,6400000.0,8300000.0,0.0,0.0,-61500000.0,0.0,72900000.0,-1000000.0,155900000.0,143700000.0,143700000.0,0.0,0.0,0.192,53600000.0,145800000.0,62376000.0,0.0,3.623,14.172,14.377,252990000.0,12200000.0,15.815,2.716,2.759,142902000.0,66179000.0,749800000.0,749800000.0,0.0,0.173,0.289,0.269,0.246,0.0,53600000.0,1.0,128769792.0,130800000,181700000.0,5.732,907264000.0,28398000.0,24500000.0,40625000.0,6.936,383420000.0
7,TIE,MRY,2004-12-31,2004-12-31,2004-12-31,2019-05-27,-39989000.0,700603000.0,630507250.0,378679000.0,321924000.0,0.796,3.199,-11583000.0,7915000.0,7915000.0,438151000.0,47698000.0,2.221,0.693,55186000.0,43176000.0,12010000.0,55186000.0,0.0,32828000.0,6913000.0,0.0,0.0,58017000.0,90845000.0,0.181,90845000.0,58017000.0,45566000.0,0.34,0.33,0.34,406428000.0,276350250.0,406428000.0,429756178.0,7.0,4.731,-34016000.0,-0.268,1.0,63677000.0,0.127,5057000.0,12451000.0,572335000.0,608613000.0,266634000.0,76064000.0,0.0,76064000.0,281636000.0,170482000.0,111154000.0,384298178.0,-27846000.0,0.0,75000.0,43176000.0,0.0,38742000.0,-44528000.0,-34472000.0,-22433000.0,373000.0,47698000.0,43300000.0,43300000.0,0.0,0.0,0.086,44908000.0,18769000.0,44164000.0,0.0,0.946,8.875,8.875,228173000.0,4398000.0,3.018,0.766,0.764,96756000.0,-77044000.0,501828000.0,501828000.0,0.0,0.069,0.157,0.095,0.116,0.0,44908000.0,1.0,127356480.0,127050000,145003000.0,3.95,695546000.0,6027000.0,-2132000.0,2576000.0,5.475,208197000.0
8,TIE,MRY,2003-12-31,2003-12-31,2003-12-31,2019-05-27,-50226000.0,567409000.0,564340500.0,275978000.0,291431000.0,0.683,1.253,-12467000.0,37288000.0,37288000.0,379660000.0,-24443000.0,3.547,2.504,217231000.0,0.0,217231000.0,217231000.0,0.0,36572000.0,3356000.0,0.0,0.0,-6817000.0,29755000.0,0.077,29755000.0,-6817000.0,-23236000.0,-0.195,-0.195,-0.195,158757000.0,147581500.0,158757000.0,147664056.0,-22.0,4.963,53354000.0,0.421,1.0,5644000.0,0.015,6294000.0,16419000.0,663245000.0,496773500.0,165721000.0,29263000.0,0.0,29263000.0,397521000.0,77813000.0,319708000.0,166985056.0,28826000.0,0.0,0.0,-19069000.0,0.0,-22068000.0,-14534000.0,0.0,65821000.0,-393000.0,-24443000.0,-24443000.0,-24443000.0,0.0,0.0,-0.063,36438000.0,-30794000.0,29200000.0,0.0,1.052,-6.832,-6.732,239182000.0,0.0,1.313,0.433,0.432,67432000.0,-140428000.0,385304000.0,385304000.0,0.0,-0.043,-0.166,-0.014,-0.018,0.0,36438000.0,1.0,127202480.0,126748000,126748000.0,3.04,561115000.0,2933000.0,1207000.0,648000.0,4.427,198165000.0
9,TIE,MRY,2002-12-31,2002-12-31,2002-12-31,2019-05-27,-62737000.0,570140000.0,610550500.0,262672000.0,307468000.0,0.6,1.26,-7767000.0,6360000.0,6360000.0,369624000.0,-111530000.0,2.836,2.513,237077000.0,13636000.0,223441000.0,237077000.0,0.0,37098000.0,5416000.0,0.0,0.0,-96338000.0,-59240000.0,-0.162,-59240000.0,-96338000.0,-113482000.0,-0.882,-0.882,-0.882,159350000.0,220798000.0,159350000.0,84840202.0,-1.0,-1.432,-21362000.0,-0.169,1.0,-3123000.0,-0.009,8442000.0,17144000.0,699790000.0,548374250.0,181932000.0,28649000.0,0.0,28649000.0,400374000.0,92625000.0,307749000.0,60837202.0,-18286000.0,0.0,0.0,7537000.0,0.0,3523000.0,-7467000.0,0.0,-13595000.0,-747000.0,-111530000.0,-111530000.0,-111530000.0,0.0,0.0,-0.304,42998000.0,-46121000.0,26460000.0,0.0,0.382,-0.545,-0.541,254672000.0,0.0,0.477,0.166,0.165,68791000.0,-127371000.0,366501000.0,366501000.0,0.0,-0.183,-0.505,-0.176,-0.263,0.0,42998000.0,1.0,127407752.0,126424000,126424000.0,2.899,561698000.0,2512000.0,-1952000.0,1036000.0,4.443,170047000.0
10,TIE,MRY,2001-12-31,2001-12-31,2001-12-31,2019-05-27,-35274000.0,699383000.0,736995750.0,308687000.0,390696000.0,0.661,2.366,-16124000.0,24500000.0,24500000.0,447042000.0,-41766000.0,2.523,0.642,222585000.0,2034000.0,220551000.0,222585000.0,0.0,40134000.0,33242000.0,0.0,0.0,7679000.0,47813000.0,0.098,47813000.0,7679000.0,-10654000.0,-0.332,-0.332,-0.332,298114000.0,353179250.0,298114000.0,331951429.0,43.0,6.943,46450000.0,0.369,1.0,39893000.0,0.082,54146000.0,18333000.0,720962000.0,677441000.0,185052000.0,48085000.0,0.0,48085000.0,191301000.0,122360000.0,68941000.0,127250429.0,14704000.0,0.0,0.0,-31685000.0,0.0,-31358000.0,-16093000.0,0.0,62574000.0,-419000.0,-41766000.0,-41766000.0,-41766000.0,0.0,0.0,-0.086,51788000.0,-11895000.0,45386000.0,0.0,0.427,-3.047,-3.005,275308000.0,0.0,0.998,0.261,0.258,89254000.0,-15841000.0,486935000.0,486935000.0,0.0,-0.057,-0.118,0.011,0.016,0.0,51788000.0,1.0,127569352.0,126000000,126000000.0,3.865,645237000.0,911000.0,31112000.0,6361000.0,5.121,186327000.0
11,TIE,MRY,2000-12-31,2000-12-31,2000-12-31,2019-05-27,-16408000.0,759146000.0,780776250.0,248205000.0,510941000.0,0.547,2.849,-11144000.0,9796000.0,9796000.0,422917000.0,-38902000.0,2.143,0.539,254968000.0,26123000.0,228845000.0,254968000.0,0.0,41942000.0,3951000.0,0.0,0.0,-46765000.0,-4823000.0,-0.011,-4823000.0,-46765000.0,-54469000.0,-0.31,-0.31,-0.31,357515000.0,371928750.0,357515000.0,275975484.0,-6.0,-57.221,54318000.0,0.433,1.0,3881000.0,0.009,62563000.0,7704000.0,825913000.0,707462000.0,148384000.0,106272000.0,0.0,106272000.0,192537000.0,115842000.0,76695000.0,214929484.0,-10875000.0,7000000.0,0.0,-70043000.0,0.0,-72812000.0,-4218000.0,0.0,65462000.0,693000.0,-38902000.0,-38902000.0,-38902000.0,0.0,0.0,-0.091,46822000.0,-42941000.0,51111000.0,0.0,0.601,-5.525,-5.444,302130000.0,0.0,1.688,0.504,0.496,80942000.0,25925000.0,426798000.0,426798000.0,0.0,-0.05,-0.105,-0.066,-0.11,0.0,44017000.0,1.0,127365620.0,125480000,125480000.0,3.401,696583000.0,28854000.0,-15567000.0,11639000.0,5.551,132363000.0
12,TIE,MRY,1999-12-31,1999-12-31,1999-12-31,2019-05-27,-3837000.0,883105000.0,891086000.0,342559000.0,540546000.0,0.542,3.252,-21872000.0,20671000.0,20671000.0,454506000.0,-31390000.0,1.762,1.164,328765000.0,95314000.0,233451000.0,328765000.0,0.0,42693000.0,0.0,0.027,0.03,-36318000.0,6375000.0,0.013,6375000.0,-36318000.0,-43411000.0,-0.25,-0.25,-0.25,408081000.0,426733750.0,408081000.0,239733073.0,-7.0,37.605,-2329000.0,-0.019,1.0,28766000.0,0.06,71115000.0,7093000.0,925663000.0,838079000.0,191535000.0,26938000.0,0.0,26938000.0,475024000.0,194421000.0,280603000.0,141169073.0,5207000.0,0.0,0.0,12616000.0,-3764000.0,8563000.0,-21663000.0,0.0,19543000.0,-1236000.0,-31390000.0,-31390000.0,-31390000.0,0.0,0.0,-0.065,53083000.0,-24317000.0,51995000.0,-0.12,0.346,-4.497,-4.5,333765000.0,0.0,1.125,0.292,0.292,110275000.0,64827000.0,483272000.0,483272000.0,0.0,-0.035,-0.074,-0.043,-0.075,0.0,48577000.0,1.0,125483620.0,125484000,125484000.0,3.851,811990000.0,22501000.0,-12021000.0,18515000.0,6.471,148138000.0
13,TIE,MRY,1998-12-31,1998-12-31,1998-12-31,2019-05-27,1317000.0,953246000.0,917868250.0,394930000.0,558316000.0,0.779,3.566,-115155000.0,15464000.0,15464000.0,542285000.0,45752000.0,2.884,1.126,317174000.0,5905000.0,311269000.0,317174000.0,0.0,32514000.0,0.0,0.014,0.03,77865000.0,110379000.0,0.154,110379000.0,77865000.0,74949000.0,0.365,0.365,0.365,448377000.0,443558250.0,448377000.0,247140943.0,3.0,2.239,-39038000.0,-0.31,1.0,172602000.0,0.241,79441000.0,2916000.0,1038566000.0,742685000.0,225880000.0,32633000.0,0.0,32633000.0,504869000.0,136949000.0,367920000.0,266639943.0,-54680000.0,-26226000.0,-1208000.0,97095000.0,-3772000.0,92232000.0,-223215000.0,-80000000.0,76117000.0,186000.0,45752000.0,45752000.0,45752000.0,0.0,0.0,0.064,83837000.0,88765000.0,73920000.0,0.082,0.595,5.828,5.822,351223000.0,0.0,2.125,0.373,0.374,134217000.0,99981000.0,714887000.0,714887000.0,0.0,0.05,0.103,0.105,0.109,0.0,59837000.0,1.0,125477620.0,125740000,125740000.0,5.685,873805000.0,8719000.0,29197000.0,22091000.0,6.949,257981000.0
14,TIE,MRY,1997-12-31,1997-12-31,1997-12-31,2019-05-27,3908000.0,793059000.0,748038500.0,413769000.0,379290000.0,0.985,3.25,-66295000.0,68957000.0,68957000.0,554546000.0,83010000.0,3.342,0.939,16173000.0,4726000.0,11447000.0,16173000.0,0.0,28384000.0,0.0,0.0,0.0,126080000.0,154464000.0,0.21,154464000.0,126080000.0,124014000.0,0.66,0.623,0.66,408947000.0,367581500.0,408947000.0,,,,6275000.0,0.05,1.0,182548000.0,0.248,77660000.0,2066000.0,538799000.0,589076500.0,153818000.0,23270000.0,0.0,23270000.0,384112000.0,123816000.0,260296000.0,908476944.0,-17569000.0,-13496000.0,0.0,-5763000.0,0.0,-9823000.0,-79791000.0,0.0,72570000.0,-525000.0,83010000.0,83010000.0,83010000.0,0.0,0.0,0.113,45319000.0,137229000.0,61646000.0,0.0,2.222,10.944,10.938,262426000.0,0.0,7.219,1.233,1.232,171522000.0,58001000.0,737094000.0,737094000.0,0.0,0.111,0.226,0.214,0.171,0.0,45319000.0,1.0,125849620.0,125828000,147820000.0,5.858,715399000.0,6812000.0,41004000.0,23102000.0,5.686,289953000.0
15,TIE,MRY,1996-12-31,1996-12-31,1996-12-31,2019-05-27,4777000.0,703018000.0,,371018000.0,332000000.0,,2.952,-21679000.0,86526000.0,86526000.0,418775000.0,47644000.0,3.288,1.155,222431000.0,8461000.0,213970000.0,222431000.0,0.0,18974000.0,0.0,0.0,0.0,58933000.0,77907000.0,0.151,77907000.0,58933000.0,49980000.0,0.43,0.43,0.43,326216000.0,,326216000.0,,,,-22411000.0,-0.203,1.0,95585000.0,0.186,86744000.0,8953000.0,639354000.0,,155488000.0,270000.0,0.0,270000.0,376802000.0,112825000.0,263977000.0,,83449000.0,-106881000.0,131488000.0,-108208000.0,0.0,215110000.0,-131400000.0,0.0,-732000.0,471000.0,47644000.0,47644000.0,47644000.0,0.0,0.0,0.093,34741000.0,60844000.0,52201000.0,0.0,,,19.113,219569000.0,0.0,8.219,,1.766,115776000.0,-25009000.0,514360000.0,514360000.0,0.0,,,,0.115,0.0,29917000.0,1.0,,110492000,193880000.0,4.655,616274000.0,12336000.0,2336000.0,17615000.0,5.578,258193000.0
16,TIE,MRY,1995-12-31,1995-12-31,1995-12-31,2019-05-27,,,,,,,,-2981000.0,,,170699000.0,-4217000.0,,,,,,,,13218000.0,,,0.0,6452000.0,19670000.0,0.104,19670000.0,6452000.0,-3962000.0,-0.068,-0.068,-0.068,,,,,,,-9096000.0,-0.148,1.0,19317000.0,0.102,,10414000.0,,,,,,,,,,,24000.0,0.0,0.0,7500000.0,0.0,8648000.0,-2560000.0,0.0,-6115000.0,51000.0,-4217000.0,-4217000.0,-4217000.0,0.0,0.0,-0.022,12865000.0,6452000.0,,0.0,,,,,0.0,,,,,,190016000.0,190016000.0,0.0,,,,0.034,0.0,14065000.0,,,61532000,61532000.0,3.088,,,255000.0,,,
0,TIE,MRQ,2012-09-30,2012-09-30,2012-09-30,2019-05-27,-116700000.0,1713100000.0,,1086400000.0,626700000.0,,7.038,-26200000.0,10700000.0,10700000.0,207400000.0,19400000.0,6.019,0.377,105300000.0,500000.0,104800000.0,105300000.0,0.0,13900000.0,0.0,0.023,0.075,30900000.0,44800000.0,0.174,44800000.0,30900000.0,30900000.0,0.11,0.11,0.11,1232400000.0,,1232400000.0,2328742560.0,15.0,10.872,-16600000.0,-0.095,1.0,50300000.0,0.195,0.0,0.0,1627200000.0,,844800000.0,117600000.0,12300000.0,105300000.0,464000000.0,180500000.0,283500000.0,2246042560.0,-1000000.0,0.0,0.0,10900000.0,-13000000.0,-2200000.0,-7600000.0,18600000.0,9600000.0,-800000.0,18600000.0,18600000.0,18600000.0,0.0,800000.0,0.072,17700000.0,32600000.0,81900000.0,0.682,1.822,21.806,21.746,402400000.0,0.0,12.83,2.09,2.09,165600000.0,920700000.0,257700000.0,257700000.0,0.0,,,,,0.0,17700000.0,1.0,175061774.0,175100000,175100000.0,1.472,1713100000.0,60800000.0,12300000.0,62200000.0,9.784,905900000.0
1,TIE,MRQ,2012-06-30,2012-06-30,2012-06-30,2019-05-27,-125800000.0,1681700000.0,,1066500000.0,615200000.0,,6.951,-18000000.0,11700000.0,11700000.0,220700000.0,31400000.0,6.226,0.368,94400000.0,500000.0,93900000.0,94400000.0,0.0,13700000.0,0.0,0.027,0.075,45400000.0,59100000.0,0.21,59100000.0,45400000.0,45400000.0,0.17,0.17,0.17,1217800000.0,,1217800000.0,1973383244.0,12.0,8.837,-62300000.0,-0.356,1.0,61000000.0,0.217,0.0,0.0,1593100000.0,,793700000.0,138100000.0,29900000.0,108200000.0,448500000.0,171300000.0,277200000.0,1981283244.0,-27700000.0,0.0,-1400000.0,62900000.0,-13200000.0,48300000.0,-32200000.0,-16100000.0,-44300000.0,500000.0,30200000.0,30200000.0,30200000.0,0.0,1200000.0,0.107,17700000.0,43300000.0,88000000.0,0.441,1.627,18.11,18.242,387300000.0,0.0,11.31,1.835,1.836,184600000.0,915200000.0,281700000.0,281700000.0,0.0,,,,,0.0,17700000.0,1.0,175179774.0,175200000,175200000.0,1.608,1681700000.0,60100000.0,15200000.0,60500000.0,9.599,895200000.0
2,TIE,MRQ,2012-03-31,2012-03-31,2012-03-31,2019-05-27,-95100000.0,1672100000.0,,1021100000.0,651000000.0,,7.037,-9700000.0,39400000.0,39400000.0,218300000.0,27100000.0,5.332,0.344,31500000.0,500000.0,31000000.0,31500000.0,0.0,13200000.0,0.0,0.022,0.075,39000000.0,52200000.0,0.189,52200000.0,39000000.0,39000000.0,0.15,0.15,0.15,1232900000.0,,1232900000.0,2328137735.0,13.0,10.393,-43200000.0,-0.247,1.0,58400000.0,0.211,0.0,0.0,1472700000.0,,739100000.0,159200000.0,13800000.0,145400000.0,424100000.0,191500000.0,232600000.0,2375437735.0,-7900000.0,0.0,0.0,29000000.0,-13100000.0,15900000.0,8500000.0,14400000.0,-33500000.0,1200000.0,25600000.0,25600000.0,25600000.0,0.0,1500000.0,0.093,17200000.0,41200000.0,88000000.0,0.5,1.927,21.458,21.524,385200000.0,0.0,13.56,2.22,2.221,180400000.0,898200000.0,276700000.0,276700000.0,0.0,,,,,0.0,17200000.0,1.0,175179774.0,175200000,175200000.0,1.579,1672100000.0,62900000.0,13400000.0,90600000.0,9.544,829600000.0
3,TIE,MRQ,2011-12-31,2011-12-31,2011-12-31,2019-05-27,-97200000.0,1622000000.0,,959500000.0,662500000.0,,6.962,-21900000.0,47300000.0,47300000.0,201200000.0,29700000.0,5.255,0.321,2500000.0,0.0,2500000.0,2500000.0,0.0,13100000.0,0.0,0.015,0.075,45000000.0,58100000.0,0.225,58100000.0,45000000.0,45000000.0,0.16,0.16,0.16,1218300000.0,,1218300000.0,2535293015.0,14.0,11.12,-49700000.0,-0.284,1.0,57400000.0,0.222,0.0,0.0,1394600000.0,,677500000.0,186200000.0,27000000.0,159200000.0,390600000.0,182600000.0,208000000.0,2624193015.0,-41600000.0,0.0,-3800000.0,0.0,-13100000.0,-19000000.0,4800000.0,27200000.0,-27800000.0,400000.0,28600000.0,28600000.0,28600000.0,0.0,1100000.0,0.111,15900000.0,41500000.0,84900000.0,0.469,2.154,23.019,23.406,385800000.0,0.0,14.98,2.511,2.551,156100000.0,885700000.0,258600000.0,258600000.0,0.0,,,,,0.0,15900000.0,1.0,175179774.0,175000000,175100000.0,1.478,1622000000.0,64400000.0,16400000.0,84500000.0,9.269,776900000.0
4,TIE,MRQ,2011-09-30,2011-09-30,2011-09-30,2019-05-27,-75200000.0,1563900000.0,,928000000.0,635900000.0,,6.945,-14900000.0,88900000.0,88900000.0,207400000.0,25900000.0,5.584,0.261,0.0,0.0,0.0,0.0,0.0,12800000.0,0.0,0.01,0.075,41100000.0,53900000.0,0.205,53900000.0,41100000.0,41100000.0,0.14,0.14,0.14,1228500000.0,,1228500000.0,2570815798.0,15.0,11.787,-3400000.0,-0.019,1.0,55100000.0,0.21,0.0,0.0,1308800000.0,,588400000.0,199400000.0,44200000.0,155200000.0,320700000.0,166200000.0,154500000.0,2664415798.0,-4700000.0,0.0,-35600000.0,0.0,-13200000.0,-48900000.0,36000000.0,50900000.0,11500000.0,-3300000.0,25000000.0,25000000.0,25000000.0,0.0,900000.0,0.095,17100000.0,38000000.0,72800000.0,0.536,2.169,24.489,24.557,375900000.0,0.0,14.98,2.654,2.64,167500000.0,870200000.0,262500000.0,262500000.0,0.0,,,,,0.0,17100000.0,1.0,177864873.0,176900000,176900000.0,1.484,1563900000.0,44600000.0,16100000.0,62000000.0,8.841,761800000.0
5,TIE,MRQ,2011-06-30,2011-06-30,2011-06-30,2019-05-27,-64400000.0,1589200000.0,,976100000.0,613100000.0,,7.029,-9700000.0,93600000.0,93600000.0,209100000.0,32100000.0,6.376,0.246,0.0,0.0,0.0,0.0,0.0,12300000.0,0.0,0.004,0.075,47500000.0,59800000.0,0.22,59800000.0,47500000.0,47500000.0,0.18,0.18,0.18,1263100000.0,,1263100000.0,3217692315.0,20.0,15.308,-29200000.0,-0.162,1.0,62900000.0,0.231,0.0,0.0,1342500000.0,,553200000.0,251500000.0,120900000.0,130600000.0,311100000.0,153100000.0,158000000.0,3300792315.0,10500000.0,0.0,-41200000.0,0.0,-13600000.0,-58200000.0,88000000.0,97700000.0,-19500000.0,200000.0,31500000.0,31500000.0,31500000.0,0.0,600000.0,0.116,16800000.0,46100000.0,69500000.0,0.417,2.613,31.347,31.051,376700000.0,0.0,18.32,3.469,3.46,168500000.0,858400000.0,272000000.0,272000000.0,0.0,,,,,0.0,16800000.0,1.0,180174253.0,179700000,179900000.0,1.514,1589200000.0,48600000.0,16000000.0,61500000.0,8.844,823000000.0
6,TIE,MRQ,2011-03-31,2011-03-31,2011-03-31,2019-05-27,-95300000.0,1579200000.0,,1016000000.0,563200000.0,,6.967,-7600000.0,83100000.0,83100000.0,203800000.0,29700000.0,6.667,0.244,0.0,0.0,0.0,0.0,0.0,12300000.0,0.0,0.0,0.0,43800000.0,56100000.0,0.223,56100000.0,43800000.0,43800000.0,0.16,0.16,0.16,1255500000.0,,1255500000.0,3064237621.0,22.0,15.935,-13800000.0,-0.077,1.0,48200000.0,0.191,0.0,0.0,1343700000.0,,512100000.0,313200000.0,228600000.0,84600000.0,306200000.0,152400000.0,153800000.0,3347637621.0,-200300000.0,0.0,0.0,0.0,0.0,0.0,-196600000.0,-187000000.0,-6200000.0,2500000.0,28900000.0,28900000.0,28900000.0,0.0,800000.0,0.115,14800000.0,33400000.0,72300000.0,0.0,2.666,36.074,35.731,379100000.0,0.0,18.58,3.755,3.755,150300000.0,840500000.0,252000000.0,252000000.0,0.0,,,,,0.0,14800000.0,1.0,180174253.0,180200000,180400000.0,1.398,1579200000.0,50000000.0,14900000.0,52200000.0,8.764,863600000.0
7,TIE,MRQ,2010-12-31,2010-12-31,2010-12-31,2019-05-27,-112000000.0,1498000000.0,,940700000.0,557300000.0,,6.714,-12300000.0,283400000.0,283400000.0,166700000.0,24000000.0,7.66,0.225,0.0,0.0,0.0,0.0,0.0,13200000.0,0.0,0.0,0.0,35100000.0,48300000.0,0.222,48300000.0,35100000.0,35100000.0,0.13,0.13,0.13,1209900000.0,,1209900000.0,2873493667.0,23.0,16.336,2900000.0,0.016,1.0,50600000.0,0.233,0.0,0.0,1091800000.0,,470700000.0,104000000.0,24700000.0,79300000.0,272300000.0,122800000.0,149500000.0,3095393667.0,61500000.0,0.0,0.0,0.0,0.0,0.0,47200000.0,59600000.0,15200000.0,-900000.0,23400000.0,23400000.0,23400000.0,0.0,600000.0,0.108,15100000.0,35500000.0,52300000.0,0.0,2.558,38.404,38.178,381600000.0,0.0,17.18,3.611,3.606,123000000.0,811600000.0,217300000.0,217300000.0,0.0,,,,,0.0,15100000.0,1.0,180174253.0,180200000,180100000.0,1.206,1498000000.0,52400000.0,11700000.0,37200000.0,8.313,817900000.0
8,TIE,MRQ,2010-09-30,2010-09-30,2010-09-30,2019-05-27,-132000000.0,1465100000.0,,901000000.0,564100000.0,,6.473,-5700000.0,221900000.0,221900000.0,160700000.0,21700000.0,7.835,0.243,0.0,0.0,0.0,0.0,0.0,13100000.0,10900000.0,0.0,0.0,32900000.0,46000000.0,0.219,46000000.0,32900000.0,32900000.0,0.12,0.12,0.12,1166500000.0,,1166500000.0,3410178090.0,35.0,22.509,20400000.0,0.113,1.0,49600000.0,0.236,0.0,0.0,1128200000.0,,448000000.0,160500000.0,67300000.0,93200000.0,283100000.0,115000000.0,168100000.0,3596278090.0,35800000.0,0.0,0.0,0.0,0.0,-100000.0,6300000.0,12100000.0,26100000.0,3500000.0,21500000.0,21500000.0,21500000.0,0.0,200000.0,0.102,13600000.0,36000000.0,49300000.0,0.0,3.083,57.911,57.029,385100000.0,0.0,19.96,4.368,4.369,125800000.0,788300000.0,210300000.0,210300000.0,0.0,,,,,0.0,13600000.0,1.0,180174253.0,180200000,180400000.0,1.167,1465100000.0,56400000.0,11400000.0,27600000.0,8.13,786000000.0
9,TIE,MRQ,2010-06-30,2010-06-30,2010-06-30,2019-05-27,-155000000.0,1398300000.0,,844600000.0,553700000.0,,6.248,-3200000.0,186100000.0,186100000.0,171200000.0,19900000.0,8.446,0.234,0.0,0.0,0.0,0.0,0.0,13100000.0,11700000.0,0.0,0.0,28800000.0,41900000.0,0.198,41900000.0,28800000.0,28800000.0,0.11,0.11,0.11,1122100000.0,,1122100000.0,2946804447.0,42.0,24.134,25100000.0,0.14,1.0,40800000.0,0.192,0.0,0.0,1112200000.0,,422900000.0,158000000.0,80900000.0,77100000.0,262300000.0,100000000.0,162300000.0,3158304447.0,-25400000.0,0.0,-2600000.0,0.0,0.0,-4800000.0,-46400000.0,-43000000.0,28300000.0,-2500000.0,19100000.0,19000000.0,19000000.0,0.0,800000.0,0.09,14400000.0,26400000.0,36400000.0,0.0,2.815,75.739,73.292,389300000.0,100000.0,17.59,3.976,3.977,120700000.0,766800000.0,212000000.0,212000000.0,0.0,,,,,0.0,14400000.0,1.0,179551134.0,179600000,180500000.0,1.18,1398300000.0,56700000.0,9700000.0,23600000.0,7.786,744600000.0
10,TIE,MRQ,2010-03-31,2010-03-31,2010-03-31,2019-05-27,-143200000.0,1407000000.0,,826800000.0,580200000.0,,6.221,-2400000.0,211500000.0,211500000.0,179700000.0,17300000.0,7.867,0.244,0.0,0.0,0.0,0.0,0.0,13100000.0,16900000.0,0.0,0.0,26700000.0,39800000.0,0.183,39800000.0,26700000.0,26700000.0,0.09,0.09,0.09,1117300000.0,,1117300000.0,2810929363.0,51.0,26.173,49400000.0,0.275,1.0,37800000.0,0.174,0.0,0.0,1090400000.0,,429200000.0,127400000.0,37900000.0,89500000.0,273100000.0,105100000.0,168000000.0,2980329363.0,42100000.0,0.0,-1300000.0,0.0,0.0,-1400000.0,-6600000.0,-4100000.0,51800000.0,-1700000.0,16800000.0,16700000.0,16700000.0,0.0,500000.0,0.077,13600000.0,24200000.0,35600000.0,0.0,2.667,95.218,92.167,400200000.0,100000.0,16.59,3.782,3.781,110700000.0,747800000.0,217500000.0,217500000.0,0.0,,,,,0.0,13600000.0,1.0,179646134.0,179600000,180600000.0,1.211,1407000000.0,61400000.0,9900000.0,29700000.0,7.834,721700000.0
11,TIE,MRQ,2009-12-31,2009-12-31,2009-12-31,2019-05-27,-138000000.0,1378600000.0,,807300000.0,571300000.0,,6.147,-11700000.0,169400000.0,169400000.0,158900000.0,4900000.0,7.718,0.23,0.0,0.0,0.0,0.0,0.0,13400000.0,0.0,0.0,0.0,10400000.0,23800000.0,0.13,23800000.0,10400000.0,10400000.0,0.03,0.03,0.03,1107000000.0,,1107000000.0,2110264598.0,38.0,19.778,65600000.0,0.364,1.0,24600000.0,0.134,0.0,0.0,1104600000.0,,475600000.0,113600000.0,33800000.0,79800000.0,254500000.0,104600000.0,149900000.0,2253864598.0,25800000.0,0.0,-8800000.0,0.0,0.0,-8800000.0,-42200000.0,-33800000.0,77300000.0,-500000.0,4900000.0,4900000.0,4900000.0,0.0,0.0,0.027,15600000.0,9000000.0,30100000.0,0.0,2.036,65.71,65.895,416100000.0,0.0,12.52,2.912,2.923,85000000.0,731000000.0,183500000.0,183500000.0,0.0,,,,,0.0,15600000.0,1.0,180021134.0,180100000,180100000.0,1.019,1378600000.0,50300000.0,5500000.0,2900000.0,7.655,702700000.0
12,TIE,MRQ,2009-09-30,2009-09-30,2009-09-30,2019-05-27,-118500000.0,1403300000.0,,825600000.0,577700000.0,,6.26,-5000000.0,143600000.0,143600000.0,163700000.0,1100000.0,6.143,0.226,0.0,0.0,0.0,0.0,0.0,13000000.0,21100000.0,0.008,0.0,3600000.0,16600000.0,0.092,16600000.0,3600000.0,3600000.0,0.01,0.01,0.01,1130500000.0,,1130500000.0,1625035813.0,17.0,11.301,48100000.0,0.266,1.0,17700000.0,0.098,0.0,0.0,1125300000.0,,512500000.0,76100000.0,0.0,76100000.0,255300000.0,134400000.0,120900000.0,1731635813.0,37000000.0,0.0,-1500000.0,0.0,0.0,-7100000.0,-9000000.0,-200000.0,53100000.0,0.0,1200000.0,1100000.0,1100000.0,0.0,-100000.0,0.006,14200000.0,3500000.0,35300000.0,0.0,1.532,27.184,26.639,420800000.0,100000.0,9.59,2.024,2.024,134200000.0,726200000.0,181400000.0,181400000.0,0.0,,,,,0.0,14200000.0,1.0,180566821.0,180600000,180600000.0,1.004,1403300000.0,47800000.0,2400000.0,8100000.0,7.77,691200000.0
13,TIE,MRQ,2009-06-30,2009-06-30,2009-06-30,2019-05-27,-121500000.0,1390600000.0,,811600000.0,579000000.0,,6.231,-8200000.0,106600000.0,106600000.0,174100000.0,9100000.0,6.572,0.218,0.0,0.0,0.0,0.0,0.0,12800000.0,18900000.0,0.016,0.0,14400000.0,27200000.0,0.132,27200000.0,14400000.0,14400000.0,0.05,0.05,0.05,1127800000.0,,1127800000.0,1600075361.0,11.0,8.176,43300000.0,0.239,1.0,31600000.0,0.154,0.0,0.0,1160500000.0,,547000000.0,69900000.0,0.0,69900000.0,245900000.0,123500000.0,122400000.0,1664375361.0,42300000.0,0.0,-4300000.0,0.0,0.0,-4400000.0,-7700000.0,0.0,51500000.0,2900000.0,8700000.0,8600000.0,8600000.0,0.0,400000.0,0.042,15800000.0,15800000.0,40100000.0,0.0,1.476,16.19,16.123,427300000.0,100000.0,9.19,1.716,1.715,128900000.0,725000000.0,205700000.0,205700000.0,0.0,,,,,0.0,15800000.0,1.0,181107221.0,181000000,181000000.0,1.136,1390600000.0,46800000.0,5700000.0,3300000.0,7.683,688100000.0
14,TIE,MRQ,2009-03-31,2009-03-31,2009-03-31,2019-05-27,-147400000.0,1362500000.0,,787600000.0,574900000.0,,6.06,-8100000.0,64300000.0,64300000.0,164000000.0,20600000.0,6.187,0.222,0.0,0.0,0.0,0.0,0.0,12300000.0,17900000.0,0.041,0.0,26800000.0,39100000.0,0.192,39100000.0,26800000.0,26800000.0,0.11,0.11,0.11,1097500000.0,,1097500000.0,945542723.0,5.0,3.802,16800000.0,0.093,1.0,39400000.0,0.194,0.0,0.0,1170900000.0,,563700000.0,72700000.0,0.0,72700000.0,243900000.0,127300000.0,116600000.0,990542723.0,19300000.0,0.0,-100000.0,0.0,0.0,0.0,-5200000.0,0.0,24900000.0,-400000.0,19700000.0,19600000.0,19600000.0,0.0,900000.0,0.096,14800000.0,24600000.0,46900000.0,0.0,0.903,7.0,7.013,423000000.0,100000.0,5.47,0.933,0.933,130700000.0,716400000.0,203400000.0,203400000.0,0.0,,,,,0.0,14800000.0,1.0,181086421.0,181100000,182100000.0,1.123,1362500000.0,42000000.0,7100000.0,3800000.0,7.523,660300000.0
15,TIE,MRQ,2008-12-31,2008-12-31,2008-12-31,2019-05-27,-145500000.0,1367700000.0,,788900000.0,578800000.0,,5.971,-32000000.0,45000000.0,45000000.0,215800000.0,35300000.0,5.183,0.248,0.0,0.0,0.0,0.0,0.0,12200000.0,17600000.0,0.034,0.075,48700000.0,60900000.0,0.23,60900000.0,48700000.0,48700000.0,0.19,0.19,0.19,1079600000.0,,1079600000.0,1571824689.0,7.0,5.628,37600000.0,0.208,1.0,49400000.0,0.186,0.0,0.0,1170500000.0,,569700000.0,75800000.0,1000000.0,74800000.0,267400000.0,152200000.0,115200000.0,1595124689.0,8600000.0,-7000000.0,0.0,-13100000.0,-13600000.0,-28200000.0,-31700000.0,7300000.0,69600000.0,-1100000.0,34500000.0,34400000.0,34400000.0,0.0,800000.0,0.13,15000000.0,34400000.0,58500000.0,0.395,1.478,9.834,9.899,427100000.0,100000.0,8.81,1.385,1.388,144400000.0,696700000.0,265200000.0,265200000.0,0.0,,,,,0.0,15000000.0,1.0,181058421.0,180800000,182200000.0,1.467,1367700000.0,41800000.0,14200000.0,0.0,7.565,636700000.0
16,TIE,MRQ,2008-09-30,2008-09-30,2008-09-30,2019-05-27,-36400000.0,1438400000.0,,846500000.0,591900000.0,,6.452,-23100000.0,36400000.0,36400000.0,222500000.0,41600000.0,5.291,0.212,13100000.0,0.0,13100000.0,13100000.0,0.0,12100000.0,13200000.0,0.026,0.075,56400000.0,68500000.0,0.232,68500000.0,56400000.0,56400000.0,0.22,0.22,0.22,1167900000.0,,1167900000.0,2034302494.0,8.0,6.609,18500000.0,0.102,1.0,72900000.0,0.247,0.0,0.0,1255100000.0,,598000000.0,24300000.0,0.0,24300000.0,248000000.0,160000000.0,88000000.0,2053202494.0,-5000000.0,7000000.0,0.0,-9400000.0,-13600000.0,-23100000.0,-21500000.0,-5000000.0,41600000.0,-2000000.0,40300000.0,40200000.0,40200000.0,0.0,1300000.0,0.136,18000000.0,54900000.0,74300000.0,0.341,1.758,10.962,10.698,428300000.0,100000.0,11.34,1.733,1.732,224000000.0,675900000.0,295400000.0,295400000.0,0.0,,,,,0.0,18000000.0,1.0,181058421.0,181000000,182000000.0,1.632,1438400000.0,27100000.0,16100000.0,5100000.0,7.947,686500000.0
17,TIE,MRQ,2008-06-30,2008-06-30,2008-06-30,2019-05-27,-6600000.0,1457000000.0,,857100000.0,599900000.0,,6.47,-30600000.0,41400000.0,41400000.0,213000000.0,48600000.0,5.34,0.225,22500000.0,0.0,22500000.0,22500000.0,0.0,12000000.0,12100000.0,0.016,0.075,68200000.0,80200000.0,0.27,80200000.0,68200000.0,68200000.0,0.26,0.26,0.26,1171100000.0,,1171100000.0,2482517660.0,9.0,7.498,-3200000.0,-0.018,1.0,84300000.0,0.284,0.0,0.0,1277600000.0,,598100000.0,30900000.0,0.0,30900000.0,263000000.0,160500000.0,102500000.0,2532517660.0,-8600000.0,0.0,0.0,22500000.0,-13600000.0,3300000.0,-39000000.0,-6600000.0,27400000.0,-300000.0,47400000.0,47300000.0,47300000.0,0.0,1200000.0,0.159,16200000.0,68100000.0,78600000.0,0.288,2.163,12.701,12.06,425200000.0,100000.0,13.99,2.134,2.133,235600000.0,649300000.0,297300000.0,297300000.0,0.0,,,,,0.0,16200000.0,1.0,181023421.0,181000000,182000000.0,1.643,1457000000.0,30400000.0,20800000.0,8200000.0,8.05,696600000.0
18,TIE,MRQ,2008-03-31,2008-03-31,2008-03-31,2019-05-27,-8000000.0,1426000000.0,,857700000.0,568300000.0,,6.221,-35600000.0,50000000.0,50000000.0,212600000.0,42800000.0,4.792,0.23,0.0,0.0,0.0,0.0,0.0,11400000.0,13800000.0,0.01,0.075,58300000.0,69700000.0,0.237,69700000.0,58300000.0,58300000.0,0.22,0.22,0.22,1135900000.0,,1135900000.0,2665320213.0,8.0,7.074,23400000.0,0.128,1.0,81100000.0,0.276,0.0,0.0,1197000000.0,,574100000.0,21100000.0,0.0,21100000.0,261700000.0,179000000.0,82700000.0,2755320213.0,-40000000.0,0.0,-36500000.0,0.0,-13700000.0,-49700000.0,-50400000.0,-14800000.0,59000000.0,1100000.0,40400000.0,40300000.0,40300000.0,0.0,2400000.0,0.137,17200000.0,63900000.0,82600000.0,0.341,2.426,12.064,10.985,407200000.0,100000.0,15.05,2.239,2.233,256100000.0,615600000.0,293700000.0,293700000.0,0.0,,,,,0.0,17200000.0,1.0,183077755.0,182600000,183900000.0,1.608,1426000000.0,25200000.0,17900000.0,17300000.0,7.809,678700000.0
19,TIE,MRQ,2007-12-31,2007-12-31,2007-12-31,2019-05-27,-20400000.0,1419900000.0,,897800000.0,522100000.0,,6.857,-40300000.0,90000000.0,90000000.0,218100000.0,68900000.0,5.052,0.232,0.0,0.0,0.0,0.0,0.0,11000000.0,17400000.0,0.003,0.075,78400000.0,89400000.0,0.299,89400000.0,78400000.0,75800000.0,0.36,0.33,0.36,1132700000.0,,1132700000.0,4211145470.0,11.0,9.821,22100000.0,0.134,1.0,80500000.0,0.27,0.0,2600000.0,1152200000.0,,562700000.0,53200000.0,0.0,53200000.0,263300000.0,177700000.0,85600000.0,4289945470.0,11200000.0,0.0,0.0,0.0,-13700000.0,-13800000.0,-37600000.0,2600000.0,62400000.0,200000.0,60400000.0,59500000.0,59500000.0,0.0,8500000.0,0.199,17300000.0,63200000.0,72600000.0,0.208,3.787,16.305,16.327,382000000.0,900000.0,26.45,3.354,3.367,209900000.0,589000000.0,298600000.0,298600000.0,0.0,,,,,0.0,17300000.0,1.0,162190755.0,165200000,184300000.0,1.808,1419900000.0,31700000.0,15400000.0,11300000.0,8.595,720100000.0
20,TIE,MRQ,2007-09-30,2007-09-30,2007-09-30,2019-05-27,-11300000.0,1382400000.0,,882800000.0,499600000.0,,6.752,-26700000.0,78800000.0,78800000.0,199300000.0,53700000.0,5.563,0.242,0.0,0.0,0.0,0.0,0.0,10900000.0,17400000.0,0.0,0.0,80900000.0,91800000.0,0.309,91800000.0,80900000.0,80900000.0,0.32,0.29,0.32,1095100000.0,,1095100000.0,5399121738.0,12.0,10.859,45700000.0,0.282,1.0,98000000.0,0.33,0.0,0.0,1144900000.0,,570200000.0,55400000.0,0.0,55400000.0,265200000.0,158700000.0,106500000.0,5443121738.0,34800000.0,0.0,0.0,0.0,0.0,-1400000.0,-36700000.0,0.0,72400000.0,500000.0,53700000.0,52300000.0,52300000.0,0.0,0.0,0.176,16700000.0,81300000.0,66200000.0,0.0,4.97,17.318,17.21,360800000.0,1400000.0,33.56,4.175,4.175,205200000.0,543700000.0,297300000.0,297300000.0,0.0,,,,,0.0,16700000.0,1.0,162190755.0,162200000,184300000.0,1.833,1382400000.0,24000000.0,27200000.0,20600000.0,8.523,724100000.0
21,TIE,MRQ,2007-06-30,2007-06-30,2007-06-30,2019-05-27,-20900000.0,1315800000.0,,849100000.0,466700000.0,,6.374,-20600000.0,44000000.0,44000000.0,205700000.0,77700000.0,5.388,0.254,0.0,0.0,0.0,0.0,0.0,10300000.0,15600000.0,0.0,0.0,115600000.0,125900000.0,0.369,125900000.0,115600000.0,115600000.0,0.47,0.42,0.47,1033200000.0,,1033200000.0,5091490416.0,11.0,10.247,-23200000.0,-0.143,1.0,135500000.0,0.397,0.0,0.0,1114200000.0,,546400000.0,52200000.0,0.0,52200000.0,262900000.0,157600000.0,105300000.0,5167090416.0,-31600000.0,0.0,0.0,0.0,0.0,-8500000.0,-20600000.0,0.0,-2600000.0,100000.0,77700000.0,76300000.0,76300000.0,0.0,0.0,0.224,17700000.0,117800000.0,67700000.0,0.0,5.001,16.419,16.276,344400000.0,1400000.0,31.9,4.042,4.045,243100000.0,491500000.0,341200000.0,341200000.0,0.0,,,,,0.0,17700000.0,1.0,161977756.0,162100000,184300000.0,2.105,1315800000.0,11300000.0,37900000.0,21900000.0,8.117,691500000.0
22,TIE,MRQ,2007-03-31,2007-03-31,2007-03-31,2019-05-27,-31100000.0,1285100000.0,,831200000.0,453900000.0,,5.85,-13300000.0,75600000.0,75600000.0,208300000.0,76400000.0,3.956,0.332,0.0,0.0,0.0,0.0,0.0,8900000.0,16400000.0,0.0,0.0,112800000.0,121700000.0,0.356,121700000.0,112800000.0,112800000.0,0.46,0.41,0.46,945900000.0,,945900000.0,5768293793.0,13.0,12.312,46600000.0,0.288,1.0,133400000.0,0.39,0.0,0.0,999400000.0,,518300000.0,46100000.0,0.0,46100000.0,314500000.0,210100000.0,104400000.0,5797799793.0,46200000.0,0.0,0.0,0.0,0.0,-800000.0,-13300000.0,0.0,59900000.0,400000.0,76400000.0,75000000.0,75000000.0,0.0,0.0,0.219,17300000.0,116100000.0,80500000.0,0.0,6.129,19.808,19.395,334900000.0,1400000.0,35.88,4.683,4.686,222900000.0,415200000.0,341700000.0,341700000.0,0.0,,,,,0.0,17300000.0,1.0,161588623.0,161700000,184200000.0,2.113,1285100000.0,13100000.0,36400000.0,58000000.0,7.947,621100000.0
23,TIE,MRQ,2006-12-31,2006-12-31,2006-12-31,2019-05-27,-22400000.0,1216900000.0,,757600000.0,459300000.0,,5.449,-38500000.0,29400000.0,29400000.0,199900000.0,112100000.0,3.589,0.36,0.0,0.0,0.0,0.0,0.0,8600000.0,18700000.0,0.0,0.0,149200000.0,157800000.0,0.488,157800000.0,149200000.0,145800000.0,0.7,0.61,0.7,878900000.0,,878900000.0,4784236507.0,12.0,10.698,-16900000.0,-0.105,1.0,123700000.0,0.382,0.0,3400000.0,976400000.0,,501500000.0,56800000.0,0.0,56800000.0,316700000.0,211100000.0,105600000.0,4755759507.0,2700000.0,75000000.0,600000.0,-55300000.0,0.0,-56300000.0,36600000.0,0.0,21600000.0,800000.0,112100000.0,110700000.0,110700000.0,0.0,0.0,0.342,17200000.0,106500000.0,87800000.0,0.0,5.411,17.325,16.672,329800000.0,1400000.0,29.51,4.019,3.866,213000000.0,340300000.0,323600000.0,323600000.0,0.0,,,,,100000.0,17200000.0,1.0,161157557.0,161300000,183800000.0,2.006,1216900000.0,12600000.0,33700000.0,40400000.0,7.544,546500000.0
24,TIE,MRQ,2006-09-30,2006-09-30,2006-09-30,2019-05-27,-31622000.0,1127626000.0,,717624000.0,410002000.0,,4.708,-27500000.0,26806000.0,26806000.0,174000000.0,54200000.0,3.98,0.463,55283000.0,0.0,55283000.0,55283000.0,0.0,8700000.0,15316000.0,0.0,0.0,82800000.0,91500000.0,0.337,91500000.0,82800000.0,82800000.0,0.33,0.29,0.33,758526000.0,,758526000.0,4107790081.0,13.0,11.417,7100000.0,0.044,1.0,97800000.0,0.36,0.0,0.0,975807000.0,,489155000.0,78396000.0,0.0,78396000.0,351090000.0,180296000.0,170794000.0,4073254081.0,12900000.0,0.0,100000.0,6800000.0,0.0,5800000.0,-27500000.0,0.0,34600000.0,0.0,54200000.0,52700000.0,52700000.0,0.0,0.0,0.194,17200000.0,80600000.0,70566000.0,0.0,5.37,20.129,18.588,295865000.0,1500000.0,25.28,3.77,3.77,178110000.0,229636000.0,271800000.0,271800000.0,0.0,,,,,-400000.0,17200000.0,1.0,161125557.0,161100000,184200000.0,1.687,1127626000.0,24765000.0,28600000.0,46916000.0,7.0,537328000.0
25,TIE,MRQ,2006-06-30,2006-06-30,2006-06-30,2019-05-27,-25844000.0,1056299000.0,,662412000.0,393887000.0,,4.676,-18000000.0,13900000.0,13900000.0,194600000.0,56200000.0,3.973,0.463,48436000.0,0.0,48436000.0,48436000.0,0.0,8500000.0,12719000.0,0.0,0.0,89000000.0,97500000.0,0.324,97500000.0,89000000.0,89000000.0,0.36,0.31,0.36,711201000.0,,711201000.0,5229633569.0,18.0,15.961,-4500000.0,-0.03,1.0,106300000.0,0.353,0.0,0.0,924089000.0,,436489000.0,83419000.0,0.0,83419000.0,328941000.0,166746000.0,162195000.0,5192931569.0,1900000.0,0.0,2700000.0,-1500000.0,0.0,5800000.0,-18100000.0,0.0,13500000.0,700000.0,56200000.0,54300000.0,54300000.0,0.0,0.0,0.18,17400000.0,88900000.0,75221000.0,0.0,7.302,28.362,26.651,276401000.0,1900000.0,34.38,5.2,5.236,196758000.0,176913000.0,300900000.0,300900000.0,0.0,,,,,-9600000.0,17400000.0,1.0,151045130.0,152100000,184100000.0,1.978,1056299000.0,19324000.0,32800000.0,38217000.0,6.945,495666000.0
26,TIE,MRQ,2006-03-31,2006-03-31,2006-03-31,2019-05-27,-36774000.0,989885000.0,,619682000.0,370203000.0,,4.375,-16900000.0,12089000.0,12089000.0,178600000.0,58900000.0,3.44,0.523,48791000.0,0.0,48791000.0,48791000.0,0.0,8300000.0,16223000.0,0.0,0.0,92100000.0,100400000.0,0.35,100400000.0,92100000.0,92100000.0,0.39,0.32,0.39,639159000.0,,639159000.0,3618845745.0,14.0,12.515,-7500000.0,-0.051,1.0,108300000.0,0.377,0.0,0.0,846422000.0,,400637000.0,74673000.0,0.0,74673000.0,334528000.0,180165000.0,154363000.0,3579385745.0,-5700000.0,0.0,7900000.0,-2700000.0,0.0,2200000.0,-17500000.0,0.0,9400000.0,200000.0,58900000.0,56800000.0,56800000.0,0.0,0.0,0.198,15300000.0,93000000.0,66725000.0,0.0,5.6,22.042,20.399,262894000.0,2100000.0,24.275,4.061,4.024,190554000.0,122800000.0,286900000.0,286900000.0,0.0,,,,,0.0,15300000.0,1.0,147451524.0,146100000,183900000.0,1.964,989885000.0,19680000.0,33200000.0,56235000.0,6.775,439517000.0
27,TIE,MRQ,2005-12-31,2005-12-31,2005-12-31,2019-05-27,-38271000.0,907264000.0,,550270000.0,356994000.0,,4.121,-19097000.0,17751000.0,17751000.0,153970000.0,41333000.0,3.298,0.59,57211000.0,0.0,57211000.0,57211000.0,0.0,8143000.0,15577000.0,0.0,0.0,62250000.0,70393000.0,0.319,70393000.0,62250000.0,60947000.0,0.28,0.23,0.28,562168000.0,,562168000.0,2110092260.0,11.0,9.773,36751000.0,0.269,1.0,66817000.0,0.303,0.0,1303000.0,779874000.0,,365696000.0,72455000.0,0.0,72455000.0,331573000.0,166850000.0,164723000.0,2036494260.0,12054000.0,0.0,1144000.0,-24247000.0,0.0,-25884000.0,-17850000.0,2223000.0,55848000.0,-60000.0,41333000.0,38559000.0,38559000.0,0.0,0.0,0.175,14975000.0,51842000.0,62376000.0,0.0,3.623,14.172,14.377,252990000.0,2774000.0,15.815,2.716,2.759,142902000.0,66179000.0,220787000.0,220787000.0,0.0,,,,,0.0,14975000.0,1.0,128769792.0,136431000,182417000.0,1.618,907264000.0,28398000.0,19614000.0,40625000.0,6.65,383420000.0
28,TIE,MRQ,2005-09-30,2005-09-30,2005-09-30,2019-05-27,-51590000.0,841363000.0,,491180000.0,350183000.0,,3.879,-16450000.0,5686000.0,5686000.0,134284000.0,36263000.0,2.342,0.63,81688000.0,64996000.0,16692000.0,81688000.0,0.0,7590000.0,18827000.0,0.0,0.0,51769000.0,59359000.0,0.312,59359000.0,51769000.0,50689000.0,0.26,0.2,0.26,508606000.0,,508606000.0,1347131243.0,10.0,7.859,-9251000.0,-0.071,1.0,55748000.0,0.293,4309000.0,1080000.0,703294000.0,,337157000.0,72923000.0,0.0,72923000.0,320520000.0,209762000.0,110758000.0,1273533243.0,602000.0,0.0,4149000.0,9052000.0,0.0,10105000.0,-16450000.0,0.0,7199000.0,-252000.0,36263000.0,33433000.0,33433000.0,0.0,0.0,0.176,13287000.0,42461000.0,55940000.0,0.0,2.504,10.518,10.466,245257000.0,2830000.0,9.89,1.912,1.947,140353000.0,27619000.0,190032000.0,190032000.0,0.0,,,,,0.0,13287000.0,1.0,128769792.0,131104000,182063000.0,1.449,837054000.0,19511000.0,14426000.0,12196000.0,6.385,281418000.0
29,TIE,MRQ,2005-06-30,2005-06-30,2005-06-30,2019-05-27,-48150000.0,805294000.0,,445669000.0,359625000.0,,3.688,-14410000.0,5084000.0,5084000.0,135866000.0,36899000.0,2.069,0.683,78682000.0,66672000.0,12010000.0,78682000.0,0.0,7834000.0,29971000.0,0.0,0.0,51181000.0,59015000.0,0.321,59015000.0,51181000.0,50238000.0,0.26,0.2,0.26,471877000.0,,471877000.0,947047508.0,8.0,6.368,-26164000.0,-0.205,1.0,47880000.0,0.261,4529000.0,943000.0,658972000.0,,305261000.0,79706000.0,0.0,79706000.0,322398000.0,215391000.0,107007000.0,908029508.0,-8909000.0,0.0,1107000.0,25670000.0,0.0,20232000.0,-16682000.0,-2223000.0,-11754000.0,-705000.0,36899000.0,33601000.0,33601000.0,0.0,0.0,0.183,12978000.0,34902000.0,60878000.0,0.0,1.924,8.047,8.039,242048000.0,3298000.0,7.099,1.523,1.523,130023000.0,-5337000.0,183746000.0,183746000.0,0.0,,,,,0.0,12978000.0,1.0,127914000.0,127941000,181272000.0,1.436,800765000.0,24513000.0,13339000.0,7329000.0,6.259,230278000.0
30,TIE,MRQ,2005-03-31,2005-03-31,2005-03-31,2019-05-27,-40711000.0,764154000.0,,412044000.0,352110000.0,,3.494,-11143000.0,13993000.0,13993000.0,126280000.0,41405000.0,2.112,0.687,53011000.0,41001000.0,12010000.0,53011000.0,0.0,7933000.0,32318000.0,0.0,0.0,19200000.0,27133000.0,0.175,27133000.0,19200000.0,18526000.0,0.3,0.23,0.3,445304000.0,,445304000.0,621466360.0,8.0,5.869,10464000.0,0.082,1.0,28955000.0,0.187,4748000.0,674000.0,603318000.0,,279889000.0,78440000.0,0.0,78440000.0,305942000.0,195106000.0,110836000.0,574020360.0,6653000.0,0.0,0.0,-2175000.0,0.0,-4453000.0,-10518000.0,0.0,21607000.0,17000.0,41405000.0,38107000.0,38107000.0,0.0,0.0,0.245,12360000.0,16595000.0,51328000.0,0.0,1.289,6.947,6.934,231912000.0,3298000.0,4.5,1.07,1.069,108922000.0,-38937000.0,155235000.0,155235000.0,0.0,,,,,0.0,12360000.0,1.0,127560080.0,127448000,181240000.0,1.218,759406000.0,31431000.0,-22879000.0,3771000.0,5.959,216938000.0
31,TIE,MRQ,2004-12-31,2004-12-31,2004-12-31,2019-05-27,-39989000.0,700603000.0,,378679000.0,321924000.0,,3.196,-715000.0,7915000.0,7915000.0,117795000.0,19245000.0,2.221,0.693,55186000.0,43176000.0,12010000.0,55186000.0,0.0,8525000.0,6913000.0,0.0,0.0,17375000.0,25900000.0,0.189,25900000.0,17375000.0,16421000.0,0.125,0.118,0.125,406428000.0,,406428000.0,429756178.0,7.0,4.731,-3734000.0,-0.029,1.0,19174000.0,0.14,5057000.0,954000.0,572335000.0,,266634000.0,76064000.0,0.0,76064000.0,281636000.0,170482000.0,111154000.0,384298178.0,-779000.0,0.0,75000.0,9909000.0,0.0,6166000.0,-4525000.0,-5337000.0,-3019000.0,599000.0,19245000.0,15946000.0,15946000.0,0.0,0.0,0.116,12530000.0,6644000.0,44164000.0,0.0,0.946,8.875,8.875,228173000.0,3299000.0,3.018,0.766,0.764,96756000.0,-77044000.0,136969000.0,136969000.0,0.0,,,,,0.0,12530000.0,1.0,127356480.0,127176000,145003000.0,1.077,695546000.0,6027000.0,-2824000.0,2576000.0,5.469,208197000.0
32,TIE,MRQ,2004-09-30,2004-09-30,2004-09-30,2019-05-27,-38384000.0,626797000.0,,314515000.0,312282000.0,,2.911,-4154000.0,10221000.0,10221000.0,105534000.0,26292000.0,2.249,0.664,55679000.0,33929000.0,21750000.0,55679000.0,0.0,7918000.0,17554000.0,0.0,0.0,28762000.0,36680000.0,0.305,36680000.0,28762000.0,25663000.0,0.198,0.177,0.198,370040000.0,,370040000.0,579999235.0,13.0,7.606,-21430000.0,-0.169,1.0,14712000.0,0.122,5165000.0,3099000.0,527248000.0,,213575000.0,68252000.0,0.0,68252000.0,245629000.0,139842000.0,105787000.0,373014235.0,-1243000.0,0.0,0.0,32267000.0,0.0,32713000.0,-16756000.0,-12602000.0,-17276000.0,76000.0,26292000.0,25193000.0,25193000.0,0.0,0.0,0.21,11710000.0,3002000.0,41695000.0,0.0,1.008,14.437,14.662,227438000.0,1099000.0,2.933,0.801,0.801,86371000.0,-114975000.0,120246000.0,120246000.0,0.0,,,,,0.0,11710000.0,1.0,127200080.0,127096000,160312000.0,0.946,621632000.0,1523000.0,-629000.0,1384000.0,4.891,174673000.0
33,TIE,MRQ,2004-06-30,2004-06-30,2004-06-30,2019-05-27,-43713000.0,591339000.0,,287433000.0,303906000.0,,1.303,-3434000.0,11464000.0,11464000.0,107119000.0,3385000.0,2.544,2.508,218449000.0,1170000.0,217279000.0,218449000.0,0.0,7902000.0,27767000.0,0.0,0.0,8272000.0,16174000.0,0.13,16174000.0,8272000.0,4184000.0,0.026,0.026,0.026,165505000.0,,165505000.0,477001632.0,29.0,9.495,-19749000.0,-0.155,1.0,17006000.0,0.137,5545000.0,4088000.0,679795000.0,,187039000.0,50344000.0,0.0,50344000.0,415043000.0,112984000.0,302059000.0,294303632.0,-23563000.0,0.0,0.0,1000000.0,0.0,266000.0,-7193000.0,-3759000.0,-16315000.0,-321000.0,3385000.0,3385000.0,3385000.0,0.0,0.0,0.027,11151000.0,5855000.0,38248000.0,0.0,1.778,-125.717,-110.179,230886000.0,0.0,2.314,0.686,0.685,86286000.0,-140216000.0,124125000.0,124125000.0,0.0,,,,,0.0,11151000.0,1.0,127197680.0,127032000,127480000.0,0.977,585794000.0,917000.0,799000.0,1441000.0,4.611,174449000.0
34,TIE,MRQ,2004-03-31,2004-03-31,2004-03-31,2019-05-27,-43910000.0,603290000.0,,296013000.0,307277000.0,,1.288,-3280000.0,35027000.0,35027000.0,107703000.0,-1225000.0,2.369,2.622,217725000.0,176000.0,217549000.0,217725000.0,0.0,8483000.0,31494000.0,0.0,0.0,3607000.0,12090000.0,0.1,12090000.0,3607000.0,-702000.0,-0.01,-0.01,-0.01,163428000.0,,163428000.0,498727545.0,87.0,12.095,10897000.0,0.086,1.0,12785000.0,0.106,5938000.0,4309000.0,655074000.0,,175976000.0,47515000.0,0.0,47515000.0,428561000.0,124976000.0,303585000.0,318260545.0,-2261000.0,0.0,0.0,0.0,0.0,-403000.0,-16054000.0,-12774000.0,14177000.0,19000.0,-1225000.0,-1225000.0,-1225000.0,0.0,0.0,-0.01,9517000.0,3268000.0,30366000.0,0.0,1.947,-26.353,-25.434,236537000.0,0.0,2.493,0.783,0.778,80332000.0,-142082000.0,120488000.0,120488000.0,0.0,,,,,0.0,9517000.0,1.0,127687280.0,126904000,126904000.0,0.949,597352000.0,2142000.0,523000.0,491000.0,4.707,171037000.0
35,TIE,MRQ,2003-12-31,2003-12-31,2003-12-31,2019-05-27,-50226000.0,567409000.0,,275978000.0,291431000.0,,1.251,-6483000.0,37288000.0,37288000.0,100253000.0,-1515000.0,3.547,2.504,217231000.0,0.0,217231000.0,217231000.0,0.0,8228000.0,3356000.0,0.0,0.0,3088000.0,11316000.0,0.113,11316000.0,3088000.0,-1115000.0,-0.014,-0.014,-0.014,158757000.0,,158757000.0,147664056.0,-22.0,4.963,8733000.0,0.069,1.0,310000.0,0.003,6294000.0,4203000.0,663245000.0,,165721000.0,29263000.0,0.0,29263000.0,397521000.0,77813000.0,319708000.0,166985056.0,5126000.0,0.0,0.0,-777000.0,0.0,-947000.0,-8586000.0,0.0,15216000.0,-557000.0,-1515000.0,-1515000.0,-1515000.0,0.0,0.0,-0.015,8422000.0,-8112000.0,29200000.0,0.0,1.052,-6.832,-6.732,239182000.0,0.0,1.313,0.433,0.432,67432000.0,-140428000.0,100563000.0,100563000.0,0.0,,,,,0.0,8422000.0,1.0,127202480.0,126880000,126880000.0,0.793,561115000.0,2933000.0,400000.0,648000.0,4.422,198165000.0
36,TIE,MRQ,2003-09-30,2003-09-30,2003-09-30,2019-05-27,-57257000.0,548296000.0,,267042000.0,281254000.0,,1.118,-2405000.0,29914000.0,29914000.0,83677000.0,-2986000.0,2.897,1.377,10593000.0,1433000.0,9160000.0,10593000.0,0.0,9358000.0,14707000.0,0.0,0.0,1298000.0,10656000.0,0.127,10656000.0,1298000.0,-2660000.0,-0.024,-0.024,-0.024,141889000.0,,141889000.0,96258393.0,-18.0,2.972,7975000.0,0.063,1.0,-42000.0,-0.001,7185000.0,3958000.0,429602000.0,,162397000.0,22325000.0,0.0,22325000.0,195323000.0,92188000.0,103135000.0,107432393.0,3480000.0,0.0,0.0,-4143000.0,0.0,-4448000.0,-2406000.0,0.0,10380000.0,-46000.0,-2986000.0,-2986000.0,-2986000.0,0.0,0.0,-0.036,8538000.0,-8580000.0,28679000.0,0.0,0.757,-3.298,-3.283,235449000.0,0.0,0.844,0.291,0.29,68254000.0,-150299000.0,83635000.0,83635000.0,0.0,,,,,0.0,8538000.0,1.0,127327280.0,126864000,126864000.0,0.659,541111000.0,2031000.0,326000.0,784000.0,4.265,174854000.0
37,TIE,MRQ,2003-06-30,2003-06-30,2003-06-30,2019-05-27,-57997000.0,564391000.0,,276368000.0,288023000.0,,1.137,-2092000.0,26434000.0,26434000.0,97455000.0,-6351000.0,2.584,1.451,15260000.0,5971000.0,9289000.0,15260000.0,0.0,9439000.0,28184000.0,0.0,0.0,-2268000.0,7171000.0,0.07,7171000.0,-2268000.0,-6327000.0,-0.05,-0.05,-0.05,144123000.0,,144123000.0,99693842.0,-6.0,4.451,11310000.0,0.089,1.0,4358000.0,0.043,7551000.0,4059000.0,438719000.0,,160316000.0,21801000.0,0.0,21801000.0,209164000.0,106947000.0,102217000.0,102083842.0,-122000.0,0.0,0.0,-9526000.0,0.0,-11557000.0,-2055000.0,0.0,13402000.0,88000.0,-6351000.0,-6351000.0,-6351000.0,0.0,0.0,-0.062,9583000.0,-5225000.0,28114000.0,0.0,0.708,-2.636,-2.631,242184000.0,0.0,0.802,0.277,0.276,83517000.0,-147313000.0,101813000.0,101813000.0,0.0,,,,,0.0,9583000.0,1.0,127207280.0,126800000,126800000.0,0.803,556840000.0,3482000.0,24000.0,1086000.0,4.391,169421000.0
38,TIE,MRQ,2003-03-31,2003-03-31,2003-03-31,2019-05-27,-62828000.0,577266000.0,,284809000.0,292457000.0,,1.15,-1487000.0,26556000.0,26556000.0,98276000.0,-13590000.0,2.555,1.508,24166000.0,3867000.0,20299000.0,24166000.0,0.0,9547000.0,32078000.0,0.0,0.0,-8933000.0,614000.0,0.006,614000.0,-8933000.0,-13133000.0,-0.107,-0.107,-0.107,145557000.0,,145557000.0,291836499.0,-12.0,21.701,25336000.0,0.2,1.0,1018000.0,0.01,7857000.0,4200000.0,455528000.0,,167716000.0,22831000.0,0.0,22831000.0,219561000.0,111491000.0,108070000.0,67197499.0,20342000.0,0.0,0.0,-4623000.0,0.0,-5116000.0,-1487000.0,0.0,26823000.0,122000.0,-13590000.0,-13590000.0,-13590000.0,0.0,0.0,-0.137,9895000.0,-8877000.0,28495000.0,0.0,0.462,-1.502,-1.496,245686000.0,0.0,0.528,0.186,0.185,84628000.0,-140961000.0,99294000.0,99294000.0,0.0,,,,,0.0,9895000.0,1.0,127207760.0,126600000,126600000.0,0.784,569409000.0,2968000.0,457000.0,1271000.0,4.498,173318000.0
39,TIE,MRQ,2002-12-31,2002-12-31,2002-12-31,2019-05-27,-62737000.0,570140000.0,,262672000.0,307468000.0,,1.259,-3002000.0,6360000.0,6360000.0,89687000.0,-9645000.0,2.836,2.513,237077000.0,13636000.0,223441000.0,237077000.0,0.0,9475000.0,5416000.0,0.0,0.0,4471000.0,13946000.0,0.164,13946000.0,4471000.0,-10285000.0,-0.076,-0.076,-0.076,159350000.0,,159350000.0,84840202.0,-1.0,-1.432,2053000.0,0.016,1.0,-4715000.0,-0.055,8442000.0,14756000.0,699790000.0,,181932000.0,28649000.0,0.0,28649000.0,400374000.0,92625000.0,307749000.0,60837202.0,1652000.0,0.0,0.0,1801000.0,0.0,-627000.0,-2702000.0,0.0,5055000.0,-74000.0,-9645000.0,-9645000.0,-9645000.0,0.0,0.0,-0.114,10490000.0,-15205000.0,26460000.0,0.0,0.382,-0.545,-0.541,254672000.0,0.0,0.477,0.166,0.165,68791000.0,-127371000.0,84972000.0,84972000.0,0.0,,,,,0.0,10490000.0,1.0,127407752.0,126616000,126616000.0,0.671,561698000.0,2512000.0,-640000.0,1036000.0,4.436,170047000.0
40,TIE,MRQ,2002-09-30,2002-09-30,2002-09-30,2019-05-27,-26162000.0,582403000.0,,278833000.0,303570000.0,,1.626,-1428000.0,4562000.0,4562000.0,87734000.0,-9148000.0,2.505,0.808,28565000.0,18025000.0,10540000.0,28565000.0,0.0,9375000.0,17916000.0,0.0,0.0,-8706000.0,669000.0,0.008,669000.0,-8706000.0,-9621000.0,-0.072,-0.072,-0.072,205566000.0,,205566000.0,75690133.0,-1.0,-0.689,-721000.0,-0.006,1.0,-4940000.0,-0.06,8412000.0,915000.0,486665000.0,,190445000.0,22029000.0,0.0,22029000.0,166035000.0,111329000.0,54706000.0,52895133.0,-2810000.0,0.0,0.0,-1820000.0,0.0,-1969000.0,-1428000.0,0.0,707000.0,-120000.0,-9148000.0,-9148000.0,-9148000.0,0.0,0.0,-0.11,10714000.0,-15654000.0,29697000.0,0.0,0.257,-0.304,-0.301,258600000.0,0.0,0.415,0.167,0.166,78206000.0,-117726000.0,82794000.0,82794000.0,0.0,,,,,0.0,10714000.0,1.0,127458152.0,126440000,126440000.0,0.655,573991000.0,1578000.0,-473000.0,3983000.0,4.54,167504000.0
41,TIE,MRQ,2002-06-30,2002-06-30,2002-06-30,2019-05-27,-27708000.0,642667000.0,,288044000.0,354623000.0,,2.037,-2055000.0,7372000.0,7372000.0,92871000.0,-12345000.0,2.654,0.678,30167000.0,11435000.0,18732000.0,30167000.0,0.0,9214000.0,27660000.0,0.0,0.0,-10995000.0,-1781000.0,-0.019,-1781000.0,-10995000.0,-11730000.0,-0.098,-0.098,-0.098,257429000.0,,257429000.0,129410183.0,-1.0,-1.411,-2211000.0,-0.017,1.0,1424000.0,0.015,54002000.0,735000.0,502912000.0,,197716000.0,21776000.0,0.0,21776000.0,174483000.0,108548000.0,65935000.0,111532183.0,1459000.0,0.0,0.0,5364000.0,0.0,4109000.0,-2055000.0,0.0,-156000.0,-439000.0,-12345000.0,-12345000.0,-12345000.0,0.0,0.0,-0.131,11414000.0,-9990000.0,26291000.0,0.0,0.433,-0.695,-0.688,265369000.0,0.0,0.875,0.308,0.305,78506000.0,-64268000.0,94295000.0,94295000.0,0.0,,,,,0.0,11414000.0,1.0,127465352.0,126400000,126400000.0,0.746,588665000.0,1520000.0,615000.0,4964000.0,4.657,179496000.0
42,TIE,MRQ,2002-03-31,2002-03-31,2002-03-31,2019-05-27,-36550000.0,646992000.0,,291680000.0,355312000.0,,2.066,-1282000.0,5913000.0,5913000.0,99332000.0,-80392000.0,2.718,0.673,23791000.0,2302000.0,21489000.0,23791000.0,0.0,9034000.0,29363000.0,0.0,0.0,-81108000.0,-72074000.0,-0.69,-72074000.0,-81108000.0,-81846000.0,-0.637,-0.637,-0.637,260847000.0,,260847000.0,370136225.0,-5.0,-11.692,-20483000.0,-0.162,1.0,5108000.0,0.049,53430000.0,738000.0,504130000.0,,192766000.0,21155000.0,0.0,21155000.0,175659000.0,107310000.0,68349000.0,172051225.0,-18587000.0,0.0,0.0,2192000.0,0.0,2010000.0,-1282000.0,0.0,-19201000.0,-114000.0,-80392000.0,-80392000.0,-80392000.0,0.0,0.0,-0.77,10379000.0,-5271000.0,34995000.0,0.0,0.66,-1.451,-1.439,267577000.0,0.0,1.35,0.371,0.367,85156000.0,-51923000.0,104440000.0,104440000.0,0.0,,,,,0.0,10379000.0,1.0,127445352.0,126240000,126240000.0,0.827,593562000.0,1646000.0,-1454000.0,5878000.0,4.702,184370000.0
43,TIE,MRQ,2001-12-31,2001-12-31,2001-12-31,2019-05-27,-35274000.0,699383000.0,,308687000.0,390696000.0,,2.363,-8202000.0,24500000.0,24500000.0,101181000.0,-72042000.0,2.523,0.642,222585000.0,2034000.0,220551000.0,222585000.0,0.0,9989000.0,33242000.0,0.0,0.0,-46606000.0,-36617000.0,-1.034,-36617000.0,-46606000.0,-61623000.0,-0.572,-0.569,-0.572,298114000.0,,298114000.0,331951429.0,43.0,6.943,6779000.0,0.054,1.0,-65775000.0,-1.858,54146000.0,15017000.0,720962000.0,,185052000.0,48085000.0,0.0,48085000.0,191301000.0,122360000.0,68941000.0,127250429.0,9136000.0,0.0,-513000.0,2496000.0,0.0,2435000.0,-8201000.0,0.0,14981000.0,-79000.0,-72042000.0,-72042000.0,-72042000.0,0.0,0.0,-2.035,8315000.0,-74090000.0,45386000.0,0.0,0.427,-3.047,-3.005,275308000.0,0.0,0.998,0.261,0.258,89254000.0,-15841000.0,35406000.0,35406000.0,0.0,,,,,0.0,8315000.0,1.0,127569352.0,126168000,122880000.0,0.281,645237000.0,911000.0,10419000.0,6361000.0,5.114,186327000.0
44,TIE,MRQ,2001-09-30,2001-09-30,2001-09-30,2019-05-27,-17125000.0,756527000.0,,292100000.0,464427000.0,,3.077,-3722000.0,15364000.0,15364000.0,105601000.0,4340000.0,2.751,0.949,220065000.0,2156000.0,217909000.0,220065000.0,0.0,9984000.0,0.0,0.0,0.0,8793000.0,18777000.0,0.146,18777000.0,8793000.0,8071000.0,0.035,0.035,0.035,388195000.0,,388195000.0,92858990.0,2.0,1.064,-11319000.0,-0.09,1.0,22937000.0,0.178,56652000.0,722000.0,798407000.0,,165954000.0,20008000.0,0.0,20008000.0,368332000.0,106169000.0,262163000.0,102007990.0,-9438000.0,0.0,0.0,2361000.0,0.0,2315000.0,-3692000.0,0.0,-7597000.0,-464000.0,4340000.0,4340000.0,4340000.0,0.0,0.0,0.034,11562000.0,11375000.0,56559000.0,0.0,0.263,4.264,4.211,273985000.0,0.0,0.8,0.184,0.182,94981000.0,56201000.0,128538000.0,128538000.0,0.0,,,,,0.0,11562000.0,1.0,127509988.0,126156000,127056000.0,1.019,699875000.0,13805000.0,3731000.0,11891000.0,5.548,185931000.0
45,TIE,MRQ,2001-06-30,2001-06-30,2001-06-30,2019-05-27,-24121000.0,736252000.0,,271290000.0,464962000.0,,2.988,-1599000.0,24802000.0,24802000.0,123514000.0,29552000.0,2.718,0.955,15653000.0,2442000.0,13211000.0,15653000.0,0.0,10089000.0,0.0,0.0,0.0,48167000.0,58256000.0,0.298,58256000.0,48167000.0,47084000.0,0.235,0.215,0.235,376595000.0,,376595000.0,376638010.0,13.0,5.382,66672000.0,0.529,1.0,72148000.0,0.369,57718000.0,1083000.0,569581000.0,,147435000.0,18851000.0,0.0,18851000.0,359657000.0,99804000.0,259853000.0,318178010.0,19961000.0,0.0,513000.0,-47221000.0,0.0,-46804000.0,-1599000.0,0.0,68271000.0,93000.0,29552000.0,29552000.0,29552000.0,0.0,0.0,0.151,21211000.0,50937000.0,53101000.0,0.0,0.845,27.258,27.174,274627000.0,0.0,2.5,0.597,0.591,84491000.0,51861000.0,195662000.0,195662000.0,0.0,,,,,0.0,21211000.0,1.0,127271204.0,126016000,148772000.0,1.553,678534000.0,13991000.0,17532000.0,9689000.0,5.385,171486000.0
46,TIE,MRQ,2001-03-31,2001-03-31,2001-03-31,2019-05-27,-20716000.0,755821000.0,,251662000.0,504159000.0,,2.784,-2601000.0,4841000.0,4841000.0,116745000.0,-3616000.0,1.886,1.161,63301000.0,37708000.0,25593000.0,63301000.0,0.0,10072000.0,0.0,0.0,0.0,-2674000.0,7398000.0,0.058,7398000.0,-2674000.0,-4186000.0,-0.03,-0.03,-0.03,349813000.0,,349813000.0,533210015.0,-18.0,47.77,-15682000.0,-0.125,1.0,10365000.0,0.082,60016000.0,1512000.0,620814000.0,,141986000.0,18853000.0,0.0,18853000.0,406008000.0,133451000.0,272557000.0,288038015.0,-4955000.0,0.0,0.0,10679000.0,0.0,10696000.0,-2601000.0,0.0,-13081000.0,31000.0,-3616000.0,-3616000.0,-3616000.0,0.0,0.0,-0.028,10480000.0,-115000.0,46336000.0,0.0,0.823,-10.513,-10.426,293923000.0,0.0,2.263,0.645,0.636,93600000.0,22309000.0,127110000.0,127110000.0,0.0,,,,,0.0,10700000.0,1.0,127309620.0,125668000,125668000.0,1.011,695805000.0,32019000.0,-570000.0,12081000.0,5.537,118211000.0
47,TIE,MRQ,2000-12-31,2000-12-31,2000-12-31,2019-05-27,-16408000.0,759146000.0,,248205000.0,510941000.0,,2.85,-4492000.0,9796000.0,9796000.0,104291000.0,-6354000.0,2.143,0.539,254968000.0,26123000.0,228845000.0,254968000.0,0.0,10177000.0,3951000.0,0.0,0.0,-7368000.0,2809000.0,0.027,2809000.0,-7368000.0,-9050000.0,-0.05,-0.05,-0.05,357515000.0,,357515000.0,275975484.0,-6.0,-57.221,19692000.0,0.157,1.0,-2006000.0,-0.02,62563000.0,1682000.0,825913000.0,,148384000.0,106272000.0,0.0,106272000.0,192537000.0,115842000.0,76695000.0,214929484.0,4283000.0,0.0,0.0,-13196000.0,0.0,-15794000.0,-4530000.0,0.0,24184000.0,423000.0,-6354000.0,-6354000.0,-6354000.0,0.0,0.0,-0.062,10184000.0,-12190000.0,51111000.0,0.0,0.601,-5.525,-5.444,302130000.0,0.0,1.688,0.504,0.496,80942000.0,25925000.0,102285000.0,102285000.0,0.0,,,,,0.0,10184000.0,1.0,127365620.0,125444000,125444000.0,0.815,696583000.0,28854000.0,-2696000.0,11639000.0,5.553,132363000.0
48,TIE,MRQ,2000-09-30,2000-09-30,2000-09-30,2019-05-27,-16061000.0,759358000.0,,246588000.0,512770000.0,,2.899,-1838000.0,5513000.0,5513000.0,103072000.0,-7909000.0,2.239,1.087,66559000.0,35933000.0,30626000.0,66559000.0,0.0,10359000.0,0.0,0.0,0.0,-8845000.0,1514000.0,0.014,1514000.0,-8845000.0,-10743000.0,-0.063,-0.063,-0.063,363874000.0,,363874000.0,333161140.0,-5.0,-15.972,10151000.0,0.081,1.0,4858000.0,0.045,64469000.0,1898000.0,645796000.0,,145985000.0,19785000.0,0.0,19785000.0,395484000.0,110139000.0,285345000.0,260702140.0,-717000.0,0.0,0.0,-10757000.0,0.0,-10814000.0,-1874000.0,0.0,11989000.0,-18000.0,-7909000.0,-7909000.0,-7909000.0,0.0,0.0,-0.073,11202000.0,-6344000.0,38760000.0,0.0,0.716,-5.206,-5.143,304248000.0,0.0,2.047,0.604,0.595,82621000.0,32279000.0,107930000.0,107930000.0,0.0,,,,,0.0,11202000.0,1.0,127365620.0,125496000,125496000.0,0.86,694889000.0,30214000.0,-2834000.0,15500000.0,5.537,136449000.0
49,TIE,MRQ,2000-06-30,2000-06-30,2000-06-30,2019-05-27,-11614000.0,785836000.0,,265361000.0,520475000.0,,2.996,-2699000.0,6230000.0,6230000.0,107619000.0,-9518000.0,2.153,1.09,78689000.0,46066000.0,32623000.0,78689000.0,0.0,10616000.0,0.0,0.009,0.0,-11175000.0,-559000.0,-0.005,-559000.0,-11175000.0,-13171000.0,-0.075,-0.075,-0.075,376000000.0,,376000000.0,229966088.0,-4.0,-11.553,8681000.0,0.069,1.0,1911000.0,0.017,66406000.0,1996000.0,668642000.0,,160040000.0,20167000.0,0.0,20167000.0,409836000.0,123247000.0,286589000.0,147054088.0,-74000.0,0.0,0.0,-9313000.0,0.0,-9427000.0,-2699000.0,0.0,11380000.0,672000.0,-9518000.0,-9518000.0,-9518000.0,0.0,0.0,-0.087,10320000.0,-8409000.0,38176000.0,0.0,0.391,-2.962,-2.967,314158000.0,0.0,1.172,0.336,0.336,87057000.0,40186000.0,109530000.0,109530000.0,0.0,,,,,0.0,11216000.0,1.0,125485620.0,125492000,125492000.0,0.873,719430000.0,25824000.0,-3653000.0,15605000.0,5.733,142114000.0
50,TIE,MRQ,2000-03-31,2000-03-31,2000-03-31,2019-05-27,-6471000.0,818765000.0,,291445000.0,527320000.0,,3.111,-2115000.0,6304000.0,6304000.0,108011000.0,-15121000.0,2.037,1.098,89216000.0,53709000.0,35507000.0,89216000.0,0.0,10790000.0,0.0,0.018,0.0,-19243000.0,-8453000.0,-0.079,-8453000.0,-19243000.0,-21505000.0,-0.12,-0.12,-0.12,390326000.0,,390326000.0,445343897.0,-9.0,-47.397,15794000.0,0.126,1.0,-823000.0,-0.008,69086000.0,2262000.0,689497000.0,,186044000.0,21089000.0,0.0,21089000.0,428439000.0,143094000.0,285345000.0,137249897.0,-14367000.0,7000000.0,0.0,-36777000.0,0.0,-36777000.0,4885000.0,0.0,17909000.0,-384000.0,-15121000.0,-15121000.0,-15121000.0,0.0,0.0,-0.141,15041000.0,-15864000.0,43629000.0,0.0,0.352,-3.221,-3.217,323094000.0,0.0,1.094,0.301,0.301,80045000.0,49706000.0,107188000.0,107188000.0,0.0,,,,,0.0,11339000.0,1.0,125485620.0,125484000,125484000.0,0.854,749679000.0,27115000.0,-6384000.0,14773000.0,5.974,148351000.0
51,TIE,MRQ,1999-12-31,1999-12-31,1999-12-31,2019-05-27,-3837000.0,883105000.0,,342559000.0,540546000.0,,3.252,-6243000.0,20671000.0,20671000.0,110011000.0,-17532000.0,1.762,1.164,328765000.0,95314000.0,233451000.0,328765000.0,0.0,10750000.0,0.0,0.027,0.0,-24111000.0,-13361000.0,-0.125,-13361000.0,-24111000.0,-26169000.0,-0.14,-0.14,-0.14,408081000.0,,408081000.0,239733073.0,-7.0,37.605,-7701000.0,-0.061,1.0,-3248000.0,-0.03,71115000.0,2058000.0,925663000.0,,191535000.0,26938000.0,0.0,26938000.0,475024000.0,194421000.0,280603000.0,141169073.0,13879000.0,0.0,0.0,21829000.0,0.0,21829000.0,-6243000.0,0.0,-1458000.0,-249000.0,-17532000.0,-17532000.0,-17532000.0,0.0,0.0,-0.164,16430000.0,-19678000.0,51995000.0,0.0,0.346,-4.497,-4.5,333765000.0,0.0,1.125,0.292,0.292,110275000.0,64827000.0,106763000.0,106763000.0,0.0,,,,,0.0,11924000.0,1.0,125483620.0,125484000,125484000.0,0.851,811990000.0,22501000.0,-8637000.0,18515000.0,6.471,148138000.0
52,TIE,MRQ,1999-09-30,1999-09-30,1999-09-30,2019-05-27,-1189000.0,881554000.0,,334261000.0,547293000.0,,3.413,-4140000.0,6792000.0,6792000.0,108722000.0,-7469000.0,3.212,1.058,105356000.0,11104000.0,94252000.0,105356000.0,0.0,10683000.0,0.0,0.018,0.01,-8216000.0,2467000.0,0.022,2467000.0,-8216000.0,-10265000.0,-0.06,-0.06,-0.06,428261000.0,,428261000.0,372231091.0,-26.0,13.415,-7091000.0,-0.057,1.0,5343000.0,0.047,73341000.0,2049000.0,802703000.0,,203669000.0,30329000.0,0.0,30329000.0,453293000.0,104074000.0,349219000.0,280378091.0,1748000.0,0.0,0.0,10550000.0,-1255000.0,9290000.0,-4140000.0,0.0,-2951000.0,-451000.0,-7469000.0,-7469000.0,-7469000.0,0.0,0.0,-0.065,11286000.0,-5943000.0,54326000.0,-0.167,0.655,-17.145,-17.456,339709000.0,0.0,2.234,0.525,0.525,104693000.0,82359000.0,114065000.0,114065000.0,0.0,,,,,0.0,11286000.0,1.0,125483620.0,125476000,125476000.0,0.909,808213000.0,9806000.0,-2796000.0,21870000.0,6.441,230187000.0
53,TIE,MRQ,1999-06-30,1999-06-30,1999-06-30,2019-05-27,-5298000.0,886324000.0,,343259000.0,543065000.0,,3.45,-4752000.0,5044000.0,5044000.0,113504000.0,-2493000.0,3.167,1.048,96897000.0,9420000.0,87477000.0,96897000.0,0.0,10700000.0,0.0,0.014,0.01,-749000.0,9951000.0,0.078,9951000.0,-749000.0,-2440000.0,-0.02,-0.02,-0.02,432876000.0,,432876000.0,452785806.0,21.0,7.6,10008000.0,0.08,1.0,14447000.0,0.113,73904000.0,1691000.0,795896000.0,,207334000.0,31406000.0,0.0,31406000.0,453448000.0,108377000.0,345071000.0,352905806.0,-6422000.0,0.0,0.0,-15185000.0,-1254000.0,-16723000.0,-4543000.0,0.0,14760000.0,84000.0,-2493000.0,-2493000.0,-2493000.0,0.0,0.0,-0.019,12606000.0,1841000.0,59406000.0,-0.5,0.815,48.63,46.875,340178000.0,0.0,2.813,0.592,0.592,114519000.0,91083000.0,127951000.0,127951000.0,0.0,,,,,0.0,12606000.0,1.0,125477620.0,125480000,125480000.0,1.02,812420000.0,8127000.0,53000.0,22318000.0,6.474,234882000.0
54,TIE,MRQ,1999-03-31,1999-03-31,1999-03-31,2019-05-27,-4192000.0,913361000.0,,365041000.0,548320000.0,,3.488,-6737000.0,11466000.0,11466000.0,122270000.0,-3896000.0,3.352,1.087,111346000.0,5869000.0,105477000.0,111346000.0,0.0,10560000.0,0.0,0.028,0.01,-3243000.0,7317000.0,0.054,7317000.0,-3243000.0,-4538000.0,-0.03,-0.03,-0.03,437717000.0,,437717000.0,280834079.0,6.0,3.488,2455000.0,0.02,1.0,12223000.0,0.091,76270000.0,1295000.0,828054000.0,,212549000.0,32049000.0,0.0,32049000.0,475644000.0,108917000.0,366727000.0,180374079.0,-3998000.0,0.0,0.0,-4578000.0,-1255000.0,-5833000.0,-6737000.0,0.0,9192000.0,-620000.0,-3896000.0,-3896000.0,-3896000.0,0.0,0.0,-0.029,12761000.0,-538000.0,61125000.0,-0.333,0.412,7.653,7.566,346673000.0,0.0,1.438,0.274,0.274,123802000.0,94830000.0,134493000.0,134493000.0,0.0,,,,,0.0,12761000.0,1.0,125477620.0,125476000,125476000.0,1.072,837091000.0,7254000.0,-642000.0,22094000.0,6.671,256124000.0
55,TIE,MRQ,1998-12-31,1998-12-31,1998-12-31,2019-05-27,1317000.0,953246000.0,,394930000.0,558316000.0,,3.573,-35945000.0,15464000.0,15464000.0,123848000.0,-2495000.0,2.884,1.126,317174000.0,5905000.0,311269000.0,317174000.0,0.0,9854000.0,0.0,0.014,0.01,-1841000.0,8013000.0,0.051,8013000.0,-1841000.0,-2432000.0,-0.018,-0.008,-0.018,448377000.0,,448377000.0,247140943.0,3.0,2.239,-34536000.0,-0.275,1.0,33853000.0,0.215,79441000.0,591000.0,1038566000.0,,225880000.0,32633000.0,0.0,32633000.0,504869000.0,136949000.0,367920000.0,266639943.0,-127127000.0,-375000.0,0.0,-7168000.0,-1255000.0,-8423000.0,-116900000.0,-80000000.0,1409000.0,-3213000.0,-2495000.0,-2495000.0,-2495000.0,0.0,0.0,-0.016,33005000.0,848000.0,73920000.0,-0.556,0.595,5.828,5.822,351223000.0,0.0,2.125,0.373,0.374,134217000.0,99981000.0,157701000.0,157701000.0,0.0,,,,,0.0,15005000.0,1.0,125477620.0,125476000,125740000.0,1.257,873805000.0,8719000.0,63000.0,22091000.0,6.964,257981000.0
56,TIE,MRQ,1998-09-30,1998-09-30,1998-09-30,2019-05-27,7622000.0,986827000.0,,528195000.0,458632000.0,,3.644,-31882000.0,142591000.0,142591000.0,130494000.0,16141000.0,3.352,1.153,123092000.0,7347000.0,115745000.0,123092000.0,0.0,7228000.0,0.0,0.006,0.01,27068000.0,34296000.0,0.194,34296000.0,27068000.0,25692000.0,0.128,0.125,0.128,458432000.0,,458432000.0,409227096.0,3.0,2.778,-7815000.0,-0.062,1.0,45882000.0,0.26,80735000.0,1376000.0,729024000.0,,212059000.0,32891000.0,0.0,32891000.0,528395000.0,157569000.0,370826000.0,444364096.0,62265000.0,-7761000.0,-1208000.0,76750000.0,-1258000.0,73667000.0,-39010000.0,0.0,24067000.0,3541000.0,16141000.0,16141000.0,16141000.0,0.0,0.0,0.092,16414000.0,29468000.0,86300000.0,0.078,0.969,6.018,6.036,329204000.0,0.0,3.531,0.583,0.583,157852000.0,103731000.0,176376000.0,176376000.0,0.0,,,,,0.0,16414000.0,1.0,125837620.0,125820000,147376000.0,1.402,906092000.0,3599000.0,9551000.0,33607000.0,7.201,370626000.0
57,TIE,MRQ,1998-06-30,1998-06-30,1998-06-30,2019-05-27,2868000.0,879181000.0,,453516000.0,425665000.0,,3.492,-22161000.0,80326000.0,80326000.0,147111000.0,13820000.0,3.045,1.001,45189000.0,5776000.0,39413000.0,45189000.0,0.0,7959000.0,0.0,0.002,0.01,22933000.0,30892000.0,0.162,30892000.0,22933000.0,22400000.0,0.11,0.11,0.11,439442000.0,,439442000.0,630738658.0,5.0,4.149,-6315000.0,-0.05,1.0,43710000.0,0.229,83973000.0,533000.0,611134000.0,,195553000.0,24806000.0,0.0,24806000.0,439739000.0,148937000.0,290802000.0,694040658.0,-38239000.0,-18090000.0,0.0,-11422000.0,-1259000.0,-11947000.0,-42138000.0,0.0,15846000.0,0.0,13820000.0,13820000.0,13820000.0,0.0,0.0,0.072,20233000.0,23477000.0,76764000.0,0.091,1.579,8.782,8.783,297839000.0,0.0,5.516,0.908,0.908,158330000.0,88848000.0,190821000.0,190821000.0,0.0,,,,,0.0,14233000.0,1.0,125831620.0,125836000,147464000.0,1.516,795208000.0,11806000.0,8580000.0,35459000.0,6.319,304579000.0
58,TIE,MRQ,1998-03-31,1998-03-31,1998-03-31,2019-05-27,3969000.0,852219000.0,,456111000.0,396108000.0,,3.401,-25167000.0,117378000.0,117378000.0,140832000.0,18286000.0,3.767,0.991,54076000.0,2638000.0,51438000.0,54076000.0,0.0,7473000.0,0.0,0.0,0.0,29706000.0,37179000.0,0.199,37179000.0,29706000.0,29290000.0,0.145,0.14,0.145,427982000.0,,427982000.0,1001883736.0,8.0,6.265,9628000.0,0.077,1.0,46225000.0,0.247,75826000.0,416000.0,592016000.0,,163233000.0,23000000.0,0.0,23000000.0,424237000.0,121075000.0,303162000.0,853417736.0,48421000.0,0.0,0.0,38935000.0,0.0,38935000.0,-25167000.0,0.0,34795000.0,-142000.0,18286000.0,18286000.0,18286000.0,0.0,0.0,0.098,14184000.0,32041000.0,56393000.0,0.0,1.994,9.979,9.972,278743000.0,0.0,6.781,1.129,1.128,157503000.0,76287000.0,187057000.0,187057000.0,0.0,,,,,0.0,14184000.0,1.0,125849620.0,125832000,147656000.0,1.487,776393000.0,9407000.0,11004000.0,33020000.0,6.17,335036000.0
59,TIE,MRQ,1997-12-31,1997-12-31,1997-12-31,2019-05-27,3908000.0,793059000.0,,413769000.0,379290000.0,,3.25,-25436000.0,68957000.0,68957000.0,153393000.0,25588000.0,3.342,0.939,16173000.0,4726000.0,11447000.0,16173000.0,0.0,7072000.0,0.0,0.0,0.0,37857000.0,44929000.0,0.216,44929000.0,37857000.0,37746000.0,0.203,0.19,0.203,408947000.0,,408947000.0,,,,2057000.0,0.016,1.0,55070000.0,0.264,77660000.0,111000.0,538799000.0,,153818000.0,23270000.0,0.0,23270000.0,384112000.0,123816000.0,260296000.0,908476944.0,168000.0,-1337000.0,0.0,2572000.0,0.0,421000.0,-26875000.0,0.0,27493000.0,-871000.0,25588000.0,25588000.0,25588000.0,0.0,0.0,0.123,14415000.0,40655000.0,61646000.0,0.0,2.222,10.944,10.938,262426000.0,0.0,7.219,1.233,1.232,171522000.0,58001000.0,208463000.0,208463000.0,0.0,,,,,0.0,14415000.0,1.0,125849620.0,125828000,147820000.0,1.657,715399000.0,6812000.0,12158000.0,23102000.0,5.686,289953000.0
60,TIE,MRQ,1997-09-30,1997-09-30,1997-09-30,2019-05-27,,,,,,,,-11118000.0,,,132747000.0,21336000.0,,,,,,,,6947000.0,,0.0,0.0,32086000.0,39033000.0,0.22,39033000.0,32086000.0,31216000.0,0.17,0.16,0.17,,,,,,,-1359000.0,-0.011,1.0,44887000.0,0.253,,870000.0,,,,,,,,,,,-14914000.0,-11683000.0,0.0,-3761000.0,0.0,-5670000.0,-19468000.0,0.0,9759000.0,465000.0,21336000.0,21336000.0,21336000.0,0.0,0.0,0.12,10076000.0,34811000.0,,0.0,,,,,0.0,9.313,,,,,177634000.0,177634000.0,0.0,,,,,0.0,10076000.0,1.0,,125828000,94200000.0,1.412,,,9880000.0,,,
61,TIE,MRQ,1997-06-30,1997-06-30,1997-06-30,2019-05-27,,,,,,,,-19607000.0,,,138107000.0,20310000.0,,,,,,,,7404000.0,,0.0,0.0,31370000.0,38774000.0,0.212,38774000.0,31370000.0,30930000.0,0.163,0.152,0.163,,,,,,,10938000.0,0.087,1.0,44965000.0,0.246,,440000.0,,,,,,,,,,,5207000.0,0.0,0.0,-2186000.0,0.0,-2186000.0,-22868000.0,0.0,30545000.0,-284000.0,20310000.0,20310000.0,20310000.0,0.0,0.0,0.111,10704000.0,34261000.0,,0.0,,,,,0.0,7.906,,,,,183072000.0,183072000.0,0.0,,,,,0.0,10704000.0,1.0,,125828000,90100000.0,1.455,,,10620000.0,,,
62,TIE,MRQ,1997-03-31,1997-03-31,1997-03-31,2019-05-27,,,,,,,,-10134000.0,,,130300000.0,15777000.0,,,,,,,,6961000.0,,0.0,0.0,24767000.0,31728000.0,0.189,31728000.0,24767000.0,24121000.0,0.125,0.122,0.125,,,,,,,-5361000.0,-0.043,1.0,37625000.0,0.224,,646000.0,,,,,,,,,,,-8030000.0,-476000.0,0.0,-2388000.0,0.0,-2388000.0,-10580000.0,0.0,4773000.0,165000.0,15777000.0,15777000.0,15777000.0,0.0,0.0,0.094,10123000.0,27502000.0,,0.0,,,,,0.0,6.344,,,,,167925000.0,167925000.0,0.0,,,,,0.0,10123000.0,1.0,,125828000,71900000.0,1.335,,,8344000.0,,,
63,TIE,MRQ,1996-12-31,1996-12-31,1996-12-31,2019-05-27,4777000.0,703018000.0,,371018000.0,332000000.0,,2.952,,86526000.0,86526000.0,,,3.288,1.155,222431000.0,8461000.0,213970000.0,222431000.0,0.0,,0.0,0.0,0.0,,,,,,,,,,326216000.0,,326216000.0,,,,,,1.0,,,86744000.0,,639354000.0,,155488000.0,270000.0,0.0,270000.0,376802000.0,112825000.0,263977000.0,,,,,,,,,,,,,,,,,,,,52201000.0,,,,19.113,219569000.0,,8.219,,1.766,115776000.0,-25009000.0,,,,,,,,,,1.0,,110492000,,,616274000.0,12336000.0,,17615000.0,5.578,258193000.0
0,TIE,MRT,2012-09-30,2012-09-30,2012-09-30,2019-05-27,-116700000.0,1713100000.0,1672225000.0,1086400000.0,626700000.0,0.643,7.038,-75800000.0,10700000.0,10700000.0,847600000.0,107600000.0,6.019,0.377,105300000.0,500000.0,104800000.0,105300000.0,0.0,53900000.0,0.0,0.023,0.3,160300000.0,214200000.0,0.199,214200000.0,160300000.0,160300000.0,0.59,0.59,0.59,1232400000.0,1225350000.0,1232400000.0,2328742560.0,15.0,10.872,-171800000.0,-0.981,1.0,227100000.0,0.211,0.0,0.0,1627200000.0,1521900000.0,844800000.0,117600000.0,12300000.0,105300000.0,464000000.0,180500000.0,283500000.0,2246042560.0,-78200000.0,0.0,-5200000.0,102800000.0,-52400000.0,43000000.0,-26500000.0,44100000.0,-96000000.0,1300000.0,103000000.0,103000000.0,103000000.0,0.0,4600000.0,0.096,68500000.0,158600000.0,81900000.0,0.508,1.822,21.806,21.746,402400000.0,0.0,12.83,2.09,2.09,165600000.0,920700000.0,1074700000.0,1074700000.0,0.0,0.062,0.084,0.105,0.149,0.0,68500000.0,1.0,175061774.0,175100000,175100000.0,6.138,1713100000.0,60800000.0,57300000.0,62200000.0,9.784,905900000.0
1,TIE,MRT,2012-06-30,2012-06-30,2012-06-30,2019-05-27,-125800000.0,1681700000.0,1634925000.0,1066500000.0,615200000.0,0.66,6.951,-64500000.0,11700000.0,11700000.0,847600000.0,114100000.0,6.226,0.368,94400000.0,500000.0,93900000.0,94400000.0,0.0,52800000.0,0.0,0.027,0.3,170500000.0,223300000.0,0.207,223300000.0,170500000.0,170500000.0,0.62,0.62,0.62,1217800000.0,1224375000.0,1217800000.0,1973383244.0,12.0,8.837,-158600000.0,-0.905,1.0,231900000.0,0.215,0.0,0.0,1593100000.0,1442300000.0,793700000.0,138100000.0,29900000.0,108200000.0,448500000.0,171300000.0,277200000.0,1981283244.0,-81900000.0,0.0,-40800000.0,91900000.0,-52600000.0,-3700000.0,17100000.0,76400000.0,-94100000.0,-1200000.0,109400000.0,109400000.0,109400000.0,0.0,4700000.0,0.101,67900000.0,164000000.0,88000000.0,0.484,1.627,18.11,18.242,387300000.0,0.0,11.31,1.835,1.836,184600000.0,915200000.0,1079500000.0,1079500000.0,0.0,0.067,0.089,0.118,0.158,0.0,67900000.0,1.0,175179774.0,175200000,175200000.0,6.162,1681700000.0,60100000.0,61100000.0,60500000.0,9.599,895200000.0
2,TIE,MRT,2012-03-31,2012-03-31,2012-03-31,2019-05-27,-95100000.0,1672100000.0,1611800000.0,1021100000.0,651000000.0,0.664,7.037,-56200000.0,39400000.0,39400000.0,836000000.0,114800000.0,5.332,0.344,31500000.0,500000.0,31000000.0,31500000.0,0.0,51400000.0,0.0,0.022,0.3,172600000.0,224000000.0,0.209,224000000.0,172600000.0,172600000.0,0.63,0.63,0.63,1232900000.0,1235700000.0,1232900000.0,2328137735.0,13.0,10.393,-125500000.0,-0.716,1.0,233800000.0,0.219,0.0,0.0,1472700000.0,1379650000.0,739100000.0,159200000.0,13800000.0,145400000.0,424100000.0,191500000.0,232600000.0,2375437735.0,-43700000.0,0.0,-80600000.0,29000000.0,-53000000.0,-110200000.0,137300000.0,190200000.0,-69300000.0,-1500000.0,110700000.0,110700000.0,110700000.0,0.0,4100000.0,0.103,67000000.0,166800000.0,88000000.0,0.476,1.927,21.458,21.524,385200000.0,0.0,13.56,2.22,2.221,180400000.0,898200000.0,1069800000.0,1069800000.0,0.0,0.069,0.09,0.125,0.161,0.0,67000000.0,1.0,175179774.0,175200000,175200000.0,6.106,1672100000.0,62900000.0,61900000.0,90600000.0,9.544,829600000.0
3,TIE,MRT,2011-12-31,2011-12-31,2011-12-31,2019-05-27,-97200000.0,1622000000.0,1588575000.0,959500000.0,662500000.0,0.658,6.844,-54100000.0,47300000.0,47300000.0,821600000.0,117200000.0,5.255,0.321,2500000.0,0.0,2500000.0,2500000.0,0.0,50500000.0,0.0,0.015,0.225,177500000.0,228000000.0,0.218,228000000.0,177500000.0,177500000.0,0.64,0.64,0.64,1218300000.0,1241350000.0,1218300000.0,2535293015.0,14.0,11.12,-96100000.0,-0.54,1.0,223600000.0,0.214,0.0,0.0,1394600000.0,1347400000.0,677500000.0,186200000.0,27000000.0,159200000.0,390600000.0,182600000.0,208000000.0,2624193015.0,-236100000.0,0.0,-80600000.0,0.0,-39900000.0,-126100000.0,-67800000.0,-11200000.0,-42000000.0,-200000.0,114000000.0,114000000.0,114000000.0,0.0,3200000.0,0.109,64500000.0,159100000.0,84900000.0,0.352,2.154,23.019,23.406,385800000.0,0.0,14.98,2.511,2.551,156100000.0,885700000.0,1045200000.0,1045200000.0,0.0,0.072,0.092,0.132,0.17,0.0,64500000.0,1.0,175179774.0,178000000,178100000.0,5.872,1622000000.0,64400000.0,63500000.0,84500000.0,9.112,776900000.0
4,TIE,MRT,2011-09-30,2011-09-30,2011-09-30,2019-05-27,-75200000.0,1563900000.0,1557575000.0,928000000.0,635900000.0,0.644,6.945,-44500000.0,88900000.0,88900000.0,787000000.0,111700000.0,5.584,0.261,0.0,0.0,0.0,0.0,0.0,50600000.0,0.0,0.01,0.15,167500000.0,218100000.0,0.217,218100000.0,167500000.0,167500000.0,0.61,0.61,0.61,1228500000.0,1239250000.0,1228500000.0,2570815798.0,15.0,11.787,-43500000.0,-0.246,1.0,216800000.0,0.216,0.0,0.0,1308800000.0,1271700000.0,588400000.0,199400000.0,44200000.0,155200000.0,320700000.0,166200000.0,154500000.0,2664415798.0,-133000000.0,0.0,-76800000.0,0.0,-26800000.0,-107100000.0,-25400000.0,21200000.0,1000000.0,-1500000.0,108800000.0,108800000.0,108800000.0,0.0,2900000.0,0.108,63800000.0,153000000.0,72800000.0,0.246,2.169,24.489,24.557,375900000.0,0.0,14.98,2.654,2.64,167500000.0,870200000.0,1003800000.0,1003800000.0,0.0,0.07,0.088,0.132,0.167,0.0,63800000.0,1.0,177864873.0,176900000,176900000.0,5.674,1563900000.0,44600000.0,58700000.0,62000000.0,8.841,761800000.0
5,TIE,MRT,2011-06-30,2011-06-30,2011-06-30,2019-05-27,-64400000.0,1589200000.0,1532875000.0,976100000.0,613100000.0,0.621,7.029,-35300000.0,93600000.0,93600000.0,740300000.0,107500000.0,6.376,0.246,0.0,0.0,0.0,0.0,0.0,50900000.0,0.0,0.004,0.075,159300000.0,210200000.0,0.221,210200000.0,159300000.0,159300000.0,0.59,0.59,0.59,1263100000.0,1223750000.0,1263100000.0,3217692315.0,20.0,15.308,-19700000.0,-0.11,1.0,211300000.0,0.222,0.0,0.0,1342500000.0,1226550000.0,553200000.0,251500000.0,120900000.0,130600000.0,311100000.0,153100000.0,158000000.0,3300792315.0,-92500000.0,0.0,-41200000.0,0.0,-13600000.0,-58300000.0,-55100000.0,-17600000.0,15600000.0,5300000.0,105300000.0,105300000.0,105300000.0,0.0,2200000.0,0.111,60300000.0,151000000.0,69500000.0,0.127,2.613,31.347,31.051,376700000.0,0.0,18.32,3.469,3.46,168500000.0,858400000.0,951600000.0,951600000.0,0.0,0.069,0.086,0.13,0.167,0.0,60300000.0,1.0,180174253.0,179700000,179900000.0,5.295,1589200000.0,48600000.0,54000000.0,61500000.0,8.844,823000000.0
6,TIE,MRT,2011-03-31,2011-03-31,2011-03-31,2019-05-27,-95300000.0,1579200000.0,1485150000.0,1016000000.0,563200000.0,0.6,6.967,-28800000.0,83100000.0,83100000.0,702400000.0,95300000.0,6.667,0.244,0.0,0.0,0.0,0.0,0.0,51700000.0,0.0,0.0,0.0,140600000.0,192300000.0,0.216,192300000.0,140600000.0,140600000.0,0.52,0.52,0.52,1255500000.0,1188500000.0,1255500000.0,3064237621.0,22.0,15.935,34600000.0,0.192,1.0,189200000.0,0.212,0.0,0.0,1343700000.0,1168975000.0,512100000.0,313200000.0,228600000.0,84600000.0,306200000.0,152400000.0,153800000.0,3347637621.0,-128400000.0,0.0,-2600000.0,0.0,0.0,-4900000.0,-189500000.0,-158300000.0,63400000.0,2600000.0,92900000.0,92800000.0,92800000.0,0.0,2400000.0,0.104,57900000.0,131300000.0,72300000.0,0.0,2.666,36.074,35.731,379100000.0,100000.0,18.58,3.755,3.755,150300000.0,840500000.0,891600000.0,891600000.0,0.0,0.062,0.078,0.12,0.158,0.0,57900000.0,1.0,180174253.0,180200000,180400000.0,4.948,1579200000.0,50000000.0,47700000.0,52200000.0,8.764,863600000.0
7,TIE,MRT,2010-12-31,2010-12-31,2010-12-31,2019-05-27,-112000000.0,1498000000.0,1442100000.0,940700000.0,557300000.0,0.594,6.725,-23600000.0,283400000.0,283400000.0,678400000.0,82900000.0,7.66,0.225,0.0,0.0,0.0,0.0,0.0,52500000.0,0.0,0.0,0.0,123400000.0,175900000.0,0.205,175900000.0,123400000.0,123400000.0,0.45,0.45,0.45,1209900000.0,1153950000.0,1209900000.0,2873493667.0,23.0,16.336,97800000.0,0.544,1.0,178800000.0,0.209,0.0,0.0,1091800000.0,1105650000.0,470700000.0,104000000.0,24700000.0,79300000.0,272300000.0,122800000.0,149500000.0,3095393667.0,114000000.0,0.0,-3900000.0,0.0,0.0,-6300000.0,500000.0,24600000.0,121400000.0,-1600000.0,80700000.0,80600000.0,80600000.0,0.0,2200000.0,0.094,56600000.0,122200000.0,52300000.0,0.0,2.558,38.404,38.178,381600000.0,100000.0,17.18,3.611,3.606,123000000.0,811600000.0,857200000.0,857200000.0,0.0,0.056,0.07,0.112,0.144,0.0,56600000.0,1.0,180174253.0,179900000,180400000.0,4.765,1498000000.0,52400000.0,42700000.0,37200000.0,8.327,817900000.0
8,TIE,MRT,2010-09-30,2010-09-30,2010-09-30,2019-05-27,-132000000.0,1465100000.0,1412250000.0,901000000.0,564100000.0,0.583,6.473,-23000000.0,221900000.0,221900000.0,670500000.0,63800000.0,7.835,0.243,0.0,0.0,0.0,0.0,0.0,52700000.0,10900000.0,0.0,0.0,98800000.0,151500000.0,0.184,151500000.0,98800000.0,98800000.0,0.35,0.35,0.35,1166500000.0,1128225000.0,1166500000.0,3410178090.0,35.0,22.509,160500000.0,0.891,1.0,152800000.0,0.186,0.0,0.0,1128200000.0,1108850000.0,448000000.0,160500000.0,67300000.0,93200000.0,283100000.0,115000000.0,168100000.0,3596278090.0,78300000.0,0.0,-12700000.0,0.0,0.0,-15100000.0,-88900000.0,-68800000.0,183500000.0,-1200000.0,62300000.0,62100000.0,62100000.0,0.0,1500000.0,0.075,57200000.0,95600000.0,49300000.0,0.0,3.083,57.911,57.029,385100000.0,200000.0,19.96,4.368,4.369,125800000.0,788300000.0,823300000.0,823300000.0,0.0,0.044,0.055,0.089,0.12,0.0,57200000.0,1.0,180174253.0,180200000,180400000.0,4.569,1465100000.0,56400000.0,36500000.0,27600000.0,8.13,786000000.0
9,TIE,MRT,2010-06-30,2010-06-30,2010-06-30,2019-05-27,-155000000.0,1398300000.0,1396800000.0,844600000.0,553700000.0,0.569,6.248,-22300000.0,186100000.0,186100000.0,673500000.0,43200000.0,8.446,0.234,0.0,0.0,0.0,0.0,0.0,52600000.0,11700000.0,0.0,0.0,69500000.0,122100000.0,0.154,122100000.0,69500000.0,69500000.0,0.24,0.24,0.24,1122100000.0,1119225000.0,1122100000.0,2946804447.0,42.0,24.134,188200000.0,1.048,1.0,120900000.0,0.152,0.0,0.0,1112200000.0,1108125000.0,422900000.0,158000000.0,80900000.0,77100000.0,262300000.0,100000000.0,162300000.0,3158304447.0,79500000.0,0.0,-14200000.0,0.0,0.0,-22100000.0,-104200000.0,-81100000.0,210500000.0,-4700000.0,42000000.0,41700000.0,41700000.0,0.0,1200000.0,0.052,57800000.0,63100000.0,36400000.0,0.0,2.815,75.739,73.292,389300000.0,300000.0,17.59,3.976,3.977,120700000.0,766800000.0,794400000.0,794400000.0,0.0,0.03,0.037,0.063,0.087,0.0,57800000.0,1.0,179551134.0,179600000,180500000.0,4.423,1398300000.0,56700000.0,27500000.0,23600000.0,7.786,744600000.0
10,TIE,MRT,2010-03-31,2010-03-31,2010-03-31,2019-05-27,-143200000.0,1407000000.0,1394875000.0,826800000.0,580200000.0,0.565,6.221,-27300000.0,211500000.0,211500000.0,676400000.0,32400000.0,7.867,0.244,0.0,0.0,0.0,0.0,0.0,52300000.0,16900000.0,0.0,0.0,55100000.0,107400000.0,0.136,107400000.0,55100000.0,55100000.0,0.18,0.18,0.18,1117300000.0,1120650000.0,1117300000.0,2810929363.0,51.0,26.173,206400000.0,1.149,1.0,111700000.0,0.142,0.0,0.0,1090400000.0,1120200000.0,429200000.0,127400000.0,37900000.0,89500000.0,273100000.0,105100000.0,168000000.0,2980329363.0,147200000.0,0.0,-15900000.0,0.0,0.0,-21700000.0,-65500000.0,-38100000.0,233700000.0,700000.0,31600000.0,31300000.0,31300000.0,0.0,800000.0,0.04,59200000.0,52500000.0,35600000.0,0.0,2.667,95.218,92.167,400200000.0,300000.0,16.59,3.782,3.781,110700000.0,747800000.0,788100000.0,788100000.0,0.0,0.022,0.028,0.049,0.07,0.0,59200000.0,1.0,179646134.0,179600000,180600000.0,4.388,1407000000.0,61400000.0,23500000.0,29700000.0,7.834,721700000.0
11,TIE,MRT,2009-12-31,2009-12-31,2009-12-31,2019-05-27,-138000000.0,1378600000.0,1383750000.0,807300000.0,571300000.0,0.559,6.126,-33000000.0,169400000.0,169400000.0,660700000.0,35800000.0,7.718,0.23,0.0,0.0,0.0,0.0,0.0,51500000.0,0.0,0.0,0.0,55200000.0,106700000.0,0.138,106700000.0,55200000.0,55200000.0,0.19,0.19,0.19,1107000000.0,1115700000.0,1107000000.0,2110264598.0,38.0,19.778,173800000.0,0.962,1.0,113300000.0,0.146,0.0,0.0,1104600000.0,1140325000.0,475600000.0,113600000.0,33800000.0,79800000.0,254500000.0,104600000.0,149900000.0,2253864598.0,124400000.0,0.0,-14700000.0,0.0,0.0,-20300000.0,-64100000.0,-34000000.0,206800000.0,2000000.0,34500000.0,34300000.0,34300000.0,0.0,1300000.0,0.044,60400000.0,52900000.0,30100000.0,0.0,2.036,65.71,65.895,416100000.0,200000.0,12.52,2.912,2.923,85000000.0,731000000.0,774000000.0,774000000.0,0.0,0.025,0.031,0.048,0.071,0.0,60400000.0,1.0,180021134.0,180700000,180700000.0,4.283,1378600000.0,50300000.0,20700000.0,2900000.0,7.629,702700000.0
12,TIE,MRT,2009-09-30,2009-09-30,2009-09-30,2019-05-27,-118500000.0,1403300000.0,1381025000.0,825600000.0,577700000.0,0.62,6.26,-53300000.0,143600000.0,143600000.0,717600000.0,66100000.0,6.143,0.226,0.0,0.0,0.0,0.0,0.0,50300000.0,21100000.0,0.008,0.075,93500000.0,143800000.0,0.168,143800000.0,93500000.0,93500000.0,0.36,0.36,0.36,1130500000.0,1108850000.0,1130500000.0,1625035813.0,17.0,11.301,145800000.0,0.807,1.0,138100000.0,0.161,0.0,0.0,1125300000.0,1156800000.0,512500000.0,76100000.0,0.0,76100000.0,255300000.0,134400000.0,120900000.0,1731635813.0,107200000.0,-7000000.0,-5900000.0,-13100000.0,-13600000.0,-39700000.0,-53600000.0,7100000.0,199100000.0,1400000.0,64100000.0,63700000.0,63700000.0,0.0,2000000.0,0.074,59800000.0,78300000.0,35300000.0,0.208,1.532,27.184,26.639,420800000.0,400000.0,9.59,2.024,2.024,134200000.0,726200000.0,855700000.0,855700000.0,0.0,0.046,0.057,0.081,0.109,0.0,59800000.0,1.0,180566821.0,180600000,180600000.0,4.738,1403300000.0,47800000.0,29400000.0,8100000.0,7.77,691200000.0
13,TIE,MRT,2009-06-30,2009-06-30,2009-06-30,2019-05-27,-121500000.0,1390600000.0,1389800000.0,811600000.0,579000000.0,0.698,6.231,-71400000.0,106600000.0,106600000.0,776400000.0,106600000.0,6.572,0.218,0.0,0.0,0.0,0.0,0.0,49400000.0,18900000.0,0.016,0.15,146300000.0,195700000.0,0.202,195700000.0,146300000.0,146300000.0,0.57,0.57,0.57,1127800000.0,1118200000.0,1127800000.0,1600075361.0,11.0,8.176,116200000.0,0.642,1.0,193300000.0,0.199,0.0,0.0,1160500000.0,1189250000.0,547000000.0,69900000.0,0.0,69900000.0,245900000.0,123500000.0,122400000.0,1664375361.0,65200000.0,0.0,-4400000.0,-22500000.0,-27200000.0,-55700000.0,-66100000.0,2300000.0,187600000.0,-600000.0,103200000.0,102800000.0,102800000.0,0.0,3400000.0,0.106,63600000.0,129700000.0,40100000.0,0.263,1.476,16.19,16.123,427300000.0,400000.0,9.19,1.716,1.715,128900000.0,725000000.0,969700000.0,969700000.0,0.0,0.074,0.092,0.123,0.151,0.0,63600000.0,1.0,181107221.0,181000000,181000000.0,5.357,1390600000.0,46800000.0,43100000.0,3300000.0,7.683,688100000.0
14,TIE,MRT,2009-03-31,2009-03-31,2009-03-31,2019-05-27,-147400000.0,1362500000.0,1406400000.0,787600000.0,574900000.0,0.755,6.06,-93800000.0,64300000.0,64300000.0,815300000.0,146100000.0,6.187,0.222,0.0,0.0,0.0,0.0,0.0,48600000.0,17900000.0,0.041,0.225,200100000.0,248700000.0,0.234,248700000.0,200100000.0,200100000.0,0.78,0.78,0.78,1097500000.0,1129025000.0,1097500000.0,945542723.0,5.0,3.802,69700000.0,0.385,1.0,246000000.0,0.232,0.0,0.0,1170900000.0,1218525000.0,563700000.0,72700000.0,0.0,72700000.0,243900000.0,127300000.0,116600000.0,990542723.0,14300000.0,0.0,-100000.0,0.0,-40800000.0,-48000000.0,-97400000.0,-4300000.0,163500000.0,-3800000.0,141900000.0,141500000.0,141500000.0,0.0,4200000.0,0.133,64000000.0,182000000.0,46900000.0,0.288,0.903,7.0,7.013,423000000.0,400000.0,5.47,0.933,0.933,130700000.0,716400000.0,1061300000.0,1061300000.0,0.0,0.101,0.125,0.164,0.189,0.0,64000000.0,1.0,181086421.0,181100000,182100000.0,5.86,1362500000.0,42000000.0,58200000.0,3800000.0,7.523,660300000.0
15,TIE,MRT,2008-12-31,2008-12-31,2008-12-31,2019-05-27,-145500000.0,1367700000.0,1422275000.0,788900000.0,578800000.0,0.81,5.951,-121300000.0,45000000.0,45000000.0,863800000.0,168200000.0,5.183,0.248,0.0,0.0,0.0,0.0,0.0,47700000.0,17600000.0,0.034,0.3,231600000.0,279300000.0,0.243,279300000.0,231600000.0,231600000.0,0.89,0.89,0.89,1079600000.0,1138625000.0,1079600000.0,1571824689.0,7.0,5.628,76300000.0,0.421,1.0,287700000.0,0.25,0.0,0.0,1170500000.0,1225050000.0,569700000.0,75800000.0,1000000.0,74800000.0,267400000.0,152200000.0,115200000.0,1595124689.0,-45000000.0,0.0,-36500000.0,0.0,-54500000.0,-97700000.0,-142600000.0,-19100000.0,197600000.0,-2300000.0,162500000.0,162200000.0,162200000.0,0.0,5700000.0,0.141,66500000.0,221200000.0,58500000.0,0.337,1.478,9.834,9.899,427100000.0,300000.0,8.81,1.385,1.388,144400000.0,696700000.0,1151500000.0,1151500000.0,0.0,0.114,0.142,0.189,0.201,0.0,66500000.0,1.0,181058421.0,181400000,182500000.0,6.348,1367700000.0,41800000.0,69100000.0,0.0,7.54,636700000.0
16,TIE,MRT,2008-09-30,2008-09-30,2008-09-30,2019-05-27,-36400000.0,1438400000.0,1435325000.0,846500000.0,591900000.0,0.826,6.452,-129600000.0,36400000.0,36400000.0,866200000.0,201900000.0,5.291,0.212,13100000.0,0.0,13100000.0,13100000.0,0.0,46500000.0,13200000.0,0.026,0.3,261300000.0,307800000.0,0.26,307800000.0,261300000.0,258700000.0,1.06,1.03,1.06,1167900000.0,1151900000.0,1167900000.0,2034302494.0,8.0,6.609,60800000.0,0.336,1.0,318800000.0,0.269,0.0,2600000.0,1255100000.0,1220475000.0,598000000.0,24300000.0,0.0,24300000.0,248000000.0,160000000.0,88000000.0,2053202494.0,-42400000.0,7000000.0,-36500000.0,13100000.0,-54600000.0,-83300000.0,-148500000.0,-23800000.0,190400000.0,-1000000.0,188500000.0,187300000.0,187300000.0,0.0,13400000.0,0.158,68700000.0,250100000.0,74300000.0,0.283,1.758,10.962,10.698,428300000.0,1200000.0,11.34,1.733,1.732,224000000.0,675900000.0,1185000000.0,1185000000.0,0.0,0.13,0.163,0.214,0.221,0.0,68700000.0,1.0,181058421.0,181000000,182000000.0,6.547,1438400000.0,27100000.0,70200000.0,5100000.0,7.947,686500000.0
17,TIE,MRT,2008-06-30,2008-06-30,2008-06-30,2019-05-27,-6600000.0,1457000000.0,1421325000.0,857100000.0,599900000.0,0.835,6.47,-133200000.0,41400000.0,41400000.0,843000000.0,214000000.0,5.34,0.225,22500000.0,0.0,22500000.0,22500000.0,0.0,45300000.0,12100000.0,0.016,0.225,285800000.0,331100000.0,0.279,331100000.0,285800000.0,283200000.0,1.16,1.1,1.16,1171100000.0,1133700000.0,1171100000.0,2482517660.0,9.0,7.498,88000000.0,0.486,1.0,343900000.0,0.29,0.0,2600000.0,1277600000.0,1192925000.0,598100000.0,30900000.0,0.0,30900000.0,263000000.0,160500000.0,102500000.0,2532517660.0,-2600000.0,0.0,-36500000.0,22500000.0,-41000000.0,-61600000.0,-163700000.0,-18800000.0,221200000.0,1500000.0,201900000.0,199400000.0,199400000.0,0.0,12100000.0,0.168,67400000.0,276500000.0,78600000.0,0.194,2.163,12.701,12.06,425200000.0,2500000.0,13.99,2.134,2.133,235600000.0,649300000.0,1186900000.0,1186900000.0,0.0,0.14,0.176,0.24,0.241,0.0,67400000.0,1.0,181023421.0,181000000,182000000.0,6.557,1457000000.0,30400000.0,81300000.0,8200000.0,8.05,696600000.0
18,TIE,MRT,2008-03-31,2008-03-31,2008-03-31,2019-05-27,-8000000.0,1426000000.0,1386025000.0,857700000.0,568300000.0,0.888,6.221,-123200000.0,50000000.0,50000000.0,835700000.0,243100000.0,4.792,0.23,0.0,0.0,0.0,0.0,0.0,43600000.0,13800000.0,0.01,0.15,333200000.0,376800000.0,0.306,376800000.0,333200000.0,330600000.0,1.37,1.26,1.37,1135900000.0,1099225000.0,1135900000.0,2665320213.0,8.0,7.074,68000000.0,0.372,1.0,395100000.0,0.321,0.0,2600000.0,1197000000.0,1152075000.0,574100000.0,21100000.0,0.0,21100000.0,261700000.0,179000000.0,82700000.0,2755320213.0,-25600000.0,0.0,-36500000.0,0.0,-27400000.0,-73400000.0,-145300000.0,-12200000.0,191200000.0,1900000.0,232200000.0,228400000.0,228400000.0,0.0,10900000.0,0.186,68900000.0,326200000.0,82600000.0,0.109,2.426,12.064,10.985,407200000.0,3800000.0,15.05,2.239,2.233,256100000.0,615600000.0,1230800000.0,1230800000.0,0.0,0.165,0.208,0.289,0.271,0.0,68900000.0,1.0,183077755.0,182600000,183900000.0,6.74,1426000000.0,25200000.0,98400000.0,17300000.0,7.809,678700000.0
19,TIE,MRT,2007-12-31,2007-12-31,2007-12-31,2019-05-27,-20400000.0,1419900000.0,1350800000.0,897800000.0,522100000.0,0.947,6.958,-100900000.0,90000000.0,90000000.0,831500000.0,276700000.0,5.052,0.232,0.0,0.0,0.0,0.0,0.0,41100000.0,17400000.0,0.003,0.075,387700000.0,428800000.0,0.335,428800000.0,387700000.0,385100000.0,1.62,1.46,1.62,1132700000.0,1051725000.0,1132700000.0,4211145470.0,11.0,9.821,91200000.0,0.56,1.0,447400000.0,0.35,0.0,2600000.0,1152200000.0,1102675000.0,562700000.0,53200000.0,0.0,53200000.0,263300000.0,177700000.0,85600000.0,4289945470.0,60600000.0,0.0,0.0,0.0,-13700000.0,-24500000.0,-108200000.0,2600000.0,192100000.0,1200000.0,268200000.0,263100000.0,263100000.0,0.0,8500000.0,0.206,69000000.0,378400000.0,72600000.0,0.046,3.787,16.305,16.327,382000000.0,5100000.0,26.45,3.354,3.367,209900000.0,589000000.0,1278900000.0,1278900000.0,0.0,0.195,0.25,0.352,0.303,0.0,69000000.0,1.0,162190755.0,162800000,184300000.0,7.856,1419900000.0,31700000.0,116900000.0,11300000.0,8.722,720100000.0
20,TIE,MRT,2007-09-30,2007-09-30,2007-09-30,2019-05-27,-11300000.0,1382400000.0,1300050000.0,882800000.0,499600000.0,1.003,6.752,-99100000.0,78800000.0,78800000.0,813200000.0,319900000.0,5.563,0.242,0.0,0.0,0.0,0.0,0.0,38700000.0,17400000.0,0.0,0.0,458500000.0,497200000.0,0.381,497200000.0,458500000.0,455100000.0,1.95,1.73,1.95,1095100000.0,988275000.0,1095100000.0,5399121738.0,12.0,10.859,52200000.0,0.322,1.0,490600000.0,0.376,0.0,3400000.0,1144900000.0,1058725000.0,570200000.0,55400000.0,0.0,55400000.0,265200000.0,158700000.0,106500000.0,5443121738.0,52100000.0,75000000.0,600000.0,-55300000.0,0.0,-67000000.0,-34000000.0,0.0,151300000.0,1800000.0,319900000.0,314300000.0,314300000.0,0.0,0.0,0.241,68900000.0,421700000.0,66200000.0,0.0,4.97,17.318,17.21,360800000.0,5600000.0,33.56,4.175,4.175,205200000.0,543700000.0,1303800000.0,1303800000.0,0.0,0.242,0.318,0.433,0.352,100000.0,68900000.0,1.0,162190755.0,162200000,184300000.0,8.038,1382400000.0,24000000.0,135200000.0,20600000.0,8.523,724100000.0
21,TIE,MRT,2007-06-30,2007-06-30,2007-06-30,2019-05-27,-20900000.0,1315800000.0,1236356500.0,849100000.0,466700000.0,1.034,6.374,-99900000.0,44000000.0,44000000.0,787900000.0,320400000.0,5.388,0.254,0.0,0.0,0.0,0.0,0.0,36500000.0,15600000.0,0.0,0.0,460400000.0,496900000.0,0.389,496900000.0,460400000.0,457000000.0,1.96,1.73,1.96,1033200000.0,904131500.0,1033200000.0,5091490416.0,11.0,10.247,13600000.0,0.084,1.0,490400000.0,0.384,0.0,3400000.0,1114200000.0,1016451750.0,546400000.0,52200000.0,0.0,52200000.0,262900000.0,157600000.0,105300000.0,5167090416.0,30200000.0,75000000.0,700000.0,-48500000.0,0.0,-59800000.0,-24800000.0,0.0,113500000.0,1300000.0,320400000.0,314700000.0,314700000.0,0.0,0.0,0.246,69400000.0,421000000.0,67700000.0,0.0,5.001,16.419,16.276,344400000.0,5700000.0,31.9,4.042,4.045,243100000.0,491500000.0,1278300000.0,1278300000.0,0.0,0.255,0.348,0.453,0.36,-300000.0,69400000.0,1.0,161977756.0,162100000,184300000.0,7.886,1315800000.0,11300000.0,136600000.0,21900000.0,8.117,691500000.0
22,TIE,MRT,2007-03-31,2007-03-31,2007-03-31,2019-05-27,-31100000.0,1285100000.0,1171481250.0,831200000.0,453900000.0,1.057,5.85,-97300000.0,75600000.0,75600000.0,776800000.0,298900000.0,3.956,0.332,0.0,0.0,0.0,0.0,0.0,34700000.0,16400000.0,0.0,0.0,433800000.0,468500000.0,0.378,468500000.0,433800000.0,430400000.0,1.85,1.62,1.85,945900000.0,823631750.0,945900000.0,5768293793.0,13.0,12.312,32300000.0,0.2,1.0,461200000.0,0.373,0.0,3400000.0,999400000.0,968924000.0,518300000.0,46100000.0,0.0,46100000.0,314500000.0,210100000.0,104400000.0,5797799793.0,63700000.0,75000000.0,3400000.0,-50000000.0,0.0,-45500000.0,-22300000.0,0.0,129600000.0,1900000.0,298900000.0,292700000.0,292700000.0,0.0,0.0,0.236,69100000.0,392100000.0,80500000.0,0.0,6.129,19.808,19.395,334900000.0,6200000.0,35.88,4.683,4.686,222900000.0,415200000.0,1238000000.0,1238000000.0,0.0,0.25,0.355,0.448,0.35,-9900000.0,69100000.0,1.0,161588623.0,161700000,184200000.0,7.656,1285100000.0,13100000.0,131500000.0,58000000.0,7.947,621100000.0
23,TIE,MRT,2006-12-31,2006-12-31,2006-12-31,2019-05-27,-22400000.0,1216900000.0,1097677500.0,757600000.0,459300000.0,1.078,5.67,-100900000.0,29400000.0,29400000.0,747100000.0,281300000.0,3.589,0.36,0.0,0.0,0.0,0.0,0.0,34100000.0,18700000.0,0.0,0.0,413100000.0,447200000.0,0.378,447200000.0,413100000.0,409700000.0,1.77,1.53,1.77,878900000.0,746946500.0,878900000.0,4784236507.0,12.0,10.698,-21800000.0,-0.141,1.0,436100000.0,0.369,0.0,3400000.0,976400000.0,930679500.0,501500000.0,56800000.0,0.0,56800000.0,316700000.0,211100000.0,105600000.0,4755759507.0,11800000.0,75000000.0,11300000.0,-52700000.0,0.0,-42500000.0,-26500000.0,0.0,79100000.0,1700000.0,281300000.0,274500000.0,274500000.0,0.0,0.0,0.232,67000000.0,369100000.0,87800000.0,0.0,5.411,17.325,16.672,329800000.0,6800000.0,29.51,4.019,3.866,213000000.0,340300000.0,1183200000.0,1183200000.0,0.0,0.25,0.367,0.444,0.349,-9900000.0,67000000.0,1.0,161157557.0,155000000,183800000.0,7.634,1216900000.0,12600000.0,128400000.0,40400000.0,7.851,546500000.0
24,TIE,MRT,2006-09-30,2006-09-30,2006-09-30,2019-05-27,-31622000.0,1127626000.0,1020268500.0,717624000.0,410002000.0,1.059,4.708,-81497000.0,26806000.0,26806000.0,701170000.0,210633000.0,3.98,0.463,55283000.0,0.0,55283000.0,55283000.0,0.0,33643000.0,15316000.0,0.0,0.0,326150000.0,359793000.0,0.333,359793000.0,326150000.0,324847000.0,1.36,1.15,1.36,758526000.0,667763500.0,758526000.0,4107790081.0,13.0,11.417,31851000.0,0.198,1.0,379217000.0,0.351,0.0,1303000.0,975807000.0,881548000.0,489155000.0,78396000.0,0.0,78396000.0,351090000.0,180296000.0,170794000.0,4073254081.0,21154000.0,0.0,11844000.0,-21647000.0,0.0,-12084000.0,-80950000.0,2223000.0,113348000.0,840000.0,210633000.0,202359000.0,202359000.0,0.0,0.0,0.187,64875000.0,314342000.0,70566000.0,0.0,5.37,20.129,18.588,295865000.0,8274000.0,25.28,3.77,3.77,178110000.0,229636000.0,1080387000.0,1080387000.0,0.0,0.198,0.303,0.37,0.302,-10000000.0,64875000.0,1.0,161125557.0,161100000,184200000.0,6.706,1127626000.0,24765000.0,114214000.0,46916000.0,7.0,537328000.0
25,TIE,MRT,2006-06-30,2006-06-30,2006-06-30,2019-05-27,-25844000.0,1056299000.0,948702750.0,662412000.0,393887000.0,1.053,4.676,-70447000.0,13900000.0,13900000.0,661454000.0,192696000.0,3.973,0.463,48436000.0,0.0,48436000.0,48436000.0,0.0,32533000.0,12719000.0,0.0,0.0,295119000.0,327652000.0,0.328,327652000.0,295119000.0,292736000.0,1.29,1.06,1.29,711201000.0,605283500.0,711201000.0,5229633569.0,18.0,15.961,15500000.0,0.102,1.0,337165000.0,0.338,0.0,2383000.0,924089000.0,813419750.0,436489000.0,83419000.0,0.0,83419000.0,328941000.0,166746000.0,162195000.0,5192931569.0,8856000.0,0.0,15893000.0,-19395000.0,0.0,-7779000.0,-69900000.0,2223000.0,85947000.0,588000.0,192696000.0,183092000.0,183092000.0,0.0,0.0,0.183,60962000.0,276203000.0,75221000.0,0.0,7.302,28.362,26.651,276401000.0,9604000.0,34.38,5.2,5.236,196758000.0,176913000.0,998619000.0,998619000.0,0.0,0.193,0.302,0.363,0.296,-9600000.0,60962000.0,1.0,151045130.0,152100000,184100000.0,6.566,1056299000.0,19324000.0,100040000.0,38217000.0,6.945,495666000.0
26,TIE,MRT,2006-03-31,2006-03-31,2006-03-31,2019-05-27,-36774000.0,989885000.0,885951500.0,619682000.0,370203000.0,0.995,4.375,-66857000.0,12089000.0,12089000.0,602720000.0,173395000.0,3.44,0.523,48791000.0,0.0,48791000.0,48791000.0,0.0,31867000.0,16223000.0,0.0,0.0,257300000.0,289167000.0,0.328,289167000.0,257300000.0,253974000.0,1.19,0.95,1.19,639159000.0,545452500.0,639159000.0,3618845745.0,14.0,12.515,-6164000.0,-0.042,1.0,278745000.0,0.316,0.0,3326000.0,846422000.0,747140500.0,400637000.0,74673000.0,0.0,74673000.0,334528000.0,180165000.0,154363000.0,3579385745.0,-1953000.0,0.0,14300000.0,7775000.0,0.0,6653000.0,-68482000.0,0.0,60693000.0,-817000.0,173395000.0,162393000.0,162393000.0,0.0,0.0,0.184,56540000.0,222205000.0,66725000.0,0.0,5.6,22.042,20.399,262894000.0,11002000.0,24.275,4.061,4.024,190554000.0,122800000.0,881465000.0,881465000.0,0.0,0.183,0.298,0.344,0.292,0.0,56540000.0,1.0,147451524.0,146100000,183900000.0,6.033,989885000.0,19680000.0,80579000.0,56235000.0,6.775,439517000.0
27,TIE,MRT,2005-12-31,2005-12-31,2005-12-31,2019-05-27,-38271000.0,907264000.0,829518750.0,550270000.0,356994000.0,0.904,4.298,-61100000.0,17751000.0,17751000.0,550400000.0,155900000.0,3.298,0.59,57211000.0,0.0,57211000.0,57211000.0,0.0,31500000.0,15577000.0,0.0,0.0,184400000.0,215900000.0,0.288,215900000.0,184400000.0,180400000.0,1.1,0.86,1.1,562168000.0,496988750.0,562168000.0,2110092260.0,11.0,9.773,11800000.0,0.09,1.0,199400000.0,0.266,0.0,4000000.0,779874000.0,686364500.0,365696000.0,72455000.0,0.0,72455000.0,331573000.0,166850000.0,164723000.0,2036494260.0,10400000.0,0.0,6400000.0,8300000.0,0.0,0.0,-61500000.0,0.0,72900000.0,-1000000.0,155900000.0,143700000.0,143700000.0,0.0,0.0,0.192,53600000.0,145800000.0,62376000.0,0.0,3.623,14.172,14.377,252990000.0,12200000.0,15.815,2.716,2.759,142902000.0,66179000.0,749800000.0,749800000.0,0.0,0.173,0.289,0.269,0.246,0.0,53600000.0,1.0,128769792.0,130800000,181700000.0,5.732,907264000.0,28398000.0,24500000.0,40625000.0,6.936,383420000.0
28,TIE,MRT,2005-09-30,2005-09-30,2005-09-30,2019-05-27,-51590000.0,841363000.0,777853500.0,491180000.0,350183000.0,0.856,3.879,-42718000.0,5686000.0,5686000.0,514225000.0,133812000.0,2.342,0.63,81688000.0,64996000.0,16692000.0,81688000.0,0.0,31882000.0,18827000.0,0.0,0.0,139525000.0,171407000.0,0.257,171407000.0,139525000.0,135874000.0,0.945,0.748,0.945,508606000.0,458053750.0,508606000.0,1347131243.0,10.0,7.859,-28685000.0,-0.219,1.0,151757000.0,0.228,4309000.0,3651000.0,703294000.0,634479750.0,337157000.0,72923000.0,0.0,72923000.0,320520000.0,209762000.0,110758000.0,1273533243.0,-2433000.0,0.0,5331000.0,42456000.0,0.0,32050000.0,-48175000.0,-7560000.0,14033000.0,-341000.0,133812000.0,121087000.0,121087000.0,0.0,0.0,0.182,51155000.0,100602000.0,55940000.0,0.0,2.504,10.518,10.466,245257000.0,12725000.0,9.89,1.912,1.947,140353000.0,27619000.0,665982000.0,665982000.0,0.0,0.156,0.264,0.22,0.21,0.0,51155000.0,1.0,128769792.0,131104000,182063000.0,5.08,837054000.0,19511000.0,2062000.0,12196000.0,6.385,281418000.0
29,TIE,MRT,2005-06-30,2005-06-30,2005-06-30,2019-05-27,-48150000.0,805294000.0,724212000.0,445669000.0,359625000.0,0.823,3.688,-30422000.0,5084000.0,5084000.0,485475000.0,123841000.0,2.069,0.683,78682000.0,66672000.0,12010000.0,78682000.0,0.0,32210000.0,29971000.0,0.0,0.0,116518000.0,148728000.0,0.249,148728000.0,116518000.0,110848000.0,0.883,0.725,0.883,471877000.0,423412250.0,471877000.0,947047508.0,8.0,6.368,-40864000.0,-0.319,1.0,110721000.0,0.186,4529000.0,5670000.0,658972000.0,590468250.0,305261000.0,79706000.0,0.0,79706000.0,322398000.0,215391000.0,107007000.0,908029508.0,-4278000.0,0.0,1182000.0,65671000.0,0.0,54658000.0,-48481000.0,-20162000.0,-10442000.0,-13000.0,123841000.0,112847000.0,112847000.0,0.0,0.0,0.189,49578000.0,61143000.0,60878000.0,0.0,1.924,8.047,8.039,242048000.0,10994000.0,7.099,1.523,1.523,130023000.0,-5337000.0,596196000.0,596196000.0,0.0,0.156,0.267,0.197,0.195,0.0,49578000.0,1.0,127914000.0,127941000,181272000.0,4.66,800765000.0,24513000.0,-12993000.0,7329000.0,6.259,230278000.0
30,TIE,MRT,2005-03-31,2005-03-31,2005-03-31,2019-05-27,-40711000.0,764154000.0,670723250.0,412044000.0,352110000.0,0.8,3.494,-19446000.0,13993000.0,13993000.0,456728000.0,90327000.0,2.112,0.687,53011000.0,41001000.0,12010000.0,53011000.0,0.0,32278000.0,32318000.0,0.0,0.0,73609000.0,105887000.0,0.197,105887000.0,73609000.0,64794000.0,0.649,0.551,0.649,445304000.0,346819250.0,445304000.0,621466360.0,8.0,5.869,-34449000.0,-0.27,1.0,79847000.0,0.149,4748000.0,8815000.0,603318000.0,595674000.0,279889000.0,78440000.0,0.0,78440000.0,305942000.0,195106000.0,110836000.0,574020360.0,-18932000.0,0.0,75000.0,41001000.0,0.0,34692000.0,-38992000.0,-21698000.0,-15003000.0,371000.0,90327000.0,82631000.0,82631000.0,0.0,0.0,0.154,47751000.0,32096000.0,51328000.0,0.0,1.289,6.947,6.934,231912000.0,7696000.0,4.5,1.07,1.069,108922000.0,-38937000.0,536575000.0,536575000.0,0.0,0.123,0.238,0.124,0.137,0.0,47751000.0,1.0,127560080.0,127448000,181240000.0,4.21,759406000.0,31431000.0,-25533000.0,3771000.0,5.959,216938000.0
31,TIE,MRT,2004-12-31,2004-12-31,2004-12-31,2019-05-27,-39989000.0,700603000.0,630507250.0,378679000.0,321924000.0,0.796,3.199,-11583000.0,7915000.0,7915000.0,438151000.0,47698000.0,2.221,0.693,55186000.0,43176000.0,12010000.0,55186000.0,0.0,32828000.0,6913000.0,0.0,0.0,58017000.0,90845000.0,0.181,90845000.0,58017000.0,45566000.0,0.34,0.33,0.34,406428000.0,276350250.0,406428000.0,429756178.0,7.0,4.731,-34016000.0,-0.268,1.0,63677000.0,0.127,5057000.0,12451000.0,572335000.0,608613000.0,266634000.0,76064000.0,0.0,76064000.0,281636000.0,170482000.0,111154000.0,384298178.0,-27846000.0,0.0,75000.0,43176000.0,0.0,38742000.0,-44528000.0,-34472000.0,-22433000.0,373000.0,47698000.0,43300000.0,43300000.0,0.0,0.0,0.086,44908000.0,18769000.0,44164000.0,0.0,0.946,8.875,8.875,228173000.0,4398000.0,3.018,0.766,0.764,96756000.0,-77044000.0,501828000.0,501828000.0,0.0,0.069,0.157,0.095,0.116,0.0,44908000.0,1.0,127356480.0,127050000,145003000.0,3.95,695546000.0,6027000.0,-2132000.0,2576000.0,5.475,208197000.0
32,TIE,MRT,2004-09-30,2004-09-30,2004-09-30,2019-05-27,-38384000.0,626797000.0,597208750.0,314515000.0,312282000.0,0.779,2.911,-17351000.0,10221000.0,10221000.0,420609000.0,26937000.0,2.249,0.664,55679000.0,33929000.0,21750000.0,55679000.0,0.0,32531000.0,17554000.0,0.0,0.0,43729000.0,76260000.0,0.164,76260000.0,43729000.0,28030000.0,0.2,0.18,0.2,370040000.0,214432500.0,370040000.0,579999235.0,13.0,7.606,-21549000.0,-0.17,1.0,44813000.0,0.096,5165000.0,15699000.0,527248000.0,631340500.0,213575000.0,68252000.0,0.0,68252000.0,245629000.0,139842000.0,105787000.0,373014235.0,-21941000.0,0.0,0.0,32490000.0,0.0,31629000.0,-48589000.0,-29135000.0,-4198000.0,-783000.0,26937000.0,25838000.0,25838000.0,0.0,0.0,0.056,40800000.0,4013000.0,41695000.0,0.0,1.008,14.437,14.662,227438000.0,1099000.0,2.933,0.801,0.801,86371000.0,-114975000.0,465422000.0,465422000.0,0.0,0.043,0.12,0.069,0.094,0.0,40800000.0,1.0,127200080.0,127096000,160312000.0,3.662,621632000.0,1523000.0,1093000.0,1384000.0,4.891,174673000.0
33,TIE,MRT,2004-06-30,2004-06-30,2004-06-30,2019-05-27,-43713000.0,591339000.0,577583500.0,287433000.0,303906000.0,0.742,1.303,-15602000.0,11464000.0,11464000.0,398752000.0,-2341000.0,2.544,2.508,218449000.0,1170000.0,217279000.0,218449000.0,0.0,33971000.0,27767000.0,0.0,0.0,16265000.0,50236000.0,0.117,50236000.0,16265000.0,-293000.0,-0.021,-0.021,-0.021,165505000.0,157394750.0,165505000.0,477001632.0,29.0,9.495,7856000.0,0.062,1.0,30059000.0,0.07,5545000.0,16558000.0,679795000.0,606929000.0,187039000.0,50344000.0,0.0,50344000.0,415043000.0,112984000.0,302059000.0,294303632.0,-17218000.0,0.0,0.0,-3920000.0,0.0,-5532000.0,-34239000.0,-16533000.0,23458000.0,-905000.0,-2341000.0,-2341000.0,-2341000.0,0.0,0.0,-0.005,37628000.0,-7569000.0,38248000.0,0.0,1.778,-125.717,-110.179,230886000.0,0.0,2.314,0.686,0.685,86286000.0,-140216000.0,428811000.0,428811000.0,0.0,-0.004,-0.015,0.027,0.038,0.0,37628000.0,1.0,127197680.0,127032000,127480000.0,3.376,585794000.0,917000.0,2048000.0,1441000.0,4.611,174449000.0
34,TIE,MRT,2004-03-31,2004-03-31,2004-03-31,2019-05-27,-43910000.0,603290000.0,570846500.0,296013000.0,307277000.0,0.712,1.288,-14260000.0,35027000.0,35027000.0,389088000.0,-12077000.0,2.369,2.622,217725000.0,176000.0,217549000.0,217725000.0,0.0,35508000.0,31494000.0,0.0,0.0,5725000.0,41233000.0,0.101,41233000.0,5725000.0,-10804000.0,-0.098,-0.098,-0.098,163428000.0,152049250.0,163428000.0,498727545.0,87.0,12.095,38915000.0,0.307,1.0,17411000.0,0.043,5938000.0,16529000.0,655074000.0,546660000.0,175976000.0,47515000.0,0.0,47515000.0,428561000.0,124976000.0,303585000.0,318260545.0,6223000.0,0.0,0.0,-14446000.0,0.0,-17355000.0,-29101000.0,-12774000.0,53175000.0,-496000.0,-12077000.0,-12077000.0,-12077000.0,0.0,0.0,-0.03,36060000.0,-18649000.0,30366000.0,0.0,1.947,-26.353,-25.434,236537000.0,0.0,2.493,0.783,0.778,80332000.0,-142082000.0,406499000.0,406499000.0,0.0,-0.021,-0.079,0.01,0.014,0.0,36060000.0,1.0,127687280.0,126904000,126904000.0,3.203,597352000.0,2142000.0,1273000.0,491000.0,4.707,171037000.0
35,TIE,MRT,2003-12-31,2003-12-31,2003-12-31,2019-05-27,-50226000.0,567409000.0,564340500.0,275978000.0,291431000.0,0.683,1.253,-12467000.0,37288000.0,37288000.0,379660000.0,-24443000.0,3.547,2.504,217231000.0,0.0,217231000.0,217231000.0,0.0,36572000.0,3356000.0,0.0,0.0,-6817000.0,29755000.0,0.077,29755000.0,-6817000.0,-23236000.0,-0.195,-0.195,-0.195,158757000.0,147581500.0,158757000.0,147664056.0,-22.0,4.963,53354000.0,0.421,1.0,5644000.0,0.015,6294000.0,16419000.0,663245000.0,496773500.0,165721000.0,29263000.0,0.0,29263000.0,397521000.0,77813000.0,319708000.0,166985056.0,28826000.0,0.0,0.0,-19069000.0,0.0,-22068000.0,-14534000.0,0.0,65821000.0,-393000.0,-24443000.0,-24443000.0,-24443000.0,0.0,0.0,-0.063,36438000.0,-30794000.0,29200000.0,0.0,1.052,-6.832,-6.732,239182000.0,0.0,1.313,0.433,0.432,67432000.0,-140428000.0,385304000.0,385304000.0,0.0,-0.043,-0.166,-0.014,-0.018,0.0,36438000.0,1.0,127202480.0,126748000,126748000.0,3.04,561115000.0,2933000.0,1207000.0,648000.0,4.427,198165000.0
36,TIE,MRT,2003-09-30,2003-09-30,2003-09-30,2019-05-27,-57257000.0,548296000.0,565023250.0,267042000.0,281254000.0,0.654,1.118,-8986000.0,29914000.0,29914000.0,369095000.0,-32572000.0,2.897,1.377,10593000.0,1433000.0,9160000.0,10593000.0,0.0,37819000.0,14707000.0,0.0,0.0,-5432000.0,32387000.0,0.088,32387000.0,-5432000.0,-32405000.0,-0.257,-0.257,-0.257,141889000.0,147729750.0,141889000.0,96258393.0,-18.0,2.972,46674000.0,0.368,1.0,619000.0,0.002,7185000.0,26973000.0,429602000.0,505909750.0,162397000.0,22325000.0,0.0,22325000.0,195323000.0,92188000.0,103135000.0,107432393.0,25352000.0,0.0,0.0,-16491000.0,0.0,-21748000.0,-8650000.0,0.0,55660000.0,90000.0,-32572000.0,-32572000.0,-32572000.0,0.0,0.0,-0.088,38506000.0,-37887000.0,28679000.0,0.0,0.757,-3.298,-3.283,235449000.0,0.0,0.844,0.291,0.29,68254000.0,-150299000.0,369714000.0,369714000.0,0.0,-0.058,-0.22,-0.011,-0.015,0.0,38506000.0,1.0,127327280.0,126864000,126864000.0,2.914,541111000.0,2031000.0,167000.0,784000.0,4.265,174854000.0
37,TIE,MRT,2003-06-30,2003-06-30,2003-06-30,2019-05-27,-57997000.0,564391000.0,573550000.0,276368000.0,288023000.0,0.643,1.137,-8009000.0,26434000.0,26434000.0,373152000.0,-38734000.0,2.584,1.451,15260000.0,5971000.0,9289000.0,15260000.0,0.0,37836000.0,28184000.0,0.0,0.0,-15436000.0,22400000.0,0.061,22400000.0,-15436000.0,-39366000.0,-0.305,-0.305,-0.305,144123000.0,163649000.0,144123000.0,99693842.0,-6.0,4.451,37978000.0,0.3,1.0,-4279000.0,-0.012,7551000.0,23930000.0,438719000.0,520175500.0,160316000.0,21801000.0,0.0,21801000.0,209164000.0,106947000.0,102217000.0,102083842.0,19062000.0,0.0,0.0,-14168000.0,0.0,-19269000.0,-7672000.0,0.0,45987000.0,16000.0,-38734000.0,-38734000.0,-38734000.0,0.0,0.0,-0.105,40682000.0,-44961000.0,28114000.0,0.0,0.708,-2.636,-2.631,242184000.0,0.0,0.802,0.277,0.276,83517000.0,-147313000.0,368873000.0,368873000.0,0.0,-0.068,-0.237,-0.03,-0.042,0.0,40682000.0,1.0,127207280.0,126800000,126800000.0,2.909,556840000.0,3482000.0,-632000.0,1086000.0,4.391,169421000.0
38,TIE,MRT,2003-03-31,2003-03-31,2003-03-31,2019-05-27,-62828000.0,577266000.0,593119000.0,284809000.0,292457000.0,0.609,1.15,-7972000.0,26556000.0,26556000.0,368568000.0,-44728000.0,2.555,1.508,24166000.0,3867000.0,20299000.0,24166000.0,0.0,37611000.0,32078000.0,0.0,0.0,-24163000.0,13448000.0,0.037,13448000.0,-24163000.0,-44769000.0,-0.353,-0.353,-0.353,145557000.0,191975500.0,145557000.0,291836499.0,-12.0,21.701,24457000.0,0.193,1.0,-7213000.0,-0.02,7857000.0,20606000.0,455528000.0,536223750.0,167716000.0,22831000.0,0.0,22831000.0,219561000.0,111491000.0,108070000.0,67197499.0,20643000.0,0.0,0.0,722000.0,0.0,-3603000.0,-7672000.0,0.0,32429000.0,-511000.0,-44728000.0,-44728000.0,-44728000.0,0.0,0.0,-0.124,42513000.0,-49726000.0,28495000.0,0.0,0.462,-1.502,-1.496,245686000.0,0.0,0.528,0.186,0.185,84628000.0,-140961000.0,361355000.0,361355000.0,0.0,-0.075,-0.233,-0.045,-0.067,0.0,42513000.0,1.0,127207760.0,126600000,126600000.0,2.854,569409000.0,2968000.0,-41000.0,1271000.0,4.498,173318000.0
39,TIE,MRT,2002-12-31,2002-12-31,2002-12-31,2019-05-27,-62737000.0,570140000.0,610550500.0,262672000.0,307468000.0,0.6,1.26,-7767000.0,6360000.0,6360000.0,369624000.0,-111530000.0,2.836,2.513,237077000.0,13636000.0,223441000.0,237077000.0,0.0,37098000.0,5416000.0,0.0,0.0,-96338000.0,-59240000.0,-0.162,-59240000.0,-96338000.0,-113482000.0,-0.882,-0.882,-0.882,159350000.0,220798000.0,159350000.0,84840202.0,-1.0,-1.432,-21362000.0,-0.169,1.0,-3123000.0,-0.009,8442000.0,17144000.0,699790000.0,548374250.0,181932000.0,28649000.0,0.0,28649000.0,400374000.0,92625000.0,307749000.0,60837202.0,-18286000.0,0.0,0.0,7537000.0,0.0,3523000.0,-7467000.0,0.0,-13595000.0,-747000.0,-111530000.0,-111530000.0,-111530000.0,0.0,0.0,-0.304,42998000.0,-46121000.0,26460000.0,0.0,0.382,-0.545,-0.541,254672000.0,0.0,0.477,0.166,0.165,68791000.0,-127371000.0,366501000.0,366501000.0,0.0,-0.183,-0.505,-0.176,-0.263,0.0,42998000.0,1.0,127407752.0,126424000,126424000.0,2.899,561698000.0,2512000.0,-1952000.0,1036000.0,4.443,170047000.0
40,TIE,MRT,2002-09-30,2002-09-30,2002-09-30,2019-05-27,-26162000.0,582403000.0,642861250.0,278833000.0,303570000.0,0.493,1.626,-12967000.0,4562000.0,4562000.0,381118000.0,-173927000.0,2.505,0.808,28565000.0,18025000.0,10540000.0,28565000.0,0.0,37612000.0,17916000.0,0.0,0.0,-147415000.0,-109803000.0,-0.346,-109803000.0,-147415000.0,-164820000.0,-1.378,-1.376,-1.378,205566000.0,255489000.0,205566000.0,75690133.0,-1.0,-0.689,-16636000.0,-0.132,1.0,-64183000.0,-0.203,8412000.0,17405000.0,486665000.0,553667250.0,190445000.0,22029000.0,0.0,22029000.0,166035000.0,111329000.0,54706000.0,52895133.0,-10802000.0,0.0,-513000.0,8232000.0,0.0,6585000.0,-12966000.0,0.0,-3669000.0,-752000.0,-173927000.0,-173927000.0,-173927000.0,0.0,0.0,-0.549,40822000.0,-105005000.0,29697000.0,0.0,0.257,-0.304,-0.301,258600000.0,0.0,0.415,0.167,0.166,78206000.0,-117726000.0,316935000.0,316935000.0,0.0,-0.271,-0.681,-0.266,-0.465,0.0,40822000.0,1.0,127458152.0,126440000,126440000.0,2.507,573991000.0,1578000.0,9107000.0,3983000.0,4.54,167504000.0
41,TIE,MRT,2002-06-30,2002-06-30,2002-06-30,2019-05-27,-27708000.0,642667000.0,686392250.0,288044000.0,354623000.0,0.528,2.037,-15261000.0,7372000.0,7372000.0,398985000.0,-160439000.0,2.654,0.678,30167000.0,11435000.0,18732000.0,30167000.0,0.0,38221000.0,27660000.0,0.0,0.0,-129916000.0,-91695000.0,-0.253,-91695000.0,-129916000.0,-147128000.0,-1.271,-1.269,-1.271,257429000.0,301146250.0,257429000.0,129410183.0,-1.0,-1.411,-27234000.0,-0.215,1.0,-36306000.0,-0.1,54002000.0,17212000.0,502912000.0,631602750.0,197716000.0,21776000.0,0.0,21776000.0,174483000.0,108548000.0,65935000.0,111532183.0,-17430000.0,0.0,-513000.0,12413000.0,0.0,10869000.0,-15230000.0,0.0,-11973000.0,-1096000.0,-160439000.0,-160439000.0,-160439000.0,0.0,0.0,-0.442,41670000.0,-77976000.0,26291000.0,0.0,0.433,-0.695,-0.688,265369000.0,0.0,0.875,0.308,0.305,78506000.0,-64268000.0,362679000.0,362679000.0,0.0,-0.234,-0.533,-0.206,-0.358,0.0,41670000.0,1.0,127465352.0,126400000,126400000.0,2.869,588665000.0,1520000.0,13311000.0,4964000.0,4.657,179496000.0
42,TIE,MRT,2002-03-31,2002-03-31,2002-03-31,2019-05-27,-36550000.0,646992000.0,709788500.0,291680000.0,355312000.0,0.654,2.066,-14805000.0,5913000.0,5913000.0,429628000.0,-118542000.0,2.718,0.673,23791000.0,2302000.0,21489000.0,23791000.0,0.0,39096000.0,29363000.0,0.0,0.0,-70754000.0,-31658000.0,-0.068,-31658000.0,-70754000.0,-88314000.0,-0.938,-0.956,-0.938,260847000.0,330937750.0,260847000.0,370136225.0,-5.0,-11.692,41649000.0,0.33,1.0,34418000.0,0.074,53430000.0,17560000.0,504130000.0,648270000.0,192766000.0,21155000.0,0.0,21155000.0,175659000.0,107310000.0,68349000.0,172051225.0,1072000.0,0.0,0.0,-40172000.0,0.0,-40044000.0,-14774000.0,0.0,56454000.0,-564000.0,-118542000.0,-118542000.0,-118542000.0,0.0,0.0,-0.255,51467000.0,-17049000.0,34995000.0,0.0,0.66,-1.451,-1.439,267577000.0,0.0,1.35,0.371,0.367,85156000.0,-51923000.0,464046000.0,464046000.0,0.0,-0.167,-0.358,-0.109,-0.152,0.0,51467000.0,1.0,127445352.0,126240000,126240000.0,3.676,593562000.0,1646000.0,30228000.0,5878000.0,4.702,184370000.0
43,TIE,MRT,2001-12-31,2001-12-31,2001-12-31,2019-05-27,-35274000.0,699383000.0,736995750.0,308687000.0,390696000.0,0.661,2.366,-16124000.0,24500000.0,24500000.0,447042000.0,-41766000.0,2.523,0.642,222585000.0,2034000.0,220551000.0,222585000.0,0.0,40134000.0,33242000.0,0.0,0.0,7679000.0,47813000.0,0.098,47813000.0,7679000.0,-10654000.0,-0.332,-0.332,-0.332,298114000.0,353179250.0,298114000.0,331951429.0,43.0,6.943,46450000.0,0.369,1.0,39893000.0,0.082,54146000.0,18333000.0,720962000.0,677441000.0,185052000.0,48085000.0,0.0,48085000.0,191301000.0,122360000.0,68941000.0,127250429.0,14704000.0,0.0,0.0,-31685000.0,0.0,-31358000.0,-16093000.0,0.0,62574000.0,-419000.0,-41766000.0,-41766000.0,-41766000.0,0.0,0.0,-0.086,51788000.0,-11895000.0,45386000.0,0.0,0.427,-3.047,-3.005,275308000.0,0.0,0.998,0.261,0.258,89254000.0,-15841000.0,486935000.0,486935000.0,0.0,-0.057,-0.118,0.011,0.016,0.0,51788000.0,1.0,127569352.0,126000000,126000000.0,3.865,645237000.0,911000.0,31112000.0,6361000.0,5.121,186327000.0
44,TIE,MRT,2001-09-30,2001-09-30,2001-09-30,2019-05-27,-17125000.0,756527000.0,751936500.0,292100000.0,464427000.0,0.736,3.077,-12414000.0,15364000.0,15364000.0,450151000.0,23922000.0,2.751,0.949,220065000.0,2156000.0,217909000.0,220065000.0,0.0,40322000.0,0.0,0.0,0.0,46918000.0,87240000.0,0.158,87240000.0,46918000.0,41919000.0,0.19,0.17,0.19,388195000.0,368029500.0,388195000.0,92858990.0,2.0,1.064,59363000.0,0.471,1.0,103444000.0,0.187,56652000.0,4999000.0,798407000.0,703678750.0,165954000.0,20008000.0,0.0,20008000.0,368332000.0,106169000.0,262163000.0,102007990.0,9851000.0,0.0,513000.0,-47377000.0,0.0,-49587000.0,-12422000.0,0.0,71777000.0,83000.0,23922000.0,23922000.0,23922000.0,0.0,0.0,0.043,53437000.0,50007000.0,56559000.0,0.0,0.263,4.264,4.211,273985000.0,0.0,0.8,0.184,0.182,94981000.0,56201000.0,553595000.0,553595000.0,0.0,0.032,0.065,0.067,0.085,0.0,53657000.0,1.0,127509988.0,126156000,127056000.0,4.388,699875000.0,13805000.0,17997000.0,11891000.0,5.548,185931000.0
45,TIE,MRT,2001-06-30,2001-06-30,2001-06-30,2019-05-27,-24121000.0,736252000.0,752644250.0,271290000.0,464962000.0,0.708,2.988,-10530000.0,24802000.0,24802000.0,447622000.0,11673000.0,2.718,0.955,15653000.0,2442000.0,13211000.0,15653000.0,0.0,40697000.0,0.0,0.0,0.0,29280000.0,69977000.0,0.131,69977000.0,29280000.0,23105000.0,0.092,0.073,0.092,376595000.0,361949250.0,376595000.0,376638010.0,13.0,5.382,80833000.0,0.641,1.0,85365000.0,0.16,57718000.0,6175000.0,569581000.0,665526000.0,147435000.0,18851000.0,0.0,18851000.0,359657000.0,99804000.0,259853000.0,318178010.0,18572000.0,0.0,513000.0,-60495000.0,0.0,-62716000.0,-10604000.0,0.0,91363000.0,529000.0,11673000.0,11673000.0,11673000.0,0.0,0.0,0.022,53077000.0,32288000.0,53101000.0,0.0,0.845,27.258,27.174,274627000.0,0.0,2.5,0.597,0.591,84491000.0,51861000.0,532987000.0,532987000.0,0.0,0.016,0.032,0.044,0.055,0.0,53297000.0,1.0,127271204.0,126016000,148772000.0,4.23,678534000.0,13991000.0,11432000.0,9689000.0,5.385,171486000.0
46,TIE,MRT,2001-03-31,2001-03-31,2001-03-31,2019-05-27,-20716000.0,755821000.0,765040250.0,251662000.0,504159000.0,0.584,2.784,-11630000.0,4841000.0,4841000.0,431727000.0,-27397000.0,1.886,1.161,63301000.0,37708000.0,25593000.0,63301000.0,0.0,41224000.0,0.0,0.0,0.0,-30062000.0,11162000.0,0.025,11162000.0,-30062000.0,-37150000.0,-0.217,-0.217,-0.217,349813000.0,361800500.0,349813000.0,533210015.0,-18.0,47.77,22842000.0,0.182,1.0,15128000.0,0.034,60016000.0,7088000.0,620814000.0,690291250.0,141986000.0,18853000.0,0.0,18853000.0,406008000.0,133451000.0,272557000.0,288038015.0,-1463000.0,0.0,0.0,-22587000.0,0.0,-25339000.0,-11704000.0,0.0,34472000.0,1108000.0,-27397000.0,-27397000.0,-27397000.0,0.0,0.0,-0.061,42186000.0,-27058000.0,46336000.0,0.0,0.823,-10.513,-10.426,293923000.0,0.0,2.263,0.645,0.636,93600000.0,22309000.0,446855000.0,446855000.0,0.0,-0.036,-0.076,-0.044,-0.067,0.0,43302000.0,1.0,127309620.0,125668000,125668000.0,3.556,695805000.0,32019000.0,-9753000.0,12081000.0,5.537,118211000.0
47,TIE,MRT,2000-12-31,2000-12-31,2000-12-31,2019-05-27,-16408000.0,759146000.0,780776250.0,248205000.0,510941000.0,0.547,2.849,-11144000.0,9796000.0,9796000.0,422917000.0,-38902000.0,2.143,0.539,254968000.0,26123000.0,228845000.0,254968000.0,0.0,41942000.0,3951000.0,0.0,0.0,-46765000.0,-4823000.0,-0.011,-4823000.0,-46765000.0,-54469000.0,-0.31,-0.31,-0.31,357515000.0,371928750.0,357515000.0,275975484.0,-6.0,-57.221,54318000.0,0.433,1.0,3881000.0,0.009,62563000.0,7704000.0,825913000.0,707462000.0,148384000.0,106272000.0,0.0,106272000.0,192537000.0,115842000.0,76695000.0,214929484.0,-10875000.0,7000000.0,0.0,-70043000.0,0.0,-72812000.0,-4218000.0,0.0,65462000.0,693000.0,-38902000.0,-38902000.0,-38902000.0,0.0,0.0,-0.091,46822000.0,-42941000.0,51111000.0,0.0,0.601,-5.525,-5.444,302130000.0,0.0,1.688,0.504,0.496,80942000.0,25925000.0,426798000.0,426798000.0,0.0,-0.05,-0.105,-0.066,-0.11,0.0,44017000.0,1.0,127365620.0,125480000,125480000.0,3.401,696583000.0,28854000.0,-15567000.0,11639000.0,5.551,132363000.0
48,TIE,MRT,2000-09-30,2000-09-30,2000-09-30,2019-05-27,-16061000.0,759358000.0,811766000.0,246588000.0,512770000.0,0.531,2.899,-12895000.0,5513000.0,5513000.0,428713000.0,-50080000.0,2.239,1.087,66559000.0,35933000.0,30626000.0,66559000.0,0.0,42515000.0,0.0,0.0,0.0,-63374000.0,-20859000.0,-0.048,-20859000.0,-63374000.0,-71588000.0,-0.398,-0.398,-0.398,363874000.0,384570250.0,363874000.0,333161140.0,-5.0,-15.972,26925000.0,0.215,1.0,2698000.0,0.006,64469000.0,8214000.0,645796000.0,732399500.0,145985000.0,19785000.0,0.0,19785000.0,395484000.0,110139000.0,285345000.0,260702140.0,-1279000.0,7000000.0,0.0,-35018000.0,0.0,-35189000.0,-5931000.0,0.0,39820000.0,21000.0,-50080000.0,-50080000.0,-50080000.0,0.0,0.0,-0.116,52993000.0,-50295000.0,38760000.0,0.0,0.716,-5.206,-5.143,304248000.0,0.0,2.047,0.604,0.595,82621000.0,32279000.0,431411000.0,431411000.0,0.0,-0.062,-0.13,-0.087,-0.147,0.0,45681000.0,1.0,127365620.0,125496000,125496000.0,3.438,694889000.0,30214000.0,-21508000.0,15500000.0,5.537,136449000.0
49,TIE,MRT,2000-06-30,2000-06-30,2000-06-30,2019-05-27,-11614000.0,785836000.0,842315000.0,265361000.0,520475000.0,0.519,2.996,-15197000.0,6230000.0,6230000.0,434363000.0,-49640000.0,2.153,1.09,78689000.0,46066000.0,32623000.0,78689000.0,0.0,42839000.0,0.0,0.009,0.01,-62745000.0,-19906000.0,-0.045,-19906000.0,-62745000.0,-71110000.0,-0.395,-0.395,-0.395,376000000.0,400667000.0,376000000.0,229966088.0,-4.0,-11.553,9683000.0,0.077,1.0,3183000.0,0.007,66406000.0,8365000.0,668642000.0,771626250.0,160040000.0,20167000.0,0.0,20167000.0,409836000.0,123247000.0,286589000.0,147054088.0,1186000.0,7000000.0,0.0,-13711000.0,-1255000.0,-15085000.0,-8197000.0,0.0,24880000.0,-412000.0,-49640000.0,-49640000.0,-49640000.0,0.0,0.0,-0.113,53077000.0,-49894000.0,38176000.0,-0.025,0.391,-2.962,-2.967,314158000.0,0.0,1.172,0.336,0.336,87057000.0,40186000.0,437546000.0,437546000.0,0.0,-0.059,-0.124,-0.081,-0.143,0.0,45765000.0,1.0,125485620.0,125492000,125492000.0,3.487,719430000.0,25824000.0,-21470000.0,15605000.0,5.733,142114000.0
50,TIE,MRT,2000-03-31,2000-03-31,2000-03-31,2019-05-27,-6471000.0,818765000.0,867437000.0,291445000.0,527320000.0,0.526,3.111,-17250000.0,6304000.0,6304000.0,440248000.0,-42615000.0,2.037,1.098,89216000.0,53709000.0,35507000.0,89216000.0,0.0,42923000.0,0.0,0.018,0.02,-52319000.0,-9396000.0,-0.021,-9396000.0,-52319000.0,-60379000.0,-0.34,-0.34,-0.34,390326000.0,414886000.0,390326000.0,445343897.0,-9.0,-47.397,11010000.0,0.088,1.0,15719000.0,0.034,69086000.0,8060000.0,689497000.0,803439750.0,186044000.0,21089000.0,0.0,21089000.0,428439000.0,143094000.0,285345000.0,137249897.0,-5162000.0,7000000.0,0.0,-19583000.0,-2509000.0,-22381000.0,-10041000.0,0.0,28260000.0,-1000000.0,-42615000.0,-42615000.0,-42615000.0,0.0,0.0,-0.093,55363000.0,-39644000.0,43629000.0,-0.059,0.352,-3.221,-3.217,323094000.0,0.0,1.094,0.301,0.301,80045000.0,49706000.0,455967000.0,455967000.0,0.0,-0.049,-0.103,-0.065,-0.115,0.0,47155000.0,1.0,125485620.0,125484000,125484000.0,3.634,749679000.0,27115000.0,-17764000.0,14773000.0,5.974,148351000.0
51,TIE,MRT,1999-12-31,1999-12-31,1999-12-31,2019-05-27,-3837000.0,883105000.0,891086000.0,342559000.0,540546000.0,0.542,3.252,-21872000.0,20671000.0,20671000.0,454506000.0,-31390000.0,1.762,1.164,328765000.0,95314000.0,233451000.0,328765000.0,0.0,42693000.0,0.0,0.027,0.03,-36318000.0,6375000.0,0.013,6375000.0,-36318000.0,-43411000.0,-0.25,-0.25,-0.25,408081000.0,426733750.0,408081000.0,239733073.0,-7.0,37.605,-2329000.0,-0.019,1.0,28766000.0,0.06,71115000.0,7093000.0,925663000.0,838079000.0,191535000.0,26938000.0,0.0,26938000.0,475024000.0,194421000.0,280603000.0,141169073.0,5207000.0,0.0,0.0,12616000.0,-3764000.0,8563000.0,-21663000.0,0.0,19543000.0,-1236000.0,-31390000.0,-31390000.0,-31390000.0,0.0,0.0,-0.065,53083000.0,-24317000.0,51995000.0,-0.12,0.346,-4.497,-4.5,333765000.0,0.0,1.125,0.292,0.292,110275000.0,64827000.0,483272000.0,483272000.0,0.0,-0.035,-0.074,-0.043,-0.075,0.0,48577000.0,1.0,125483620.0,125484000,125484000.0,3.851,811990000.0,22501000.0,-12021000.0,18515000.0,6.471,148138000.0
52,TIE,MRT,1999-09-30,1999-09-30,1999-09-30,2019-05-27,-1189000.0,881554000.0,908621250.0,334261000.0,547293000.0,0.588,3.413,-51574000.0,6792000.0,6792000.0,468344000.0,-16353000.0,3.212,1.058,105356000.0,11104000.0,94252000.0,105356000.0,0.0,41797000.0,0.0,0.018,0.04,-14049000.0,27748000.0,0.052,27748000.0,-14049000.0,-19675000.0,-0.128,-0.118,-0.128,428261000.0,436807750.0,428261000.0,372231091.0,-26.0,13.415,-29164000.0,-0.232,1.0,65866000.0,0.123,73341000.0,5626000.0,802703000.0,866304750.0,203669000.0,30329000.0,0.0,30329000.0,453293000.0,104074000.0,349219000.0,280378091.0,-135799000.0,-375000.0,0.0,-16381000.0,-5019000.0,-21689000.0,-132320000.0,-80000000.0,22410000.0,-4200000.0,-16353000.0,-16353000.0,-16353000.0,0.0,0.0,-0.031,69658000.0,-3792000.0,54326000.0,-0.313,0.655,-17.145,-17.456,339709000.0,0.0,2.234,0.525,0.525,104693000.0,82359000.0,534210000.0,534210000.0,0.0,-0.018,-0.037,-0.016,-0.026,0.0,51658000.0,1.0,125483620.0,125476000,125476000.0,4.257,808213000.0,9806000.0,-3322000.0,21870000.0,6.441,230187000.0
53,TIE,MRT,1999-06-30,1999-06-30,1999-06-30,2019-05-27,-5298000.0,886324000.0,934939500.0,343259000.0,543065000.0,0.638,3.45,-79316000.0,5044000.0,5044000.0,490116000.0,7257000.0,3.167,1.048,96897000.0,9420000.0,87477000.0,96897000.0,0.0,38342000.0,0.0,0.014,0.04,21235000.0,59577000.0,0.1,59577000.0,21235000.0,16282000.0,0.06,0.067,0.06,432876000.0,444350500.0,432876000.0,452785806.0,21.0,7.6,-29888000.0,-0.238,1.0,106405000.0,0.178,73904000.0,4953000.0,795896000.0,847885000.0,207334000.0,31406000.0,0.0,31406000.0,453448000.0,108377000.0,345071000.0,352905806.0,-75282000.0,-8136000.0,-1208000.0,49819000.0,-5022000.0,42688000.0,-167190000.0,-80000000.0,49428000.0,-208000.0,7257000.0,7257000.0,7257000.0,0.0,0.0,0.012,74786000.0,31619000.0,59406000.0,0.667,0.815,48.63,46.875,340178000.0,0.0,2.813,0.592,0.592,114519000.0,91083000.0,596521000.0,596521000.0,0.0,0.008,0.016,0.025,0.036,0.0,56786000.0,1.0,125477620.0,125480000,125480000.0,4.754,812420000.0,8127000.0,9025000.0,22318000.0,6.474,234882000.0
54,TIE,MRT,1999-03-31,1999-03-31,1999-03-31,2019-05-27,-4192000.0,913361000.0,933153750.0,365041000.0,548320000.0,0.707,3.488,-96725000.0,11466000.0,11466000.0,523723000.0,23570000.0,3.352,1.087,111346000.0,5869000.0,105477000.0,111346000.0,0.0,35601000.0,0.0,0.028,0.04,44917000.0,80518000.0,0.122,80518000.0,44917000.0,41122000.0,0.19,0.198,0.19,437717000.0,445992000.0,437717000.0,280834079.0,6.0,3.488,-46211000.0,-0.368,1.0,135668000.0,0.206,76270000.0,3795000.0,828054000.0,801694500.0,212549000.0,32049000.0,0.0,32049000.0,475644000.0,108917000.0,366727000.0,180374079.0,-107099000.0,-26226000.0,-1208000.0,53582000.0,-5027000.0,47464000.0,-204785000.0,-80000000.0,50514000.0,-292000.0,23570000.0,23570000.0,23570000.0,0.0,0.0,0.036,82413000.0,53255000.0,61125000.0,0.211,0.412,7.653,7.566,346673000.0,0.0,1.438,0.274,0.274,123802000.0,94830000.0,659391000.0,659391000.0,0.0,0.025,0.053,0.056,0.068,0.0,58413000.0,1.0,125477620.0,125476000,125476000.0,5.255,837091000.0,7254000.0,17552000.0,22094000.0,6.671,256124000.0
55,TIE,MRT,1998-12-31,1998-12-31,1998-12-31,2019-05-27,1317000.0,953246000.0,917868250.0,394930000.0,558316000.0,0.779,3.566,-115155000.0,15464000.0,15464000.0,542285000.0,45752000.0,2.884,1.126,317174000.0,5905000.0,311269000.0,317174000.0,0.0,32514000.0,0.0,0.014,0.03,77865000.0,110379000.0,0.154,110379000.0,77865000.0,74949000.0,0.365,0.365,0.365,448377000.0,443558250.0,448377000.0,247140943.0,3.0,2.239,-39038000.0,-0.31,1.0,172602000.0,0.241,79441000.0,2916000.0,1038566000.0,742685000.0,225880000.0,32633000.0,0.0,32633000.0,504869000.0,136949000.0,367920000.0,266639943.0,-54680000.0,-26226000.0,-1208000.0,97095000.0,-3772000.0,92232000.0,-223215000.0,-80000000.0,76117000.0,186000.0,45752000.0,45752000.0,45752000.0,0.0,0.0,0.064,83837000.0,88765000.0,73920000.0,0.082,0.595,5.828,5.822,351223000.0,0.0,2.125,0.373,0.374,134217000.0,99981000.0,714887000.0,714887000.0,0.0,0.05,0.103,0.105,0.109,0.0,59837000.0,1.0,125477620.0,125740000,125740000.0,5.685,873805000.0,8719000.0,29197000.0,22091000.0,6.949,257981000.0
56,TIE,MRT,1998-09-30,1998-09-30,1998-09-30,2019-05-27,7622000.0,986827000.0,877821500.0,528195000.0,458632000.0,0.869,3.644,-104646000.0,142591000.0,142591000.0,571830000.0,73835000.0,3.352,1.153,123092000.0,7347000.0,115745000.0,123092000.0,0.0,29732000.0,0.0,0.006,0.02,117564000.0,147296000.0,0.193,147296000.0,117564000.0,115128000.0,0.585,0.565,0.585,458432000.0,433700750.0,458432000.0,409227096.0,3.0,2.778,-2445000.0,-0.019,1.0,190887000.0,0.25,80735000.0,2436000.0,729024000.0,617743250.0,212059000.0,32891000.0,0.0,32891000.0,528395000.0,157569000.0,370826000.0,444364096.0,72615000.0,-27188000.0,-1208000.0,106835000.0,-2517000.0,101076000.0,-133190000.0,0.0,102201000.0,2528000.0,73835000.0,73835000.0,73835000.0,0.0,0.0,0.097,65246000.0,125641000.0,86300000.0,0.034,0.969,6.018,6.036,329204000.0,0.0,3.531,0.583,0.583,157852000.0,103731000.0,762717000.0,762717000.0,0.0,0.084,0.17,0.19,0.154,0.0,59246000.0,1.0,125837620.0,125820000,147376000.0,6.062,906092000.0,3599000.0,41293000.0,33607000.0,7.201,370626000.0
57,TIE,MRT,1998-06-30,1998-06-30,1998-06-30,2019-05-27,2868000.0,879181000.0,,453516000.0,425665000.0,,3.492,-83882000.0,80326000.0,80326000.0,574083000.0,79030000.0,3.045,1.001,45189000.0,5776000.0,39413000.0,45189000.0,0.0,29451000.0,0.0,0.002,0.01,122582000.0,152033000.0,0.199,152033000.0,122582000.0,120652000.0,0.628,0.6,0.628,439442000.0,,439442000.0,630738658.0,5.0,4.149,4011000.0,0.032,1.0,189892000.0,0.249,83973000.0,1930000.0,611134000.0,,195553000.0,24806000.0,0.0,24806000.0,439739000.0,148937000.0,290802000.0,694040658.0,-4564000.0,-31110000.0,0.0,26324000.0,-1259000.0,21739000.0,-113648000.0,0.0,87893000.0,-548000.0,79030000.0,79030000.0,79030000.0,0.0,0.0,0.103,58908000.0,130984000.0,76764000.0,0.016,1.579,8.782,8.783,297839000.0,0.0,5.516,0.908,0.908,158330000.0,88848000.0,763975000.0,763975000.0,0.0,,,,0.16,0.0,52908000.0,1.0,125831620.0,125836000,147464000.0,6.071,795208000.0,11806000.0,41622000.0,35459000.0,6.319,304579000.0
58,TIE,MRT,1998-03-31,1998-03-31,1998-03-31,2019-05-27,3969000.0,852219000.0,,456111000.0,396108000.0,,3.401,-81328000.0,117378000.0,117378000.0,565079000.0,85520000.0,3.767,0.991,54076000.0,2638000.0,51438000.0,54076000.0,0.0,28896000.0,0.0,0.0,0.0,131019000.0,159915000.0,0.211,159915000.0,131019000.0,129182000.0,0.68,0.643,0.68,427982000.0,,427982000.0,1001883736.0,8.0,6.265,21264000.0,0.169,1.0,191147000.0,0.253,75826000.0,1837000.0,592016000.0,,163233000.0,23000000.0,0.0,23000000.0,424237000.0,121075000.0,303162000.0,853417736.0,38882000.0,-13020000.0,0.0,35560000.0,0.0,31500000.0,-94378000.0,0.0,102592000.0,-832000.0,85520000.0,85520000.0,85520000.0,0.0,0.0,0.113,49379000.0,141768000.0,56393000.0,0.0,1.994,9.979,9.972,278743000.0,0.0,6.781,1.129,1.128,157503000.0,76287000.0,756226000.0,756226000.0,0.0,,,,0.173,0.0,49379000.0,1.0,125849620.0,125832000,147656000.0,6.01,776393000.0,9407000.0,43662000.0,33020000.0,6.17,335036000.0
59,TIE,MRT,1997-12-31,1997-12-31,1997-12-31,2019-05-27,3908000.0,793059000.0,748038500.0,413769000.0,379290000.0,0.985,3.25,-66295000.0,68957000.0,68957000.0,554546000.0,83010000.0,3.342,0.939,16173000.0,4726000.0,11447000.0,16173000.0,0.0,28384000.0,0.0,0.0,0.0,126080000.0,154464000.0,0.21,154464000.0,126080000.0,124014000.0,0.66,0.623,0.66,408947000.0,367581500.0,408947000.0,,,,6275000.0,0.05,1.0,182548000.0,0.248,77660000.0,2066000.0,538799000.0,589076500.0,153818000.0,23270000.0,0.0,23270000.0,384112000.0,123816000.0,260296000.0,908476944.0,-17569000.0,-13496000.0,0.0,-5763000.0,0.0,-9823000.0,-79791000.0,0.0,72570000.0,-525000.0,83010000.0,83010000.0,83010000.0,0.0,0.0,0.113,45319000.0,137229000.0,61646000.0,0.0,2.222,10.944,10.938,262426000.0,0.0,7.219,1.233,1.232,171522000.0,58001000.0,737094000.0,737094000.0,0.0,0.111,0.226,0.214,0.171,0.0,45319000.0,1.0,125849620.0,125828000,147820000.0,5.858,715399000.0,6812000.0,41004000.0,23102000.0,5.686,289953000.0
60,TIE,MRT,1997-09-30,1997-09-30,1997-09-30,2019-05-27,,,,,,,,,,,,,,,,,,,,,,0.0,0.0,,,,,,,,,,,,,,,,,,1.0,,,,,,,,,,,,,,,,,,,,,,,,,,,,,,,,,,,,,,,,9.313,,,,,,,,,,,,,,1.0,,125828000,,,,,,,,
61,TIE,MRT,1997-06-30,1997-06-30,1997-06-30,2019-05-27,,,,,,,,,,,,,,,,,,,,,,0.0,0.0,,,,,,,,,,,,,,,,,,1.0,,,,,,,,,,,,,,,,,,,,,,,,,,,,,,,,,,,,,,,,7.906,,,,,,,,,,,,,,1.0,,125828000,,,,,,,,
62,TIE,MRT,1997-03-31,1997-03-31,1997-03-31,2019-05-27,,,,,,,,,,,,,,,,,,,,,,0.0,0.0,,,,,,,,,,,,,,,,,,1.0,,,,,,,,,,,,,,,,,,,,,,,,,,,,,,,,,,,,,,,,6.344,,,,,,,,,,,,,,1.0,,125828000,,,,,,,,
63,TIE,MRT,1996-12-31,1996-12-31,1996-12-31,2019-05-27,4777000.0,703018000.0,,371018000.0,332000000.0,,2.952,-21679000.0,86526000.0,86526000.0,418775000.0,47644000.0,3.288,1.155,222431000.0,8461000.0,213970000.0,222431000.0,0.0,18974000.0,0.0,0.0,0.0,58933000.0,77907000.0,0.151,77907000.0,58933000.0,49980000.0,0.43,0.43,0.43,326216000.0,,326216000.0,,,,-22411000.0,-0.203,1.0,95585000.0,0.186,86744000.0,8953000.0,639354000.0,,155488000.0,270000.0,0.0,270000.0,376802000.0,112825000.0,263977000.0,,83449000.0,-106881000.0,131488000.0,-108208000.0,0.0,215110000.0,-131400000.0,0.0,-732000.0,471000.0,47644000.0,47644000.0,47644000.0,0.0,0.0,0.093,34741000.0,60844000.0,52201000.0,0.0,,,19.113,219569000.0,0.0,8.219,,1.766,115776000.0,-25009000.0,514360000.0,514360000.0,0.0,,,,0.115,0.0,29917000.0,1.0,,110492000,193880000.0,4.655,616274000.0,12336000.0,2336000.0,17615000.0,5.578,258193000.0
64,TIE,MRT,1995-12-31,1995-12-31,1995-12-31,2019-05-27,,,,,,,,-2981000.0,,,170699000.0,-4217000.0,,,,,,,,13218000.0,,,0.0,6452000.0,19670000.0,0.104,19670000.0,6452000.0,-3962000.0,-0.068,-0.068,-0.068,,,,,,,-9096000.0,-0.148,1.0,19317000.0,0.102,,10414000.0,,,,,,,,,,,24000.0,0.0,0.0,7500000.0,0.0,8648000.0,-2560000.0,0.0,-6115000.0,51000.0,-4217000.0,-4217000.0,-4217000.0,0.0,0.0,-0.022,12865000.0,6452000.0,,0.0,,,,,0.0,,,,,,190016000.0,190016000.0,0.0,,,,0.034,0.0,14065000.0,,,61532000,61532000.0,3.088,,,255000.0,,,
