None,ticker,dimension,calendardate,datekey,reportperiod,lastupdated,accoci,assets,assetsavg,assetsc,assetsnc,assetturnover,bvps,capex,cashneq,cashnequsd,cor,consolinc,currentratio,de,debt,debtc,debtnc,debtusd,deferredrev,depamor,deposits,divyield,dps,ebit,ebitda,ebitdamargin,ebitdausd,ebitusd,ebt,eps,epsdil,epsusd,equity,equityavg,equityusd,ev,evebit,evebitda,fcf,fcfps,fxusd,gp,grossmargin,intangibles,intexp,invcap,invcapavg,inventory,investments,investmentsc,investmentsnc,liabilities,liabilitiesc,liabilitiesnc,marketcap,ncf,ncfbus,ncfcommon,ncfdebt,ncfdiv,ncff,ncfi,ncfinv,ncfo,ncfx,netinc,netinccmn,netinccmnusd,netincdis,netincnci,netmargin,opex,opinc,payables,payoutratio,pb,pe,pe1,ppnenet,prefdivis,price,ps,ps1,receivables,retearn,revenue,revenueusd,rnd,roa,roe,roic,ros,sbcomp,sgna,sharefactor,sharesbas,shareswa,shareswadil,sps,tangibles,taxassets,taxexp,taxliabilities,tbvps,workingcapital
0,FLT,MRY,2020-12-31,2020-12-31,2020-12-31,2021-08-09,-1363158000.0,11194579000.0,11056361250.0,3956318000.0,7238261000.0,0.216,39.943,-78425000.0,1476619000.0,1476619000.0,596363000.0,704216000.0,0.997,2.336,4332623000.0,1205697000.0,3126926000.0,4332623000.0,0.0,254801000.0,1175322000.0,0.0,0.0,1012328000.0,1267129000.0,0.53,1267129000.0,1012328000.0,882525000.0,8.38,8.12,8.38,3355411000.0,3013956000.0,3355411000.0,25876184622.0,26.0,20.421,1394164000.0,16.596,1.0,1792492000.0,0.75,6835063000.0,129803000.0,3247209000.0,3448687500.0,0.0,707480000.0,700000000.0,7480000.0,7839168000.0,3968311000.0,3870857000.0,22754465622.0,-198618000.0,-80787000.0,-713113000.0,-700707000.0,0.0,-1416801000.0,-106249000.0,52963000.0,1472589000.0,-148157000.0,704216000.0,704216000.0,704216000.0,0.0,0.0,0.295,810172000.0,982320000.0,1054478000.0,0.0,6.781,32.312,32.557,202509000.0,0.0,272.83,9.525,9.594,1366775000.0,5416945000.0,2388855000.0,2388855000.0,0.0,0.064,0.234,0.294,0.424,43384000.0,567410000.0,1.0,83401626.0,84005000,86719000.0,28.437,4359516000.0,0.0,178309000.0,498154000.0,51.896,-11993000.0
1,FLT,MRY,2019-12-31,2019-12-31,2019-12-31,2021-08-09,-972465000.0,12248541000.0,11913310500.0,4618571000.0,7629970000.0,0.222,42.958,-75170000.0,1675237000.0,1675237000.0,530669000.0,895073000.0,1.035,2.3,5036785000.0,1746838000.0,3289947000.0,5036785000.0,0.0,274210000.0,1007631000.0,0.0,0.0,1227867000.0,1502077000.0,0.567,1502077000.0,1227867000.0,1077819000.0,10.36,9.94,10.36,3711616000.0,3746566250.0,3711616000.0,27975499548.0,23.0,18.625,1086901000.0,12.58,1.0,2118179000.0,0.8,7174929000.0,150048000.0,3972092000.0,3572770000.0,0.0,1001413000.0,970973000.0,30440000.0,8536925000.0,4463068000.0,4073857000.0,24968682548.0,310344000.0,-448277000.0,-525984000.0,218629000.0,0.0,-310171000.0,-523702000.0,0.0,1162071000.0,-17854000.0,895073000.0,895073000.0,895073000.0,0.0,0.0,0.338,886842000.0,1231337000.0,1249586000.0,0.0,6.727,27.896,27.772,199825000.0,0.0,287.72,9.426,9.385,1568961000.0,4712729000.0,2648848000.0,2648848000.0,0.0,0.075,0.239,0.344,0.464,60953000.0,612016000.0,1.0,86781185.0,86401000,90070000.0,30.658,5073612000.0,0.0,182746000.0,519980000.0,58.722,155503000.0
2,FLT,MRY,2018-12-31,2018-12-31,2018-12-31,2021-08-09,-913858000.0,11202477000.0,11457741250.0,3875986000.0,7326491000.0,0.212,37.636,-81387000.0,1364893000.0,1364893000.0,487695000.0,811483000.0,0.862,2.354,4819047000.0,2070616000.0,2748431000.0,4819047000.0,0.0,274609000.0,926685000.0,0.0,0.0,1233619000.0,1508228000.0,0.62,1508228000.0,1233619000.0,1095125000.0,9.14,8.81,9.14,3340180000.0,3557391250.0,3340180000.0,19748172820.0,16.0,13.094,821995000.0,9.262,1.0,1945797000.0,0.8,6949984000.0,138494000.0,3211434000.0,3276481500.0,0.0,928674000.0,886000000.0,42674000.0,7862297000.0,4495213000.0,3367084000.0,16463796820.0,234023000.0,77892000.0,-903016000.0,329241000.0,0.0,-577815000.0,-26270000.0,0.0,903382000.0,-65274000.0,811483000.0,811483000.0,811483000.0,0.0,0.0,0.333,702933000.0,1242864000.0,1117649000.0,0.0,4.929,20.289,20.319,186201000.0,0.0,185.72,6.766,6.773,1425815000.0,3817656000.0,2433492000.0,2433492000.0,0.0,0.071,0.228,0.377,0.507,69939000.0,571765000.0,1.0,88648486.0,88750000,92151000.0,27.42,4252493000.0,0.0,283642000.0,491946000.0,47.915,-619227000.0
3,FLT,MRY,2017-12-31,2017-12-31,2017-12-31,2021-08-09,-551857000.0,11318359000.0,10690079500.0,3549701000.0,7768658000.0,0.21,40.344,-70093000.0,1130870000.0,1130870000.0,542746000.0,740200000.0,0.867,2.079,4518616000.0,1616512000.0,2902104000.0,4518616000.0,0.0,264560000.0,732171000.0,0.0,0.0,1000736000.0,1265296000.0,0.562,1265296000.0,1000736000.0,893590000.0,8.12,7.91,8.12,3676522000.0,3463563000.0,3676522000.0,20752394435.0,21.0,16.401,609965000.0,6.693,1.0,1706792000.0,0.759,7440780000.0,107146000.0,3169823000.0,2971556500.0,0.0,843859000.0,811000000.0,32859000.0,7641837000.0,4095502000.0,3546335000.0,17234182435.0,487100000.0,-388756000.0,-357703000.0,622092000.0,0.0,251938000.0,-497802000.0,0.0,680058000.0,52906000.0,740200000.0,740200000.0,740200000.0,0.0,0.0,0.329,649596000.0,1057196000.0,1437314000.0,0.0,4.688,23.283,23.698,180057000.0,0.0,192.43,7.661,7.795,1420011000.0,2958921000.0,2249538000.0,2249538000.0,0.0,0.069,0.214,0.337,0.445,93297000.0,558411000.0,1.0,89560788.0,91129000,93594000.0,24.685,3877579000.0,0.0,153390000.0,518912000.0,42.55,-545801000.0
4,FLT,MRY,2016-12-31,2016-12-31,2016-12-31,2021-08-09,-666403000.0,9626732000.0,8955831000.0,2527693000.0,7099039000.0,0.205,33.306,-59011000.0,643770000.0,643770000.0,459759000.0,452385000.0,0.767,2.121,3858233000.0,1336506000.0,2521727000.0,3858233000.0,0.0,198091000.0,530787000.0,0.0,0.0,714815000.0,912906000.0,0.498,912906000.0,714815000.0,642919000.0,4.89,4.75,4.89,3084038000.0,3083258250.0,3084038000.0,16463252903.0,23.0,18.034,649207000.0,7.011,1.0,1371787000.0,0.749,6848383000.0,71896000.0,2696494000.0,2545180500.0,0.0,627200000.0,591000000.0,36200000.0,6542694000.0,3296318000.0,3246376000.0,13131886903.0,29126000.0,-1331985000.0,-166447000.0,923364000.0,0.0,753969000.0,-1389585000.0,0.0,708218000.0,-43476000.0,452385000.0,452385000.0,452385000.0,0.0,0.0,0.247,620616000.0,751171000.0,1151432000.0,0.0,4.258,29.028,28.941,142504000.0,0.0,141.52,7.17,7.155,1202009000.0,2218721000.0,1831546000.0,1831546000.0,0.0,0.051,0.147,0.281,0.39,63946000.0,415068000.0,1.0,92791739.0,92597000,95213000.0,19.78,2778349000.0,0.0,190534000.0,668580000.0,30.005,-768625000.0
5,FLT,MRY,2015-12-31,2015-12-31,2015-12-31,2021-08-09,-570811000.0,7889806000.0,8313583500.0,1944624000.0,5945182000.0,0.205,30.754,-41875000.0,614644000.0,614644000.0,439330000.0,362431000.0,0.865,1.788,2935000000.0,875100000.0,2059900000.0,2935000000.0,0.0,190202000.0,507233000.0,0.0,0.0,607343000.0,797545000.0,0.468,797545000.0,607343000.0,536004000.0,3.94,3.85,3.94,2830047000.0,2869949000.0,2830047000.0,15709053745.0,26.0,19.697,712709000.0,7.745,1.0,1263535000.0,0.742,5729629000.0,71339000.0,2233059000.0,2451861750.0,0.0,690568000.0,614000000.0,76568000.0,5059759000.0,2247474000.0,2812285000.0,13172601745.0,-29917000.0,-49069000.0,19926000.0,-651864000.0,0.0,-648065000.0,-99414000.0,0.0,754584000.0,-37022000.0,362431000.0,362431000.0,362431000.0,0.0,0.0,0.213,598524000.0,665011000.0,669528000.0,0.0,4.655,36.345,36.277,80760000.0,0.0,142.93,7.736,7.724,638954000.0,1766336000.0,1702865000.0,1702865000.0,0.0,0.044,0.126,0.248,0.357,63695000.0,406790000.0,1.0,92161210.0,92023000,94139000.0,18.505,2160177000.0,8913000.0,173573000.0,713428000.0,23.474,-302850000.0
6,FLT,MRY,2014-12-31,2014-12-31,2014-12-31,2021-08-09,-291508000.0,8524701000.0,5259805750.0,2137350000.0,6387351000.0,0.228,31.056,-27070000.0,612213000.0,612213000.0,269591000.0,368707000.0,0.738,2.255,3593717000.0,1424764000.0,2168953000.0,3593717000.0,0.0,107246000.0,492257000.0,0.0,0.0,541799000.0,649045000.0,0.541,649045000.0,541799000.0,512943000.0,4.37,4.24,4.37,2618562000.0,1754767250.0,2618562000.0,13474914605.0,25.0,20.761,581264000.0,6.894,1.0,929799000.0,0.775,6099424000.0,28856000.0,2510163000.0,1270933250.0,0.0,816933000.0,675000000.0,141933000.0,5906139000.0,2896618000.0,3009521000.0,12466606605.0,138964000.0,-2395778000.0,29641000.0,2120508000.0,0.0,2162265000.0,-2594087000.0,0.0,608334000.0,-37548000.0,368707000.0,368707000.0,368707000.0,0.0,0.0,0.307,363650000.0,566149000.0,716676000.0,0.0,4.761,33.812,34.03,73563000.0,0.0,148.71,10.394,10.454,673797000.0,1403905000.0,1199390000.0,1199390000.0,0.0,0.07,0.21,0.426,0.452,-19141000.0,281490000.0,1.0,83831663.0,84317000,86982000.0,14.225,2425277000.0,101451000.0,144236000.0,799939000.0,28.764,-759268000.0
7,FLT,MRY,2013-12-31,2013-12-31,2013-12-31,2021-08-09,-47426000.0,3932235000.0,3327703250.0,1353512000.0,2578723000.0,0.269,15.208,-20785000.0,386349000.0,386349000.0,202173000.0,284501000.0,0.709,2.161,1486378000.0,1011439000.0,474939000.0,1486378000.0,0.0,66198000.0,182541000.0,0.0,0.0,420030000.0,486228000.0,0.543,486228000.0,420030000.0,403569000.0,3.48,3.36,3.48,1243893000.0,1112705500.0,1243893000.0,10375310654.0,25.0,21.338,354900000.0,4.339,1.0,692998000.0,0.774,2423988000.0,16461000.0,699378000.0,806320750.0,0.0,349000000.0,349000000.0,0.0,2688342000.0,1908898000.0,779444000.0,9637035654.0,54456000.0,-728343000.0,30438000.0,389102000.0,0.0,435725000.0,-749128000.0,0.0,375685000.0,-7826000.0,284501000.0,284501000.0,284501000.0,0.0,0.0,0.318,272968000.0,420030000.0,467202000.0,0.0,7.747,33.873,33.67,53956000.0,0.0,117.17,10.766,10.706,573351000.0,1035198000.0,895171000.0,895171000.0,0.0,0.085,0.256,0.521,0.469,-5859000.0,199629000.0,1.0,82248320.0,81793000,84655000.0,10.944,1508247000.0,4750000.0,119068000.0,249504000.0,18.44,-555386000.0
8,FLT,MRY,2012-12-31,2012-12-31,2012-12-31,2021-08-09,-3346000.0,2721870000.0,2657399000.0,1195354000.0,1526516000.0,0.266,10.967,-19111000.0,337323000.0,337323000.0,174019000.0,216199000.0,1.047,1.979,925092000.0,439875000.0,485217000.0,925092000.0,0.0,46492000.0,187627000.0,0.0,0.0,323807000.0,370299000.0,0.523,370299000.0,323807000.0,310790000.0,2.59,2.52,2.59,913822000.0,943462750.0,913822000.0,5045080158.0,16.0,13.624,116349000.0,1.396,1.0,533515000.0,0.754,1390473000.0,13017000.0,776944000.0,652446750.0,0.0,298000000.0,298000000.0,0.0,1808048000.0,1142222000.0,665826000.0,4534825158.0,-1510000.0,-190447000.0,-172813000.0,210712000.0,0.0,61988000.0,-209558000.0,0.0,135460000.0,10600000.0,216199000.0,216199000.0,216199000.0,0.0,0.0,0.306,209708000.0,323807000.0,418609000.0,0.0,4.962,20.975,20.714,45196000.0,0.0,53.65,6.409,6.318,525441000.0,750697000.0,707534000.0,707534000.0,0.0,0.081,0.229,0.496,0.458,-10080000.0,156551000.0,1.0,84526098.0,83328000,85736000.0,8.491,1331397000.0,6464000.0,94591000.0,180609000.0,15.978,53132000.0
9,FLT,MRY,2011-12-31,2011-12-31,2011-12-31,2021-08-09,-13716000.0,2349169000.0,1832460500.0,1124268000.0,1224901000.0,0.284,10.066,-13454000.0,340921000.0,340921000.0,135715000.0,147335000.0,0.998,1.895,704265000.0,425836000.0,278429000.0,704265000.0,0.0,31041000.0,180269000.0,0.0,0.0,224254000.0,255295000.0,0.491,255295000.0,224254000.0,210877000.0,1.83,1.76,1.83,811436000.0,738489250.0,811436000.0,2681004761.0,12.0,10.502,266171000.0,3.302,1.0,383876000.0,0.739,1146343000.0,13377000.0,439618000.0,526886750.0,0.0,280000000.0,280000000.0,0.0,1537733000.0,1126552000.0,411181000.0,2428963761.0,170355000.0,-333763000.0,8477000.0,222035000.0,0.0,236221000.0,-347217000.0,0.0,279625000.0,1726000.0,147335000.0,147335000.0,147335000.0,0.0,0.0,0.284,156953000.0,226923000.0,478882000.0,0.0,2.993,16.486,16.322,32724000.0,0.0,29.87,4.675,4.634,481791000.0,534498000.0,519591000.0,519591000.0,0.0,0.08,0.2,0.426,0.432,8016000.0,121371000.0,1.0,81317836.0,80610000,83654000.0,6.446,1202826000.0,6140000.0,63542000.0,132752000.0,14.922,-2284000.0
10,FLT,MRY,2010-12-31,2010-12-31,2010-12-31,2021-08-09,-8101000.0,1484118000.0,1346831500.0,618983000.0,865135000.0,0.322,17.665,-11194000.0,177145000.0,177145000.0,118737000.0,107896000.0,1.342,1.371,469413000.0,155617000.0,313796000.0,469413000.0,0.0,28466000.0,78685000.0,0.0,0.0,171812000.0,200278000.0,0.462,200278000.0,171812000.0,151280000.0,3.0,1.34,3.0,625945000.0,549997000.0,625945000.0,2758621994.0,16.0,13.774,128561000.0,3.628,1.0,315104000.0,0.726,795527000.0,20532000.0,519737000.0,409823000.0,0.0,144000000.0,144000000.0,0.0,858173000.0,461122000.0,397051000.0,2433995994.0,30103000.0,-10022000.0,10098000.0,-98634000.0,0.0,-86544000.0,-21216000.0,0.0,139755000.0,-1892000.0,107896000.0,106408000.0,106408000.0,0.0,0.0,0.245,143292000.0,171812000.0,177644000.0,0.0,3.889,22.874,10.307,26818000.0,1488000.0,30.92,5.61,2.525,260163000.0,387163000.0,433841000.0,433841000.0,0.0,0.079,0.193,0.419,0.396,16045000.0,110866000.0,1.0,78719146.0,35434000,80751000.0,12.244,688591000.0,4484000.0,43384000.0,83255000.0,19.433,157861000.0
11,FLT,MRY,2009-12-31,2009-12-31,2009-12-31,2021-08-09,-12173000.0,1209545000.0,,347242000.0,862303000.0,,14.024,-9677000.0,152680000.0,152680000.0,97706000.0,89052000.0,1.083,1.552,351551000.0,22621000.0,328930000.0,351551000.0,0.0,23548000.0,75796000.0,,0.0,146978000.0,170526000.0,0.482,170526000.0,146978000.0,129615000.0,2.17,1.13,2.17,474049000.0,,474049000.0,,,,169113000.0,5.003,1.0,256367000.0,0.724,787766000.0,17363000.0,299909000.0,,0.0,0.0,0.0,0.0,735496000.0,320741000.0,414755000.0,,14346000.0,-231097000.0,266000.0,-21724000.0,0.0,72238000.0,-240774000.0,0.0,178790000.0,4092000.0,89052000.0,73263000.0,73263000.0,0.0,0.0,0.207,109389000.0,146978000.0,175578000.0,0.0,,,,27223000.0,15789000.0,,,,163461000.0,235726000.0,354073000.0,354073000.0,0.0,,,,0.415,2666000.0,81954000.0,1.0,,33802000,78854000.0,10.475,421779000.0,6988000.0,40563000.0,85825000.0,12.478,26501000.0
12,FLT,MRY,2008-12-31,2008-12-31,2008-12-31,2021-08-09,,,,,,,,-7088000.0,,,89945000.0,97282000.0,,,,,,,,20646000.0,,,0.0,154943000.0,175589000.0,0.515,175589000.0,154943000.0,134687000.0,2.6,1.35,2.6,,,,,,,51001000.0,1.544,1.0,251108000.0,0.736,,20256000.0,,,,,,,,,,,1491000.0,-55924000.0,763000.0,14987000.0,0.0,14931000.0,-63012000.0,0.0,58089000.0,-8517000.0,97282000.0,85925000.0,85925000.0,0.0,0.0,0.252,98653000.0,152455000.0,,0.0,,,,,11357000.0,,,,,,341053000.0,341053000.0,0.0,,,,0.454,1862000.0,71413000.0,1.0,,33033000,71913000.0,10.325,,,37405000.0,,,
0,FLT,MRQ,2021-06-30,2021-06-30,2021-06-30,2021-08-09,-1265177000.0,13026883000.0,,5254143000.0,7772740000.0,,41.963,-26239000.0,2059303000.0,2059303000.0,122294000.0,196247000.0,1.055,2.734,5078781000.0,1346080000.0,3732701000.0,5078781000.0,0.0,69218000.0,1570190000.0,0.0,0.0,297204000.0,366422000.0,0.549,366422000.0,297204000.0,262519000.0,2.36,2.3,2.36,3488847000.0,,3488847000.0,24357086334.0,22.0,17.588,252353000.0,3.035,1.0,545087000.0,0.817,7323748000.0,34685000.0,3742195000.0,,0.0,1011857000.0,1000000000.0,11857000.0,9538036000.0,4980418000.0,4557618000.0,21342488334.0,627781000.0,-71276000.0,-245968000.0,644092000.0,0.0,375252000.0,-99796000.0,0.0,278592000.0,73733000.0,196247000.0,196247000.0,196247000.0,0.0,0.0,0.294,247883000.0,297204000.0,1578266000.0,0.0,6.117,27.392,27.415,216681000.0,0.0,256.06,8.611,8.589,1787155000.0,5797431000.0,667381000.0,667381000.0,0.0,,,,,17885000.0,178233000.0,1.0,83349560.0,83141000,85295000.0,8.027,5703135000.0,0.0,66272000.0,565856000.0,68.596,273725000.0
1,FLT,MRQ,2021-03-31,2021-03-31,2021-03-31,2021-08-09,-1481019000.0,11427474000.0,,4285373000.0,7142101000.0,,39.491,-19526000.0,1431522000.0,1431522000.0,116428000.0,184239000.0,0.993,2.467,4446120000.0,1364165000.0,3081955000.0,4446120000.0,0.0,65729000.0,1118965000.0,0.0,0.0,264231000.0,329960000.0,0.542,329960000.0,264231000.0,235680000.0,2.21,2.15,2.21,3296499000.0,,3296499000.0,25264127355.0,24.0,19.073,58324000.0,0.699,1.0,492195000.0,0.809,6744388000.0,28551000.0,3383706000.0,,0.0,926857000.0,915000000.0,11857000.0,8130975000.0,4313978000.0,3816997000.0,22408123355.0,-45097000.0,-43718000.0,-134696000.0,116650000.0,0.0,-16579000.0,-63244000.0,0.0,77850000.0,-43124000.0,184239000.0,184239000.0,184239000.0,0.0,0.0,0.303,227973000.0,264222000.0,1348983000.0,0.0,6.798,30.224,30.285,200161000.0,0.0,268.63,9.591,9.598,1590624000.0,5601184000.0,608623000.0,608623000.0,0.0,,,,,17747000.0,160444000.0,1.0,83416310.0,83475000,85764000.0,7.291,4683086000.0,0.0,51441000.0,501302000.0,56.102,-28605000.0
2,FLT,MRQ,2020-12-31,2020-12-31,2020-12-31,2021-08-09,-1363158000.0,11194579000.0,,3956318000.0,7238261000.0,,40.18,-23406000.0,1476619000.0,1476619000.0,121514000.0,209851000.0,0.997,2.336,4332623000.0,1205697000.0,3126926000.0,4332623000.0,0.0,64684000.0,1175322000.0,0.0,0.0,293517000.0,358201000.0,0.58,358201000.0,293517000.0,263188000.0,2.51,2.44,2.51,3355411000.0,,3355411000.0,25876184622.0,26.0,20.421,234487000.0,2.808,1.0,495819000.0,0.803,6835063000.0,30329000.0,3247209000.0,,0.0,707480000.0,700000000.0,7480000.0,7839168000.0,3968311000.0,3870857000.0,22754465622.0,105759000.0,-8230000.0,-20484000.0,-174127000.0,0.0,-194874000.0,-31636000.0,0.0,257893000.0,74376000.0,209851000.0,209851000.0,209851000.0,0.0,0.0,0.34,202302000.0,293517000.0,1054478000.0,0.0,6.781,32.312,32.557,202509000.0,0.0,272.83,9.525,9.594,1366775000.0,5416945000.0,617333000.0,617333000.0,0.0,,,,,8315000.0,138698000.0,1.0,83401626.0,83510000,85858000.0,7.392,4359516000.0,0.0,53337000.0,498154000.0,52.204,-11993000.0
3,FLT,MRQ,2020-09-30,2020-09-30,2020-09-30,2021-08-09,-1583136000.0,11093999000.0,,3971016000.0,7122983000.0,,35.091,-18149000.0,1370860000.0,1370860000.0,119856000.0,188817000.0,0.946,2.776,4492579000.0,1333769000.0,3158810000.0,4492579000.0,0.0,63479000.0,1123974000.0,0.0,0.0,266793000.0,330272000.0,0.564,330272000.0,266793000.0,235410000.0,2.26,2.19,2.26,2937750000.0,,2937750000.0,23269061914.0,22.0,17.75,394379000.0,4.711,1.0,465427000.0,0.795,6728786000.0,31383000.0,3291125000.0,,0.0,695480000.0,688000000.0,7480000.0,8156249000.0,4195807000.0,3960442000.0,20012766914.0,179514000.0,-72065000.0,-228245000.0,40326000.0,0.0,-189494000.0,-37251000.0,52963000.0,412528000.0,-6269000.0,188817000.0,188817000.0,188817000.0,0.0,0.0,0.323,197304000.0,268123000.0,1297236000.0,0.0,6.812,27.419,27.686,189953000.0,0.0,238.1,8.101,8.069,1552695000.0,5207094000.0,585283000.0,585283000.0,0.0,,,,,11905000.0,137630000.0,1.0,84051940.0,83719000,86273000.0,6.991,4365213000.0,0.0,46593000.0,506102000.0,52.141,-224791000.0
4,FLT,MRQ,2020-06-30,2020-06-30,2020-06-30,2021-08-09,-1581975000.0,10626717000.0,,3464069000.0,7162648000.0,,35.359,-18613000.0,1191346000.0,1191346000.0,121290000.0,158488000.0,0.955,2.582,4447641000.0,1245178000.0,3202463000.0,4447641000.0,0.0,62162000.0,887601000.0,0.0,0.0,244040000.0,306202000.0,0.583,306202000.0,244040000.0,211628000.0,1.89,1.83,1.89,2966434000.0,,2966434000.0,24686251421.0,22.0,17.924,363522000.0,4.333,1.0,403856000.0,0.769,6703554000.0,32412000.0,3552490000.0,,0.0,715773000.0,654000000.0,61773000.0,7660283000.0,3626968000.0,4033315000.0,21078776421.0,-360890000.0,-25000.0,-7421000.0,-709510000.0,0.0,-717982000.0,-18638000.0,0.0,382135000.0,-6405000.0,158488000.0,158488000.0,158488000.0,0.0,0.0,0.302,193525000.0,210331000.0,1096303000.0,0.0,7.106,27.487,28.104,185599000.0,0.0,251.53,8.214,8.223,1279343000.0,5018277000.0,525146000.0,525146000.0,0.0,,,,,8989000.0,129113000.0,1.0,83802236.0,83895000,86570000.0,6.26,3923163000.0,0.0,53140000.0,501231000.0,46.763,-162899000.0
5,FLT,MRQ,2020-03-31,2020-03-31,2020-03-31,2021-08-09,-1592124000.0,11310150000.0,,4129012000.0,7181138000.0,,32.935,-18257000.0,1552236000.0,1552236000.0,233703000.0,147060000.0,0.926,3.045,5159711000.0,1913470000.0,3246241000.0,5159711000.0,0.0,64476000.0,906065000.0,0.0,0.0,207978000.0,272454000.0,0.412,272454000.0,207978000.0,172299000.0,1.73,1.67,1.73,2796229000.0,,2796229000.0,19297484293.0,17.0,13.412,401776000.0,4.732,1.0,427390000.0,0.646,6753623000.0,35679000.0,3703926000.0,,0.0,847068000.0,819000000.0,28068000.0,8513921000.0,4460076000.0,4053845000.0,15935936293.0,-123001000.0,-467000.0,-456963000.0,142604000.0,0.0,-314451000.0,-18724000.0,0.0,420033000.0,-209859000.0,147060000.0,147060000.0,147060000.0,0.0,0.0,0.222,217041000.0,210349000.0,1058713000.0,0.0,5.699,18.317,18.488,183229000.0,0.0,186.54,5.928,5.892,1338056000.0,4859789000.0,661093000.0,661093000.0,0.0,,,,,14175000.0,161969000.0,1.0,85429057.0,84902000,88205000.0,7.787,4556527000.0,0.0,25239000.0,486551000.0,53.668,-331064000.0
6,FLT,MRQ,2019-12-31,2019-12-31,2019-12-31,2021-08-09,-972465000.0,12248541000.0,,4618571000.0,7629970000.0,,42.855,-26489000.0,1675237000.0,1675237000.0,146081000.0,235510000.0,1.035,2.3,5036785000.0,1746838000.0,3289947000.0,5036785000.0,0.0,68510000.0,1007631000.0,0.0,0.0,333521000.0,402031000.0,0.575,402031000.0,333521000.0,298561000.0,2.72,2.61,2.72,3711616000.0,,3711616000.0,27975499548.0,23.0,18.625,344447000.0,3.977,1.0,552800000.0,0.791,7174929000.0,34960000.0,3972092000.0,,0.0,1001413000.0,970973000.0,30440000.0,8536925000.0,4463068000.0,4073857000.0,24968682548.0,209360000.0,-113417000.0,-584249000.0,534754000.0,0.0,-49701000.0,-140161000.0,0.0,370936000.0,28286000.0,235510000.0,235510000.0,235510000.0,0.0,0.0,0.337,231469000.0,321331000.0,1249586000.0,0.0,6.727,27.896,27.772,199825000.0,0.0,287.72,9.426,9.385,1568961000.0,4712729000.0,698881000.0,698881000.0,0.0,,,,,14833000.0,161491000.0,1.0,86781185.0,86608000,90352000.0,8.069,5073612000.0,0.0,63051000.0,519980000.0,58.581,155503000.0
7,FLT,MRQ,2019-09-30,2019-09-30,2019-09-30,2021-08-09,-1114678000.0,11914194000.0,,4440007000.0,7474187000.0,,45.006,-16706000.0,1465877000.0,1465877000.0,135016000.0,225805000.0,1.116,2.055,4472694000.0,1165214000.0,3307480000.0,4472694000.0,0.0,67347000.0,957667000.0,0.0,0.0,329261000.0,396608000.0,0.582,396608000.0,329261000.0,292757000.0,2.61,2.49,2.61,3900310000.0,,3900310000.0,27946090384.0,21.0,17.439,224408000.0,2.589,1.0,546032000.0,0.802,7023028000.0,36504000.0,3919046000.0,,0.0,1018250000.0,992000000.0,26250000.0,8013884000.0,3978937000.0,4034947000.0,24825948384.0,-22749000.0,-83934000.0,5339000.0,-112130000.0,0.0,-108924000.0,-100640000.0,0.0,241114000.0,-54299000.0,225805000.0,225805000.0,225805000.0,0.0,0.0,0.332,216771000.0,329261000.0,1375929000.0,0.0,6.365,25.818,25.929,185522000.0,0.0,286.78,9.573,9.583,1703998000.0,4477219000.0,681048000.0,681048000.0,0.0,,,,,15273000.0,149840000.0,1.0,86567921.0,86662000,90522000.0,7.859,4891166000.0,0.0,66952000.0,457174000.0,56.44,461070000.0
8,FLT,MRQ,2019-06-30,2019-06-30,2019-06-30,2021-08-09,-928197000.0,11975592000.0,,4386358000.0,7589234000.0,,44.504,-17469000.0,1488626000.0,1488626000.0,120458000.0,261651000.0,0.924,2.116,4608768000.0,1932394000.0,2676374000.0,4608768000.0,0.0,70908000.0,870217000.0,0.0,0.0,296789000.0,367697000.0,0.568,367697000.0,296789000.0,257260000.0,3.03,2.9,3.03,3843372000.0,,3843372000.0,27350414952.0,21.0,17.681,235058000.0,2.722,1.0,526636000.0,0.814,7137659000.0,39529000.0,3208865000.0,,0.0,1000635000.0,974000000.0,26635000.0,8132220000.0,4749210000.0,3383010000.0,24207416952.0,116055000.0,-250926000.0,26453000.0,95049000.0,0.0,121372000.0,-268395000.0,0.0,252527000.0,10551000.0,261651000.0,261651000.0,261651000.0,0.0,0.0,0.404,229847000.0,296789000.0,1523862000.0,0.0,6.298,27.094,27.454,190215000.0,0.0,280.85,9.561,9.579,1727183000.0,4251414000.0,647094000.0,647094000.0,0.0,,,,,18306000.0,158640000.0,1.0,86193402.0,86360000,90131000.0,7.493,4837933000.0,0.0,-4391000.0,452113000.0,56.021,-362852000.0
9,FLT,MRQ,2019-03-31,2019-03-31,2019-03-31,2021-08-09,-934192000.0,11514915000.0,,4172059000.0,7342856000.0,,41.086,-14506000.0,1372571000.0,1372571000.0,129114000.0,172107000.0,0.915,2.261,4515569000.0,1807318000.0,2708251000.0,4515569000.0,0.0,67445000.0,768342000.0,0.0,0.0,268296000.0,335741000.0,0.54,335741000.0,268296000.0,229241000.0,2.0,1.93,2.0,3530967000.0,,3530967000.0,24625982034.0,20.0,16.286,282988000.0,3.293,1.0,492711000.0,0.792,6904738000.0,39055000.0,3191077000.0,,0.0,968506000.0,942000000.0,26506000.0,7983948000.0,4562098000.0,3421850000.0,21171828034.0,7678000.0,0.0,26473000.0,-299044000.0,0.0,-272918000.0,-14506000.0,0.0,297494000.0,-2392000.0,172107000.0,172107000.0,172107000.0,0.0,0.0,0.277,208755000.0,283956000.0,1518827000.0,0.0,5.996,26.182,26.862,186251000.0,0.0,246.59,8.572,8.58,1655459000.0,3989763000.0,621825000.0,621825000.0,0.0,,,,,12541000.0,142045000.0,1.0,85858421.0,85941000,89244000.0,7.235,4610177000.0,0.0,57134000.0,494025000.0,53.644,-390039000.0
10,FLT,MRQ,2018-12-31,2018-12-31,2018-12-31,2021-08-09,-913858000.0,11202477000.0,,3875986000.0,7326491000.0,,38.12,-25075000.0,1364893000.0,1364893000.0,131609000.0,302000000.0,0.862,2.354,4819047000.0,2070616000.0,2748431000.0,4819047000.0,0.0,67231000.0,926685000.0,0.0,0.0,435270000.0,502501000.0,0.781,502501000.0,435270000.0,397063000.0,3.42,3.31,3.42,3340180000.0,,3340180000.0,19748172820.0,16.0,13.094,322927000.0,3.685,1.0,511813000.0,0.795,6949984000.0,38207000.0,3211434000.0,,0.0,928674000.0,886000000.0,42674000.0,7862297000.0,4495213000.0,3367084000.0,16463796820.0,176343000.0,81691000.0,-570687000.0,352848000.0,0.0,-221483000.0,45033000.0,0.0,348002000.0,4791000.0,302000000.0,302000000.0,302000000.0,0.0,0.0,0.469,74445000.0,437368000.0,1117649000.0,0.0,4.929,20.289,20.319,186201000.0,0.0,185.72,6.766,6.773,1425815000.0,3817656000.0,643422000.0,643422000.0,0.0,,,,,15732000.0,150981000.0,1.0,88648486.0,87622000,90591000.0,7.343,4252493000.0,0.0,95063000.0,491946000.0,48.532,-619227000.0
11,FLT,MRQ,2018-09-30,2018-09-30,2018-09-30,2021-08-09,-944746000.0,11450890000.0,,4132991000.0,7317899000.0,,40.271,-21698000.0,1188550000.0,1188550000.0,128400000.0,157694000.0,0.922,2.215,4472926000.0,1699548000.0,2773378000.0,4472926000.0,0.0,67266000.0,825371000.0,0.0,0.0,273640000.0,340906000.0,0.55,340906000.0,273640000.0,237568000.0,1.78,1.71,1.78,3562248000.0,,3562248000.0,23701009093.0,23.0,18.017,258593000.0,2.923,1.0,491186000.0,0.793,6955975000.0,36072000.0,3294823000.0,,0.0,964032000.0,931000000.0,33032000.0,7888642000.0,4484468000.0,3404174000.0,20138446093.0,3112000.0,12000.0,18824000.0,-270149000.0,0.0,-251572000.0,-21686000.0,0.0,280291000.0,-3921000.0,157694000.0,157694000.0,157694000.0,0.0,0.0,0.255,210399000.0,280787000.0,1616949000.0,0.0,5.653,25.422,25.774,184979000.0,0.0,227.84,8.391,8.397,1811339000.0,3515657000.0,619586000.0,619586000.0,0.0,,,,,20702000.0,142864000.0,1.0,88388545.0,88456000,92081000.0,7.004,4494915000.0,0.0,79874000.0,506310000.0,50.815,-351477000.0
12,FLT,MRQ,2018-06-30,2018-06-30,2018-06-30,2021-08-09,-870688000.0,11485133000.0,,4049207000.0,7435926000.0,,38.568,-19400000.0,1185438000.0,1185438000.0,111201000.0,176852000.0,0.88,2.34,4748001000.0,1915685000.0,2832316000.0,4748001000.0,0.0,68610000.0,852617000.0,0.0,0.0,264325000.0,332935000.0,0.569,332935000.0,264325000.0,231175000.0,1.98,1.91,1.98,3439085000.0,,3439085000.0,22149126558.0,20.0,15.833,54987000.0,0.617,1.0,473784000.0,0.81,7071438000.0,33150000.0,3374744000.0,,0.0,978859000.0,939000000.0,39859000.0,8046048000.0,4601514000.0,3444534000.0,18882182558.0,-37063000.0,64000.0,-282836000.0,277126000.0,0.0,-5767000.0,-26886000.0,0.0,74387000.0,-78797000.0,176852000.0,176852000.0,176852000.0,0.0,0.0,0.302,209459000.0,264325000.0,1532741000.0,0.0,5.49,22.551,22.675,179096000.0,0.0,210.65,8.007,7.965,1716937000.0,3357962000.0,584985000.0,584985000.0,0.0,,,,,19102000.0,140440000.0,1.0,89637705.0,89169000,92702000.0,6.56,4413695000.0,0.0,54323000.0,498918000.0,49.498,-552307000.0
13,FLT,MRQ,2018-03-31,2018-03-31,2018-03-31,2021-08-09,-508603000.0,11692465000.0,,3907065000.0,7785400000.0,,43.314,-15214000.0,1222501000.0,1222501000.0,116485000.0,174937000.0,0.907,2.007,4489445000.0,1621913000.0,2867532000.0,4489445000.0,0.0,71502000.0,746332000.0,0.0,0.0,260384000.0,331886000.0,0.567,331886000.0,260384000.0,229319000.0,1.95,1.88,1.95,3888052000.0,,3888052000.0,21574038530.0,20.0,16.06,185488000.0,2.066,1.0,469015000.0,0.801,7426808000.0,31065000.0,3224925000.0,,0.0,861859000.0,829000000.0,32859000.0,7804413000.0,4307676000.0,3496737000.0,18186292530.0,91631000.0,-3875000.0,-68317000.0,-30584000.0,0.0,-98993000.0,-22731000.0,0.0,200702000.0,12653000.0,174937000.0,174937000.0,174937000.0,0.0,0.0,0.299,208631000.0,260384000.0,1609240000.0,0.0,4.677,22.979,23.196,184031000.0,0.0,202.5,7.857,7.853,1691762000.0,3181110000.0,585500000.0,585500000.0,0.0,,,,,14403000.0,137481000.0,1.0,89808852.0,89765000,93250000.0,6.523,4265657000.0,0.0,54382000.0,505150000.0,47.52,-400611000.0
14,FLT,MRQ,2017-12-31,2017-12-31,2017-12-31,2021-08-09,-551857000.0,11318359000.0,,3549701000.0,7768658000.0,,41.006,-20634000.0,1130870000.0,1130870000.0,143627000.0,282697000.0,0.867,2.079,4518616000.0,1616512000.0,2902104000.0,4518616000.0,0.0,70567000.0,732171000.0,0.0,0.0,239155000.0,309722000.0,0.508,309722000.0,239155000.0,208331000.0,3.13,3.04,3.13,3676522000.0,,3676522000.0,20752394435.0,21.0,16.401,227829000.0,2.541,1.0,466364000.0,0.765,7440780000.0,30824000.0,3169823000.0,,0.0,843859000.0,811000000.0,32859000.0,7641837000.0,4095502000.0,3546335000.0,17234182435.0,112599000.0,-102959000.0,24497000.0,-20900000.0,0.0,1839000.0,-156219000.0,0.0,248463000.0,18516000.0,282697000.0,282697000.0,282697000.0,0.0,0.0,0.463,226542000.0,239822000.0,1437314000.0,0.0,4.688,23.283,23.698,180057000.0,0.0,192.43,7.661,7.795,1420011000.0,2958921000.0,609991000.0,609991000.0,0.0,,,,,24400000.0,160462000.0,1.0,89560788.0,89659000,92607000.0,6.803,3877579000.0,0.0,-74366000.0,518912000.0,43.248,-545801000.0
15,FLT,MRQ,2017-09-30,2017-09-30,2017-09-30,2021-08-09,-466367000.0,11330294000.0,,3521501000.0,7808793000.0,,37.8,-16859000.0,1018271000.0,1018271000.0,138970000.0,202823000.0,0.844,2.303,4536483000.0,1602507000.0,2933976000.0,4536483000.0,0.0,67506000.0,731501000.0,0.0,0.0,356846000.0,424352000.0,0.734,424352000.0,356846000.0,327502000.0,2.23,2.18,2.23,3430418000.0,,3430418000.0,17292527400.0,18.0,14.52,206993000.0,2.281,1.0,438907000.0,0.76,7520999000.0,29344000.0,3154609000.0,,0.0,827526000.0,794000000.0,33526000.0,7899876000.0,4172898000.0,3726978000.0,14220079400.0,252654000.0,-282217000.0,-346239000.0,675373000.0,0.0,317904000.0,-299076000.0,0.0,223852000.0,9974000.0,202823000.0,202823000.0,202823000.0,0.0,0.0,0.351,30999000.0,407908000.0,1435585000.0,0.0,4.145,25.718,25.667,168065000.0,0.0,154.77,6.6,6.519,1456255000.0,2676224000.0,577877000.0,577877000.0,0.0,,,,,24654000.0,137114000.0,1.0,91878784.0,90751000,93001000.0,6.368,3809295000.0,0.0,124679000.0,742498000.0,41.975,-651397000.0
16,FLT,MRQ,2017-06-30,2017-06-30,2017-06-30,2021-08-09,-610049000.0,10101711000.0,,3045358000.0,7056353000.0,,37.011,-17804000.0,765617000.0,765617000.0,133941000.0,130987000.0,0.841,1.966,3838065000.0,1443444000.0,2394621000.0,3838065000.0,0.0,63166000.0,688574000.0,0.0,0.0,214240000.0,277406000.0,0.513,277406000.0,214240000.0,190389000.0,1.42,1.39,1.42,3405500000.0,,3405500000.0,16437853019.0,21.0,16.269,116441000.0,1.265,1.0,407296000.0,0.753,6774849000.0,23851000.0,2780284000.0,,0.0,781845000.0,741000000.0,40845000.0,6696211000.0,3619026000.0,3077185000.0,13304509019.0,30624000.0,-3580000.0,-51191000.0,-35708000.0,0.0,-86899000.0,-21384000.0,0.0,134245000.0,4662000.0,130987000.0,130987000.0,130987000.0,0.0,0.0,0.242,190702000.0,216594000.0,1240766000.0,0.0,3.907,27.734,27.733,154278000.0,0.0,144.21,6.455,6.438,1429563000.0,2473401000.0,541237000.0,541237000.0,0.0,,,,,21150000.0,126544000.0,1.0,92257881.0,92013000,94223000.0,5.882,3326862000.0,0.0,59402000.0,637162000.0,36.156,-573668000.0
17,FLT,MRQ,2017-03-31,2017-03-31,2017-03-31,2021-08-09,-572789000.0,10009954000.0,,2882091000.0,7127863000.0,,36.281,-14796000.0,734993000.0,734993000.0,126208000.0,123693000.0,0.823,1.995,3868337000.0,1407708000.0,2460629000.0,3868337000.0,0.0,63321000.0,589387000.0,0.0,0.0,190495000.0,253816000.0,0.488,253816000.0,190495000.0,167368000.0,1.34,1.31,1.34,3341812000.0,,3341812000.0,17129734432.0,23.0,17.875,58702000.0,0.637,1.0,394225000.0,0.757,6861123000.0,23127000.0,2781510000.0,,0.0,716763000.0,676000000.0,40763000.0,6668142000.0,3500665000.0,3167477000.0,13915271432.0,91223000.0,0.0,15230000.0,3327000.0,0.0,19094000.0,-21123000.0,0.0,73498000.0,19754000.0,123693000.0,123693000.0,123693000.0,0.0,0.0,0.238,201353000.0,192872000.0,1246182000.0,0.0,4.164,29.926,30.105,149037000.0,0.0,151.43,7.181,7.198,1360833000.0,2342414000.0,520433000.0,520433000.0,0.0,,,,,23093000.0,134291000.0,1.0,91892435.0,92108000,94560000.0,5.65,3148831000.0,0.0,43675000.0,666572000.0,34.186,-618574000.0
18,FLT,MRQ,2016-12-31,2016-12-31,2016-12-31,2021-08-09,-666403000.0,9626732000.0,,2527693000.0,7099039000.0,,33.314,-17134000.0,643770000.0,643770000.0,124266000.0,95424000.0,0.767,2.121,3858233000.0,1336506000.0,2521727000.0,3858233000.0,0.0,59930000.0,530787000.0,0.0,0.0,175446000.0,235376000.0,0.457,235376000.0,175446000.0,153455000.0,1.04,1.0,1.04,3084038000.0,,3084038000.0,16463252903.0,23.0,18.034,286798000.0,3.098,1.0,390687000.0,0.759,6848383000.0,21991000.0,2696494000.0,,0.0,627200000.0,591000000.0,36200000.0,6542694000.0,3296318000.0,3246376000.0,13131886903.0,70843000.0,-906000.0,-149575000.0,-72866000.0,0.0,-222444000.0,-18040000.0,0.0,303932000.0,7395000.0,95424000.0,95424000.0,95424000.0,0.0,0.0,0.185,176638000.0,214049000.0,1151432000.0,0.0,4.258,29.028,28.941,142504000.0,0.0,141.52,7.17,7.155,1202009000.0,2218721000.0,514953000.0,514953000.0,0.0,,,,,13921000.0,113304000.0,1.0,92791739.0,92576000,95240000.0,5.562,2778349000.0,0.0,58031000.0,668580000.0,30.012,-768625000.0
19,FLT,MRQ,2016-09-30,2016-09-30,2016-09-30,2021-08-09,-612150000.0,9916054000.0,,2685156000.0,7230898000.0,,34.314,-17120000.0,604754000.0,604754000.0,124447000.0,129618000.0,0.777,2.12,3936120000.0,1383763000.0,2552357000.0,3936120000.0,0.0,55736000.0,595405000.0,0.0,0.0,188018000.0,243754000.0,0.503,243754000.0,188018000.0,170204000.0,1.4,1.36,1.4,3178521000.0,,3178521000.0,18262778829.0,28.0,22.084,175124000.0,1.891,1.0,359979000.0,0.743,6942858000.0,17814000.0,2849589000.0,,0.0,735717000.0,656000000.0,79717000.0,6737533000.0,3454973000.0,3282560000.0,16079801829.0,-87650000.0,-1325780000.0,1201000.0,1098980000.0,0.0,1097902000.0,-1333621000.0,0.0,192244000.0,-44175000.0,129618000.0,129618000.0,129618000.0,0.0,0.0,0.268,169217000.0,190762000.0,1230339000.0,0.0,5.059,39.239,39.305,144486000.0,0.0,173.73,9.203,9.211,1334686000.0,2123297000.0,484426000.0,484426000.0,0.0,,,,,17405000.0,112084000.0,1.0,92556276.0,92631000,95307000.0,5.23,2973196000.0,8879000.0,40586000.0,692221000.0,32.097,-769817000.0
20,FLT,MRQ,2016-06-30,2016-06-30,2016-06-30,2021-08-09,-559741000.0,8268708000.0,,2350945000.0,5917763000.0,,33.267,-13018000.0,649099000.0,649099000.0,102999000.0,116253000.0,0.967,1.682,2832076000.0,824158000.0,2007918000.0,2832076000.0,0.0,47087000.0,503112000.0,0.0,0.0,178248000.0,225335000.0,0.539,225335000.0,178248000.0,162348000.0,1.25,1.22,1.25,3082705000.0,,3082705000.0,15477308638.0,24.0,19.027,76401000.0,0.824,1.0,314906000.0,0.754,5669684000.0,15900000.0,2349711000.0,,0.0,803803000.0,713000000.0,90803000.0,5186003000.0,2432290000.0,2753713000.0,13246828638.0,93767000.0,-1207000.0,-18460000.0,56125000.0,0.0,37018000.0,-17179000.0,0.0,89419000.0,-15491000.0,116253000.0,116253000.0,116253000.0,0.0,0.0,0.278,143842000.0,171064000.0,904151000.0,0.0,4.297,33.372,33.364,90423000.0,0.0,143.13,7.727,7.737,908385000.0,1990492000.0,417905000.0,417905000.0,0.0,,,,,17434000.0,95533000.0,1.0,92551028.0,92665000,95279000.0,4.51,2599024000.0,7106000.0,46095000.0,705130000.0,28.048,-81345000.0
21,FLT,MRQ,2016-03-31,2016-03-31,2016-03-31,2021-08-09,-539609000.0,8011830000.0,,2054581000.0,5957249000.0,,32.295,-11739000.0,544553000.0,544553000.0,108047000.0,111090000.0,0.918,1.682,2775033000.0,742128000.0,2032905000.0,2775033000.0,0.0,35338000.0,471109000.0,0.0,0.0,173103000.0,208441000.0,0.503,208441000.0,173103000.0,156912000.0,1.2,1.17,1.2,2987769000.0,,2987769000.0,16099187825.0,26.0,20.136,110884000.0,1.199,1.0,306215000.0,0.739,5719368000.0,16191000.0,2284928000.0,,0.0,633626000.0,551000000.0,82626000.0,5024061000.0,2238014000.0,2786047000.0,13776769825.0,-47834000.0,-4092000.0,387000.0,-158875000.0,0.0,-158507000.0,-20745000.0,0.0,122623000.0,8795000.0,111090000.0,111090000.0,111090000.0,0.0,0.0,0.268,130919000.0,175296000.0,796803000.0,0.0,4.611,36.315,36.192,85605000.0,0.0,148.75,8.099,8.091,880808000.0,1876308000.0,414262000.0,414262000.0,0.0,,,,,15186000.0,94147000.0,1.0,92616940.0,92516000,95030000.0,4.478,2292462000.0,7969000.0,45822000.0,713404000.0,24.779,-183433000.0
22,FLT,MRQ,2015-12-31,2015-12-31,2015-12-31,2021-08-09,-570811000.0,7889806000.0,,1944624000.0,5945182000.0,,30.654,-12349000.0,614644000.0,614644000.0,111674000.0,52830000.0,0.865,1.788,2935000000.0,875100000.0,2059900000.0,2935000000.0,0.0,47206000.0,507233000.0,0.0,0.0,102229000.0,149435000.0,0.347,149435000.0,102229000.0,85708000.0,0.57,0.56,0.57,2830047000.0,,2830047000.0,15709053745.0,26.0,19.697,217783000.0,2.359,1.0,318927000.0,0.741,5729629000.0,16521000.0,2233059000.0,,0.0,690568000.0,614000000.0,76568000.0,5059759000.0,2247474000.0,2812285000.0,13172601745.0,24762000.0,-39830000.0,5949000.0,-151820000.0,0.0,-145801000.0,-52867000.0,0.0,230132000.0,-6702000.0,52830000.0,52830000.0,52830000.0,0.0,0.0,0.123,172956000.0,145971000.0,669528000.0,0.0,4.655,36.345,36.277,80760000.0,0.0,142.93,7.736,7.724,638954000.0,1766336000.0,430601000.0,430601000.0,0.0,,,,,43763000.0,126527000.0,1.0,92161210.0,92323000,94349000.0,4.664,2160177000.0,8913000.0,32878000.0,713428000.0,23.398,-302850000.0
23,FLT,MRQ,2015-09-30,2015-09-30,2015-09-30,2021-08-09,-332610000.0,8285133000.0,,2033543000.0,6251590000.0,,32.163,-13292000.0,551836000.0,551836000.0,122685000.0,116770000.0,0.833,1.797,3088288000.0,1001624000.0,2086664000.0,3088288000.0,0.0,47714000.0,461958000.0,0.0,0.0,182520000.0,230234000.0,0.51,230234000.0,182520000.0,165357000.0,1.27,1.24,1.27,2962571000.0,,2962571000.0,15516487209.0,24.0,18.508,312748000.0,3.395,1.0,328808000.0,0.728,5982850000.0,17163000.0,2397476000.0,,0.0,790176000.0,665000000.0,125176000.0,5322562000.0,2441259000.0,2881303000.0,12671429209.0,38215000.0,-1285000.0,6872000.0,-269917000.0,0.0,-248928000.0,-22359000.0,0.0,326040000.0,-16538000.0,116770000.0,116770000.0,116770000.0,0.0,0.0,0.259,140180000.0,188628000.0,760413000.0,0.0,4.277,30.232,29.788,75860000.0,0.0,137.62,7.684,7.687,731957000.0,1713506000.0,451493000.0,451493000.0,0.0,,,,,-929000.0,93525000.0,1.0,92075492.0,92110000,94157000.0,4.902,2302283000.0,33081000.0,48587000.0,759871000.0,24.995,-407716000.0
24,FLT,MRQ,2015-06-30,2015-06-30,2015-06-30,2021-08-09,-243143000.0,8574671000.0,,2201006000.0,6373665000.0,,31.631,-8129000.0,513529000.0,513529000.0,96289000.0,98678000.0,0.809,1.95,3358587000.0,1246342000.0,2112245000.0,3358587000.0,0.0,48013000.0,456693000.0,0.0,0.0,163380000.0,211393000.0,0.522,211393000.0,163380000.0,145291000.0,1.07,1.05,1.07,2907004000.0,,2907004000.0,17293906129.0,28.0,22.346,122880000.0,1.337,1.0,308316000.0,0.762,6105219000.0,18089000.0,2592910000.0,,0.0,885807000.0,764000000.0,121807000.0,5667667000.0,2721600000.0,2946067000.0,14327049129.0,4782000.0,-7103000.0,4534000.0,-118381000.0,0.0,-110695000.0,-15232000.0,0.0,131009000.0,-300000.0,98678000.0,98678000.0,98678000.0,0.0,0.0,0.244,139818000.0,168498000.0,815544000.0,0.0,4.928,36.008,34.757,73162000.0,0.0,156.06,9.598,9.608,811477000.0,1596736000.0,404605000.0,404605000.0,0.0,,,,,10328000.0,90685000.0,1.0,91804749.0,91904000,94050000.0,4.402,2469452000.0,54143000.0,46613000.0,794135000.0,26.87,-520594000.0
25,FLT,MRQ,2015-03-31,2015-03-31,2015-03-31,2021-08-09,-249990000.0,8504724000.0,,2109265000.0,6395459000.0,,30.302,-8105000.0,508955000.0,508955000.0,108682000.0,94153000.0,0.765,2.059,3475812000.0,1336108000.0,2139704000.0,3475812000.0,0.0,47269000.0,451588000.0,0.0,0.0,159214000.0,206483000.0,0.496,206483000.0,159214000.0,139648000.0,1.03,1.0,1.03,2780174000.0,,2780174000.0,16817453586.0,29.0,23.395,59298000.0,0.646,1.0,307484000.0,0.739,6131300000.0,19566000.0,2584002000.0,,0.0,803086000.0,679000000.0,124086000.0,5724550000.0,2756279000.0,2968271000.0,13835949586.0,-97676000.0,-851000.0,2571000.0,-111746000.0,0.0,-142641000.0,-8956000.0,0.0,67403000.0,-13482000.0,94153000.0,94153000.0,94153000.0,0.0,0.0,0.226,145570000.0,161914000.0,775929000.0,0.0,4.977,35.683,33.612,72066000.0,0.0,150.92,10.161,10.169,773474000.0,1498058000.0,416166000.0,416166000.0,0.0,,,,,10533000.0,96053000.0,1.0,91677376.0,91750000,93934000.0,4.536,2373424000.0,77638000.0,45495000.0,794381000.0,25.868,-647014000.0
26,FLT,MRQ,2014-12-31,2014-12-31,2014-12-31,2021-08-09,-291508000.0,8524701000.0,,2137350000.0,6387351000.0,,29.785,-8791000.0,612213000.0,612213000.0,89475000.0,109540000.0,0.738,2.255,3593717000.0,1424764000.0,2168953000.0,3593717000.0,0.0,36729000.0,492257000.0,0.0,0.0,153531000.0,190260000.0,0.505,190260000.0,153531000.0,140303000.0,1.25,1.22,1.25,2618562000.0,,2618562000.0,13474914605.0,25.0,20.761,282051000.0,3.208,1.0,287222000.0,0.762,6099424000.0,13228000.0,2510163000.0,,0.0,816933000.0,675000000.0,141933000.0,5906139000.0,2896618000.0,3009521000.0,12466606605.0,172960000.0,-2133859000.0,7719000.0,2250866000.0,0.0,2218458000.0,-2313889000.0,0.0,290842000.0,-22451000.0,109540000.0,109540000.0,109540000.0,0.0,0.0,0.291,113030000.0,174192000.0,716676000.0,0.0,4.761,33.812,34.03,73563000.0,0.0,148.71,10.394,10.454,673797000.0,1403905000.0,376697000.0,376697000.0,0.0,,,,,7818000.0,106301000.0,1.0,83831663.0,87914000,90864000.0,4.285,2425277000.0,101451000.0,30763000.0,799939000.0,27.587,-759268000.0
27,FLT,MRQ,2014-09-30,2014-09-30,2014-09-30,2021-08-09,-93146000.0,4224440000.0,,1504675000.0,2719765000.0,,18.644,-6727000.0,346457000.0,346457000.0,66465000.0,95509000.0,0.78,1.71,1354765000.0,919945000.0,434820000.0,1354765000.0,0.0,24362000.0,180131000.0,0.0,0.0,141413000.0,165775000.0,0.561,165775000.0,141413000.0,136554000.0,1.14,1.11,1.14,1558807000.0,,1558807000.0,12958764202.0,26.0,22.081,153044000.0,1.83,1.0,228818000.0,0.775,2422127000.0,4859000.0,881931000.0,,0.0,541112000.0,393600000.0,147512000.0,2665633000.0,1928690000.0,736943000.0,11831203202.0,6467000.0,-72069000.0,13645000.0,-106146000.0,0.0,-57975000.0,-78796000.0,0.0,159771000.0,-16533000.0,95509000.0,95509000.0,95509000.0,0.0,0.0,0.323,85205000.0,143613000.0,612691000.0,0.0,7.59,36.149,35.98,56184000.0,0.0,142.12,10.973,11.021,715662000.0,1294365000.0,295283000.0,295283000.0,0.0,,,,,-26624000.0,58897000.0,1.0,83247982.0,83611000,86134000.0,3.532,1802313000.0,3444000.0,41045000.0,233695000.0,21.556,-424015000.0
28,FLT,MRQ,2014-06-30,2014-06-30,2014-06-30,2021-08-09,-24667000.0,4253365000.0,,1523054000.0,2730311000.0,,17.778,-5968000.0,343795000.0,343795000.0,59172000.0,88549000.0,0.751,1.883,1471356000.0,1021149000.0,450207000.0,1471356000.0,0.0,23082000.0,193604000.0,0.0,0.0,133263000.0,156345000.0,0.572,156345000.0,133263000.0,127955000.0,1.07,1.03,1.07,1475520000.0,,1475520000.0,11986521044.0,26.0,21.837,100259000.0,1.208,1.0,214330000.0,0.784,2421565000.0,5308000.0,931373000.0,,0.0,586783000.0,424400000.0,162383000.0,2777845000.0,2027988000.0,749857000.0,10930451044.0,14268000.0,-170558000.0,3765000.0,76552000.0,0.0,82675000.0,-176526000.0,0.0,106227000.0,1892000.0,88549000.0,88549000.0,88549000.0,0.0,0.0,0.324,79578000.0,134752000.0,573482000.0,0.0,7.408,35.214,34.96,56500000.0,0.0,131.8,10.843,10.851,688527000.0,1198856000.0,273502000.0,273502000.0,0.0,,,,,5179000.0,55417000.0,1.0,82932102.0,82996000,85817000.0,3.295,1831800000.0,4415000.0,39406000.0,245984000.0,22.071,-504934000.0
29,FLT,MRQ,2014-03-31,2014-03-31,2014-03-31,2021-08-09,-31499000.0,4036717000.0,,1471409000.0,2565308000.0,,16.512,-5584000.0,330214000.0,330214000.0,54479000.0,75109000.0,0.77,1.955,1386284000.0,926368000.0,459916000.0,1386284000.0,0.0,23073000.0,174683000.0,0.0,0.0,113592000.0,136665000.0,0.538,136665000.0,113592000.0,108131000.0,0.91,0.88,0.91,1366180000.0,,1366180000.0,10593442585.0,24.0,20.535,45910000.0,0.555,1.0,199429000.0,0.785,2422428000.0,5461000.0,760266000.0,,0.0,393500000.0,393500000.0,0.0,2670537000.0,1910093000.0,760444000.0,9493413585.0,-54731000.0,-19292000.0,4512000.0,-100764000.0,0.0,-80893000.0,-24876000.0,0.0,51494000.0,-456000.0,75109000.0,75109000.0,75109000.0,0.0,0.0,0.296,85837000.0,113592000.0,578507000.0,0.0,6.949,32.187,31.972,54891000.0,0.0,115.1,9.936,9.967,682753000.0,1110307000.0,253908000.0,253908000.0,0.0,,,,,-5514000.0,60875000.0,1.0,82479701.0,82737000,85695000.0,3.069,1614289000.0,4258000.0,33022000.0,248066000.0,19.511,-438684000.0
30,FLT,MRQ,2013-12-31,2013-12-31,2013-12-31,2021-08-09,-47426000.0,3932235000.0,,1353512000.0,2578723000.0,,15.097,-5437000.0,386349000.0,386349000.0,56387000.0,68120000.0,0.709,2.161,1486378000.0,1011439000.0,474939000.0,1486378000.0,0.0,22501000.0,182541000.0,0.0,0.0,105578000.0,128079000.0,0.501,128079000.0,105578000.0,100077000.0,0.83,0.8,0.83,1243893000.0,,1243893000.0,10375310654.0,25.0,21.338,162237000.0,1.969,1.0,199114000.0,0.779,2423988000.0,5501000.0,699378000.0,,0.0,349000000.0,349000000.0,0.0,2688342000.0,1908898000.0,779444000.0,9637035654.0,-7584000.0,-351372000.0,7638000.0,180391000.0,0.0,182120000.0,-356809000.0,0.0,167674000.0,-569000.0,68120000.0,68120000.0,68120000.0,0.0,0.0,0.267,93536000.0,105578000.0,467202000.0,0.0,7.747,33.873,33.67,53956000.0,0.0,117.17,10.766,10.706,573351000.0,1035198000.0,255501000.0,255501000.0,0.0,,,,,6019000.0,68906000.0,1.0,82248320.0,82396000,85282000.0,3.101,1508247000.0,4750000.0,31957000.0,249504000.0,18.305,-555386000.0
31,FLT,MRQ,2013-09-30,2013-09-30,2013-09-30,2021-08-09,-19207000.0,3475105000.0,,1490524000.0,1984581000.0,,14.32,-5240000.0,395697000.0,395697000.0,50417000.0,78620000.0,0.933,1.96,1133972000.0,654890000.0,479082000.0,1133972000.0,0.0,16404000.0,177511000.0,0.0,0.0,111411000.0,127815000.0,0.568,127815000.0,111411000.0,107655000.0,0.96,0.93,0.96,1173902000.0,,1173902000.0,9707720128.0,24.0,20.907,120059000.0,1.465,1.0,174733000.0,0.776,1885907000.0,3756000.0,730513000.0,,0.0,394000000.0,394000000.0,0.0,2301203000.0,1596960000.0,704243000.0,9015011128.0,52784000.0,-220015000.0,10289000.0,121012000.0,0.0,143521000.0,-225255000.0,0.0,125299000.0,9219000.0,78620000.0,78620000.0,78620000.0,0.0,0.0,0.349,63322000.0,111411000.0,567420000.0,0.0,7.68,32.61,32.688,48797000.0,0.0,110.16,10.703,10.721,661901000.0,967078000.0,225150000.0,225150000.0,0.0,,,,,-7921000.0,45418000.0,1.0,81835613.0,81974000,84905000.0,2.747,1589198000.0,5938000.0,29035000.0,225161000.0,19.387,-106436000.0
32,FLT,MRQ,2013-06-30,2013-06-30,2013-06-30,2021-08-09,-37500000.0,3013089000.0,,1405818000.0,1607271000.0,,12.872,-5346000.0,341379000.0,341379000.0,51565000.0,73099000.0,1.081,1.87,1034088000.0,548091000.0,485997000.0,1034088000.0,0.0,14240000.0,158459000.0,0.0,0.0,109080000.0,123320000.0,0.558,123320000.0,109080000.0,105324000.0,0.9,0.87,0.9,1050014000.0,,1050014000.0,7343531534.0,19.0,16.898,91056000.0,1.116,1.0,169304000.0,0.767,1510350000.0,3756000.0,894872000.0,,0.0,402000000.0,402000000.0,0.0,1963075000.0,1300576000.0,662499000.0,6618128534.0,68292000.0,-62183000.0,7255000.0,33199000.0,0.0,46493000.0,-67529000.0,0.0,96402000.0,-7074000.0,73099000.0,73099000.0,73099000.0,0.0,0.0,0.331,60224000.0,109080000.0,528161000.0,0.0,6.303,25.703,26.058,46654000.0,0.0,81.3,8.231,8.248,627675000.0,888458000.0,220869000.0,220869000.0,0.0,,,,,-2276000.0,44340000.0,1.0,81403795.0,81573000,84461000.0,2.708,1502739000.0,7642000.0,32225000.0,176502000.0,18.422,105242000.0
33,FLT,MRQ,2013-03-31,2013-03-31,2013-03-31,2021-08-09,-14078000.0,2890384000.0,,1318066000.0,1572318000.0,,12.103,-4762000.0,273960000.0,273960000.0,43804000.0,64662000.0,1.063,1.94,999363000.0,507375000.0,491988000.0,999363000.0,0.0,13053000.0,170035000.0,0.0,0.0,93961000.0,107014000.0,0.553,107014000.0,93961000.0,90513000.0,0.8,0.77,0.8,983013000.0,,983013000.0,6831927911.0,19.0,16.951,-18452000.0,-0.227,1.0,149847000.0,0.774,1475438000.0,3448000.0,900520000.0,,0.0,385000000.0,385000000.0,0.0,1907371000.0,1239829000.0,667542000.0,6223859911.0,-59036000.0,-94773000.0,5256000.0,54500000.0,0.0,63591000.0,-99535000.0,0.0,-13690000.0,-9402000.0,64662000.0,64662000.0,64662000.0,0.0,0.0,0.334,55886000.0,93961000.0,501036000.0,0.0,6.331,26.065,26.714,45892000.0,0.0,76.67,8.243,8.248,626464000.0,815359000.0,193651000.0,193651000.0,0.0,,,,,-1681000.0,40965000.0,1.0,81177252.0,81222000,83960000.0,2.384,1414946000.0,7710000.0,25851000.0,175554000.0,17.421,78237000.0
34,FLT,MRQ,2012-12-31,2012-12-31,2012-12-31,2021-08-09,-3346000.0,2721870000.0,,1195354000.0,1526516000.0,,10.94,-5477000.0,337323000.0,337323000.0,49884000.0,60071000.0,1.047,1.979,925092000.0,439875000.0,485217000.0,925092000.0,0.0,13617000.0,187627000.0,0.0,0.0,92569000.0,106186000.0,0.524,106186000.0,92569000.0,89179000.0,0.71,0.7,0.71,913822000.0,,913822000.0,5045080158.0,16.0,13.624,96852000.0,1.159,1.0,152733000.0,0.754,1390473000.0,3390000.0,776944000.0,,0.0,298000000.0,298000000.0,0.0,1808048000.0,1142222000.0,665826000.0,4534825158.0,-16412000.0,-628000.0,-194204000.0,78204000.0,0.0,-114163000.0,-6105000.0,0.0,102329000.0,1527000.0,60071000.0,60071000.0,60071000.0,0.0,0.0,0.296,60164000.0,92569000.0,418609000.0,0.0,4.962,20.975,20.714,45196000.0,0.0,53.65,6.409,6.318,525441000.0,750697000.0,202617000.0,202617000.0,0.0,,,,,-1190000.0,44446000.0,1.0,84526098.0,83532000,85901000.0,2.426,1331397000.0,6464000.0,29108000.0,180609000.0,15.939,53132000.0
35,FLT,MRQ,2012-09-30,2012-09-30,2012-09-30,2021-08-09,-5067000.0,2842121000.0,,1317969000.0,1524152000.0,,12.322,-5203000.0,352247000.0,352247000.0,43498000.0,59648000.0,0.972,1.746,862502000.0,583639000.0,278863000.0,862502000.0,0.0,12230000.0,177952000.0,0.0,0.0,85837000.0,98067000.0,0.525,98067000.0,85837000.0,82591000.0,0.71,0.69,0.71,1035068000.0,,1035068000.0,4181773659.0,15.0,12.791,64726000.0,0.771,1.0,143434000.0,0.767,1389500000.0,3246000.0,607475000.0,,0.0,355000000.0,355000000.0,0.0,1807053000.0,1355401000.0,451652000.0,3746656659.0,44482000.0,-154329000.0,9807000.0,108146000.0,0.0,126250000.0,-159532000.0,0.0,69929000.0,7835000.0,59648000.0,59648000.0,59648000.0,0.0,0.0,0.319,57597000.0,85837000.0,533113000.0,0.0,3.62,19.323,19.145,46542000.0,0.0,44.8,5.808,5.834,578818000.0,690626000.0,186932000.0,186932000.0,0.0,,,,,-1933000.0,44009000.0,1.0,83630729.0,84002000,86224000.0,2.225,1452621000.0,6296000.0,22943000.0,172789000.0,17.293,-37432000.0
36,FLT,MRQ,2012-06-30,2012-06-30,2012-06-30,2021-08-09,-13841000.0,2504689000.0,,1198317000.0,1306372000.0,,11.308,-4868000.0,305706000.0,305706000.0,44665000.0,54401000.0,1.056,1.659,740823000.0,454873000.0,285950000.0,740823000.0,0.0,10250000.0,170640000.0,0.0,0.0,81514000.0,91764000.0,0.534,91764000.0,81514000.0,78696000.0,0.65,0.63,0.65,941920000.0,,941920000.0,3362310197.0,13.0,11.252,72268000.0,0.868,1.0,127155000.0,0.74,1184480000.0,2818000.0,620119000.0,,0.0,325000000.0,325000000.0,0.0,1562769000.0,1135207000.0,427562000.0,2911396197.0,-31540000.0,-35480000.0,3847000.0,-71848000.0,0.0,-62248000.0,-40348000.0,0.0,77136000.0,-6080000.0,54401000.0,54401000.0,54401000.0,0.0,0.0,0.317,45641000.0,81514000.0,474837000.0,0.0,3.091,16.659,16.451,35677000.0,0.0,35.04,4.915,4.927,545796000.0,630978000.0,171820000.0,171820000.0,0.0,,,,,-1908000.0,34098000.0,1.0,83087791.0,83294000,85737000.0,2.063,1320209000.0,4310000.0,24295000.0,141612000.0,15.85,63110000.0
37,FLT,MRQ,2012-03-31,2012-03-31,2012-03-31,2021-08-09,-4644000.0,2560916000.0,,1306780000.0,1254136000.0,,10.695,-3563000.0,344328000.0,344328000.0,35972000.0,42079000.0,1.029,1.9,795242000.0,520359000.0,274883000.0,795242000.0,0.0,10395000.0,174975000.0,0.0,0.0,63887000.0,74282000.0,0.508,74282000.0,63887000.0,60324000.0,0.51,0.49,0.51,883041000.0,,883041000.0,3546033084.0,15.0,13.05,-117497000.0,-1.423,1.0,110193000.0,0.754,1136899000.0,3563000.0,605249000.0,,0.0,341000000.0,341000000.0,0.0,1677875000.0,1269682000.0,408193000.0,3188171084.0,1960000.0,-10000.0,7737000.0,96210000.0,0.0,112149000.0,-3573000.0,0.0,-113934000.0,7318000.0,42079000.0,42079000.0,42079000.0,0.0,0.0,0.288,46306000.0,63887000.0,534111000.0,0.0,3.61,20.296,19.985,34227000.0,0.0,38.77,5.747,5.77,599810000.0,576577000.0,146165000.0,146165000.0,0.0,,,,,-5049000.0,33998000.0,1.0,82232940.0,82565000,85164000.0,1.77,1424017000.0,4337000.0,18245000.0,133310000.0,17.247,37098000.0
38,FLT,MRQ,2011-12-31,2011-12-31,2011-12-31,2021-08-09,-13716000.0,2349169000.0,,1124268000.0,1224901000.0,,9.953,-5046000.0,340921000.0,340921000.0,40625000.0,37772000.0,0.998,1.895,704265000.0,425836000.0,278429000.0,704265000.0,0.0,8595000.0,180269000.0,0.0,0.0,54213000.0,62808000.0,0.448,62808000.0,54213000.0,50780000.0,0.47,0.45,0.47,811436000.0,,811436000.0,2681004761.0,12.0,10.502,204062000.0,2.503,1.0,99535000.0,0.71,1146343000.0,3433000.0,439618000.0,,0.0,280000000.0,280000000.0,0.0,1537733000.0,1126552000.0,411181000.0,2428963761.0,147875000.0,-311830000.0,3411000.0,251250000.0,0.0,260218000.0,-316876000.0,0.0,209108000.0,-4575000.0,37772000.0,37772000.0,37772000.0,0.0,0.0,0.269,45322000.0,54213000.0,478882000.0,0.0,2.993,16.486,16.322,32724000.0,0.0,29.87,4.675,4.634,481791000.0,534498000.0,140160000.0,140160000.0,0.0,,,,,564000.0,35379000.0,1.0,81317836.0,81525000,84038000.0,1.719,1202826000.0,6140000.0,13008000.0,132752000.0,14.754,-2284000.0
39,FLT,MRQ,2011-09-30,2011-09-30,2011-09-30,2021-08-09,-8646000.0,1739543000.0,,786933000.0,952610000.0,,9.426,-2492000.0,194683000.0,194683000.0,34225000.0,40514000.0,1.303,1.283,446724000.0,165243000.0,281481000.0,446724000.0,0.0,7728000.0,168259000.0,0.0,0.0,62241000.0,69969000.0,0.521,69969000.0,62241000.0,59111000.0,0.5,0.48,0.5,761824000.0,,761824000.0,2410047376.0,12.0,10.761,65571000.0,0.811,1.0,99988000.0,0.745,876934000.0,3130000.0,510533000.0,,0.0,150000000.0,150000000.0,0.0,977719000.0,604117000.0,373602000.0,2111721376.0,36084000.0,-21148000.0,4211000.0,-15750000.0,0.0,-5293000.0,-23640000.0,0.0,68063000.0,-3046000.0,40514000.0,40514000.0,40514000.0,0.0,0.0,0.302,37747000.0,62241000.0,241423000.0,0.0,2.772,15.197,12.505,30366000.0,0.0,26.26,4.345,4.367,419530000.0,496726000.0,134213000.0,134213000.0,0.0,,,,,-2710000.0,29213000.0,1.0,80415894.0,80819000,83649000.0,1.661,862609000.0,4594000.0,18597000.0,92121000.0,10.673,182816000.0
40,FLT,MRQ,2011-06-30,2011-06-30,2011-06-30,2021-08-09,-3761000.0,1618909000.0,,755272000.0,863637000.0,,8.896,-3322000.0,164208000.0,164208000.0,34656000.0,36715000.0,1.394,1.27,462534000.0,177243000.0,285291000.0,462534000.0,0.0,7393000.0,78231000.0,0.0,0.0,57279000.0,64672000.0,0.482,64672000.0,57279000.0,53828000.0,0.46,0.44,0.46,713030000.0,,713030000.0,2669986914.0,15.0,12.634,7926000.0,0.099,1.0,99557000.0,0.742,788395000.0,3451000.0,586852000.0,,0.0,162000000.0,162000000.0,0.0,905879000.0,541988000.0,363891000.0,2373663914.0,-18579000.0,-785000.0,371000.0,-21736000.0,0.0,-27696000.0,-4107000.0,0.0,11248000.0,1976000.0,36715000.0,36715000.0,36715000.0,0.0,0.0,0.274,39609000.0,59948000.0,234873000.0,0.0,3.329,18.645,12.098,27799000.0,0.0,29.64,5.122,5.126,387800000.0,456212000.0,134213000.0,134213000.0,0.0,,,,,6808000.0,31077000.0,1.0,80083128.0,80151000,83548000.0,1.675,830514000.0,4414000.0,17113000.0,78600000.0,10.362,213284000.0
41,FLT,MRQ,2011-03-31,2011-03-31,2011-03-31,2021-08-09,-4129000.0,1622221000.0,,759869000.0,862352000.0,,8.352,-2594000.0,186098000.0,186098000.0,26209000.0,32335000.0,1.367,1.43,482421000.0,165134000.0,317287000.0,482421000.0,0.0,7325000.0,81016000.0,0.0,0.0,50521000.0,57846000.0,0.521,57846000.0,50521000.0,47158000.0,0.4,0.39,0.4,667667000.0,,667667000.0,2904581889.0,17.0,14.22,-11388000.0,-0.142,1.0,84796000.0,0.764,792083000.0,3363000.0,570544000.0,,0.0,154000000.0,154000000.0,0.0,954554000.0,555917000.0,398637000.0,2612313889.0,4975000.0,0.0,484000.0,8271000.0,0.0,8992000.0,-2594000.0,0.0,-8794000.0,7371000.0,32335000.0,32335000.0,32335000.0,0.0,0.0,0.291,34275000.0,50521000.0,250765000.0,0.0,3.913,22.555,11.963,27097000.0,0.0,32.66,5.928,5.925,378951000.0,419498000.0,111005000.0,111005000.0,0.0,,,,,3354000.0,25702000.0,1.0,79985116.0,79937000,83378000.0,1.389,830138000.0,4594000.0,14823000.0,81350000.0,10.385,203952000.0
42,FLT,MRQ,2010-12-31,2010-12-31,2010-12-31,2021-08-09,-8101000.0,1484118000.0,,618983000.0,865135000.0,,15.782,-4120000.0,177145000.0,177145000.0,26580000.0,17514000.0,1.342,1.371,469413000.0,155617000.0,313796000.0,469413000.0,0.0,7155000.0,78685000.0,0.0,0.0,24326000.0,31481000.0,0.295,31481000.0,24326000.0,20146000.0,0.74,0.22,0.74,625945000.0,,625945000.0,2758621994.0,16.0,13.774,28783000.0,0.726,1.0,79967000.0,0.751,795527000.0,4180000.0,519737000.0,,0.0,144000000.0,144000000.0,0.0,858173000.0,461122000.0,397051000.0,2433995994.0,4031000.0,-3806000.0,9618000.0,-30034000.0,0.0,-17357000.0,-7926000.0,0.0,32903000.0,-3589000.0,17514000.0,29391000.0,29391000.0,0.0,0.0,0.276,54874000.0,25093000.0,177644000.0,0.0,3.889,22.874,10.307,26818000.0,-11877000.0,30.92,5.61,2.525,260163000.0,387163000.0,106547000.0,106547000.0,0.0,,,,,13592000.0,47686000.0,1.0,78719146.0,39661000,80931000.0,2.686,688591000.0,4484000.0,2632000.0,83255000.0,17.362,157861000.0
43,FLT,MRQ,2010-09-30,2010-09-30,2010-09-30,2021-08-09,-7605000.0,1503527000.0,,647647000.0,855880000.0,,16.784,-2097000.0,176700000.0,176700000.0,31475000.0,33398000.0,1.238,1.629,501326000.0,177801000.0,323525000.0,501326000.0,0.0,7573000.0,72875000.0,,0.0,49758000.0,57331000.0,0.513,57331000.0,49758000.0,44201000.0,0.85,0.41,0.85,571929000.0,,571929000.0,,,,52277000.0,1.534,1.0,80180000.0,0.718,785683000.0,5557000.0,519189000.0,,0.0,167000000.0,167000000.0,0.0,931598000.0,523281000.0,408317000.0,,38644000.0,620000.0,26000.0,-25752000.0,0.0,-25726000.0,-1477000.0,0.0,54374000.0,11473000.0,33398000.0,28869000.0,28869000.0,0.0,0.0,0.259,31118000.0,49062000.0,226348000.0,0.0,,,,25584000.0,4529000.0,,,,256634000.0,312742000.0,111655000.0,111655000.0,0.0,,,,,715000.0,22193000.0,1.0,78719146.0,34076000,80880000.0,3.277,717844000.0,7101000.0,10803000.0,84792000.0,21.066,124366000.0
44,FLT,MRQ,2010-06-30,2010-06-30,2010-06-30,2021-08-09,,,,,,,,-2833000.0,,,31572000.0,29640000.0,,,,,,,,6927000.0,,,0.0,50672000.0,57599000.0,0.517,57599000.0,50672000.0,45141000.0,0.74,0.37,0.74,,,,,,,6852000.0,0.202,1.0,79865000.0,0.717,,5531000.0,,,,,,,,,,,-14228000.0,-6836000.0,133000.0,-8217000.0,0.0,-8084000.0,-9669000.0,0.0,9685000.0,-6160000.0,29640000.0,25224000.0,25224000.0,0.0,0.0,0.226,29308000.0,50557000.0,,0.0,,,,,4416000.0,,,,,,111437000.0,111437000.0,0.0,,,,,885000.0,21049000.0,1.0,,33988000,80701000.0,3.279,,,15501000.0,,,
45,FLT,MRQ,2010-03-31,2010-03-31,2010-03-31,2021-08-09,,,,,,,,-2144000.0,,,29110000.0,27345000.0,,,,,,,,6811000.0,,,0.0,47056000.0,53867000.0,0.517,53867000.0,47056000.0,41792000.0,0.67,0.34,0.67,,,,,,,40649000.0,1.195,1.0,75092000.0,0.721,,5264000.0,,,,,,,,,,,1656000.0,0.0,321000.0,-34631000.0,0.0,-35377000.0,-2144000.0,0.0,42793000.0,-3616000.0,27345000.0,22925000.0,22925000.0,0.0,0.0,0.22,27992000.0,47100000.0,,0.0,,,,,4420000.0,,,,,,104202000.0,104202000.0,0.0,,,,,853000.0,19938000.0,1.0,,34011000,80489000.0,3.064,,,14447000.0,,,
46,FLT,MRQ,2009-12-31,2009-12-31,2009-12-31,2021-08-09,-12173000.0,1209545000.0,,347242000.0,862303000.0,,13.991,-2153000.0,152680000.0,152680000.0,25747000.0,24948000.0,1.083,1.552,351551000.0,22621000.0,328930000.0,351551000.0,0.0,6924000.0,75796000.0,,0.0,41763000.0,48687000.0,0.5,48687000.0,41763000.0,37423000.0,0.61,0.31,0.61,474049000.0,,474049000.0,,,,26408000.0,0.779,1.0,71565000.0,0.735,787766000.0,4340000.0,299909000.0,,0.0,0.0,0.0,0.0,735496000.0,320741000.0,414755000.0,,15682000.0,-5543000.0,159000.0,-4319000.0,0.0,-3965000.0,-7696000.0,0.0,28561000.0,-1218000.0,24948000.0,20637000.0,20637000.0,0.0,0.0,0.212,29433000.0,42132000.0,175578000.0,0.0,,,,27223000.0,4311000.0,,,,163461000.0,235726000.0,97312000.0,97312000.0,0.0,,,,,667000.0,22233000.0,1.0,,33883000,81482000.0,2.872,421779000.0,6988000.0,12475000.0,85825000.0,12.448,26501000.0
0,FLT,MRT,2021-06-30,2021-06-30,2021-06-30,2021-08-09,-1265177000.0,13026883000.0,11685733750.0,5254143000.0,7772740000.0,0.212,41.963,-87320000.0,2059303000.0,2059303000.0,480092000.0,779154000.0,1.055,2.734,5078781000.0,1346080000.0,3732701000.0,5078781000.0,0.0,263110000.0,1570190000.0,0.0,0.0,1121745000.0,1384855000.0,0.559,1384855000.0,1121745000.0,996797000.0,9.34,9.08,9.34,3488847000.0,3269626750.0,3488847000.0,24357086334.0,22.0,17.588,939543000.0,11.301,1.0,1998528000.0,0.806,7323748000.0,124948000.0,3742195000.0,3416058750.0,0.0,1011857000.0,1000000000.0,11857000.0,9538036000.0,4980418000.0,4557618000.0,21342488334.0,867957000.0,-195289000.0,-629393000.0,626941000.0,0.0,-25695000.0,-231927000.0,52963000.0,1026863000.0,98716000.0,779154000.0,779154000.0,779154000.0,0.0,0.0,0.314,875462000.0,1123066000.0,1578266000.0,0.0,6.117,27.392,27.415,216681000.0,0.0,256.06,8.611,8.589,1787155000.0,5797431000.0,2478620000.0,2478620000.0,0.0,0.067,0.238,0.328,0.453,55852000.0,615005000.0,1.0,83349560.0,83141000,85295000.0,29.812,5703135000.0,0.0,217643000.0,565856000.0,68.596,273725000.0
1,FLT,MRT,2021-03-31,2021-03-31,2021-03-31,2021-08-09,-1481019000.0,11427474000.0,11085692250.0,4285373000.0,7142101000.0,0.211,39.491,-79694000.0,1431522000.0,1431522000.0,479088000.0,741395000.0,0.993,2.467,4446120000.0,1364165000.0,3081955000.0,4446120000.0,0.0,256054000.0,1118965000.0,0.0,0.0,1068581000.0,1324635000.0,0.567,1324635000.0,1068581000.0,945906000.0,8.87,8.61,8.87,3296499000.0,3139023500.0,3296499000.0,25264127355.0,24.0,19.073,1050712000.0,12.587,1.0,1857297000.0,0.795,6744388000.0,122675000.0,3383706000.0,3368632500.0,0.0,926857000.0,915000000.0,11857000.0,8130975000.0,4313978000.0,3816997000.0,22408123355.0,-120714000.0,-124038000.0,-390846000.0,-726661000.0,0.0,-1118929000.0,-150769000.0,52963000.0,1130406000.0,18578000.0,741395000.0,741395000.0,741395000.0,0.0,0.0,0.317,821104000.0,1036193000.0,1348983000.0,0.0,6.798,30.224,30.285,200161000.0,0.0,268.63,9.591,9.598,1590624000.0,5601184000.0,2336385000.0,2336385000.0,0.0,0.067,0.236,0.317,0.457,46956000.0,565885000.0,1.0,83416310.0,83475000,85764000.0,27.989,4683086000.0,0.0,204511000.0,501302000.0,56.102,-28605000.0
2,FLT,MRT,2020-12-31,2020-12-31,2020-12-31,2021-08-09,-1363158000.0,11194579000.0,11056361250.0,3956318000.0,7238261000.0,0.216,39.943,-78425000.0,1476619000.0,1476619000.0,596363000.0,704216000.0,0.997,2.336,4332623000.0,1205697000.0,3126926000.0,4332623000.0,0.0,254801000.0,1175322000.0,0.0,0.0,1012328000.0,1267129000.0,0.53,1267129000.0,1012328000.0,882525000.0,8.38,8.12,8.38,3355411000.0,3013956000.0,3355411000.0,25876184622.0,26.0,20.421,1394164000.0,16.596,1.0,1792492000.0,0.75,6835063000.0,129803000.0,3247209000.0,3448687500.0,0.0,707480000.0,700000000.0,7480000.0,7839168000.0,3968311000.0,3870857000.0,22754465622.0,-198618000.0,-80787000.0,-713113000.0,-700707000.0,0.0,-1416801000.0,-106249000.0,52963000.0,1472589000.0,-148157000.0,704216000.0,704216000.0,704216000.0,0.0,0.0,0.295,810172000.0,982320000.0,1054478000.0,0.0,6.781,32.312,32.557,202509000.0,0.0,272.83,9.525,9.594,1366775000.0,5416945000.0,2388855000.0,2388855000.0,0.0,0.064,0.234,0.294,0.424,43384000.0,567410000.0,1.0,83401626.0,84005000,86719000.0,28.437,4359516000.0,0.0,178309000.0,498154000.0,51.896,-11993000.0
3,FLT,MRT,2020-09-30,2020-09-30,2020-09-30,2021-08-09,-1583136000.0,11093999000.0,11319851750.0,3971016000.0,7122983000.0,0.218,35.091,-81508000.0,1370860000.0,1370860000.0,620930000.0,729875000.0,0.946,2.776,4492579000.0,1333769000.0,3158810000.0,4492579000.0,0.0,258627000.0,1123974000.0,0.0,0.0,1052332000.0,1310959000.0,0.531,1310959000.0,1052332000.0,917898000.0,8.6,8.3,8.6,2937750000.0,3103007250.0,2937750000.0,23269061914.0,22.0,17.75,1504124000.0,17.966,1.0,1849473000.0,0.749,6728786000.0,134434000.0,3291125000.0,3629908250.0,0.0,695480000.0,688000000.0,7480000.0,8156249000.0,4195807000.0,3960442000.0,20012766914.0,-95017000.0,-185974000.0,-1276878000.0,8174000.0,0.0,-1271628000.0,-214774000.0,52963000.0,1585632000.0,-194247000.0,729875000.0,729875000.0,729875000.0,0.0,0.0,0.295,839339000.0,1010134000.0,1297236000.0,0.0,6.812,27.419,27.686,189953000.0,0.0,238.1,8.101,8.069,1552695000.0,5207094000.0,2470403000.0,2470403000.0,0.0,0.064,0.235,0.29,0.426,49902000.0,590203000.0,1.0,84051940.0,83719000,86273000.0,29.508,4365213000.0,0.0,188023000.0,506102000.0,52.141,-224791000.0
4,FLT,MRT,2020-06-30,2020-06-30,2020-06-30,2021-08-09,-1581975000.0,10626717000.0,11524900500.0,3464069000.0,7162648000.0,0.223,35.359,-80065000.0,1191346000.0,1191346000.0,636090000.0,766863000.0,0.955,2.582,4447641000.0,1245178000.0,3202463000.0,4447641000.0,0.0,262495000.0,887601000.0,0.0,0.0,1114800000.0,1377295000.0,0.537,1377295000.0,1114800000.0,975245000.0,8.95,8.6,8.95,2966434000.0,3343647250.0,2966434000.0,24686251421.0,22.0,17.924,1334153000.0,15.903,1.0,1930078000.0,0.752,6703554000.0,139555000.0,3552490000.0,3786888500.0,0.0,715773000.0,654000000.0,61773000.0,7660283000.0,3626968000.0,4033315000.0,21078776421.0,-297280000.0,-197843000.0,-1043294000.0,-144282000.0,0.0,-1191058000.0,-278163000.0,0.0,1414218000.0,-242277000.0,766863000.0,766863000.0,766863000.0,0.0,0.0,0.299,858806000.0,1071272000.0,1096303000.0,0.0,7.106,27.487,28.104,185599000.0,0.0,251.53,8.214,8.223,1279343000.0,5018277000.0,2566168000.0,2566168000.0,0.0,0.067,0.229,0.294,0.434,53270000.0,602413000.0,1.0,83802236.0,83895000,86570000.0,30.588,3923163000.0,0.0,208382000.0,501231000.0,46.763,-162899000.0
5,FLT,MRT,2020-03-31,2020-03-31,2020-03-31,2021-08-09,-1592124000.0,11310150000.0,11862119250.0,4129012000.0,7181138000.0,0.227,32.935,-78921000.0,1552236000.0,1552236000.0,635258000.0,870026000.0,0.926,3.045,5159711000.0,1913470000.0,3246241000.0,5159711000.0,0.0,271241000.0,906065000.0,0.0,0.0,1167549000.0,1438790000.0,0.535,1438790000.0,1167549000.0,1020877000.0,10.09,9.67,10.09,2796229000.0,3562881750.0,2796229000.0,19297484293.0,17.0,13.412,1205689000.0,14.201,1.0,2052858000.0,0.764,6753623000.0,146672000.0,3703926000.0,3700982250.0,0.0,847068000.0,819000000.0,28068000.0,8513921000.0,4460076000.0,4053845000.0,15935936293.0,179665000.0,-448744000.0,-1009420000.0,660277000.0,0.0,-351704000.0,-527920000.0,0.0,1284610000.0,-225321000.0,870026000.0,870026000.0,870026000.0,0.0,0.0,0.324,895128000.0,1157730000.0,1058713000.0,0.0,5.699,18.317,18.488,183229000.0,0.0,186.54,5.928,5.892,1338056000.0,4859789000.0,2688116000.0,2688116000.0,0.0,0.073,0.244,0.315,0.434,62587000.0,631940000.0,1.0,85429057.0,84902000,88205000.0,31.661,4556527000.0,0.0,150851000.0,486551000.0,53.668,-331064000.0
6,FLT,MRT,2019-12-31,2019-12-31,2019-12-31,2021-08-09,-972465000.0,12248541000.0,11913310500.0,4618571000.0,7629970000.0,0.222,42.958,-75170000.0,1675237000.0,1675237000.0,530669000.0,895073000.0,1.035,2.3,5036785000.0,1746838000.0,3289947000.0,5036785000.0,0.0,274210000.0,1007631000.0,0.0,0.0,1227867000.0,1502077000.0,0.567,1502077000.0,1227867000.0,1077819000.0,10.36,9.94,10.36,3711616000.0,3746566250.0,3711616000.0,27975499548.0,23.0,18.625,1086901000.0,12.58,1.0,2118179000.0,0.8,7174929000.0,150048000.0,3972092000.0,3572770000.0,0.0,1001413000.0,970973000.0,30440000.0,8536925000.0,4463068000.0,4073857000.0,24968682548.0,310344000.0,-448277000.0,-525984000.0,218629000.0,0.0,-310171000.0,-523702000.0,0.0,1162071000.0,-17854000.0,895073000.0,895073000.0,895073000.0,0.0,0.0,0.338,886842000.0,1231337000.0,1249586000.0,0.0,6.727,27.896,27.772,199825000.0,0.0,287.72,9.426,9.385,1568961000.0,4712729000.0,2648848000.0,2648848000.0,0.0,0.075,0.239,0.344,0.464,60953000.0,612016000.0,1.0,86781185.0,86401000,90070000.0,30.658,5073612000.0,0.0,182746000.0,519980000.0,58.722,155503000.0
7,FLT,MRT,2019-09-30,2019-09-30,2019-09-30,2021-08-09,-1114678000.0,11914194000.0,11651794500.0,4440007000.0,7474187000.0,0.223,45.006,-73756000.0,1465877000.0,1465877000.0,516197000.0,961563000.0,1.116,2.055,4472694000.0,1165214000.0,3307480000.0,4472694000.0,0.0,272931000.0,957667000.0,0.0,0.0,1329616000.0,1602547000.0,0.618,1602547000.0,1329616000.0,1176321000.0,11.06,10.63,11.06,3900310000.0,3653707250.0,3900310000.0,27946090384.0,21.0,17.439,1065381000.0,12.294,1.0,2077192000.0,0.801,7023028000.0,153295000.0,3919046000.0,3382605500.0,0.0,1018250000.0,992000000.0,26250000.0,8013884000.0,3978937000.0,4034947000.0,24825948384.0,277327000.0,-253169000.0,-512422000.0,36723000.0,0.0,-481953000.0,-338508000.0,0.0,1139137000.0,-41349000.0,961563000.0,961563000.0,961563000.0,0.0,0.0,0.371,729818000.0,1347374000.0,1375929000.0,0.0,6.365,25.818,25.929,185522000.0,0.0,286.78,9.573,9.583,1703998000.0,4477219000.0,2593389000.0,2593389000.0,0.0,0.083,0.263,0.393,0.513,61852000.0,601506000.0,1.0,86567921.0,86662000,90522000.0,29.925,4891166000.0,0.0,214758000.0,457174000.0,56.44,461070000.0
8,FLT,MRT,2019-06-30,2019-06-30,2019-06-30,2021-08-09,-928197000.0,11975592000.0,11535968500.0,4386358000.0,7589234000.0,0.219,44.504,-78748000.0,1488626000.0,1488626000.0,509581000.0,893452000.0,0.924,2.116,4608768000.0,1932394000.0,2676374000.0,4608768000.0,0.0,272850000.0,870217000.0,0.0,0.0,1273995000.0,1546845000.0,0.611,1546845000.0,1273995000.0,1121132000.0,10.23,9.85,10.23,3843372000.0,3569191750.0,3843372000.0,27350414952.0,21.0,17.681,1099566000.0,12.732,1.0,2022346000.0,0.799,7137659000.0,152863000.0,3208865000.0,3226549750.0,0.0,1000635000.0,974000000.0,26635000.0,8132220000.0,4749210000.0,3383010000.0,24207416952.0,303188000.0,-169223000.0,-498937000.0,-121296000.0,0.0,-624601000.0,-259554000.0,0.0,1178314000.0,9029000.0,893452000.0,893452000.0,893452000.0,0.0,0.0,0.353,723446000.0,1298900000.0,1523862000.0,0.0,6.298,27.094,27.454,190215000.0,0.0,280.85,9.561,9.579,1727183000.0,4251414000.0,2531927000.0,2531927000.0,0.0,0.077,0.25,0.395,0.503,67281000.0,594530000.0,1.0,86193402.0,86360000,90131000.0,29.318,4837933000.0,0.0,227680000.0,452113000.0,56.021,-362852000.0
9,FLT,MRT,2019-03-31,2019-03-31,2019-03-31,2021-08-09,-934192000.0,11514915000.0,11413353750.0,4172059000.0,7342856000.0,0.216,41.086,-80679000.0,1372571000.0,1372571000.0,500324000.0,808653000.0,0.915,2.261,4515569000.0,1807318000.0,2708251000.0,4515569000.0,0.0,270552000.0,768342000.0,0.0,0.0,1241531000.0,1512083000.0,0.612,1512083000.0,1241531000.0,1095047000.0,9.18,8.86,9.18,3530967000.0,3468120000.0,3530967000.0,24625982034.0,20.0,16.286,919495000.0,10.699,1.0,1969494000.0,0.797,6904738000.0,146484000.0,3191077000.0,3268019500.0,0.0,968506000.0,942000000.0,26506000.0,7983948000.0,4562098000.0,3421850000.0,21171828034.0,150070000.0,81767000.0,-808226000.0,60781000.0,0.0,-751740000.0,-18045000.0,0.0,1000174000.0,-80319000.0,808653000.0,808653000.0,808653000.0,0.0,0.0,0.327,703058000.0,1266436000.0,1518827000.0,0.0,5.996,26.182,26.862,186251000.0,0.0,246.59,8.572,8.58,1655459000.0,3989763000.0,2469818000.0,2469818000.0,0.0,0.071,0.233,0.38,0.503,68077000.0,576330000.0,1.0,85858421.0,85941000,89244000.0,28.739,4610177000.0,0.0,286394000.0,494025000.0,53.644,-390039000.0
10,FLT,MRT,2018-12-31,2018-12-31,2018-12-31,2021-08-09,-913858000.0,11202477000.0,11457741250.0,3875986000.0,7326491000.0,0.212,37.636,-81387000.0,1364893000.0,1364893000.0,487695000.0,811483000.0,0.862,2.354,4819047000.0,2070616000.0,2748431000.0,4819047000.0,0.0,274609000.0,926685000.0,0.0,0.0,1233619000.0,1508228000.0,0.62,1508228000.0,1233619000.0,1095125000.0,9.14,8.81,9.14,3340180000.0,3557391250.0,3340180000.0,19748172820.0,16.0,13.094,821995000.0,9.262,1.0,1945797000.0,0.8,6949984000.0,138494000.0,3211434000.0,3276481500.0,0.0,928674000.0,886000000.0,42674000.0,7862297000.0,4495213000.0,3367084000.0,16463796820.0,234023000.0,77892000.0,-903016000.0,329241000.0,0.0,-577815000.0,-26270000.0,0.0,903382000.0,-65274000.0,811483000.0,811483000.0,811483000.0,0.0,0.0,0.333,702933000.0,1242864000.0,1117649000.0,0.0,4.929,20.289,20.319,186201000.0,0.0,185.72,6.766,6.773,1425815000.0,3817656000.0,2433492000.0,2433492000.0,0.0,0.071,0.228,0.377,0.507,69939000.0,571765000.0,1.0,88648486.0,88750000,92151000.0,27.42,4252493000.0,0.0,283642000.0,491946000.0,47.915,-619227000.0
11,FLT,MRT,2018-09-30,2018-09-30,2018-09-30,2021-08-09,-944746000.0,11450890000.0,11486711750.0,4132991000.0,7317899000.0,0.209,40.271,-76946000.0,1188550000.0,1188550000.0,499713000.0,792180000.0,0.922,2.215,4472926000.0,1699548000.0,2773378000.0,4472926000.0,0.0,277945000.0,825371000.0,0.0,0.0,1037504000.0,1315449000.0,0.548,1315449000.0,1037504000.0,906393000.0,8.84,8.54,8.84,3562248000.0,3641476750.0,3562248000.0,23701009093.0,23.0,18.017,726897000.0,8.218,1.0,1900349000.0,0.792,6955975000.0,131111000.0,3294823000.0,3266078750.0,0.0,964032000.0,931000000.0,33032000.0,7888642000.0,4484468000.0,3404174000.0,20138446093.0,170279000.0,-106758000.0,-307832000.0,-44507000.0,0.0,-354493000.0,-227522000.0,0.0,803843000.0,-51549000.0,792180000.0,792180000.0,792180000.0,0.0,0.0,0.33,855031000.0,1045318000.0,1616949000.0,0.0,5.653,25.422,25.774,184979000.0,0.0,227.84,8.391,8.397,1811339000.0,3515657000.0,2400062000.0,2400062000.0,0.0,0.069,0.218,0.318,0.432,78607000.0,581247000.0,1.0,88388545.0,88456000,92081000.0,27.133,4494915000.0,0.0,114213000.0,506310000.0,50.815,-351477000.0
12,FLT,MRT,2018-06-30,2018-06-30,2018-06-30,2021-08-09,-870688000.0,11485133000.0,11456562750.0,4049207000.0,7435926000.0,0.206,38.568,-72107000.0,1185438000.0,1185438000.0,510283000.0,837309000.0,0.88,2.34,4748001000.0,1915685000.0,2832316000.0,4748001000.0,0.0,278185000.0,852617000.0,0.0,0.0,1120710000.0,1398895000.0,0.593,1398895000.0,1120710000.0,996327000.0,9.29,9.01,9.29,3439085000.0,3608519250.0,3439085000.0,22149126558.0,20.0,15.833,675297000.0,7.573,1.0,1848070000.0,0.784,7071438000.0,124383000.0,3374744000.0,3231025250.0,0.0,978859000.0,939000000.0,39859000.0,8046048000.0,4601514000.0,3444534000.0,18882182558.0,419821000.0,-388987000.0,-672895000.0,901015000.0,0.0,214983000.0,-504912000.0,0.0,747404000.0,-37654000.0,837309000.0,837309000.0,837309000.0,0.0,0.0,0.355,675631000.0,1172439000.0,1532741000.0,0.0,5.49,22.551,22.675,179096000.0,0.0,210.65,8.007,7.965,1716937000.0,3357962000.0,2358353000.0,2358353000.0,0.0,0.073,0.232,0.347,0.475,82559000.0,575497000.0,1.0,89637705.0,89169000,92702000.0,26.448,4413695000.0,0.0,159018000.0,498918000.0,49.498,-552307000.0
13,FLT,MRT,2018-03-31,2018-03-31,2018-03-31,2021-08-09,-508603000.0,11692465000.0,11110707250.0,3907065000.0,7785400000.0,0.208,43.314,-70511000.0,1222501000.0,1222501000.0,533023000.0,791444000.0,0.907,2.007,4489445000.0,1621913000.0,2867532000.0,4489445000.0,0.0,272741000.0,746332000.0,0.0,0.0,1070625000.0,1343366000.0,0.58,1343366000.0,1070625000.0,955541000.0,8.73,8.49,8.73,3888052000.0,3600123000.0,3888052000.0,21574038530.0,20.0,16.06,736751000.0,8.208,1.0,1781582000.0,0.77,7426808000.0,115084000.0,3224925000.0,3082410250.0,0.0,861859000.0,829000000.0,32859000.0,7804413000.0,4307676000.0,3496737000.0,18186292530.0,487508000.0,-392631000.0,-441250000.0,588181000.0,0.0,133851000.0,-499410000.0,0.0,807262000.0,45805000.0,791444000.0,791444000.0,791444000.0,0.0,0.0,0.342,656874000.0,1124708000.0,1609240000.0,0.0,4.677,22.979,23.196,184031000.0,0.0,202.5,7.857,7.853,1691762000.0,3181110000.0,2314605000.0,2314605000.0,0.0,0.071,0.22,0.347,0.463,84607000.0,561601000.0,1.0,89808852.0,89765000,93250000.0,25.785,4265657000.0,0.0,164097000.0,505150000.0,47.52,-400611000.0
14,FLT,MRT,2017-12-31,2017-12-31,2017-12-31,2021-08-09,-551857000.0,11318359000.0,10690079500.0,3549701000.0,7768658000.0,0.21,40.344,-70093000.0,1130870000.0,1130870000.0,542746000.0,740200000.0,0.867,2.079,4518616000.0,1616512000.0,2902104000.0,4518616000.0,0.0,264560000.0,732171000.0,0.0,0.0,1000736000.0,1265296000.0,0.562,1265296000.0,1000736000.0,893590000.0,8.12,7.91,8.12,3676522000.0,3463563000.0,3676522000.0,20752394435.0,21.0,16.401,609965000.0,6.693,1.0,1706792000.0,0.759,7440780000.0,107146000.0,3169823000.0,2971556500.0,0.0,843859000.0,811000000.0,32859000.0,7641837000.0,4095502000.0,3546335000.0,17234182435.0,487100000.0,-388756000.0,-357703000.0,622092000.0,0.0,251938000.0,-497802000.0,0.0,680058000.0,52906000.0,740200000.0,740200000.0,740200000.0,0.0,0.0,0.329,649596000.0,1057196000.0,1437314000.0,0.0,4.688,23.283,23.698,180057000.0,0.0,192.43,7.661,7.795,1420011000.0,2958921000.0,2249538000.0,2249538000.0,0.0,0.069,0.214,0.337,0.445,93297000.0,558411000.0,1.0,89560788.0,91129000,93594000.0,24.685,3877579000.0,0.0,153390000.0,518912000.0,42.55,-545801000.0
15,FLT,MRT,2017-09-30,2017-09-30,2017-09-30,2021-08-09,-466367000.0,11330294000.0,10267172750.0,3521501000.0,7808793000.0,0.21,37.8,-66593000.0,1018271000.0,1018271000.0,523385000.0,552927000.0,0.844,2.303,4536483000.0,1602507000.0,2933976000.0,4536483000.0,0.0,253923000.0,731501000.0,0.0,0.0,937027000.0,1190950000.0,0.553,1190950000.0,937027000.0,838714000.0,6.03,5.88,6.03,3430418000.0,3315442000.0,3430418000.0,17292527400.0,18.0,14.52,668934000.0,7.371,1.0,1631115000.0,0.757,7520999000.0,98313000.0,3154609000.0,2853224250.0,0.0,827526000.0,794000000.0,33526000.0,7899876000.0,4172898000.0,3726978000.0,14220079400.0,445344000.0,-286703000.0,-531775000.0,570126000.0,0.0,27655000.0,-359623000.0,0.0,735527000.0,41785000.0,552927000.0,552927000.0,552927000.0,0.0,0.0,0.257,599692000.0,1031423000.0,1435585000.0,0.0,4.145,25.718,25.667,168065000.0,0.0,154.77,6.6,6.519,1456255000.0,2676224000.0,2154500000.0,2154500000.0,0.0,0.054,0.167,0.328,0.435,82818000.0,511253000.0,1.0,91878784.0,90751000,93001000.0,23.741,3809295000.0,0.0,285787000.0,742498000.0,41.975,-651397000.0
16,FLT,MRT,2017-06-30,2017-06-30,2017-06-30,2021-08-09,-610049000.0,10101711000.0,9913612750.0,3045358000.0,7056353000.0,0.208,37.011,-66854000.0,765617000.0,765617000.0,508862000.0,479722000.0,0.841,1.966,3838065000.0,1443444000.0,2394621000.0,3838065000.0,0.0,242153000.0,688574000.0,0.0,0.0,768199000.0,1010352000.0,0.49,1010352000.0,768199000.0,681416000.0,5.2,5.06,5.2,3405500000.0,3252467750.0,3405500000.0,16437853019.0,21.0,16.269,637065000.0,6.924,1.0,1552187000.0,0.753,6774849000.0,86783000.0,2780284000.0,2776969250.0,0.0,781845000.0,741000000.0,40845000.0,6696211000.0,3619026000.0,3077185000.0,13304509019.0,105040000.0,-1330266000.0,-184335000.0,993733000.0,0.0,807653000.0,-1394168000.0,0.0,703919000.0,-12364000.0,479722000.0,479722000.0,479722000.0,0.0,0.0,0.233,737910000.0,814277000.0,1240766000.0,0.0,3.907,27.734,27.733,154278000.0,0.0,144.21,6.455,6.438,1429563000.0,2473401000.0,2061049000.0,2061049000.0,0.0,0.048,0.147,0.277,0.373,75569000.0,486223000.0,1.0,92257881.0,92013000,94223000.0,22.4,3326862000.0,0.0,201694000.0,637162000.0,36.156,-573668000.0
17,FLT,MRT,2017-03-31,2017-03-31,2017-03-31,2021-08-09,-572789000.0,10009954000.0,9455362000.0,2882091000.0,7127863000.0,0.205,36.281,-62068000.0,734993000.0,734993000.0,477920000.0,464988000.0,0.823,1.995,3868337000.0,1407708000.0,2460629000.0,3868337000.0,0.0,226074000.0,589387000.0,0.0,0.0,732207000.0,958281000.0,0.495,958281000.0,732207000.0,653375000.0,5.03,4.89,5.03,3341812000.0,3171769000.0,3341812000.0,17129734432.0,23.0,17.875,597025000.0,6.482,1.0,1459797000.0,0.753,6861123000.0,78832000.0,2781510000.0,2669326000.0,0.0,716763000.0,676000000.0,40763000.0,6668142000.0,3500665000.0,3167477000.0,13915271432.0,168183000.0,-1327893000.0,-151604000.0,1085566000.0,0.0,931570000.0,-1389963000.0,0.0,659093000.0,-32517000.0,464988000.0,464988000.0,464988000.0,0.0,0.0,0.24,691050000.0,768747000.0,1246182000.0,0.0,4.164,29.926,30.105,149037000.0,0.0,151.43,7.181,7.198,1360833000.0,2342414000.0,1937717000.0,1937717000.0,0.0,0.049,0.147,0.274,0.378,71853000.0,455212000.0,1.0,91892435.0,92108000,94560000.0,21.037,3148831000.0,0.0,188387000.0,666572000.0,34.186,-618574000.0
18,FLT,MRT,2016-12-31,2016-12-31,2016-12-31,2021-08-09,-666403000.0,9626732000.0,8955831000.0,2527693000.0,7099039000.0,0.205,33.306,-59011000.0,643770000.0,643770000.0,459759000.0,452385000.0,0.767,2.121,3858233000.0,1336506000.0,2521727000.0,3858233000.0,0.0,198091000.0,530787000.0,0.0,0.0,714815000.0,912906000.0,0.498,912906000.0,714815000.0,642919000.0,4.89,4.75,4.89,3084038000.0,3083258250.0,3084038000.0,16463252903.0,23.0,18.034,649207000.0,7.011,1.0,1371787000.0,0.749,6848383000.0,71896000.0,2696494000.0,2545180500.0,0.0,627200000.0,591000000.0,36200000.0,6542694000.0,3296318000.0,3246376000.0,13131886903.0,29126000.0,-1331985000.0,-166447000.0,923364000.0,0.0,753969000.0,-1389585000.0,0.0,708218000.0,-43476000.0,452385000.0,452385000.0,452385000.0,0.0,0.0,0.247,620616000.0,751171000.0,1151432000.0,0.0,4.258,29.028,28.941,142504000.0,0.0,141.52,7.17,7.155,1202009000.0,2218721000.0,1831546000.0,1831546000.0,0.0,0.051,0.147,0.281,0.39,63946000.0,415068000.0,1.0,92791739.0,92597000,95213000.0,19.78,2778349000.0,0.0,190534000.0,668580000.0,30.005,-768625000.0
19,FLT,MRT,2016-09-30,2016-09-30,2016-09-30,2021-08-09,-612150000.0,9916054000.0,8521599500.0,2685156000.0,7230898000.0,0.205,34.314,-54226000.0,604754000.0,604754000.0,447167000.0,409791000.0,0.777,2.12,3936120000.0,1383763000.0,2552357000.0,3936120000.0,0.0,185367000.0,595405000.0,0.0,0.0,641598000.0,826965000.0,0.473,826965000.0,641598000.0,575172000.0,4.42,4.31,4.42,3178521000.0,3019760500.0,3178521000.0,18262778829.0,28.0,22.084,580192000.0,6.263,1.0,1300027000.0,0.744,6942858000.0,66426000.0,2849589000.0,2429321750.0,0.0,735717000.0,656000000.0,79717000.0,6737533000.0,3454973000.0,3282560000.0,16079801829.0,-16955000.0,-1370909000.0,-10923000.0,844410000.0,0.0,830612000.0,-1424412000.0,0.0,634418000.0,-57573000.0,409791000.0,409791000.0,409791000.0,0.0,0.0,0.235,616934000.0,683093000.0,1230339000.0,0.0,5.059,39.239,39.305,144486000.0,0.0,173.73,9.203,9.211,1334686000.0,2123297000.0,1747194000.0,1747194000.0,0.0,0.048,0.136,0.264,0.367,93788000.0,428291000.0,1.0,92556276.0,92631000,95307000.0,18.862,2973196000.0,8879000.0,165381000.0,692221000.0,32.097,-769817000.0
20,FLT,MRT,2016-06-30,2016-06-30,2016-06-30,2021-08-09,-559741000.0,8268708000.0,8113869250.0,2350945000.0,5917763000.0,0.211,33.267,-50398000.0,649099000.0,649099000.0,445405000.0,396943000.0,0.967,1.682,2832076000.0,824158000.0,2007918000.0,2832076000.0,0.0,177345000.0,503112000.0,0.0,0.0,636100000.0,813445000.0,0.475,813445000.0,636100000.0,570325000.0,4.29,4.19,4.29,3082705000.0,2965773000.0,3082705000.0,15477308638.0,24.0,19.027,717816000.0,7.746,1.0,1268856000.0,0.74,5669684000.0,65775000.0,2349711000.0,2316293500.0,0.0,803803000.0,713000000.0,90803000.0,5186003000.0,2432290000.0,2753713000.0,13246828638.0,108910000.0,-46414000.0,-5252000.0,-524487000.0,0.0,-516218000.0,-113150000.0,0.0,768214000.0,-29936000.0,396943000.0,396943000.0,396943000.0,0.0,0.0,0.232,587897000.0,680959000.0,904151000.0,0.0,4.297,33.372,33.364,90423000.0,0.0,143.13,7.727,7.737,908385000.0,1990492000.0,1714261000.0,1714261000.0,0.0,0.049,0.134,0.275,0.371,75454000.0,409732000.0,1.0,92551028.0,92665000,95279000.0,18.5,2599024000.0,7106000.0,173382000.0,705130000.0,28.048,-81345000.0
21,FLT,MRT,2016-03-31,2016-03-31,2016-03-31,2021-08-09,-539609000.0,8011830000.0,8190360000.0,2054581000.0,5957249000.0,0.208,32.295,-45509000.0,544553000.0,544553000.0,438695000.0,379368000.0,0.918,1.682,2775033000.0,742128000.0,2032905000.0,2775033000.0,0.0,178271000.0,471109000.0,0.0,0.0,621232000.0,799503000.0,0.47,799503000.0,621232000.0,553268000.0,4.11,4.02,4.11,2987769000.0,2921847750.0,2987769000.0,16099187825.0,26.0,20.136,764295000.0,8.261,1.0,1262266000.0,0.742,5719368000.0,67964000.0,2284928000.0,2377093250.0,0.0,633626000.0,551000000.0,82626000.0,5024061000.0,2238014000.0,2786047000.0,13776769825.0,19925000.0,-52310000.0,17742000.0,-698993000.0,0.0,-663931000.0,-111203000.0,0.0,809804000.0,-14745000.0,379368000.0,379368000.0,379368000.0,0.0,0.0,0.223,583873000.0,678393000.0,796803000.0,0.0,4.611,36.315,36.192,85605000.0,0.0,148.75,8.099,8.091,880808000.0,1876308000.0,1700961000.0,1700961000.0,0.0,0.046,0.13,0.261,0.365,68348000.0,404884000.0,1.0,92616940.0,92516000,95030000.0,18.386,2292462000.0,7969000.0,173900000.0,713404000.0,24.779,-183433000.0
22,FLT,MRT,2015-12-31,2015-12-31,2015-12-31,2021-08-09,-570811000.0,7889806000.0,8313583500.0,1944624000.0,5945182000.0,0.205,30.754,-41875000.0,614644000.0,614644000.0,439330000.0,362431000.0,0.865,1.788,2935000000.0,875100000.0,2059900000.0,2935000000.0,0.0,190202000.0,507233000.0,0.0,0.0,607343000.0,797545000.0,0.468,797545000.0,607343000.0,536004000.0,3.94,3.85,3.94,2830047000.0,2869949000.0,2830047000.0,15709053745.0,26.0,19.697,712709000.0,7.745,1.0,1263535000.0,0.742,5729629000.0,71339000.0,2233059000.0,2451861750.0,0.0,690568000.0,614000000.0,76568000.0,5059759000.0,2247474000.0,2812285000.0,13172601745.0,-29917000.0,-49069000.0,19926000.0,-651864000.0,0.0,-648065000.0,-99414000.0,0.0,754584000.0,-37022000.0,362431000.0,362431000.0,362431000.0,0.0,0.0,0.213,598524000.0,665011000.0,669528000.0,0.0,4.655,36.345,36.277,80760000.0,0.0,142.93,7.736,7.724,638954000.0,1766336000.0,1702865000.0,1702865000.0,0.0,0.044,0.126,0.248,0.357,63695000.0,406790000.0,1.0,92161210.0,92023000,94139000.0,18.505,2160177000.0,8913000.0,173573000.0,713428000.0,23.474,-302850000.0
23,FLT,MRT,2015-09-30,2015-09-30,2015-09-30,2021-08-09,-332610000.0,8285133000.0,8472307250.0,2033543000.0,6251590000.0,0.195,32.163,-38317000.0,551836000.0,551836000.0,417131000.0,419141000.0,0.833,1.797,3088288000.0,1001624000.0,2086664000.0,3088288000.0,0.0,179725000.0,461958000.0,0.0,0.0,658645000.0,838370000.0,0.508,838370000.0,658645000.0,590599000.0,4.62,4.51,4.62,2962571000.0,2817077750.0,2962571000.0,15516487209.0,24.0,18.508,776977000.0,8.435,1.0,1231830000.0,0.747,5982850000.0,68046000.0,2397476000.0,2521137750.0,0.0,790176000.0,665000000.0,125176000.0,5322562000.0,2441259000.0,2881303000.0,12671429209.0,118281000.0,-2143098000.0,21696000.0,1750822000.0,0.0,1716194000.0,-2360436000.0,0.0,815294000.0,-52771000.0,419141000.0,419141000.0,419141000.0,0.0,0.0,0.254,538598000.0,693232000.0,760413000.0,0.0,4.277,30.232,29.788,75860000.0,0.0,137.62,7.684,7.687,731957000.0,1713506000.0,1648961000.0,1648961000.0,0.0,0.049,0.149,0.261,0.399,27750000.0,386564000.0,1.0,92075492.0,92110000,94157000.0,17.902,2302283000.0,33081000.0,171458000.0,759871000.0,24.995,-407716000.0
24,FLT,MRT,2015-06-30,2015-06-30,2015-06-30,2021-08-09,-243143000.0,8574671000.0,7457134000.0,2201006000.0,6373665000.0,0.2,31.631,-31752000.0,513529000.0,513529000.0,360911000.0,397880000.0,0.809,1.95,3358587000.0,1246342000.0,2112245000.0,3358587000.0,0.0,156373000.0,456693000.0,0.0,0.0,617538000.0,773911000.0,0.518,773911000.0,617538000.0,561796000.0,4.49,4.38,4.49,2907004000.0,2466136750.0,2907004000.0,17293906129.0,28.0,22.346,617273000.0,6.716,1.0,1131840000.0,0.758,6105219000.0,55742000.0,2592910000.0,2142251500.0,0.0,885807000.0,764000000.0,121807000.0,5667667000.0,2721600000.0,2946067000.0,14327049129.0,86533000.0,-2213882000.0,28469000.0,1914593000.0,0.0,1907147000.0,-2416873000.0,0.0,649025000.0,-52766000.0,397880000.0,397880000.0,397880000.0,0.0,0.0,0.267,483623000.0,648217000.0,815544000.0,0.0,4.928,36.008,34.757,73162000.0,0.0,156.06,9.598,9.608,811477000.0,1596736000.0,1492751000.0,1492751000.0,0.0,0.053,0.161,0.288,0.414,2055000.0,351936000.0,1.0,91804749.0,91904000,94050000.0,16.243,2469452000.0,54143000.0,163916000.0,794135000.0,26.87,-520594000.0
25,FLT,MRT,2015-03-31,2015-03-31,2015-03-31,2021-08-09,-249990000.0,8504724000.0,6376807500.0,2109265000.0,6395459000.0,0.214,30.302,-29591000.0,508955000.0,508955000.0,323794000.0,387751000.0,0.765,2.059,3475812000.0,1336108000.0,2139704000.0,3475812000.0,0.0,131442000.0,451588000.0,0.0,0.0,587421000.0,718863000.0,0.528,718863000.0,587421000.0,544460000.0,4.49,4.36,4.49,2780174000.0,2108265750.0,2780174000.0,16817453586.0,29.0,23.395,594652000.0,6.481,1.0,1037854000.0,0.762,6131300000.0,42961000.0,2584002000.0,1726867250.0,0.0,803086000.0,679000000.0,124086000.0,5724550000.0,2756279000.0,2968271000.0,13835949586.0,96019000.0,-2377337000.0,27700000.0,2109526000.0,0.0,2100517000.0,-2578167000.0,0.0,624243000.0,-50574000.0,387751000.0,387751000.0,387751000.0,0.0,0.0,0.285,423383000.0,614471000.0,775929000.0,0.0,4.977,35.683,33.612,72066000.0,0.0,150.92,10.161,10.169,773474000.0,1498058000.0,1361648000.0,1361648000.0,0.0,0.061,0.184,0.34,0.431,-3094000.0,316668000.0,1.0,91677376.0,91750000,93934000.0,14.841,2373424000.0,77638000.0,156709000.0,794381000.0,25.868,-647014000.0
26,FLT,MRT,2014-12-31,2014-12-31,2014-12-31,2021-08-09,-291508000.0,8524701000.0,5259805750.0,2137350000.0,6387351000.0,0.228,31.056,-27070000.0,612213000.0,612213000.0,269591000.0,368707000.0,0.738,2.255,3593717000.0,1424764000.0,2168953000.0,3593717000.0,0.0,107246000.0,492257000.0,0.0,0.0,541799000.0,649045000.0,0.541,649045000.0,541799000.0,512943000.0,4.37,4.24,4.37,2618562000.0,1754767250.0,2618562000.0,13474914605.0,25.0,20.761,581264000.0,6.894,1.0,929799000.0,0.775,6099424000.0,28856000.0,2510163000.0,1270933250.0,0.0,816933000.0,675000000.0,141933000.0,5906139000.0,2896618000.0,3009521000.0,12466606605.0,138964000.0,-2395778000.0,29641000.0,2120508000.0,0.0,2162265000.0,-2594087000.0,0.0,608334000.0,-37548000.0,368707000.0,368707000.0,368707000.0,0.0,0.0,0.307,363650000.0,566149000.0,716676000.0,0.0,4.761,33.812,34.03,73563000.0,0.0,148.71,10.394,10.454,673797000.0,1403905000.0,1199390000.0,1199390000.0,0.0,0.07,0.21,0.426,0.452,-19141000.0,281490000.0,1.0,83831663.0,84317000,86982000.0,14.225,2425277000.0,101451000.0,144236000.0,799939000.0,28.764,-759268000.0
27,FLT,MRT,2014-09-30,2014-09-30,2014-09-30,2021-08-09,-93146000.0,4224440000.0,4111689250.0,1504675000.0,2719765000.0,0.262,18.644,-23716000.0,346457000.0,346457000.0,236503000.0,327287000.0,0.78,1.71,1354765000.0,919945000.0,434820000.0,1354765000.0,0.0,93018000.0,180131000.0,0.0,0.0,493846000.0,586864000.0,0.544,586864000.0,493846000.0,472717000.0,3.95,3.82,3.95,1558807000.0,1411100000.0,1558807000.0,12958764202.0,26.0,22.081,461450000.0,5.519,1.0,841691000.0,0.781,2422127000.0,21129000.0,881931000.0,818237000.0,0.0,541112000.0,393600000.0,147512000.0,2665633000.0,1928690000.0,736943000.0,11831203202.0,-41580000.0,-613291000.0,29560000.0,50033000.0,0.0,125927000.0,-637007000.0,0.0,485166000.0,-15666000.0,327287000.0,327287000.0,327287000.0,0.0,0.0,0.304,344156000.0,497535000.0,612691000.0,0.0,7.59,36.149,35.98,56184000.0,0.0,142.12,10.973,11.021,715662000.0,1294365000.0,1078194000.0,1078194000.0,0.0,0.08,0.232,0.604,0.458,-20940000.0,244095000.0,1.0,83247982.0,83611000,86134000.0,12.895,1802313000.0,3444000.0,145430000.0,233695000.0,21.556,-424015000.0
28,FLT,MRT,2014-06-30,2014-06-30,2014-06-30,2021-08-09,-24667000.0,4253365000.0,3924355500.0,1523054000.0,2730311000.0,0.257,17.778,-22229000.0,343795000.0,343795000.0,220455000.0,310398000.0,0.751,1.883,1471356000.0,1021149000.0,450207000.0,1471356000.0,0.0,85060000.0,193604000.0,0.0,0.0,463844000.0,548904000.0,0.545,548904000.0,463844000.0,443818000.0,3.77,3.64,3.77,1475520000.0,1314873750.0,1475520000.0,11986521044.0,26.0,21.837,428465000.0,5.162,1.0,787606000.0,0.781,2421565000.0,20026000.0,931373000.0,780382500.0,0.0,586783000.0,424400000.0,162383000.0,2777845000.0,2027988000.0,749857000.0,10930451044.0,4737000.0,-761237000.0,26204000.0,277191000.0,0.0,327423000.0,-783466000.0,0.0,450694000.0,10086000.0,310398000.0,310398000.0,310398000.0,0.0,0.0,0.308,322273000.0,465333000.0,573482000.0,0.0,7.408,35.214,34.96,56500000.0,0.0,131.8,10.843,10.851,688527000.0,1198856000.0,1008061000.0,1008061000.0,0.0,0.079,0.236,0.594,0.46,-2237000.0,230616000.0,1.0,82932102.0,82996000,85817000.0,12.146,1831800000.0,4415000.0,133420000.0,245984000.0,22.071,-504934000.0
29,FLT,MRT,2014-03-31,2014-03-31,2014-03-31,2021-08-09,-31499000.0,4036717000.0,3614286500.0,1471409000.0,2565308000.0,0.264,16.512,-21607000.0,330214000.0,330214000.0,212848000.0,294948000.0,0.77,1.955,1386284000.0,926368000.0,459916000.0,1386284000.0,0.0,76218000.0,174683000.0,0.0,0.0,439661000.0,515879000.0,0.54,515879000.0,439661000.0,421187000.0,3.6,3.48,3.6,1366180000.0,1208497250.0,1366180000.0,10593442585.0,24.0,20.535,419262000.0,5.067,1.0,742580000.0,0.777,2422428000.0,18474000.0,760266000.0,771257250.0,0.0,393500000.0,393500000.0,0.0,2670537000.0,1910093000.0,760444000.0,9493413585.0,58761000.0,-652862000.0,29694000.0,233838000.0,0.0,291241000.0,-674469000.0,0.0,440869000.0,1120000.0,294948000.0,294948000.0,294948000.0,0.0,0.0,0.309,302919000.0,439661000.0,578507000.0,0.0,6.949,32.187,31.972,54891000.0,0.0,115.1,9.936,9.967,682753000.0,1110307000.0,955428000.0,955428000.0,0.0,0.082,0.244,0.57,0.46,-9692000.0,219539000.0,1.0,82479701.0,82737000,85695000.0,11.548,1614289000.0,4258000.0,126239000.0,248066000.0,19.511,-438684000.0
30,FLT,MRT,2013-12-31,2013-12-31,2013-12-31,2021-08-09,-47426000.0,3932235000.0,3327703250.0,1353512000.0,2578723000.0,0.269,15.208,-20785000.0,386349000.0,386349000.0,202173000.0,284501000.0,0.709,2.161,1486378000.0,1011439000.0,474939000.0,1486378000.0,0.0,66198000.0,182541000.0,0.0,0.0,420030000.0,486228000.0,0.543,486228000.0,420030000.0,403569000.0,3.48,3.36,3.48,1243893000.0,1112705500.0,1243893000.0,10375310654.0,25.0,21.338,354900000.0,4.339,1.0,692998000.0,0.774,2423988000.0,16461000.0,699378000.0,806320750.0,0.0,349000000.0,349000000.0,0.0,2688342000.0,1908898000.0,779444000.0,9637035654.0,54456000.0,-728343000.0,30438000.0,389102000.0,0.0,435725000.0,-749128000.0,0.0,375685000.0,-7826000.0,284501000.0,284501000.0,284501000.0,0.0,0.0,0.318,272968000.0,420030000.0,467202000.0,0.0,7.747,33.873,33.67,53956000.0,0.0,117.17,10.766,10.706,573351000.0,1035198000.0,895171000.0,895171000.0,0.0,0.085,0.256,0.521,0.469,-5859000.0,199629000.0,1.0,82248320.0,81793000,84655000.0,10.944,1508247000.0,4750000.0,119068000.0,249504000.0,18.44,-555386000.0
31,FLT,MRT,2013-09-30,2013-09-30,2013-09-30,2021-08-09,-19207000.0,3475105000.0,3025112000.0,1490524000.0,1984581000.0,0.278,14.32,-20825000.0,395697000.0,395697000.0,195670000.0,276452000.0,0.933,1.96,1133972000.0,654890000.0,479082000.0,1133972000.0,0.0,57314000.0,177511000.0,0.0,0.0,407021000.0,464335000.0,0.551,464335000.0,407021000.0,392671000.0,3.37,3.27,3.37,1173902000.0,1030187750.0,1173902000.0,9707720128.0,24.0,20.907,289515000.0,3.532,1.0,646617000.0,0.768,1885907000.0,14350000.0,730513000.0,825712250.0,0.0,394000000.0,394000000.0,0.0,2301203000.0,1596960000.0,704243000.0,9015011128.0,45628000.0,-377599000.0,-171404000.0,286915000.0,0.0,139442000.0,-398424000.0,0.0,310340000.0,-5730000.0,276452000.0,276452000.0,276452000.0,0.0,0.0,0.328,239596000.0,407021000.0,567420000.0,0.0,7.68,32.61,32.688,48797000.0,0.0,110.16,10.703,10.721,661901000.0,967078000.0,842287000.0,842287000.0,0.0,0.091,0.268,0.493,0.483,-13068000.0,175169000.0,1.0,81835613.0,81974000,84905000.0,10.275,1589198000.0,5938000.0,116219000.0,225161000.0,19.387,-106436000.0
32,FLT,MRT,2013-06-30,2013-06-30,2013-06-30,2021-08-09,-37500000.0,3013089000.0,2866866000.0,1405818000.0,1607271000.0,0.28,12.872,-20788000.0,341379000.0,341379000.0,188751000.0,257480000.0,1.081,1.87,1034088000.0,548091000.0,485997000.0,1034088000.0,0.0,53140000.0,158459000.0,0.0,0.0,381447000.0,434587000.0,0.54,434587000.0,381447000.0,367607000.0,3.12,3.03,3.12,1050014000.0,995479250.0,1050014000.0,7343531534.0,19.0,16.898,234182000.0,2.871,1.0,615318000.0,0.765,1510350000.0,13840000.0,894872000.0,794952750.0,0.0,402000000.0,402000000.0,0.0,1963075000.0,1300576000.0,662499000.0,6618128534.0,37326000.0,-311913000.0,-171886000.0,274049000.0,0.0,122171000.0,-332701000.0,0.0,254970000.0,-7114000.0,257480000.0,257480000.0,257480000.0,0.0,0.0,0.32,233871000.0,381447000.0,528161000.0,0.0,6.303,25.703,26.058,46654000.0,0.0,81.3,8.231,8.248,627675000.0,888458000.0,804069000.0,804069000.0,0.0,0.09,0.259,0.48,0.474,-7080000.0,173760000.0,1.0,81403795.0,81573000,84461000.0,9.857,1502739000.0,7642000.0,110127000.0,176502000.0,18.422,105242000.0
33,FLT,MRT,2013-03-31,2013-03-31,2013-03-31,2021-08-09,-14078000.0,2890384000.0,2739766000.0,1318066000.0,1572318000.0,0.276,12.103,-20310000.0,273960000.0,273960000.0,181851000.0,238782000.0,1.063,1.94,999363000.0,507375000.0,491988000.0,999363000.0,0.0,49150000.0,170035000.0,0.0,0.0,353881000.0,403031000.0,0.534,403031000.0,353881000.0,340979000.0,2.87,2.79,2.87,983013000.0,968455750.0,983013000.0,6831927911.0,19.0,16.951,215394000.0,2.652,1.0,573169000.0,0.759,1475438000.0,12902000.0,900520000.0,726264500.0,0.0,385000000.0,385000000.0,0.0,1907371000.0,1239829000.0,667542000.0,6223859911.0,-62506000.0,-285210000.0,-175294000.0,169002000.0,0.0,13430000.0,-305520000.0,0.0,235704000.0,-6120000.0,238782000.0,238782000.0,238782000.0,0.0,0.0,0.316,219288000.0,353881000.0,501036000.0,0.0,6.331,26.065,26.714,45892000.0,0.0,76.67,8.243,8.248,626464000.0,815359000.0,755020000.0,755020000.0,0.0,0.087,0.247,0.487,0.469,-6712000.0,163518000.0,1.0,81177252.0,81222000,83960000.0,9.296,1414946000.0,7710000.0,102197000.0,175554000.0,17.421,78237000.0
34,FLT,MRT,2012-12-31,2012-12-31,2012-12-31,2021-08-09,-3346000.0,2721870000.0,2657399000.0,1195354000.0,1526516000.0,0.266,10.967,-19111000.0,337323000.0,337323000.0,174019000.0,216199000.0,1.047,1.979,925092000.0,439875000.0,485217000.0,925092000.0,0.0,46492000.0,187627000.0,0.0,0.0,323807000.0,370299000.0,0.523,370299000.0,323807000.0,310790000.0,2.59,2.52,2.59,913822000.0,943462750.0,913822000.0,5045080158.0,16.0,13.624,116349000.0,1.396,1.0,533515000.0,0.754,1390473000.0,13017000.0,776944000.0,652446750.0,0.0,298000000.0,298000000.0,0.0,1808048000.0,1142222000.0,665826000.0,4534825158.0,-1510000.0,-190447000.0,-172813000.0,210712000.0,0.0,61988000.0,-209558000.0,0.0,135460000.0,10600000.0,216199000.0,216199000.0,216199000.0,0.0,0.0,0.306,209708000.0,323807000.0,418609000.0,0.0,4.962,20.975,20.714,45196000.0,0.0,53.65,6.409,6.318,525441000.0,750697000.0,707534000.0,707534000.0,0.0,0.081,0.229,0.496,0.458,-10080000.0,156551000.0,1.0,84526098.0,83328000,85736000.0,8.491,1331397000.0,6464000.0,94591000.0,180609000.0,15.978,53132000.0
35,FLT,MRT,2012-09-30,2012-09-30,2012-09-30,2021-08-09,-5067000.0,2842121000.0,2564223750.0,1317969000.0,1524152000.0,0.252,12.322,-18680000.0,352247000.0,352247000.0,164760000.0,193900000.0,0.972,1.746,862502000.0,583639000.0,278863000.0,862502000.0,0.0,41470000.0,177952000.0,0.0,0.0,285451000.0,326921000.0,0.507,326921000.0,285451000.0,272391000.0,2.34,2.26,2.34,1035068000.0,917866250.0,1035068000.0,4181773659.0,15.0,12.791,223559000.0,2.661,1.0,480317000.0,0.745,1389500000.0,13060000.0,607475000.0,568115250.0,0.0,355000000.0,355000000.0,0.0,1807053000.0,1355401000.0,451652000.0,3746656659.0,162777000.0,-501649000.0,24802000.0,383758000.0,0.0,436369000.0,-520329000.0,0.0,242239000.0,4498000.0,193900000.0,193900000.0,193900000.0,0.0,0.0,0.301,194866000.0,285451000.0,533113000.0,0.0,3.62,19.323,19.145,46542000.0,0.0,44.8,5.808,5.834,578818000.0,690626000.0,645077000.0,645077000.0,0.0,0.076,0.211,0.502,0.443,-8326000.0,147484000.0,1.0,83630729.0,84002000,86224000.0,7.679,1452621000.0,6296000.0,78491000.0,172789000.0,17.293,-37432000.0
36,FLT,MRT,2012-06-30,2012-06-30,2012-06-30,2021-08-09,-13841000.0,2504689000.0,2288579250.0,1198317000.0,1306372000.0,0.259,11.308,-15969000.0,305706000.0,305706000.0,155487000.0,174766000.0,1.056,1.659,740823000.0,454873000.0,285950000.0,740823000.0,0.0,36968000.0,170640000.0,0.0,0.0,261855000.0,298823000.0,0.504,298823000.0,261855000.0,248911000.0,2.13,2.05,2.13,941920000.0,849555250.0,941920000.0,3362310197.0,13.0,11.252,224404000.0,2.694,1.0,436871000.0,0.738,1184480000.0,12944000.0,620119000.0,543879750.0,0.0,325000000.0,325000000.0,0.0,1562769000.0,1135207000.0,427562000.0,2911396197.0,154379000.0,-368468000.0,19206000.0,259862000.0,0.0,304826000.0,-384437000.0,0.0,240373000.0,-6383000.0,174766000.0,174766000.0,174766000.0,0.0,0.0,0.295,175016000.0,261855000.0,474837000.0,0.0,3.091,16.659,16.451,35677000.0,0.0,35.04,4.915,4.927,545796000.0,630978000.0,592358000.0,592358000.0,0.0,0.076,0.206,0.481,0.442,-9103000.0,132688000.0,1.0,83087791.0,83294000,85737000.0,7.112,1320209000.0,4310000.0,74145000.0,141612000.0,15.85,63110000.0
37,FLT,MRT,2012-03-31,2012-03-31,2012-03-31,2021-08-09,-4644000.0,2560916000.0,2067134250.0,1306780000.0,1254136000.0,0.268,10.695,-14423000.0,344328000.0,344328000.0,145478000.0,157080000.0,1.029,1.9,795242000.0,520359000.0,274883000.0,795242000.0,0.0,34111000.0,174975000.0,0.0,0.0,237620000.0,271731000.0,0.49,271731000.0,237620000.0,224043000.0,1.94,1.86,1.94,883041000.0,792332750.0,883041000.0,3546033084.0,15.0,13.05,160062000.0,1.939,1.0,409273000.0,0.738,1136899000.0,13577000.0,605249000.0,535563000.0,0.0,341000000.0,341000000.0,0.0,1677875000.0,1269682000.0,408193000.0,3188171084.0,167340000.0,-333773000.0,15730000.0,309974000.0,0.0,339378000.0,-348196000.0,0.0,174485000.0,1673000.0,157080000.0,157080000.0,157080000.0,0.0,0.0,0.283,168984000.0,240289000.0,534111000.0,0.0,3.61,20.296,19.985,34227000.0,0.0,38.77,5.747,5.77,599810000.0,576577000.0,554751000.0,554751000.0,0.0,0.076,0.198,0.444,0.428,-387000.0,129667000.0,1.0,82232940.0,82565000,85164000.0,6.719,1424017000.0,4337000.0,66963000.0,133310000.0,17.247,37098000.0
38,FLT,MRT,2011-12-31,2011-12-31,2011-12-31,2021-08-09,-13716000.0,2349169000.0,1832460500.0,1124268000.0,1224901000.0,0.284,10.066,-13454000.0,340921000.0,340921000.0,135715000.0,147335000.0,0.998,1.895,704265000.0,425836000.0,278429000.0,704265000.0,0.0,31041000.0,180269000.0,0.0,0.0,224254000.0,255295000.0,0.491,255295000.0,224254000.0,210877000.0,1.83,1.76,1.83,811436000.0,738489250.0,811436000.0,2681004761.0,12.0,10.502,266171000.0,3.302,1.0,383876000.0,0.739,1146343000.0,13377000.0,439618000.0,526886750.0,0.0,280000000.0,280000000.0,0.0,1537733000.0,1126552000.0,411181000.0,2428963761.0,170355000.0,-333763000.0,8477000.0,222035000.0,0.0,236221000.0,-347217000.0,0.0,279625000.0,1726000.0,147335000.0,147335000.0,147335000.0,0.0,0.0,0.284,156953000.0,226923000.0,478882000.0,0.0,2.993,16.486,16.322,32724000.0,0.0,29.87,4.675,4.634,481791000.0,534498000.0,519591000.0,519591000.0,0.0,0.08,0.2,0.426,0.432,8016000.0,121371000.0,1.0,81317836.0,80610000,83654000.0,6.446,1202826000.0,6140000.0,63542000.0,132752000.0,14.922,-2284000.0
39,FLT,MRT,2011-09-30,2011-09-30,2011-09-30,2021-08-09,-8646000.0,1739543000.0,1616197750.0,786933000.0,952610000.0,0.301,9.426,-12528000.0,194683000.0,194683000.0,121670000.0,127078000.0,1.303,1.283,446724000.0,165243000.0,281481000.0,446724000.0,0.0,29601000.0,168259000.0,0.0,0.0,194367000.0,223968000.0,0.461,223968000.0,194367000.0,180243000.0,2.1,1.53,2.1,761824000.0,692116500.0,761824000.0,2410047376.0,12.0,10.761,90892000.0,1.125,1.0,364308000.0,0.75,876934000.0,14124000.0,510533000.0,546916500.0,0.0,150000000.0,150000000.0,0.0,977719000.0,604117000.0,373602000.0,2111721376.0,26511000.0,-25739000.0,14684000.0,-59249000.0,0.0,-41354000.0,-38267000.0,0.0,103420000.0,2712000.0,127078000.0,138955000.0,138955000.0,0.0,0.0,0.286,166505000.0,197803000.0,241423000.0,0.0,2.772,15.197,12.505,30366000.0,-11877000.0,26.26,4.345,4.367,419530000.0,496726000.0,485978000.0,485978000.0,0.0,0.086,0.201,0.355,0.4,21044000.0,133678000.0,1.0,80415894.0,80819000,83649000.0,6.013,862609000.0,4594000.0,53165000.0,92121000.0,10.673,182816000.0
40,FLT,MRT,2011-06-30,2011-06-30,2011-06-30,2021-08-09,-3761000.0,1618909000.0,1557193750.0,755272000.0,863637000.0,0.298,8.896,-12133000.0,164208000.0,164208000.0,118920000.0,119962000.0,1.394,1.27,462534000.0,177243000.0,285291000.0,462534000.0,0.0,29446000.0,78231000.0,0.0,0.0,181884000.0,211330000.0,0.456,211330000.0,181884000.0,165333000.0,2.45,1.46,2.45,713030000.0,644642750.0,713030000.0,2669986914.0,15.0,12.634,77598000.0,0.968,1.0,344500000.0,0.743,788395000.0,16551000.0,586852000.0,549080500.0,0.0,162000000.0,162000000.0,0.0,905879000.0,541988000.0,363891000.0,2373663914.0,29071000.0,-3971000.0,10499000.0,-69251000.0,0.0,-61787000.0,-16104000.0,0.0,89731000.0,17231000.0,119962000.0,127310000.0,127310000.0,0.0,0.0,0.275,159876000.0,184624000.0,234873000.0,0.0,3.329,18.645,12.098,27799000.0,-7348000.0,29.64,5.122,5.126,387800000.0,456212000.0,463420000.0,463420000.0,0.0,0.082,0.197,0.331,0.392,24469000.0,126658000.0,1.0,80083128.0,80151000,83548000.0,5.782,830514000.0,4414000.0,45371000.0,78600000.0,10.362,213284000.0
41,FLT,MRT,2011-03-31,2011-03-31,2011-03-31,2021-08-09,-4129000.0,1622221000.0,,759869000.0,862352000.0,,8.352,-11644000.0,186098000.0,186098000.0,115836000.0,112887000.0,1.367,1.43,482421000.0,165134000.0,317287000.0,482421000.0,0.0,28980000.0,81016000.0,0.0,0.0,175277000.0,204257000.0,0.464,204257000.0,175277000.0,156646000.0,2.73,1.39,2.73,667667000.0,,667667000.0,2904581889.0,17.0,14.22,76524000.0,0.957,1.0,324808000.0,0.737,792083000.0,18631000.0,570544000.0,,0.0,154000000.0,154000000.0,0.0,954554000.0,555917000.0,398637000.0,2612313889.0,33422000.0,-10022000.0,10261000.0,-55732000.0,0.0,-42175000.0,-21666000.0,0.0,88168000.0,9095000.0,112887000.0,115819000.0,115819000.0,0.0,0.0,0.263,149575000.0,175233000.0,250765000.0,0.0,3.913,22.555,11.963,27097000.0,-2932000.0,32.66,5.928,5.925,378951000.0,419498000.0,440644000.0,440644000.0,0.0,,,,0.398,18546000.0,116630000.0,1.0,79985116.0,79937000,83378000.0,5.512,830138000.0,4594000.0,43759000.0,81350000.0,10.385,203952000.0
42,FLT,MRT,2010-12-31,2010-12-31,2010-12-31,2021-08-09,-8101000.0,1484118000.0,1346831500.0,618983000.0,865135000.0,0.322,17.665,-11194000.0,177145000.0,177145000.0,118737000.0,107896000.0,1.342,1.371,469413000.0,155617000.0,313796000.0,469413000.0,0.0,28466000.0,78685000.0,0.0,0.0,171812000.0,200278000.0,0.462,200278000.0,171812000.0,151280000.0,3.0,1.34,3.0,625945000.0,549997000.0,625945000.0,2758621994.0,16.0,13.774,128561000.0,3.628,1.0,315104000.0,0.726,795527000.0,20532000.0,519737000.0,409823000.0,0.0,144000000.0,144000000.0,0.0,858173000.0,461122000.0,397051000.0,2433995994.0,30103000.0,-10022000.0,10098000.0,-98634000.0,0.0,-86544000.0,-21216000.0,0.0,139755000.0,-1892000.0,107896000.0,106408000.0,106408000.0,0.0,0.0,0.245,143292000.0,171812000.0,177644000.0,0.0,3.889,22.874,10.307,26818000.0,1488000.0,30.92,5.61,2.525,260163000.0,387163000.0,433841000.0,433841000.0,0.0,0.079,0.193,0.419,0.396,16045000.0,110866000.0,1.0,78719146.0,35434000,80751000.0,12.244,688591000.0,4484000.0,43384000.0,83255000.0,19.433,157861000.0
43,FLT,MRT,2010-09-30,2010-09-30,2010-09-30,2021-08-09,-7605000.0,1503527000.0,,647647000.0,855880000.0,,16.784,-9227000.0,176700000.0,176700000.0,117904000.0,115331000.0,1.238,1.629,501326000.0,177801000.0,323525000.0,501326000.0,0.0,28235000.0,72875000.0,,0.0,189249000.0,217484000.0,0.512,217484000.0,189249000.0,168557000.0,2.87,1.43,2.87,571929000.0,,571929000.0,,,,126186000.0,3.703,1.0,306702000.0,0.722,785683000.0,20692000.0,519189000.0,,0.0,167000000.0,167000000.0,0.0,931598000.0,523281000.0,408317000.0,,41754000.0,-11759000.0,639000.0,-72919000.0,0.0,-73152000.0,-20986000.0,0.0,135413000.0,479000.0,115331000.0,97655000.0,97655000.0,0.0,0.0,0.23,117851000.0,188851000.0,226348000.0,0.0,,,,25584000.0,17676000.0,,,,256634000.0,312742000.0,424606000.0,424606000.0,0.0,,,,0.446,3120000.0,85413000.0,1.0,78719146.0,34076000,80880000.0,12.461,717844000.0,7101000.0,53226000.0,84792000.0,21.066,124366000.0
44,FLT,MRT,2010-06-30,2010-06-30,2010-06-30,2021-08-09,,,,,,,,,,,,,,,,,,,,,,,0.0,,,,,,,,,,,,,,,,,,1.0,,,,,,,,,,,,,,,,,,,,,,,,,,,,,,,,,,,,,,,,,,,,,,,,,,,,,,1.0,,33988000,,,,,,,,
45,FLT,MRT,2010-03-31,2010-03-31,2010-03-31,2021-08-09,,,,,,,,,,,,,,,,,,,,,,,0.0,,,,,,,,,,,,,,,,,,1.0,,,,,,,,,,,,,,,,,,,,,,,,,,,,,,,,,,,,,,,,,,,,,,,,,,,,,,1.0,,34011000,,,,,,,,
46,FLT,MRT,2009-12-31,2009-12-31,2009-12-31,2021-08-09,-12173000.0,1209545000.0,,347242000.0,862303000.0,,14.024,-9677000.0,152680000.0,152680000.0,97706000.0,89052000.0,1.083,1.552,351551000.0,22621000.0,328930000.0,351551000.0,0.0,23548000.0,75796000.0,,0.0,146978000.0,170526000.0,0.482,170526000.0,146978000.0,129615000.0,2.17,1.13,2.17,474049000.0,,474049000.0,,,,169113000.0,5.003,1.0,256367000.0,0.724,787766000.0,17363000.0,299909000.0,,0.0,0.0,0.0,0.0,735496000.0,320741000.0,414755000.0,,14346000.0,-231097000.0,266000.0,-21724000.0,0.0,72238000.0,-240774000.0,0.0,178790000.0,4092000.0,89052000.0,73263000.0,73263000.0,0.0,0.0,0.207,109389000.0,146978000.0,175578000.0,0.0,,,,27223000.0,15789000.0,,,,163461000.0,235726000.0,354073000.0,354073000.0,0.0,,,,0.415,2666000.0,81954000.0,1.0,,33802000,78854000.0,10.475,421779000.0,6988000.0,40563000.0,85825000.0,12.478,26501000.0
47,FLT,MRT,2008-12-31,2008-12-31,2008-12-31,2021-08-09,,,,,,,,-7088000.0,,,89945000.0,97282000.0,,,,,,,,20646000.0,,,0.0,154943000.0,175589000.0,0.515,175589000.0,154943000.0,134687000.0,2.6,1.35,2.6,,,,,,,51001000.0,1.544,1.0,251108000.0,0.736,,20256000.0,,,,,,,,,,,1491000.0,-55924000.0,763000.0,14987000.0,0.0,14931000.0,-63012000.0,0.0,58089000.0,-8517000.0,97282000.0,85925000.0,85925000.0,0.0,0.0,0.252,98653000.0,152455000.0,,0.0,,,,,11357000.0,,,,,,341053000.0,341053000.0,0.0,,,,0.454,1862000.0,71413000.0,1.0,,33033000,71913000.0,10.325,,,37405000.0,,,
