None,ticker,dimension,calendardate,datekey,reportperiod,lastupdated,accoci,assets,assetsavg,assetsc,assetsnc,assetturnover,bvps,capex,cashneq,cashnequsd,cor,consolinc,currentratio,de,debt,debtc,debtnc,debtusd,deferredrev,depamor,deposits,divyield,dps,ebit,ebitda,ebitdamargin,ebitdausd,ebitusd,ebt,eps,epsdil,epsusd,equity,equityavg,equityusd,ev,evebit,evebitda,fcf,fcfps,fxusd,gp,grossmargin,intangibles,intexp,invcap,invcapavg,inventory,investments,investmentsc,investmentsnc,liabilities,liabilitiesc,liabilitiesnc,marketcap,ncf,ncfbus,ncfcommon,ncfdebt,ncfdiv,ncff,ncfi,ncfinv,ncfo,ncfx,netinc,netinccmn,netinccmnusd,netincdis,netincnci,netmargin,opex,opinc,payables,payoutratio,pb,pe,pe1,ppnenet,prefdivis,price,ps,ps1,receivables,retearn,revenue,revenueusd,rnd,roa,roe,roic,ros,sbcomp,sgna,sharefactor,sharesbas,shareswa,shareswadil,sps,tangibles,taxassets,taxexp,taxliabilities,tbvps,workingcapital
0,FBHS,ARY,2020-12-31,2021-02-24,2020-12-31,2021-07-29,-55100000,7358700000,6627525000.0,2208500000,5150200000,0.919,20.011,-150500000.0,419100000,419100000,3925900000.0,554400000.0,1.642,1.651,2712700000,0,2712700000,2712700000,0,200900000.0,0,0.011,0.96,805800000.0,1006700000.0,0.165,1006700000.0,805800000.0,721900000.0,3.99,3.94,3.99,2775500000,2555725000.0,2775500000,14392231360.0,18.0,14.296,675200000.0,4.868,1.0,2164400000.0,0.355,3815100000,83900000.0,4492100000,4162575000.0,867200000,0,0,0,4583200000,1345100000,3238100000,12098631360.0,30100000.0,-713600000.0,-122700000.0,385000000.0,-133300000.0,111600000.0,-923500000.0,-59400000.0,825700000.0,16300000.0,553100000.0,553100000.0,553100000.0,0.0,1300000.0,0.091,1363000000.0,801400000.0,620500000,0.241,4.359,21.874,21.867,1087600000,0.0,87.25,1.987,1.987,734900000,2180200000,6090300000.0,6090300000.0,0.0,0.083,0.216,0.194,0.132,47600000.0,1282600000.0,1.0,138666262,138700000,140200000.0,43.91,3543600000,0,168800000.0,160500000,25.549,863400000
1,FBHS,ARY,2019-12-31,2020-02-26,2019-12-31,2021-07-29,-72600000,6291300000,6302375000.0,1898200000,4393100000,0.915,17.345,-131800000.0,387900000,387900000,3712200000.0,431300000.0,1.347,1.592,2324100000,399700000,1924400000,2324100000,0,188600000.0,0,0.01,0.66,670100000.0,858700000.0,0.149,858700000.0,670100000.0,575900000.0,3.09,3.06,3.09,2426600000,2337750000.0,2426600000,11010565181.0,16.0,12.822,505400000.0,3.613,1.0,2052400000.0,0.356,3259100000,94200000.0,3559100000,3770500000.0,718600000,0,0,0,3863500000,1409300000,2454200000,9074365181.0,124200000.0,4200000.0,-82700000.0,-150700000.0,-123000000.0,-389700000.0,-127600000.0,0.0,637200000.0,4300000.0,431900000.0,431900000.0,431900000.0,0.0,-600000.0,0.075,1353900000.0,698500000.0,460000000,0.214,3.74,21.01,20.981,989800000,0.0,64.83,1.574,1.573,624800000,1763000000,5764600000.0,5764600000.0,0.0,0.069,0.185,0.178,0.116,30500000.0,1256300000.0,1.0,139971698,139900000,141300000.0,41.205,3032200000,0,144000000.0,157200000,21.674,488900000
2,FBHS,ARY,2018-12-31,2019-02-25,2018-12-31,2021-07-29,-67000000,5964600000,5845850000.0,1686100000,4278500000,0.938,15.064,-150100000.0,262900000,262900000,3525700000.0,389800000.0,1.13,1.737,2334000000,525000000,1809000000,2334000000,0,149600000.0,0,0.017,0.82,611100000.0,760700000.0,0.139,760700000.0,611100000.0,536600000.0,2.69,2.66,2.69,2178200000,2235000000.0,2178200000,8873685878.0,15.0,11.665,453900000.0,3.139,1.0,1959400000.0,0.357,3327100000,74500000.0,3216500000,3213650000.0,678900000,0,0,0,3784600000,1492100000,2292500000,6802585878.0,-52300000.0,-459500000.0,-689700000.0,826200000.0,-115200000.0,-6800000.0,-634300000.0,-28700000.0,604000000.0,-15200000.0,389600000.0,389600000.0,389600000.0,200000.0,200000.0,0.071,1364200000.0,595200000.0,459000000,0.305,3.123,17.46,17.993,813400000,0.0,48.4,1.24,1.276,571700000,1448100000,5485100000.0,5485100000.0,0.0,0.067,0.174,0.19,0.111,36100000.0,1241400000.0,1.0,140549295,144600000,146400000.0,37.933,2637500000,0,147000000.0,162600000,18.24,194000000
3,FBHS,ARY,2017-12-31,2018-02-28,2017-12-31,2021-07-29,-39200000,5511400000,5312050000.0,1601700000,3909700000,0.995,16.968,-165000000.0,323000000,323000000,3350800000.0,472700000.0,1.766,1.12,1507600000,0,1507600000,1507600000,0,130300000.0,0,0.012,0.74,681500000.0,811800000.0,0.154,811800000.0,681500000.0,632100000.0,3.08,3.03,3.08,2599500000,2535050000.0,2599500000,10401912962.0,15.0,12.813,435300000.0,2.841,1.0,1932500000.0,0.366,3074400000,49400000.0,2714800000,2722900000.0,580800000,0,0,0,2910300000,906800000,2003500000,9217312962.0,71500000.0,-122700000.0,-186300000.0,75000000.0,-110300000.0,-250100000.0,-287700000.0,0.0,600300000.0,9000000.0,472600000.0,472600000.0,472600000.0,2600000.0,100000.0,0.089,1238000000.0,694500000.0,428800000,0.24,3.546,19.503,19.695,740000000,0.0,60.66,1.745,1.759,555300000,1174200000,5283300000.0,5283300000.0,0.0,0.089,0.186,0.25,0.129,43000000.0,1194800000.0,1.0,151950428,153200000,155800000.0,34.486,2437000000,0,159500000.0,166800000,15.907,694900000
4,FBHS,ARY,2016-12-31,2017-02-28,2016-12-31,2021-07-29,-71900000,5128500000,5095450000.0,1445200000,3683300000,0.978,15.305,-149300000.0,251500000,251500000,3180300000.0,413200000.0,1.715,1.171,1431100000,0,1431100000,1431100000,0,122700000.0,0,0.011,0.66,632000000.0,754700000.0,0.151,754700000.0,632000000.0,582900000.0,2.68,2.62,2.68,2361500000,2292350000.0,2361500000,10032099236.0,16.0,13.293,501200000.0,3.248,1.0,1804600000.0,0.362,2940800000,49100000.0,2524500000,2766425000.0,531100000,0,0,0,2765500000,842800000,1922700000,8852499236.0,13000000.0,-235800000.0,-399000000.0,258900000.0,-98200000.0,-250400000.0,-385100000.0,0.0,650500000.0,-2000000.0,413200000.0,413200000.0,413200000.0,-800000.0,0.0,0.083,1171900000.0,632700000.0,393800000,0.246,3.749,21.424,21.578,662500000,0.0,57.83,1.776,1.79,550700000,814600000,4984900000.0,4984900000.0,0.0,0.081,0.18,0.228,0.127,32000000.0,1129900000.0,1.0,153077974,154300000,157800000.0,32.307,2187700000,0,169700000.0,163500000,14.178,602400000
5,FBHS,ARY,2015-12-31,2016-02-25,2015-12-31,2021-07-29,-52500000,4878600000,4753150000.0,1418700000,3459900000,0.963,15.366,-128500000.0,238500000,238500000,2997500000.0,315500000.0,1.872,0.989,1172400000,800000,1171600000,1172400000,0,115100000.0,0,0.011,0.58,500300000.0,615400000.0,0.134,615400000.0,500300000.0,468400000.0,1.97,1.93,1.97,2450900000,2378650000.0,2450900000,8960131353.0,18.0,14.56,282600000.0,1.772,1.0,1581900000.0,0.345,2752000000,31900000.0,2302600000,2360700000.0,555600000,0,0,0,2424800000,757900000,1666900000,8026231353.0,46600000.0,-638100000.0,-22800000.0,499700000.0,-89500000.0,416900000.0,-766600000.0,0.0,411100000.0,-14800000.0,315000000.0,315000000.0,315000000.0,-9000000.0,500000.0,0.069,1085800000.0,496100000.0,344200000,0.294,3.275,25.48,25.853,627900000,0.0,50.93,1.753,1.774,502600000,501600000,4579400000.0,4579400000.0,0.0,0.066,0.132,0.212,0.109,27600000.0,1047600000.0,1.0,157593390,159500000,163000000.0,28.711,2126600000,0,153400000.0,201700000,13.333,660800000
6,FBHS,ARY,2014-12-31,2015-02-25,2014-12-31,2021-07-29,-6700000,4052900000,4107750000.0,1299100000,2753800000,0.977,13.965,-127500000.0,191900000,191900000,2646700000.0,159300000.0,1.857,0.792,670000000,26300000,643700000,670000000,0,98800000.0,0,0.013,0.5,286800000.0,385600000.0,0.096,385600000.0,286800000.0,276400000.0,0.98,0.95,0.98,2259500000,2440625000.0,2259500000,8027508833.0,28.0,20.818,126200000.0,0.78,1.0,1366900000.0,0.341,2124300000,10400000.0,1707100000,1710750000.0,462200000,0,0,0,1789800000,699600000,1090200000,7549408833.0,-49500000.0,-16600000.0,-410900000.0,313800000.0,-77400000.0,-147500000.0,-151100000.0,0.0,253700000.0,-4600000.0,158100000.0,158100000.0,158100000.0,114300000.0,1200000.0,0.039,963400000.0,403500000.0,333800000,0.633,3.341,47.751,48.551,539800000,0.0,47.58,1.881,1.918,458900000,279500000,4013600000.0,4013600000.0,0.0,0.038,0.065,0.168,0.071,29700000.0,943300000.0,1.0,158667693,161800000,166300000.0,24.806,1928600000,0,118300000.0,150600000,11.92,599500000
7,FBHS,ARY,2013-12-31,2014-02-26,2013-12-31,2021-07-29,95400000,4178100000,4046650000.0,1327400000,2850700000,1.027,16.008,-96700000.0,241400000,241400000,2718600000.0,230900000.0,1.797,0.576,356000000,6000000,350000000,356000000,0,90400000.0,0,0.009,0.42,350900000.0,441300000.0,0.106,441300000.0,350900000.0,343700000.0,1.39,1.34,1.39,2649400000,2545975000.0,2649400000,7822940523.0,22.0,17.727,201100000.0,1.215,1.0,1438800000.0,0.346,2272800000,7200000.0,1281200000,1313250000.0,471600000,0,0,0,1525000000,738700000,786300000,7708340523.0,-94600000.0,-299800000.0,-1400000.0,31300000.0,-49900000.0,4100000.0,-396700000.0,0.0,297800000.0,200000.0,229700000.0,229700000.0,229700000.0,0.0,1200000.0,0.055,1081700000.0,357100000.0,343800000,0.302,2.909,33.558,33.475,534400000,0.0,46.53,1.854,1.852,477100000,200800000,4157400000.0,4157400000.0,0.0,0.057,0.09,0.267,0.084,26100000.0,1043100000.0,1.0,165663884,165500000,171300000.0,25.12,1905300000,0,114000000.0,245800000,11.512,588700000
8,FBHS,ARY,2012-12-31,2013-02-27,2012-12-31,2021-07-29,30600000,3873700000,3757925000.0,1228000000,2645700000,0.956,14.826,-75000000.0,336000000,336000000,2421100000.0,119700000.0,1.941,0.625,325500000,28000000,297500000,325500000,0,101300000.0,0,0.0,0.0,161700000.0,263000000.0,0.073,263000000.0,161700000.0,153000000.0,0.74,0.71,0.74,2381100000,2284875000.0,2381100000,5663290497.0,35.0,21.533,207800000.0,1.294,1.0,1170000000.0,0.326,2064700000,8700000.0,1165900000,1267050000.0,357200000,0,0,0,1489000000,632600000,856400000,5673790497.0,215200000.0,-6000000.0,95500000.0,-84900000.0,0.0,15700000.0,-86700000.0,0.0,282800000.0,3400000.0,118700000.0,118700000.0,118700000.0,0.0,1000000.0,0.033,1008300000.0,161700000.0,287000000,0.0,2.383,47.799,46.689,509400000,0.0,34.55,1.58,1.545,381800000,41000000,3591100000.0,3591100000.0,0.0,0.032,0.052,0.128,0.045,26900000.0,976900000.0,1.0,164219696,160600000,166100000.0,22.361,1809000000,0,34300000.0,223600000,11.264,595400000
9,FBHS,ARY,2011-12-31,2012-02-22,2011-12-31,2021-07-29,10600000,3637900000,3948650000.0,953500000,2684400000,0.843,13.665,-68500000.0,120800000,120800000,2332100000.0,-34600000.0,1.595,0.714,410600000,21300000,389300000,410600000,0,111500000.0,0,0.0,0.0,-18200000.0,93300000.0,0.028,93300000.0,-18200000.0,-44600000.0,-0.23,-0.23,-0.23,2120800000,1031200000.0,2120800000,3327128141.0,-183.0,35.661,106900000.0,0.689,1.0,996500000.0,0.299,2063900000,26400000.0,1266000000,2979150000.0,336300000,0,0,0,1513400000,597800000,915600000,3037328141.0,60100000.0,-2500000.0,11000000.0,482600000.0,0.0,-43500000.0,-71000000.0,0.0,175400000.0,-800000.0,-35600000.0,-35600000.0,-35600000.0,0.0,1000000.0,-0.011,1012100000.0,-15600000.0,260700000,0.0,1.432,-85.318,-83.652,525800000,0.0,19.24,0.912,0.897,346100000,-77700000,3328600000.0,3328600000.0,0.0,-0.009,-0.035,-0.006,-0.005,15700000.0,900600000.0,1.0,157865288,155200000,155200000.0,21.447,1574000000,0,-9000000.0,204100000,10.142,355700000
10,FBHS,ARY,2010-12-31,2011-08-26,2010-12-31,2021-07-29,-76300000,3686600000,,895000000,2791600000,,13.386,-58300000.0,60700000,60700000,2182400000.0,58400000.0,0.831,0.768,19800000,3000000,16800000,19800000,0,111600000.0,0,,0.0,187600000.0,299200000.0,0.093,299200000.0,187600000.0,71300000.0,0.37,0.37,0.37,2082800000,,2082800000,,,,80600000.0,0.518,1.0,1051100000.0,0.325,2163700000,116300000.0,405500000,,333000000,0,0,0,1600300000,1076500000,523800000,,2900000.0,2600000.0,0.0,-102000000.0,0.0,-81400000.0,-55700000.0,0.0,138900000.0,1100000.0,57200000.0,57200000.0,57200000.0,0.0,1200000.0,0.018,863300000.0,187800000.0,752800000,0.0,,,,550000000,0.0,,,,374200000,0,3233500000.0,3233500000.0,0.0,,,,0.058,11700000.0,839600000.0,1.0,155595953,155595953,,20.781,1522900000,0,14100000.0,267400000,9.788,-181500000
11,FBHS,ARY,2010-12-31,2011-08-22,2010-12-31,2021-07-29,-76300000,3686600000,,895000000,2791600000,,13.386,-58300000.0,60700000,60700000,2182400000.0,58400000.0,0.831,0.768,19800000,3000000,16800000,19800000,0,111600000.0,0,,0.0,187600000.0,299200000.0,0.093,299200000.0,187600000.0,71300000.0,0.37,0.37,0.37,2082800000,,2082800000,,,,80600000.0,0.518,1.0,1051100000.0,0.325,2163700000,116300000.0,405500000,,333000000,0,0,0,1600300000,1076500000,523800000,,2900000.0,2600000.0,0.0,-102000000.0,0.0,-81400000.0,-55700000.0,0.0,138900000.0,1100000.0,57200000.0,57200000.0,57200000.0,0.0,1200000.0,0.018,863300000.0,187800000.0,752800000,0.0,,,,550000000,0.0,,,,374200000,0,3233500000.0,3233500000.0,0.0,,,,0.058,11700000.0,839600000.0,1.0,155595953,155595953,,20.781,1522900000,0,14100000.0,267400000,9.788,-181500000
12,FBHS,ARY,2010-12-31,2011-08-11,2010-12-31,2021-07-29,-76300000,3686600000,,895000000,2791600000,,13.386,-58300000.0,60700000,60700000,2182400000.0,58400000.0,0.831,0.768,19800000,3000000,16800000,19800000,0,111600000.0,0,,0.0,187600000.0,299200000.0,0.093,299200000.0,187600000.0,71300000.0,0.37,0.37,0.37,2082800000,,2082800000,,,,80600000.0,0.518,1.0,1051100000.0,0.325,2163700000,116300000.0,405500000,,333000000,0,0,0,1600300000,1076500000,523800000,,2900000.0,2600000.0,0.0,-102000000.0,0.0,-81400000.0,-55700000.0,0.0,138900000.0,1100000.0,57200000.0,57200000.0,57200000.0,0.0,1200000.0,0.018,863300000.0,187800000.0,752800000,0.0,,,,550000000,0.0,,,,374200000,0,3233500000.0,3233500000.0,0.0,,,,0.058,11700000.0,839600000.0,1.0,155595953,155595953,,20.781,1522900000,0,14100000.0,267400000,9.788,-181500000
13,FBHS,ARY,2010-12-31,2011-07-07,2010-12-31,2021-07-29,-76300000,4259400000,,1467800000,2791600000,,-0.381,-58300000.0,60700000,60700000,2182400000.0,58400000.0,2.546,-73.875,3233800000,3000000,3230800000,3233800000,0,111600000.0,0,,0.0,187600000.0,299200000.0,0.093,299200000.0,187600000.0,71300000.0,0.37,0.37,0.37,-58400000,,-58400000,,,,80600000.0,0.526,1.0,1051100000.0,0.325,2163700000,116300000.0,4692300000,,333000000,572800000,572800000,0,4314300000,576500000,3737800000,,2900000.0,2600000.0,0.0,-102000000.0,0.0,-81400000.0,-55700000.0,0.0,138900000.0,1100000.0,57200000.0,57200000.0,57200000.0,0.0,1200000.0,0.018,863300000.0,187800000.0,252800000,0.0,,,,550000000,0.0,,,,374200000,-685400000,3233500000.0,3233500000.0,0.0,,,,0.058,11700000.0,839600000.0,1.0,155595953,153300000,155500000.0,21.093,2095700000,0,14100000.0,267400000,13.671,891300000
14,FBHS,ARY,2010-12-31,2011-06-15,2010-12-31,2021-07-29,-76300000,4259400000,,1467800000,2791600000,,-0.381,-58300000.0,60700000,60700000,2182400000.0,58400000.0,2.546,-73.875,3233800000,3000000,3230800000,3233800000,0,111600000.0,0,,0.0,187600000.0,299200000.0,0.093,299200000.0,187600000.0,71300000.0,0.37,0.37,0.37,-58400000,,-58400000,,,,80600000.0,0.526,1.0,1051100000.0,0.325,2163700000,116300000.0,4692300000,,333000000,572800000,572800000,0,4314300000,576500000,3737800000,,2900000.0,2600000.0,0.0,-102000000.0,0.0,-81400000.0,-55700000.0,0.0,138900000.0,1100000.0,57200000.0,57200000.0,57200000.0,0.0,1200000.0,0.018,863300000.0,187800000.0,252800000,0.0,,,,550000000,0.0,,,,374200000,-685400000,3233500000.0,3233500000.0,0.0,,,,0.058,11700000.0,839600000.0,1.0,155595953,153300000,155500000.0,21.093,2095700000,0,14100000.0,267400000,13.671,891300000
15,FBHS,ARY,2010-12-31,2011-05-06,2010-12-31,2021-07-29,-76300000,4259400000,,1467800000,2791600000,,-0.377,-58300000.0,60700000,60700000,2182400000.0,58400000.0,2.546,-73.875,3233800000,3000000,3230800000,3233800000,0,111600000.0,0,,0.0,187600000.0,299200000.0,0.093,299200000.0,187600000.0,71300000.0,0.37,0.37,0.37,-58400000,,-58400000,,,,80600000.0,0.52,1.0,1051100000.0,0.325,2163700000,116300000.0,4692300000,,333000000,572800000,572800000,0,4314300000,576500000,3737800000,,2900000.0,2600000.0,0.0,-102000000.0,0.0,-81400000.0,-55700000.0,0.0,138900000.0,1100000.0,57200000.0,57200000.0,57200000.0,0.0,1200000.0,0.018,863300000.0,187800000.0,252800000,0.0,,,,550000000,0.0,,,,374200000,-685400000,3233500000.0,3233500000.0,0.0,,,,0.058,11700000.0,839600000.0,1.0,155595953,155100000,155100000.0,20.848,2095700000,0,14100000.0,267400000,13.512,891300000
0,FBHS,ARQ,2021-06-30,2021-07-29,2021-06-30,2021-07-29,-38400000,7696000000,,2548900000,5147100000,,22.074,-40400000.0,460000000,460000000,1230300000.0,217200000.0,1.868,1.529,2766700000,0,2766700000,2766700000,0,57700000.0,0,0.01,0.26,296200000.0,353900000.0,0.183,353900000.0,296200000.0,275000000.0,1.57,1.55,1.57,3043500000,,3043500000,15654758729.0,15.0,12.698,291500000.0,2.114,1.0,705800000.0,0.365,3891200000,21200000.0,4746800000,,1046800000,0,0,0,4652500000,1364700000,3287800000,13348058729.0,103500000.0,0.0,-80400000.0,-75000000.0,-36000000.0,-192200000.0,-40400000.0,0.0,331900000.0,4200000.0,217200000.0,217200000.0,217200000.0,0.0,0.0,0.112,410900000.0,294900000.0,697500000,0.166,4.386,18.457,18.546,1107400000,0.0,96.81,1.902,1.902,844600000,2539300000,1936100000.0,1936100000.0,0.0,,,,,12800000.0,394600000.0,1.0,137878925,137878925,,14.042,3804800000,0,57800000.0,171900000,27.595,1184200000
1,FBHS,ARQ,2021-03-31,2021-05-04,2021-03-31,2021-07-29,-51000000,7482100000,,2345900000,5136200000,,21.1,-25400000.0,356100000,356100000,1126900000.0,177800000.0,1.96,1.559,2831900000,0,2831900000,2831900000,0,58400000.0,0,0.009,0.26,245100000.0,303500000.0,0.171,303500000.0,245100000.0,223700000.0,1.28,1.26,1.28,2924400000,,2924400000,17541438688.0,20.0,15.886,-94600000.0,-0.683,1.0,644100000.0,0.364,3900500000,21400000.0,4860400000,,958400000,0,0,0,4557700000,1197000000,3360700000,15065638688.0,-63200000.0,6900000.0,-43500000.0,110000000.0,-36000000.0,22800000.0,-18500000.0,0.0,-69200000.0,1700000.0,177800000.0,177800000.0,177800000.0,0.0,0.0,0.1,395700000.0,248400000.0,599200000,0.203,5.152,24.229,24.209,1084300000,0.0,108.7,2.333,2.333,828500000,2358000000,1771000000.0,1771000000.0,0.0,,,,,11600000.0,371500000.0,1.0,138598332,138598332,,12.778,3581600000,0,45900000.0,167100000,25.842,1148900000
2,FBHS,ARQ,2020-12-31,2021-02-24,2020-12-31,2021-07-29,-55100000,7358700000,,2208500000,5150200000,,20.011,-84300000.0,419100000,419100000,1052000000.0,163600000.0,1.642,1.651,2712700000,0,2712700000,2712700000,0,57400000.0,0,0.011,0.24,230200000.0,287600000.0,0.173,287600000.0,230200000.0,210700000.0,1.18,1.16,1.18,2775500000,,2775500000,14392231360.0,18.0,14.296,234600000.0,1.691,1.0,607700000.0,0.366,3815100000,19500000.0,4492100000,,867200000,0,0,0,4583200000,1345100000,3238100000,12098631360.0,-45700000.0,-715100000.0,-28700000.0,485000000.0,-33400000.0,420400000.0,-799400000.0,0.0,318900000.0,14400000.0,163600000.0,163600000.0,163600000.0,0.0,0.0,0.099,374500000.0,233200000.0,620500000,0.203,4.359,21.874,21.867,1087600000,0.0,87.25,1.987,1.987,734900000,2180200000,1659700000.0,1659700000.0,0.0,,,,,14100000.0,364200000.0,1.0,138666262,138700000,,11.966,3543600000,0,47100000.0,160500000,25.549,863400000
3,FBHS,ARQ,2020-09-30,2020-10-29,2020-09-30,2021-07-29,-91500000,6519000000,,2138000000,4381000000,,18.92,-23900000.0,464500000,464500000,1071500000.0,165800000.0,1.884,1.48,2225600000,0,2225600000,2225600000,0,49200000.0,0,0.011,0.24,238700000.0,287900000.0,0.174,287900000.0,238700000.0,218600000.0,1.19,1.17,1.19,2628600000,,2628600000,13136582939.0,18.0,14.127,222400000.0,1.601,1.0,580600000.0,0.351,3196400000,20100000.0,3948700000,,738300000,0,0,0,3890400000,1135000000,2755400000,11375482939.0,65700000.0,0.0,31900000.0,-160000000.0,-33300000.0,-166600000.0,-23900000.0,0.0,246300000.0,9900000.0,164600000.0,164600000.0,164600000.0,0.0,1200000.0,0.1,340400000.0,240200000.0,544100000,0.202,4.328,23.046,23.0,958600000,0.0,81.88,1.928,1.928,765200000,2052700000,1652100000.0,1652100000.0,0.0,,,,,18500000.0,328300000.0,1.0,138928712,138928712,,11.892,3322600000,0,54000000.0,149200000,23.916,1003000000
4,FBHS,ARQ,2020-06-30,2020-07-30,2020-06-30,2021-07-29,-110300000,6332300000,,1957300000,4375000000,,17.82,-15400000.0,398400000,398400000,892900000.0,116200000.0,2.054,1.572,2383400000,0,2383400000,2383400000,0,49400000.0,0,0.012,0.24,175800000.0,225200000.0,0.164,225200000.0,175800000.0,153600000.0,0.84,0.83,0.84,2461800000,,2461800000,12621039234.0,19.0,14.753,258900000.0,1.874,1.0,482900000.0,0.351,3199300000,22200000.0,4165200000,,732300000,0,0,0,3869200000,952800000,2916400000,10636039234.0,38600000.0,0.0,5700000.0,-190000000.0,-33100000.0,-219500000.0,-23200000.0,-7800000.0,274300000.0,7000000.0,115800000.0,115800000.0,115800000.0,0.0,400000.0,0.084,309900000.0,173000000.0,463900000,0.286,4.32,24.473,24.597,958600000,0.0,76.99,1.863,1.863,657700000,1954700000,1375800000.0,1375800000.0,0.0,,,,,3900000.0,276200000.0,1.0,138148321,138148321,,9.959,3133000000,0,37800000.0,152100000,22.679,1004500000
5,FBHS,ARQ,2020-03-31,2020-05-01,2020-03-31,2021-07-29,-123200000,6300100000,,1914000000,4386100000,,17.086,-26900000.0,359700000,359700000,909500000.0,108800000.0,1.536,1.673,2569200000,399900000,2169300000,2569200000,0,44900000.0,0,0.017,0.24,161100000.0,206000000.0,0.147,206000000.0,161100000.0,139000000.0,0.78,0.77,0.78,2357000000,,2357000000,9313768028.0,13.0,10.569,-40700000.0,-0.295,1.0,493200000.0,0.352,3219200000,22100000.0,4044300000,,703100000,0,0,0,3942200000,1246100000,2696100000,7104268028.0,-28500000.0,1500000.0,-131600000.0,250000000.0,-33500000.0,77300000.0,-77000000.0,-51600000.0,-13800000.0,-15000000.0,109100000.0,109100000.0,109100000.0,0.0,-300000.0,0.078,338200000.0,155000000.0,426400000,0.308,3.014,15.569,15.749,966900000,0.0,51.5,1.217,1.217,678200000,1872100000,1402700000.0,1402700000.0,0.0,,,,,11100000.0,313900000.0,1.0,137946952,137946952,,10.168,3080900000,0,29900000.0,157400000,22.334,667900000
6,FBHS,ARQ,2019-12-31,2020-02-26,2019-12-31,2021-07-29,-72600000,6291300000,,1898200000,4393100000,,17.345,-49400000.0,387900000,387900000,938700000.0,104000000.0,1.347,1.592,2324100000,399700000,1924400000,2324100000,0,49400000.0,0,0.01,0.22,161400000.0,210800000.0,0.143,210800000.0,161400000.0,139000000.0,0.75,0.74,0.75,2426600000,,2426600000,11010565181.0,16.0,12.822,234000000.0,1.673,1.0,531800000.0,0.362,3259100000,22400000.0,3559100000,,718600000,0,0,0,3863500000,1409300000,2454200000,9074365181.0,51600000.0,0.0,10400000.0,-165000000.0,-30700000.0,-187800000.0,-49500000.0,0.0,283400000.0,5500000.0,104100000.0,104100000.0,104100000.0,0.0,-100000.0,0.071,339300000.0,192500000.0,460000000,0.293,3.74,21.01,20.981,989800000,0.0,64.83,1.574,1.573,624800000,1763000000,1470500000.0,1470500000.0,0.0,,,,,7600000.0,312400000.0,1.0,139971698,139900000,,10.511,3032200000,0,34900000.0,157200000,21.674,488900000
7,FBHS,ARQ,2019-09-30,2019-10-31,2019-09-30,2021-07-29,-75500000,6285600000,,1906700000,4378900000,,16.783,-27500000.0,336200000,336200000,934800000.0,105700000.0,1.385,1.691,2488300000,399500000,2088800000,2488300000,0,45300000.0,0,0.014,0.22,168200000.0,213500000.0,0.146,213500000.0,168200000.0,144600000.0,0.76,0.75,0.76,2335400000,,2335400000,10508130160.0,16.0,12.674,214300000.0,1.54,1.0,524200000.0,0.359,3271000000,23600000.0,3790100000,,758800000,0,0,0,3948900000,1376600000,2572300000,8356030160.0,59500000.0,100000.0,-49200000.0,-65700000.0,-30600000.0,-148900000.0,-27300000.0,0.0,241800000.0,-6100000.0,105600000.0,105600000.0,105600000.0,0.0,100000.0,0.072,356200000.0,168000000.0,436500000,0.289,3.578,20.233,20.425,966200000,0.0,60.05,1.462,1.462,640100000,1692500000,1459000000.0,1459000000.0,0.0,,,,,8400000.0,311300000.0,1.0,139151210,139151210,,10.485,3014600000,0,39000000.0,160100000,21.664,530100000
8,FBHS,ARQ,2019-06-30,2019-08-02,2019-06-30,2021-07-29,-64100000,6343400000,,1916900000,4426500000,,16.737,-27700000.0,276300000,276300000,969600000.0,137100000.0,1.131,1.706,2561600000,749300000,1812300000,2561600000,0,47400000.0,0,0.016,0.22,203500000.0,250900000.0,0.166,250900000.0,203500000.0,179000000.0,0.98,0.97,0.98,2343500000,,2343500000,9518692285.0,15.0,11.756,174000000.0,1.243,1.0,537600000.0,0.357,3314900000,24500000.0,3618600000,,741900000,0,0,0,3998700000,1695200000,2303500000,7233392285.0,-5100000.0,2200000.0,-28800000.0,-105000000.0,-30700000.0,-182400000.0,-25500000.0,0.0,201700000.0,1100000.0,137500000.0,137500000.0,137500000.0,0.0,-400000.0,0.091,335200000.0,202400000.0,476600000,0.224,3.087,17.764,17.938,978100000,0.0,51.66,1.283,1.283,706200000,1648100000,1507200000.0,1507200000.0,0.0,,,,,7400000.0,320600000.0,1.0,140019208,140019208,,10.764,3028500000,0,41500000.0,167900000,21.629,221700000
9,FBHS,ARQ,2019-03-31,2019-05-07,2019-03-31,2021-07-29,-67300000,6289200000,,1848000000,4441200000,,16.053,-27200000.0,281200000,281200000,869100000.0,84500000.0,1.492,1.8,2668700000,350000000,2318700000,2668700000,0,46500000.0,0,0.015,0.0,137000000.0,183500000.0,0.138,183500000.0,137000000.0,113300000.0,0.6,0.6,0.6,2245500000,,2245500000,10001207481.0,16.0,12.682,-116900000.0,-0.836,1.0,458800000.0,0.346,3323700000,23700000.0,4114200000,,737900000,0,0,0,4042100000,1238800000,2803300000,7613707481.0,18200000.0,1900000.0,-15100000.0,185000000.0,-31000000.0,129400000.0,-25300000.0,0.0,-89700000.0,3800000.0,84700000.0,84700000.0,84700000.0,0.0,-200000.0,0.064,323200000.0,135600000.0,442000000,0.0,3.391,19.068,19.509,981100000,0.0,54.43,1.37,1.37,650100000,1541400000,1327900000.0,1327900000.0,0.0,,,,,7100000.0,312000000.0,1.0,139880718,139880718,,9.493,2965500000,0,28600000.0,161700000,21.2,609200000
10,FBHS,ARQ,2018-12-31,2019-02-25,2018-12-31,2021-07-29,-67000000,5964600000,,1686100000,4278500000,,15.064,-43600000.0,262900000,262900000,918900000.0,85300000.0,1.13,1.737,2334000000,525000000,1809000000,2334000000,0,40700000.0,0,0.017,0.42,140500000.0,181200000.0,0.128,181200000.0,140500000.0,117100000.0,0.6,0.6,0.6,2178200000,,2178200000,8873685878.0,15.0,11.665,216700000.0,1.499,1.0,501800000.0,0.353,3327100000,23400000.0,3216500000,,678900000,0,0,0,3784600000,1492100000,2292500000,6802585878.0,-127200000.0,6500000.0,-91100000.0,-180000000.0,-28100000.0,-314200000.0,-65900000.0,-28700000.0,260300000.0,-7400000.0,85200000.0,85200000.0,85200000.0,0.0,100000.0,0.06,361700000.0,140100000.0,459000000,0.7,3.123,17.46,17.993,813400000,0.0,48.4,1.24,1.276,571700000,1448100000,1420700000.0,1420700000.0,0.0,,,,,4200000.0,308600000.0,1.0,140549295,144600000,,9.825,2637500000,0,31900000.0,162600000,18.24,194000000
11,FBHS,ARQ,2018-09-30,2018-11-08,2018-09-30,2021-07-29,-45700000,6169700000,,1890200000,4279500000,,15.784,-39300000.0,389900000,389900000,886900000.0,99900000.0,1.302,1.764,2513400000,525000000,1988400000,2513400000,0,37500000.0,0,0.018,0.2,156600000.0,194100000.0,0.141,194100000.0,156600000.0,137600000.0,0.7,0.69,0.7,2231900000,,2231900000,8355212048.0,13.0,10.868,167100000.0,1.182,1.0,493900000.0,0.358,3397100000,19000000.0,3444500000,,684300000,0,0,0,3936100000,1451600000,2484500000,6231712048.0,52400000.0,-460200000.0,300000.0,371200000.0,-28500000.0,342600000.0,-496100000.0,0.0,206400000.0,-500000.0,99800000.0,99800000.0,99800000.0,0.0,100000.0,0.072,346800000.0,147100000.0,437700000,0.286,2.792,14.412,15.041,776300000,0.0,44.07,1.144,1.144,635400000,1393400000,1380800000.0,1380800000.0,0.0,,,,,9000000.0,305100000.0,1.0,141404857,141404857,,9.765,2772600000,0,37800000.0,149200000,19.608,438600000
12,FBHS,ARQ,2018-06-30,2018-07-31,2018-06-30,2021-07-29,-53200000,5697100000,,1805500000,3891600000,,15.258,-29600000.0,345500000,345500000,904900000.0,129700000.0,1.467,1.621,2143300000,350000000,1793300000,2143300000,0,37900000.0,0,0.013,0.2,191900000.0,229800000.0,0.161,229800000.0,191900000.0,174500000.0,0.89,0.88,0.89,2173100000,,2173100000,10058140802.0,15.0,12.439,159600000.0,1.121,1.0,524100000.0,0.367,3055700000,17400000.0,3208700000,,627000000,0,0,0,3522400000,1230500000,2291900000,8260340802.0,101100000.0,0.0,-276900000.0,255000000.0,-29000000.0,-51400000.0,-29600000.0,0.0,189200000.0,-7100000.0,129600000.0,129600000.0,129600000.0,0.0,100000.0,0.091,335500000.0,188600000.0,428700000,0.225,3.801,17.876,18.893,737600000,0.0,58.0,1.526,1.526,657500000,1350500000,1429000000.0,1429000000.0,0.0,,,,,10300000.0,316500000.0,1.0,142419669,142419669,,10.034,2641400000,0,44900000.0,156200000,18.547,575000000
13,FBHS,ARQ,2018-03-31,2018-05-02,2018-03-31,2021-07-29,-36000000,5552000000,,1644500000,3907500000,,16.151,-37600000.0,244400000,244400000,815000000.0,74900000.0,1.442,1.355,1888000000,350000000,1538000000,1888000000,0,33500000.0,0,0.014,0.0,122100000.0,155600000.0,0.124,155600000.0,122100000.0,107400000.0,0.5,0.49,0.5,2356800000,,2356800000,9606603103.0,14.0,11.717,-89500000.0,-0.613,1.0,439600000.0,0.35,3069900000,14700000.0,2984900000,,619200000,0,0,0,3193700000,1140800000,2052900000,7963003103.0,-78600000.0,-5800000.0,-322000000.0,380000000.0,-29600000.0,16200000.0,-42700000.0,0.0,-51900000.0,-200000.0,75000000.0,75000000.0,75000000.0,200000.0,-100000.0,0.06,320200000.0,119400000.0,417100000,0.0,3.379,16.935,17.775,742800000,0.0,54.57,1.488,1.488,631500000,1249900000,1254600000.0,1254600000.0,0.0,,,,,12600000.0,311200000.0,1.0,145922725,145922725,,8.598,2482100000,0,32400000.0,158200000,17.01,503700000
14,FBHS,ARQ,2017-12-31,2018-02-28,2017-12-31,2021-07-29,-39200000,5511400000,,1601700000,3909700000,,16.968,-69700000.0,323000000,323000000,889500000.0,128000000.0,1.766,1.12,1507600000,0,1507600000,1507600000,0,34000000.0,0,0.012,0.38,155300000.0,189300000.0,0.137,189300000.0,155300000.0,142400000.0,0.84,0.83,0.84,2599500000,,2599500000,10401912962.0,15.0,12.813,178000000.0,1.162,1.0,493000000.0,0.357,3074400000,12900000.0,2714800000,,580800000,0,0,0,2910300000,906800000,2003500000,9217312962.0,45900000.0,-104800000.0,-38400000.0,45000000.0,-27600000.0,-26600000.0,-174500000.0,0.0,247700000.0,-700000.0,128000000.0,128000000.0,128000000.0,0.0,0.0,0.093,330000000.0,163000000.0,428800000,0.452,3.546,19.503,19.695,740000000,0.0,60.66,1.745,1.759,555300000,1174200000,1382500000.0,1382500000.0,0.0,,,,,10300000.0,317100000.0,1.0,151950428,153200000,,9.024,2437000000,0,14400000.0,166800000,15.907,694900000
15,FBHS,ARQ,2017-09-30,2017-10-31,2017-09-30,2021-07-29,-25500000,5349300000,,1598300000,3751000000,,16.761,-35800000.0,277100000,277100000,841600000.0,129600000.0,1.875,1.102,1462200000,0,1462200000,1462200000,0,32300000.0,0,0.011,0.18,201600000.0,233900000.0,0.173,233900000.0,201600000.0,189300000.0,0.84,0.83,0.84,2544300000,,2544300000,11213059064.0,16.0,13.683,145600000.0,0.959,1.0,507000000.0,0.376,2958200000,12300000.0,2723700000,,600100000,0,0,0,2803400000,852500000,1950900000,10027959064.0,24400000.0,-19300000.0,-137300000.0,70000000.0,-27400000.0,-108300000.0,-55100000.0,0.0,181400000.0,6400000.0,129500000.0,129500000.0,129500000.0,0.0,100000.0,0.096,305200000.0,201800000.0,392500000,0.214,3.941,22.374,22.779,690600000,0.0,66.06,1.928,1.928,594700000,1076500000,1348600000.0,1348600000.0,0.0,,,,,11800000.0,297300000.0,1.0,151800773,151800773,,8.884,2391100000,0,59800000.0,176200000,15.752,745800000
16,FBHS,ARQ,2017-06-30,2017-08-04,2017-06-30,2021-07-29,-54600000,5253400000,,1553100000,3700300000,,16.669,-30000000.0,252700000,252700000,849900000.0,137700000.0,1.963,1.046,1391900000,0,1391900000,1391900000,0,32200000.0,0,0.01,0.18,208900000.0,241100000.0,0.177,241100000.0,208900000.0,196600000.0,0.89,0.88,0.89,2567200000,,2567200000,11185328463.0,17.0,13.99,159100000.0,1.033,1.0,515500000.0,0.378,2925300000,12300000.0,2676200000,,581400000,0,0,0,2684700000,791100000,1893600000,10046128463.0,41900000.0,1500000.0,8000000.0,-100000000.0,-27700000.0,-121200000.0,-28500000.0,0.0,189100000.0,2500000.0,137700000.0,137700000.0,137700000.0,2600000.0,0.0,0.101,300700000.0,214800000.0,397000000,0.202,3.913,22.724,22.808,675600000,0.0,65.23,1.957,1.957,595700000,1002000000,1365400000.0,1365400000.0,0.0,,,,,11400000.0,291800000.0,1.0,154010861,154010861,,8.866,2328100000,0,58900000.0,168300000,15.116,762000000
17,FBHS,ARQ,2017-03-31,2017-05-02,2017-03-31,2021-07-29,-64700000,5134100000,,1456100000,3678000000,,15.79,-29500000.0,210800000,210800000,769800000.0,77400000.0,2.057,1.113,1491500000,0,1491500000,1491500000,0,31800000.0,0,0.01,0.0,115700000.0,147500000.0,0.124,147500000.0,115700000.0,103800000.0,0.5,0.5,0.5,2429200000,,2429200000,11083670074.0,17.0,14.29,-47400000.0,-0.308,1.0,417000000.0,0.351,2930100000,11900000.0,2776900000,,558800000,0,0,0,2703400000,707800000,1995600000,9802970074.0,-40700000.0,-100000.0,-18600000.0,60000000.0,-27600000.0,6000000.0,-29600000.0,0.0,-17900000.0,800000.0,77400000.0,77400000.0,77400000.0,0.0,0.0,0.065,302100000.0,114900000.0,378900000,0.0,4.035,22.819,22.839,665700000,0.0,63.72,1.935,1.935,564900000,892000000,1186800000.0,1186800000.0,0.0,,,,,9500000.0,288600000.0,1.0,153844477,153844477,,7.714,2204000000,0,26400000.0,170400000,14.326,748300000
18,FBHS,ARQ,2016-12-31,2017-02-28,2016-12-31,2021-07-29,-71900000,5128500000,,1445200000,3683300000,,15.305,-43200000.0,251500000,251500000,827500000.0,103700000.0,1.715,1.171,1431100000,0,1431100000,1431100000,0,33000000.0,0,0.011,0.34,164000000.0,197000000.0,0.151,197000000.0,164000000.0,152400000.0,0.67,0.66,0.67,2361500000,,2361500000,10032099236.0,16.0,13.293,226700000.0,1.469,1.0,474100000.0,0.364,2940800000,11600000.0,2524500000,,531100000,0,0,0,2765500000,842800000,1922700000,8852499236.0,-27100000.0,-7600000.0,-61100000.0,-155100000.0,-24500000.0,-240900000.0,-50800000.0,0.0,269900000.0,-5300000.0,103600000.0,103600000.0,103600000.0,700000.0,100000.0,0.08,307700000.0,166400000.0,393800000,0.507,3.749,21.424,21.578,662500000,0.0,57.83,1.776,1.79,550700000,814600000,1301600000.0,1301600000.0,0.0,,,,,7700000.0,298500000.0,1.0,153077974,154300000,,8.436,2187700000,0,48800000.0,163500000,14.178,602400000
19,FBHS,ARQ,2016-09-30,2016-11-02,2016-09-30,2021-07-29,-52200000,5212600000,,1539700000,3672900000,,15.286,-31400000.0,278600000,278600000,801000000.0,123400000.0,1.982,1.209,1585800000,0,1585800000,1585800000,0,29900000.0,0,0.012,0.16,184000000.0,213900000.0,0.167,213900000.0,184000000.0,172200000.0,0.8,0.78,0.8,2358800000,,2358800000,9507070366.0,16.0,13.007,184200000.0,1.194,1.0,478000000.0,0.374,2948900000,11800000.0,2794200000,,562500000,0,0,0,2852400000,776700000,2075700000,8199870366.0,-100000.0,-147300000.0,10300000.0,-18400000.0,-24700000.0,-35700000.0,-178700000.0,0.0,215600000.0,-1300000.0,123400000.0,123400000.0,123400000.0,-1500000.0,0.0,0.096,294900000.0,183100000.0,361900000,0.2,3.476,20.913,21.087,642900000,0.0,53.14,1.671,1.671,568800000,738400000,1279000000.0,1279000000.0,0.0,,,,,7900000.0,284500000.0,1.0,154306932,154306932,,8.289,2263700000,0,48800000.0,170600000,14.67,763000000
20,FBHS,ARQ,2016-06-30,2016-08-04,2016-06-30,2021-07-29,-39300000,5097900000,,1542600000,3555300000,,14.821,-30900000.0,278700000,278700000,823100000.0,125100000.0,2.149,1.234,1603600000,3200000,1600400000,1603600000,0,29000000.0,0,0.009,0.16,188200000.0,217200000.0,0.167,217200000.0,188200000.0,174300000.0,0.82,0.8,0.82,2281000000,,2281000000,11091529297.0,19.0,15.493,154500000.0,1.004,1.0,474700000.0,0.366,2833100000,13900000.0,2871800000,,580500000,0,0,0,2815300000,717900000,2097400000,9766629297.0,25100000.0,-80900000.0,9600000.0,-18700000.0,-24600000.0,-47300000.0,-111800000.0,0.0,185400000.0,-1200000.0,125200000.0,125200000.0,125200000.0,0.0,-100000.0,0.096,287000000.0,187700000.0,366100000,0.195,4.282,25.961,26.552,643200000,0.0,63.46,2.006,2.006,569300000,664400000,1297800000.0,1297800000.0,0.0,,,,,9000000.0,276700000.0,1.0,153902132,153902132,,8.433,2264800000,0,49100000.0,189600000,14.716,824700000
21,FBHS,ARQ,2016-03-31,2016-04-28,2016-03-31,2021-07-29,-38900000,4942800000,,1481300000,3461500000,,14.136,-43800000.0,253600000,253600000,728700000.0,55700000.0,2.163,1.279,1622000000,2800000,1619200000,1622000000,0,30800000.0,0,0.01,0.0,95800000.0,126600000.0,0.114,126600000.0,95800000.0,84000000.0,0.36,0.35,0.36,2168100000,,2168100000,9992732592.0,19.0,15.296,-64200000.0,-0.419,1.0,377800000.0,0.341,2751100000,11800000.0,2875200000,,597900000,0,0,0,2773000000,684900000,2088100000,8624332592.0,15100000.0,0.0,-357800000.0,451100000.0,-24400000.0,73500000.0,-43800000.0,0.0,-20400000.0,5800000.0,55700000.0,55700000.0,55700000.0,0.0,0.0,0.05,282300000.0,95500000.0,364100000,0.0,3.978,26.079,27.164,635700000,0.0,56.23,1.821,1.821,525500000,558500000,1106500000.0,1106500000.0,0.0,,,,,7400000.0,270200000.0,1.0,153376002,153376002,,7.214,2191700000,0,28300000.0,177600000,14.29,796400000
22,FBHS,ARQ,2015-12-31,2016-02-25,2015-12-31,2021-07-29,-52500000,4878600000,,1418700000,3459900000,,15.366,-41600000.0,238500000,238500000,804600000.0,88000000.0,1.872,0.989,1172400000,800000,1171600000,1172400000,0,33300000.0,0,0.011,0.3,139900000.0,173200000.0,0.141,173200000.0,139900000.0,128500000.0,0.54,0.54,0.54,2450900000,,2450900000,8960131353.0,18.0,14.56,105400000.0,0.661,1.0,420100000.0,0.343,2752000000,11400000.0,2302600000,,555600000,0,0,0,2424800000,757900000,1666900000,8026231353.0,-112100000.0,0.0,-29700000.0,-169200000.0,-22400000.0,-213600000.0,-41600000.0,0.0,147000000.0,-3900000.0,87800000.0,87800000.0,87800000.0,-400000.0,200000.0,0.072,279800000.0,140300000.0,344200000,0.556,3.275,25.48,25.853,627900000,0.0,50.93,1.753,1.774,502600000,501600000,1224700000.0,1224700000.0,0.0,,,,,7000000.0,269500000.0,1.0,157593390,159500000,,7.678,2126600000,0,40700000.0,201700000,13.333,660800000
23,FBHS,ARQ,2015-09-30,2015-10-30,2015-09-30,2021-07-29,-39100000,5082200000,,1623400000,3458800000,,15.039,-32300000.0,350600000,350600000,804300000.0,107800000.0,2.087,1.115,1341400000,3800000,1337600000,1341400000,0,31600000.0,0,0.01,0.14,167300000.0,198900000.0,0.161,198900000.0,167300000.0,156200000.0,0.67,0.66,0.67,2401600000,,2401600000,9347683307.0,22.0,17.664,190000000.0,1.19,1.0,434500000.0,0.351,2783000000,11100000.0,2512300000,,540400000,0,0,0,2677900000,777700000,1900200000,8356883307.0,127100000.0,14000000.0,-5800000.0,-48700000.0,-22500000.0,-70400000.0,-18300000.0,0.0,222300000.0,-6500000.0,107500000.0,107500000.0,107500000.0,-7800000.0,300000.0,0.087,274200000.0,160300000.0,353600000,0.209,3.48,30.69,30.602,606300000,0.0,52.33,1.946,1.946,557000000,439400000,1238800000.0,1238800000.0,0.0,,,,,7000000.0,265700000.0,1.0,159695840,159695840,,7.757,2299200000,0,48700000.0,266000000,14.397,845700000
24,FBHS,ARQ,2015-06-30,2015-07-29,2015-06-30,2021-07-29,-24500000,4966500000,,1529900000,3436600000,,14.802,-30000000.0,223500000,223500000,754700000.0,79400000.0,2.242,1.097,1389800000,0,1389800000,1389800000,0,26200000.0,0,0.011,0.14,128400000.0,154600000.0,0.133,154600000.0,128400000.0,122400000.0,0.5,0.49,0.5,2367400000,,2367400000,8790535403.0,31.0,22.958,78500000.0,0.491,1.0,410400000.0,0.352,2763500000,6000000.0,2687000000,,546400000,0,0,0,2596700000,682300000,1914400000,7624235403.0,44100000.0,-646100000.0,4200000.0,627600000.0,-22300000.0,610500000.0,-676100000.0,0.0,108500000.0,1200000.0,79700000.0,79700000.0,79700000.0,-1400000.0,-300000.0,0.068,282200000.0,128200000.0,352600000,0.28,3.221,53.057,52.385,582000000,0.0,47.67,1.835,1.835,573500000,376700000,1165100000.0,1165100000.0,0.0,,,,,8000000.0,271000000.0,1.0,159937810,159937810,,7.285,2203000000,0,42700000.0,230200000,13.774,847600000
25,FBHS,ARQ,2015-03-31,2015-05-05,2015-03-31,2021-07-29,-26100000,4085300000,,1336500000,2748800000,,14.394,-24600000.0,179400000,179400000,633900000.0,40300000.0,2.194,0.779,760000000,26300000,733700000,760000000,0,24000000.0,0,0.011,0.0,64700000.0,88700000.0,0.093,88700000.0,64700000.0,61300000.0,0.25,0.25,0.25,2294700000,,2294700000,7695555079.0,27.0,19.839,-91300000.0,-0.573,1.0,316900000.0,0.333,2115900000,3400000.0,1940900000,,501800000,0,0,0,1786700000,609100000,1177600000,7114955079.0,-12500000.0,-6000000.0,8500000.0,90000000.0,-22300000.0,90400000.0,-30600000.0,0.0,-66700000.0,-5600000.0,40000000.0,40000000.0,40000000.0,600000.0,300000.0,0.042,249600000.0,67300000.0,327400000,0.0,3.101,45.232,45.541,543700000,0.0,44.63,1.722,1.722,477200000,319500000,950800000.0,950800000.0,0.0,,,,,5600000.0,241400000.0,1.0,159420907,159420907,,5.964,1969400000,0,21300000.0,151700000,12.353,727400000
26,FBHS,ARQ,2014-12-31,2015-02-25,2014-12-31,2021-07-29,-6700000,4052900000,,1299100000,2753800000,,13.965,-45200000.0,191900000,191900000,623200000.0,45400000.0,1.857,0.792,670000000,26300000,643700000,670000000,0,25600000.0,0,0.013,0.26,61400000.0,87000000.0,0.093,87000000.0,61400000.0,58200000.0,0.29,0.28,0.29,2259500000,,2259500000,8027508833.0,28.0,20.818,98300000.0,0.608,1.0,317100000.0,0.337,2124300000,3200000.0,1707100000,,462200000,0,0,0,1789800000,699600000,1090200000,7549408833.0,16800000.0,-28300000.0,-22600000.0,-13500000.0,-18900000.0,-50200000.0,-73500000.0,0.0,143500000.0,-3000000.0,45100000.0,45100000.0,45100000.0,3100000.0,300000.0,0.048,251200000.0,65900000.0,333800000,0.897,3.341,47.751,48.551,539800000,0.0,47.58,1.881,1.918,458900000,279500000,940300000.0,940300000.0,0.0,,,,,5800000.0,243900000.0,1.0,158667693,161800000,,5.811,1928600000,0,13100000.0,150600000,11.92,599500000
27,FBHS,ARQ,2014-09-30,2014-10-31,2014-09-30,2021-07-29,77300000,4081200000,,1362900000,2718300000,,14.814,-34700000.0,175100000,175100000,719400000.0,-20900000.0,1.919,0.745,683500000,29700000,653800000,683500000,0,25600000.0,0,0.011,0.12,27000000.0,52600000.0,0.048,52600000.0,27000000.0,23800000.0,-0.13,-0.13,-0.13,2337200000,,2337200000,7331848268.0,23.0,17.561,106200000.0,0.673,1.0,378300000.0,0.345,2121500000,3200000.0,1757900000,,520900000,0,0,0,1740600000,710200000,1030400000,6823448268.0,30100000.0,11600000.0,-144300000.0,78400000.0,-19000000.0,-80200000.0,-30100000.0,0.0,140900000.0,-500000.0,-21100000.0,-21100000.0,-21100000.0,109500000.0,200000.0,-0.019,241900000.0,136400000.0,341400000,-0.923,2.919,38.507,40.046,533300000,0.0,43.25,1.584,1.584,534500000,256500000,1097700000.0,1097700000.0,0.0,,,,,8100000.0,238300000.0,1.0,157767590,157767590,,6.958,1959700000,0,44900000.0,198200000,12.421,652700000
28,FBHS,ARQ,2014-06-30,2014-07-31,2014-06-30,2021-07-29,87800000,4190100000,,1337100000,2853000000,,15.956,-26600000.0,145000000,145000000,741800000.0,93600000.0,2.073,0.656,605100000,10100000,595000000,605100000,0,24100000.0,0,0.012,0.12,135500000.0,159600000.0,0.14,159600000.0,135500000.0,133400000.0,0.57,0.55,0.57,2528600000,,2528600000,6448735075.0,16.0,13.242,99300000.0,0.627,1.0,400400000.0,0.351,2264800000,2100000.0,1740500000,,521200000,0,0,0,1658500000,644900000,1013600000,5988635075.0,20800000.0,0.0,-183500000.0,120400000.0,-19600000.0,-79100000.0,-26600000.0,0.0,125900000.0,600000.0,93300000.0,93300000.0,93300000.0,0.0,300000.0,0.082,263800000.0,136600000.0,337700000,0.211,2.368,22.814,23.619,540200000,0.0,37.79,1.381,1.381,535300000,315600000,1142200000.0,1142200000.0,0.0,,,,,8000000.0,259000000.0,1.0,158471423,158471423,,7.208,1925300000,0,40100000.0,243400000,12.149,692200000
29,FBHS,ARQ,2014-03-31,2014-05-01,2014-03-31,2021-07-29,87800000,4106800000,,1264700000,2842100000,,15.882,-21000000.0,124200000,124200000,651500000.0,41200000.0,2.231,0.556,484700000,9700000,475000000,484700000,0,23500000.0,0,0.011,0.0,62200000.0,85700000.0,0.089,85700000.0,62200000.0,60300000.0,0.25,0.24,0.25,2637200000,,2637200000,6929516131.0,19.0,15.454,-177600000.0,-1.07,1.0,314700000.0,0.326,2262900000,1900000.0,1637500000,,509500000,0,0,0,1466800000,566900000,899900000,6569016131.0,-117200000.0,100000.0,-60500000.0,128500000.0,-19900000.0,62000000.0,-20900000.0,0.0,-156600000.0,-1700000.0,40800000.0,40800000.0,40800000.0,0.0,400000.0,0.042,252600000.0,62100000.0,319800000,0.0,2.491,28.169,27.859,532100000,0.0,39.56,1.552,1.552,482900000,241800000,966200000.0,966200000.0,0.0,,,,,7800000.0,246300000.0,1.0,166051975,166051975,,5.819,1843900000,0,19500000.0,247700000,11.104,697800000
30,FBHS,ARQ,2013-12-31,2014-02-26,2013-12-31,2021-07-29,95400000,4178100000,,1327400000,2850700000,,16.008,-41500000.0,241400000,241400000,725200000.0,64600000.0,1.797,0.576,356000000,6000000,350000000,356000000,0,24200000.0,0,0.009,0.22,95400000.0,119600000.0,0.109,119600000.0,95400000.0,93700000.0,0.39,0.37,0.39,2649400000,,2649400000,7822940523.0,22.0,17.727,90100000.0,0.544,1.0,376700000.0,0.342,2272800000,1700000.0,1281200000,,471600000,0,0,0,1525000000,738700000,786300000,7708340523.0,84400000.0,100000.0,400000.0,400000.0,-16700000.0,-5700000.0,-41400000.0,0.0,131600000.0,-100000.0,64200000.0,64200000.0,64200000.0,0.0,400000.0,0.058,281300000.0,95400000.0,343800000,0.564,2.909,33.558,33.475,534400000,0.0,46.53,1.854,1.852,477100000,200800000,1101900000.0,1101900000.0,0.0,,,,,6300000.0,275700000.0,1.0,165663884,165500000,,6.658,1905300000,0,29500000.0,245800000,11.512,588700000
31,FBHS,ARQ,2013-09-30,2013-11-01,2013-09-30,2021-07-29,51600000,4119300000,,1273600000,2845700000,,15.345,-24000000.0,157000000,157000000,740200000.0,64600000.0,1.799,0.614,355600000,5600000,350000000,355600000,0,23400000.0,0,0.005,0.1,98700000.0,122100000.0,0.109,122100000.0,98700000.0,96600000.0,0.39,0.37,0.39,2550500000,,2550500000,7261077177.0,28.0,20.646,96300000.0,0.579,1.0,384900000.0,0.342,2281800000,2100000.0,1328200000,,463100000,0,0,0,1565300000,707900000,857400000,7062477177.0,33400000.0,-800000.0,-17100000.0,-30200000.0,-16700000.0,-62100000.0,-25000000.0,0.0,120300000.0,200000.0,64200000.0,64200000.0,64200000.0,0.0,400000.0,0.057,286300000.0,98600000.0,344400000,0.256,2.769,38.404,37.938,513500000,0.0,42.49,1.764,1.764,517700000,156700000,1125100000.0,1125100000.0,0.0,,,,,6000000.0,259600000.0,1.0,166215043,166215043,,6.769,1837500000,0,32400000.0,227900000,11.055,565700000
32,FBHS,ARQ,2013-06-30,2013-07-31,2013-06-30,2021-07-29,52100000,4065400000,,1203600000,2861800000,,15.213,-16800000.0,123600000,123600000,663400000.0,64200000.0,1.792,0.609,386100000,28600000,357500000,386100000,0,20800000.0,0,0.002,0.1,100200000.0,121000000.0,0.116,121000000.0,100200000.0,98500000.0,0.39,0.37,0.39,2525500000,,2525500000,7120221823.0,32.0,22.092,101600000.0,0.612,1.0,377000000.0,0.362,2286400000,1700000.0,1369800000,,438800000,0,0,0,1537000000,671700000,865300000,6857721823.0,-135300000.0,-299300000.0,11900000.0,60300000.0,-16500000.0,62000000.0,-316100000.0,0.0,118400000.0,400000.0,64000000.0,64000000.0,64000000.0,0.0,200000.0,0.062,270500000.0,106500000.0,350100000,0.256,2.715,42.941,42.153,522200000,0.0,41.31,1.811,1.811,499800000,125800000,1040400000.0,1040400000.0,0.0,,,,,7300000.0,267700000.0,1.0,166006338,166006338,,6.267,1779000000,0,34500000.0,230000000,10.716,531900000
33,FBHS,ARQ,2013-03-31,2013-05-03,2013-03-31,2021-07-29,57700000,3823800000,,1199200000,2624600000,,14.899,-14400000.0,258900000,258900000,589800000.0,37500000.0,2.143,0.554,326400000,28900000,297500000,326400000,0,22000000.0,0,0.0,0.0,56600000.0,78600000.0,0.088,78600000.0,56600000.0,54900000.0,0.23,0.22,0.23,2458500000,,2458500000,6621924835.0,34.0,22.386,-86900000.0,-0.527,1.0,300200000.0,0.337,2057800000,1700000.0,1273800000,,380000000,0,0,0,1362600000,559700000,802900000,6554424835.0,-77100000.0,200000.0,3400000.0,800000.0,0.0,9900000.0,-14200000.0,0.0,-72500000.0,-300000.0,37300000.0,37300000.0,37300000.0,0.0,200000.0,0.042,243600000.0,56600000.0,300900000,0.0,2.666,45.675,44.629,499500000,0.0,39.72,1.78,1.78,429100000,78300000,890000000.0,890000000.0,0.0,,,,,6500000.0,240100000.0,1.0,165015731,165015731,,5.393,1766000000,0,17600000.0,225500000,10.702,639500000
34,FBHS,ARQ,2012-12-31,2013-02-27,2012-12-31,2021-07-29,30600000,3873700000,,1228000000,2645700000,,14.826,-29000000.0,336000000,336000000,644400000.0,18600000.0,1.941,0.625,325500000,28000000,297500000,325500000,0,22300000.0,0,0.0,0.0,7700000.0,30000000.0,0.032,30000000.0,7700000.0,5600000.0,0.11,0.1,0.11,2381100000,,2381100000,5663290497.0,35.0,21.533,134400000.0,0.837,1.0,303500000.0,0.32,2064700000,2100000.0,1165900000,,357200000,0,0,0,1489000000,632600000,856400000,5673790497.0,119900000.0,-18600000.0,17100000.0,-18900000.0,0.0,4500000.0,-48300000.0,0.0,163400000.0,300000.0,18400000.0,18400000.0,18400000.0,0.0,200000.0,0.019,296000000.0,7500000.0,287000000,0.0,2.383,47.799,46.689,509400000,0.0,34.55,1.58,1.545,381800000,41000000,947900000.0,947900000.0,0.0,,,,,6500000.0,277300000.0,1.0,164219696,160600000,,5.902,1809000000,0,-12800000.0,223600000,11.264,595400000
35,FBHS,ARQ,2012-09-30,2012-11-05,2012-09-30,2021-07-29,24300000,3784500000,,1138400000,2646100000,,14.317,-17800000.0,216100000,216100000,606800000.0,40200000.0,1.904,0.622,344600000,5300000,339300000,344600000,0,31500000.0,0,0.0,0.0,61200000.0,92700000.0,0.102,92700000.0,61200000.0,59200000.0,0.25,0.24,0.25,2330900000,,2330900000,4949124811.0,230.0,36.391,49100000.0,0.302,1.0,302300000.0,0.333,2066500000,2000000.0,1248700000,,392300000,0,0,0,1450200000,597800000,852400000,4820624811.0,68900000.0,10800000.0,23600000.0,-17100000.0,0.0,8300000.0,-8400000.0,0.0,66900000.0,2100000.0,40000000.0,40000000.0,40000000.0,0.0,200000.0,0.044,241700000.0,60600000.0,253500000,0.0,2.068,327.934,370.125,497800000,0.0,29.61,1.37,1.37,407100000,22600000,909100000.0,909100000.0,0.0,,,,,7000000.0,236200000.0,1.0,162803945,162803945,,5.584,1718000000,0,19200000.0,205000000,10.553,540600000
36,FBHS,ARQ,2012-06-30,2012-08-07,2012-06-30,2021-07-29,10500000,3726000000,,1068100000,2657900000,,13.983,-17000000.0,147200000,147200000,617900000.0,47900000.0,1.791,0.657,361400000,22100000,339300000,361400000,0,23000000.0,0,0.0,0.0,71500000.0,94500000.0,0.101,94500000.0,71500000.0,69400000.0,0.3,0.29,0.3,2247000000,,2247000000,3895824766.0,513.0,,79400000.0,0.494,1.0,317400000.0,0.339,2062500000,2100000.0,1281300000,,385500000,0,0,0,1475800000,596400000,879400000,3681624766.0,26600000.0,400000.0,13600000.0,-69200000.0,0.0,-53800000.0,-16600000.0,0.0,96400000.0,600000.0,47800000.0,47800000.0,47800000.0,0.0,100000.0,0.051,245100000.0,72300000.0,287800000,0.0,1.638,-708.005,-572.75,509900000,0.0,22.91,1.065,1.065,405200000,-17400000,935300000.0,935300000.0,0.0,,,,,7400000.0,242300000.0,1.0,160699466,160699466,,5.82,1663500000,0,21600000.0,213300000,10.352,471700000
37,FBHS,ARQ,2012-03-31,2012-05-04,2012-03-31,2021-07-29,15000000,3647500000,,973900000,2673600000,,13.66,-11200000.0,120600000,120600000,552000000.0,13000000.0,1.884,0.671,431100000,21800000,409300000,431100000,0,24500000.0,0,0.0,0.0,21300000.0,45800000.0,0.057,45800000.0,21300000.0,18800000.0,0.08,0.08,0.08,2180500000,,2180500000,4041012202.0,,,-55100000.0,-0.345,1.0,246800000.0,0.309,2068800000,2500000.0,1372300000,,350700000,0,0,0,1464000000,516900000,947100000,3730512202.0,-200000.0,1400000.0,41200000.0,20300000.0,0.0,56700000.0,-13400000.0,0.0,-43900000.0,400000.0,12500000.0,12500000.0,12500000.0,0.0,500000.0,0.016,225500000.0,21300000.0,254700000,0.0,1.711,,,515000000,0.0,23.37,,,379300000,-65200000,798800000.0,798800000.0,0.0,,,,,6000000.0,221100000.0,1.0,159628250,159628250,,5.004,1578700000,0,6300000.0,213400000,9.89,457000000
38,FBHS,ARQ,2011-12-31,2012-02-22,2011-12-31,2021-07-29,10600000,3637900000,,953500000,2684400000,,13.639,-27100000.0,120800000,120800000,649600000.0,-85500000.0,1.595,0.714,410600000,21300000,389300000,410600000,0,35500000.0,0,0.0,0.0,-132500000.0,-97000000.0,-0.111,-97000000.0,-132500000.0,-135500000.0,-0.55,-0.55,-0.55,2120800000,,2120800000,3327128141.0,-183.0,35.661,125300000.0,0.806,1.0,226500000.0,0.259,2063900000,3000000.0,1266000000,,336300000,0,0,0,1513400000,597800000,915600000,3037328141.0,-6800000.0,100000.0,11000000.0,407500000.0,0.0,-132400000.0,-27000000.0,0.0,152400000.0,200000.0,-85600000.0,-85600000.0,-85600000.0,0.0,100000.0,-0.098,359200000.0,-132700000.0,260700000,0.0,1.432,-85.318,-83.652,525800000,0.0,19.24,0.912,0.897,346100000,-77700000,876100000.0,876100000.0,0.0,,,,,4800000.0,262900000.0,1.0,157865288,155500000,155500000.0,5.634,1574000000,0,-49900000.0,204100000,10.122,355700000
39,FBHS,ARQ,2011-09-30,2011-11-10,2011-09-30,2021-07-29,-104400000,3840900000,,1015100000,2825800000,,13.7,,127600000,127600000,576900000.0,20400000.0,0.886,0.806,76500000,59700000,16800000,76500000,0,,0,0.0,0.0,47300000.0,,,,47300000.0,47200000.0,0.13,0.13,0.13,2124900000,,2124900000,2391756462.0,,,,,1.0,271100000.0,0.32,2158700000,100000.0,484900000,,368800000,12800000,12800000,0,1712500000,1146200000,566300000,2442856462.0,,,,,,,,,,,20100000.0,20100000.0,20100000.0,0.0,300000.0,0.024,221700000.0,49400000.0,807300000,0.0,1.15,,,538100000,0.0,15.7,,,391800000,-635400000,848000000.0,848000000.0,0.0,,,,,,214700000.0,1.0,155595953,155100000,155100000.0,5.467,1682200000,0,27100000.0,258200000,10.846,-131100000
40,FBHS,ARQ,2010-12-31,2011-08-26,2010-12-31,2021-07-29,-76300000,3686600000,,895000000,2791600000,,13.386,,60700000,60700000,,,0.831,0.768,19800000,3000000,16800000,19800000,0,,0,,0.0,,,,,,,,,,2082800000,,2082800000,,,,,,1.0,,,2163700000,,405500000,,333000000,0,0,0,1600300000,1076500000,523800000,,,,,,,,,,,,,,,,,,,,752800000,,,,,550000000,,,,,374200000,0,,,,,,,,,,1.0,155595953,155595953,,,1522900000,0,,267400000,9.788,-181500000
41,FBHS,ARQ,2010-12-31,2011-08-22,2010-12-31,2021-07-29,-76300000,3686600000,,895000000,2791600000,,13.386,,60700000,60700000,,,0.831,0.768,19800000,3000000,16800000,19800000,0,,0,,0.0,,,,,,,,,,2082800000,,2082800000,,,,,,1.0,,,2163700000,,405500000,,333000000,0,0,0,1600300000,1076500000,523800000,,,,,,,,,,,,,,,,,,,,752800000,,,,,550000000,,,,,374200000,0,,,,,,,,,,1.0,155595953,155595953,,,1522900000,0,,267400000,9.788,-181500000
42,FBHS,ARQ,2010-12-31,2011-08-11,2010-12-31,2021-07-29,-76300000,3686600000,,895000000,2791600000,,13.386,,60700000,60700000,,,0.831,0.768,19800000,3000000,16800000,19800000,0,,0,,0.0,,,,,,,,,,2082800000,,2082800000,,,,,,1.0,,,2163700000,,405500000,,333000000,0,0,0,1600300000,1076500000,523800000,,,,,,,,,,,,,,,,,,,,752800000,,,,,550000000,,,,,374200000,0,,,,,,,,,,1.0,155595953,155595953,,,1522900000,0,,267400000,9.788,-181500000
43,FBHS,ARQ,2010-12-31,2011-07-07,2010-12-31,2021-07-29,-76300000,4259400000,,1467800000,2791600000,,-0.381,,60700000,60700000,,,2.546,-73.875,3233800000,3000000,3230800000,3233800000,0,,0,,0.0,,,,,,,,,,-58400000,,-58400000,,,,,,1.0,,,2163700000,,4692300000,,333000000,572800000,572800000,0,4314300000,576500000,3737800000,,,,,,,,,,,,,,,,,,,,252800000,,,,,550000000,,,,,374200000,-685400000,,,,,,,,,,1.0,155595953,153300000,,,2095700000,0,,267400000,13.671,891300000
44,FBHS,ARQ,2010-12-31,2011-06-15,2010-12-31,2021-07-29,-76300000,4259400000,,1467800000,2791600000,,-0.381,,60700000,60700000,,,2.546,-73.875,3233800000,3000000,3230800000,3233800000,0,,0,,0.0,,,,,,,,,,-58400000,,-58400000,,,,,,1.0,,,2163700000,,4692300000,,333000000,572800000,572800000,0,4314300000,576500000,3737800000,,,,,,,,,,,,,,,,,,,,252800000,,,,,550000000,,,,,374200000,-685400000,,,,,,,,,,1.0,155595953,153300000,,,2095700000,0,,267400000,13.671,891300000
45,FBHS,ARQ,2010-12-31,2011-05-06,2010-12-31,2021-07-29,-76300000,4259400000,,1467800000,2791600000,,-0.377,,60700000,60700000,,,2.546,-73.875,3233800000,3000000,3230800000,3233800000,0,,0,,0.0,,,,,,,,,,-58400000,,-58400000,,,,,,1.0,,,2163700000,,4692300000,,333000000,572800000,572800000,0,4314300000,576500000,3737800000,,,,,,,,,,,,,,,,,,,,252800000,,,,,550000000,,,,,374200000,-685400000,,,,,,,,,,1.0,155595953,155100000,,,2095700000,0,,267400000,13.512,891300000
0,FBHS,ART,2021-06-30,2021-07-29,2021-06-30,2021-07-29,-38400000,7696000000,7263950000.0,2548900000,5147100000,0.966,22.074,-174000000.0,460000000,460000000,4480700000.0,724400000.0,1.868,1.529,2766700000,0,2766700000,2766700000,0,222700000.0,0,0.01,1.0,1010200000.0,1232900000.0,0.176,1232900000.0,1010200000.0,928000000.0,5.22,5.14,5.22,3043500000,2843000000.0,3043500000,15654758729.0,15.0,12.698,653900000.0,4.743,1.0,2538200000.0,0.362,3891200000,82200000.0,4746800000,4512000000.0,1046800000,0,0,0,4652500000,1364700000,3287800000,13348058729.0,60300000.0,-708200000.0,-120700000.0,360000000.0,-138700000.0,84400000.0,-882200000.0,0.0,827900000.0,30200000.0,723200000.0,723200000.0,723200000.0,0.0,1200000.0,0.103,1521500000.0,1016700000.0,697500000,0.192,4.386,18.457,18.546,1107400000,0.0,96.81,1.902,1.902,844600000,2539300000,7018900000.0,7018900000.0,0.0,0.1,0.254,0.224,0.144,57000000.0,1458600000.0,1.0,137878925,137878925,,50.906,3804800000,0,204800000.0,171900000,27.595,1184200000
1,FBHS,ART,2021-03-31,2021-05-04,2021-03-31,2021-07-29,-51000000,7482100000,6923025000.0,2345900000,5136200000,0.933,21.1,-149000000.0,356100000,356100000,4143300000.0,623400000.0,1.96,1.559,2831900000,0,2831900000,2831900000,0,214400000.0,0,0.009,0.98,889800000.0,1104200000.0,0.171,1104200000.0,889800000.0,806600000.0,4.49,4.42,4.49,2924400000,2697575000.0,2924400000,17541438688.0,20.0,15.886,621300000.0,4.483,1.0,2315300000.0,0.358,3900500000,83200000.0,4860400000,4366600000.0,958400000,0,0,0,4557700000,1197000000,3360700000,15065638688.0,-4600000.0,-708200000.0,-34600000.0,245000000.0,-135800000.0,57100000.0,-865000000.0,-7800000.0,770300000.0,33000000.0,621800000.0,621800000.0,621800000.0,0.0,1600000.0,0.096,1420500000.0,894800000.0,599200000,0.218,5.152,24.229,24.209,1084300000,0.0,108.7,2.333,2.333,828500000,2358000000,6458600000.0,6458600000.0,0.0,0.09,0.231,0.204,0.138,48100000.0,1340200000.0,1.0,138598332,138598332,,46.599,3581600000,0,184800000.0,167100000,25.842,1148900000
2,FBHS,ART,2020-12-31,2021-02-24,2020-12-31,2021-07-29,-55100000,7358700000,6627525000.0,2208500000,5150200000,0.919,20.011,-150500000.0,419100000,419100000,3925900000.0,554400000.0,1.642,1.651,2712700000,0,2712700000,2712700000,0,200900000.0,0,0.011,0.96,805800000.0,1006700000.0,0.165,1006700000.0,805800000.0,721900000.0,3.99,3.94,3.99,2775500000,2555725000.0,2775500000,14392231360.0,18.0,14.296,675200000.0,4.868,1.0,2164400000.0,0.355,3815100000,83900000.0,4492100000,4162575000.0,867200000,0,0,0,4583200000,1345100000,3238100000,12098631360.0,30100000.0,-713600000.0,-122700000.0,385000000.0,-133300000.0,111600000.0,-923500000.0,-59400000.0,825700000.0,16300000.0,553100000.0,553100000.0,553100000.0,0.0,1300000.0,0.091,1363000000.0,801400000.0,620500000,0.241,4.359,21.874,21.867,1087600000,0.0,87.25,1.987,1.987,734900000,2180200000,6090300000.0,6090300000.0,0.0,0.083,0.216,0.194,0.132,47600000.0,1282600000.0,1.0,138666262,138700000,140200000.0,43.91,3543600000,0,168800000.0,160500000,25.549,863400000
3,FBHS,ART,2020-09-30,2020-10-29,2020-09-30,2021-07-29,-91500000,6519000000,6360675000.0,2138000000,4381000000,0.928,18.92,-115600000.0,464500000,464500000,3812600000.0,494800000.0,1.884,1.48,2225600000,0,2225600000,2225600000,0,192900000.0,0,0.011,0.94,737000000.0,929900000.0,0.158,929900000.0,737000000.0,650200000.0,3.56,3.51,3.56,2628600000,2468500000.0,2628600000,13136582939.0,18.0,14.127,674600000.0,4.856,1.0,2088500000.0,0.354,3196400000,86800000.0,3948700000,3929325000.0,738300000,0,0,0,3890400000,1135000000,2755400000,11375482939.0,127400000.0,1500000.0,-83600000.0,-265000000.0,-130600000.0,-496600000.0,-173600000.0,-59400000.0,790200000.0,7400000.0,493600000.0,493600000.0,493600000.0,0.0,1200000.0,0.084,1327800000.0,760700000.0,544100000,0.264,4.328,23.046,23.0,958600000,0.0,81.88,1.928,1.928,765200000,2052700000,5901100000.0,5901100000.0,0.0,0.078,0.2,0.188,0.125,41100000.0,1230800000.0,1.0,138928712,138928712,,42.476,3322600000,0,156600000.0,149200000,23.916,1003000000
4,FBHS,ART,2020-06-30,2020-07-30,2020-06-30,2021-07-29,-110300000,6332300000,6302325000.0,1957300000,4375000000,0.906,17.82,-119200000.0,398400000,398400000,3675900000.0,434700000.0,2.054,1.572,2383400000,0,2383400000,2383400000,0,189000000.0,0,0.012,0.92,666500000.0,855500000.0,0.15,855500000.0,666500000.0,576200000.0,3.13,3.09,3.13,2461800000,2395200000.0,2461800000,12621039234.0,19.0,14.753,666500000.0,4.825,1.0,2032100000.0,0.356,3199300000,90300000.0,4165200000,3889675000.0,732300000,0,0,0,3869200000,952800000,2916400000,10636039234.0,121200000.0,1600000.0,-164700000.0,-170700000.0,-127900000.0,-478900000.0,-177000000.0,-59400000.0,785700000.0,-8600000.0,434600000.0,434600000.0,434600000.0,0.0,100000.0,0.076,1343600000.0,688500000.0,463900000,0.294,4.32,24.473,24.597,958600000,0.0,76.99,1.863,1.863,657700000,1954700000,5708000000.0,5708000000.0,0.0,0.069,0.181,0.171,0.117,31000000.0,1213800000.0,1.0,138148321,138148321,,41.318,3133000000,0,141600000.0,152100000,22.679,1004500000
5,FBHS,ART,2020-03-31,2020-05-01,2020-03-31,2021-07-29,-123200000,6300100000,6305100000.0,1914000000,4386100000,0.926,17.086,-131500000.0,359700000,359700000,3752600000.0,455600000.0,1.536,1.673,2569200000,399900000,2169300000,2569200000,0,187000000.0,0,0.017,0.9,694200000.0,881200000.0,0.151,881200000.0,694200000.0,601600000.0,3.27,3.23,3.27,2357000000,2365625000.0,2357000000,9313768028.0,13.0,10.569,581600000.0,4.216,1.0,2086800000.0,0.357,3219200000,92600000.0,4044300000,3753025000.0,703100000,0,0,0,3942200000,1246100000,2696100000,7104268028.0,77500000.0,3800000.0,-199200000.0,-85700000.0,-125500000.0,-441800000.0,-179300000.0,-51600000.0,713100000.0,-14500000.0,456300000.0,456300000.0,456300000.0,0.0,-700000.0,0.078,1368900000.0,717900000.0,426400000,0.275,3.014,15.569,15.749,966900000,0.0,51.5,1.217,1.217,678200000,1872100000,5839400000.0,5839400000.0,0.0,0.072,0.193,0.185,0.119,34500000.0,1258200000.0,1.0,137946952,137946952,,42.331,3080900000,0,145300000.0,157400000,22.334,667900000
6,FBHS,ART,2019-12-31,2020-02-26,2019-12-31,2021-07-29,-72600000,6291300000,6302375000.0,1898200000,4393100000,0.915,17.345,-131800000.0,387900000,387900000,3712200000.0,431300000.0,1.347,1.592,2324100000,399700000,1924400000,2324100000,0,188600000.0,0,0.01,0.66,670100000.0,858700000.0,0.149,858700000.0,670100000.0,575900000.0,3.09,3.06,3.09,2426600000,2337750000.0,2426600000,11010565181.0,16.0,12.822,505400000.0,3.613,1.0,2052400000.0,0.356,3259100000,94200000.0,3559100000,3770500000.0,718600000,0,0,0,3863500000,1409300000,2454200000,9074365181.0,124200000.0,4200000.0,-82700000.0,-150700000.0,-123000000.0,-389700000.0,-127600000.0,0.0,637200000.0,4300000.0,431900000.0,431900000.0,431900000.0,0.0,-600000.0,0.075,1353900000.0,698500000.0,460000000,0.214,3.74,21.01,20.981,989800000,0.0,64.83,1.574,1.573,624800000,1763000000,5764600000.0,5764600000.0,0.0,0.069,0.185,0.178,0.116,30500000.0,1256300000.0,1.0,139971698,139900000,141300000.0,41.205,3032200000,0,144000000.0,157200000,21.674,488900000
7,FBHS,ART,2019-09-30,2019-10-31,2019-09-30,2021-07-29,-75500000,6285600000,6220700000.0,1906700000,4378900000,0.919,16.783,-126000000.0,336200000,336200000,3692400000.0,412600000.0,1.385,1.691,2488300000,399500000,2088800000,2488300000,0,179900000.0,0,0.014,0.86,649200000.0,829100000.0,0.145,829100000.0,649200000.0,554000000.0,2.94,2.92,2.94,2335400000,2275650000.0,2335400000,10508130160.0,16.0,12.674,488100000.0,3.508,1.0,2022400000.0,0.354,3271000000,95200000.0,3790100000,3684850000.0,758800000,0,0,0,3948900000,1376600000,2572300000,8356030160.0,-54600000.0,10700000.0,-184200000.0,-165700000.0,-120400000.0,-516100000.0,-144000000.0,-28700000.0,614100000.0,-8600000.0,413000000.0,413000000.0,413000000.0,0.0,-400000.0,0.072,1376300000.0,646100000.0,436500000,0.293,3.578,20.233,20.425,966200000,0.0,60.05,1.462,1.462,640100000,1692500000,5714800000.0,5714800000.0,0.0,0.066,0.181,0.176,0.114,27100000.0,1252500000.0,1.0,139151210,139151210,,41.069,3014600000,0,141000000.0,160100000,21.664,530100000
8,FBHS,ART,2019-06-30,2019-08-02,2019-06-30,2021-07-29,-64100000,6343400000,6191725000.0,1916900000,4426500000,0.91,16.737,-137800000.0,276300000,276300000,3644500000.0,406800000.0,1.131,1.706,2561600000,749300000,1812300000,2561600000,0,172100000.0,0,0.016,0.84,637600000.0,809700000.0,0.144,809700000.0,637600000.0,547000000.0,2.88,2.86,2.88,2343500000,2249775000.0,2343500000,9518692285.0,15.0,11.756,440900000.0,3.149,1.0,1992100000.0,0.353,3314900000,90600000.0,3618600000,3598450000.0,741900000,0,0,0,3998700000,1695200000,2303500000,7233392285.0,-61700000.0,-449600000.0,-134700000.0,271200000.0,-118300000.0,-24600000.0,-612800000.0,-28700000.0,578700000.0,-3000000.0,407200000.0,407200000.0,407200000.0,0.0,-400000.0,0.072,1366900000.0,625200000.0,476600000,0.292,3.087,17.764,17.938,978100000,0.0,51.66,1.283,1.283,706200000,1648100000,5636600000.0,5636600000.0,0.0,0.066,0.181,0.177,0.113,27700000.0,1246300000.0,1.0,140019208,140019208,,40.256,3028500000,0,139800000.0,167900000,21.629,221700000
9,FBHS,ART,2019-03-31,2019-05-07,2019-03-31,2021-07-29,-67300000,6289200000,6030150000.0,1848000000,4441200000,0.922,16.053,-139700000.0,281200000,281200000,3579800000.0,399400000.0,1.492,1.8,2668700000,350000000,2318700000,2668700000,0,162600000.0,0,0.015,0.82,626000000.0,788600000.0,0.142,788600000.0,626000000.0,542500000.0,2.79,2.77,2.79,2245500000,2207175000.0,2245500000,10001207481.0,16.0,12.682,426500000.0,3.049,1.0,1978600000.0,0.356,3323700000,83500000.0,4114200000,3495975000.0,737900000,0,0,0,4042100000,1238800000,2803300000,7613707481.0,44500000.0,-451800000.0,-382800000.0,631200000.0,-116600000.0,106400000.0,-616900000.0,-28700000.0,566200000.0,-11200000.0,399300000.0,399300000.0,399300000.0,0.0,100000.0,0.072,1367200000.0,611400000.0,442000000,0.294,3.391,19.068,19.509,981100000,0.0,54.43,1.37,1.37,650100000,1541400000,5558400000.0,5558400000.0,0.0,0.066,0.181,0.179,0.113,30600000.0,1242200000.0,1.0,139880718,139880718,,39.737,2965500000,0,143200000.0,161700000,21.2,609200000
10,FBHS,ART,2018-12-31,2019-02-25,2018-12-31,2021-07-29,-67000000,5964600000,5845850000.0,1686100000,4278500000,0.938,15.064,-150100000.0,262900000,262900000,3525700000.0,389800000.0,1.13,1.737,2334000000,525000000,1809000000,2334000000,0,149600000.0,0,0.017,0.82,611100000.0,760700000.0,0.139,760700000.0,611100000.0,536600000.0,2.69,2.66,2.69,2178200000,2235000000.0,2178200000,8873685878.0,15.0,11.665,453900000.0,3.139,1.0,1959400000.0,0.357,3327100000,74500000.0,3216500000,3213650000.0,678900000,0,0,0,3784600000,1492100000,2292500000,6802585878.0,-52300000.0,-459500000.0,-689700000.0,826200000.0,-115200000.0,-6800000.0,-634300000.0,-28700000.0,604000000.0,-15200000.0,389600000.0,389600000.0,389600000.0,200000.0,200000.0,0.071,1364200000.0,595200000.0,459000000,0.305,3.123,17.46,17.993,813400000,0.0,48.4,1.24,1.276,571700000,1448100000,5485100000.0,5485100000.0,0.0,0.067,0.174,0.19,0.111,36100000.0,1241400000.0,1.0,140549295,144600000,146400000.0,37.933,2637500000,0,147000000.0,162600000,18.24,194000000
11,FBHS,ART,2018-09-30,2018-11-08,2018-09-30,2021-07-29,-45700000,6169700000,5732550000.0,1890200000,4279500000,0.95,15.784,-176200000.0,389900000,389900000,3496300000.0,432500000.0,1.302,1.764,2513400000,525000000,1988400000,2513400000,0,142900000.0,0,0.018,0.78,625900000.0,768800000.0,0.141,768800000.0,625900000.0,561900000.0,2.93,2.89,2.93,2231900000,2340325000.0,2231900000,8355212048.0,13.0,10.868,415200000.0,2.936,1.0,1950600000.0,0.358,3397100000,64000000.0,3444500000,3088225000.0,684300000,0,0,0,3936100000,1451600000,2484500000,6231712048.0,120800000.0,-570800000.0,-637000000.0,1051200000.0,-114700000.0,280800000.0,-742900000.0,0.0,591400000.0,-8500000.0,432400000.0,432400000.0,432400000.0,200000.0,100000.0,0.079,1332500000.0,618100000.0,437700000,0.266,2.792,14.412,15.041,776300000,0.0,44.07,1.144,1.144,635400000,1393400000,5446900000.0,5446900000.0,0.0,0.075,0.185,0.203,0.115,42200000.0,1249900000.0,1.0,141404857,141404857,,38.52,2772600000,0,129500000.0,149200000,19.608,438600000
12,FBHS,ART,2018-06-30,2018-07-31,2018-06-30,2021-07-29,-53200000,5697100000,5527450000.0,1805500000,3891600000,0.98,15.258,-172700000.0,345500000,345500000,3451000000.0,462200000.0,1.467,1.621,2143300000,350000000,1793300000,2143300000,0,137700000.0,0,0.013,0.76,670900000.0,808600000.0,0.149,808600000.0,670900000.0,613600000.0,3.07,3.03,3.07,2173100000,2418425000.0,2173100000,10058140802.0,15.0,12.439,393700000.0,2.764,1.0,1963700000.0,0.363,3055700000,57300000.0,3208700000,2908025000.0,627000000,0,0,0,3522400000,1230500000,2291900000,8260340802.0,92800000.0,-129900000.0,-774600000.0,750000000.0,-113600000.0,-170100000.0,-301900000.0,0.0,566400000.0,-1600000.0,462100000.0,462100000.0,462100000.0,200000.0,100000.0,0.085,1290900000.0,672800000.0,428700000,0.248,3.801,17.876,18.893,737600000,0.0,58.0,1.526,1.526,657500000,1350500000,5414700000.0,5414700000.0,0.0,0.084,0.191,0.231,0.124,45000000.0,1242100000.0,1.0,142419669,142419669,,38.019,2641400000,0,151500000.0,156200000,18.547,575000000
13,FBHS,ART,2018-03-31,2018-05-02,2018-03-31,2021-07-29,-36000000,5552000000,5416525000.0,1644500000,3907500000,0.988,16.151,-173100000.0,244400000,244400000,3396000000.0,470200000.0,1.442,1.355,1888000000,350000000,1538000000,1888000000,0,132000000.0,0,0.014,0.74,687900000.0,819900000.0,0.153,819900000.0,687900000.0,635700000.0,3.07,3.03,3.07,2356800000,2516950000.0,2356800000,9606603103.0,14.0,11.717,393200000.0,2.695,1.0,1955100000.0,0.365,3069900000,52200000.0,2984900000,2774900000.0,619200000,0,0,0,3193700000,1140800000,2052900000,7963003103.0,33600000.0,-128400000.0,-489700000.0,395000000.0,-112300000.0,-239900000.0,-300800000.0,0.0,566300000.0,8000000.0,470200000.0,470200000.0,470200000.0,2800000.0,0.0,0.088,1256100000.0,699000000.0,417100000,0.241,3.379,16.935,17.775,742800000,0.0,54.57,1.488,1.488,631500000,1249900000,5351100000.0,5351100000.0,0.0,0.087,0.187,0.248,0.129,46100000.0,1217400000.0,1.0,145922725,145922725,,36.671,2482100000,0,165500000.0,158200000,17.01,503700000
14,FBHS,ART,2017-12-31,2018-02-28,2017-12-31,2021-07-29,-39200000,5511400000,5312050000.0,1601700000,3909700000,0.995,16.968,-165000000.0,323000000,323000000,3350800000.0,472700000.0,1.766,1.12,1507600000,0,1507600000,1507600000,0,130300000.0,0,0.012,0.74,681500000.0,811800000.0,0.154,811800000.0,681500000.0,632100000.0,3.08,3.03,3.08,2599500000,2535050000.0,2599500000,10401912962.0,15.0,12.813,435300000.0,2.841,1.0,1932500000.0,0.366,3074400000,49400000.0,2714800000,2722900000.0,580800000,0,0,0,2910300000,906800000,2003500000,9217312962.0,71500000.0,-122700000.0,-186300000.0,75000000.0,-110300000.0,-250100000.0,-287700000.0,0.0,600300000.0,9000000.0,472600000.0,472600000.0,472600000.0,2600000.0,100000.0,0.089,1238000000.0,694500000.0,428800000,0.24,3.546,19.503,19.695,740000000,0.0,60.66,1.745,1.759,555300000,1174200000,5283300000.0,5283300000.0,0.0,0.089,0.186,0.25,0.129,43000000.0,1194800000.0,1.0,151950428,153200000,155800000.0,34.486,2437000000,0,159500000.0,166800000,15.907,694900000
15,FBHS,ART,2017-09-30,2017-10-31,2017-09-30,2021-07-29,-25500000,5349300000,5216325000.0,1598300000,3751000000,0.997,16.761,-138500000.0,277100000,277100000,3288800000.0,448400000.0,1.875,1.102,1462200000,0,1462200000,1462200000,0,129300000.0,0,0.011,0.7,690200000.0,819500000.0,0.158,819500000.0,690200000.0,642100000.0,2.9,2.87,2.9,2544300000,2475550000.0,2544300000,11213059064.0,16.0,13.683,484000000.0,3.188,1.0,1913600000.0,0.368,2958200000,48100000.0,2723700000,2675325000.0,600100000,0,0,0,2803400000,852500000,1950900000,10027959064.0,-1500000.0,-25500000.0,-209000000.0,-125100000.0,-107200000.0,-464400000.0,-164000000.0,0.0,622500000.0,4400000.0,448200000.0,448200000.0,448200000.0,3300000.0,200000.0,0.086,1215700000.0,697900000.0,392500000,0.241,3.941,22.374,22.779,690600000,0.0,66.06,1.928,1.928,594700000,1076500000,5202400000.0,5202400000.0,0.0,0.086,0.181,0.258,0.133,40400000.0,1176200000.0,1.0,151800773,151800773,,34.271,2391100000,0,193900000.0,176200000,15.752,745800000
16,FBHS,ART,2017-06-30,2017-08-04,2017-06-30,2021-07-29,-54600000,5253400000,5182150000.0,1553100000,3700300000,0.99,16.669,-134100000.0,252700000,252700000,3248200000.0,442200000.0,1.963,1.046,1391900000,0,1391900000,1391900000,0,126900000.0,0,0.01,0.68,672600000.0,799500000.0,0.156,799500000.0,672600000.0,625000000.0,2.86,2.82,2.86,2567200000,2429175000.0,2567200000,11185328463.0,17.0,13.99,522600000.0,3.393,1.0,1884600000.0,0.367,2925300000,47600000.0,2676200000,2692950000.0,581400000,0,0,0,2684700000,791100000,1893600000,10046128463.0,-26000000.0,-153500000.0,-61400000.0,-213500000.0,-104500000.0,-391800000.0,-287600000.0,0.0,656700000.0,-3300000.0,442100000.0,442100000.0,442100000.0,1800000.0,100000.0,0.086,1205400000.0,679200000.0,397000000,0.238,3.913,22.724,22.808,675600000,0.0,65.23,1.957,1.957,595700000,1002000000,5132800000.0,5132800000.0,0.0,0.085,0.182,0.25,0.131,36500000.0,1163400000.0,1.0,154010861,154010861,,33.328,2328100000,0,182900000.0,168300000,15.116,762000000
17,FBHS,ART,2017-03-31,2017-05-02,2017-03-31,2021-07-29,-64700000,5134100000,5143275000.0,1456100000,3678000000,0.985,15.79,-135000000.0,210800000,210800000,3221400000.0,429600000.0,2.057,1.113,1491500000,0,1491500000,1491500000,0,123700000.0,0,0.01,0.66,651900000.0,775600000.0,0.153,775600000.0,651900000.0,602700000.0,2.79,2.74,2.79,2429200000,2357625000.0,2429200000,11083670074.0,17.0,14.29,518000000.0,3.367,1.0,1843800000.0,0.364,2930100000,49200000.0,2776900000,2741850000.0,558800000,0,0,0,2703400000,707800000,1995600000,9802970074.0,-42800000.0,-235900000.0,-59800000.0,-132200000.0,-101400000.0,-317900000.0,-370900000.0,0.0,653000000.0,-7000000.0,429600000.0,429600000.0,429600000.0,-800000.0,0.0,0.085,1191700000.0,652100000.0,378900000,0.237,4.035,22.819,22.839,665700000,0.0,63.72,1.935,1.935,564900000,892000000,5065200000.0,5065200000.0,0.0,0.084,0.182,0.238,0.129,34100000.0,1148300000.0,1.0,153844477,153844477,,32.924,2204000000,0,173100000.0,170400000,14.326,748300000
18,FBHS,ART,2016-12-31,2017-02-28,2016-12-31,2021-07-29,-71900000,5128500000,5095450000.0,1445200000,3683300000,0.978,15.305,-149300000.0,251500000,251500000,3180300000.0,413200000.0,1.715,1.171,1431100000,0,1431100000,1431100000,0,122700000.0,0,0.011,0.66,632000000.0,754700000.0,0.151,754700000.0,632000000.0,582900000.0,2.68,2.62,2.68,2361500000,2292350000.0,2361500000,10032099236.0,16.0,13.293,501200000.0,3.248,1.0,1804600000.0,0.362,2940800000,49100000.0,2524500000,2766425000.0,531100000,0,0,0,2765500000,842800000,1922700000,8852499236.0,13000000.0,-235800000.0,-399000000.0,258900000.0,-98200000.0,-250400000.0,-385100000.0,0.0,650500000.0,-2000000.0,413200000.0,413200000.0,413200000.0,-800000.0,0.0,0.083,1171900000.0,632700000.0,393800000,0.246,3.749,21.424,21.578,662500000,0.0,57.83,1.776,1.79,550700000,814600000,4984900000.0,4984900000.0,0.0,0.081,0.18,0.228,0.127,32000000.0,1129900000.0,1.0,153077974,154300000,157800000.0,32.307,2187700000,0,169700000.0,163500000,14.178,602400000
19,FBHS,ART,2016-09-30,2016-11-02,2016-09-30,2021-07-29,-52200000,5212600000,5032975000.0,1539700000,3672900000,0.975,15.286,-147700000.0,278600000,278600000,3157400000.0,392200000.0,1.982,1.209,1585800000,0,1585800000,1585800000,0,123000000.0,0,0.012,0.62,607900000.0,730900000.0,0.149,730900000.0,607900000.0,559000000.0,2.52,2.47,2.52,2358800000,2314700000.0,2358800000,9507070366.0,16.0,13.007,379900000.0,2.462,1.0,1750600000.0,0.357,2948900000,48900000.0,2794200000,2710950000.0,562500000,0,0,0,2852400000,776700000,2075700000,8199870366.0,-72000000.0,-228200000.0,-367600000.0,244800000.0,-96100000.0,-223100000.0,-375900000.0,0.0,527600000.0,-600000.0,392100000.0,392100000.0,392100000.0,-1900000.0,100000.0,0.08,1144000000.0,606600000.0,361900000,0.246,3.476,20.913,21.087,642900000,0.0,53.14,1.671,1.671,568800000,738400000,4908000000.0,4908000000.0,0.0,0.078,0.169,0.224,0.124,31300000.0,1100900000.0,1.0,154306932,154306932,,31.807,2263700000,0,166900000.0,170600000,14.67,763000000
20,FBHS,ART,2016-06-30,2016-08-04,2016-06-30,2021-07-29,-39300000,5097900000,5000375000.0,1542600000,3555300000,0.973,14.821,-148600000.0,278700000,278700000,3160700000.0,376600000.0,2.149,1.234,1603600000,3200000,1600400000,1603600000,0,124700000.0,0,0.009,0.6,591200000.0,715900000.0,0.147,715900000.0,591200000.0,543000000.0,2.39,2.35,2.39,2281000000,2325400000.0,2281000000,11091529297.0,19.0,15.493,385700000.0,2.506,1.0,1707100000.0,0.351,2833100000,48200000.0,2871800000,2640475000.0,580500000,0,0,0,2815300000,717900000,2097400000,9766629297.0,55200000.0,-66900000.0,-383700000.0,214500000.0,-93900000.0,-257800000.0,-215500000.0,0.0,534300000.0,-5800000.0,376200000.0,376200000.0,376200000.0,-8200000.0,400000.0,0.077,1123300000.0,583800000.0,366100000,0.251,4.282,25.961,26.552,643200000,0.0,63.46,2.006,2.006,569300000,664400000,4867800000.0,4867800000.0,0.0,0.075,0.162,0.224,0.121,30400000.0,1082100000.0,1.0,153902132,153902132,,31.629,2264800000,0,166800000.0,189600000,14.716,824700000
21,FBHS,ART,2016-03-31,2016-04-28,2016-03-31,2021-07-29,-38900000,4942800000,4967525000.0,1481300000,3461500000,0.953,14.136,-147700000.0,253600000,253600000,3092300000.0,330900000.0,2.163,1.279,1622000000,2800000,1619200000,1622000000,0,121900000.0,0,0.01,0.58,531400000.0,653300000.0,0.138,653300000.0,531400000.0,491100000.0,2.07,2.04,2.07,2168100000,2347000000.0,2168100000,9992732592.0,19.0,15.296,309700000.0,2.019,1.0,1642800000.0,0.347,2751100000,40300000.0,2875200000,2594275000.0,597900000,0,0,0,2773000000,684900000,2088100000,8624332592.0,74200000.0,-632100000.0,-389100000.0,860800000.0,-91600000.0,400000000.0,-779800000.0,0.0,457400000.0,-3400000.0,330700000.0,330700000.0,330700000.0,-9600000.0,200000.0,0.07,1118500000.0,524300000.0,364100000,0.28,3.978,26.079,27.164,635700000,0.0,56.23,1.821,1.821,525500000,558500000,4735100000.0,4735100000.0,0.0,0.067,0.141,0.205,0.112,29400000.0,1076400000.0,1.0,153376002,153376002,,30.872,2191700000,0,160400000.0,177600000,14.29,796400000
22,FBHS,ART,2015-12-31,2016-02-25,2015-12-31,2021-07-29,-52500000,4878600000,4753150000.0,1418700000,3459900000,0.963,15.366,-128500000.0,238500000,238500000,2997500000.0,315500000.0,1.872,0.989,1172400000,800000,1171600000,1172400000,0,115100000.0,0,0.011,0.58,500300000.0,615400000.0,0.134,615400000.0,500300000.0,468400000.0,1.97,1.93,1.97,2450900000,2378650000.0,2450900000,8960131353.0,18.0,14.56,282600000.0,1.772,1.0,1581900000.0,0.345,2752000000,31900000.0,2302600000,2360700000.0,555600000,0,0,0,2424800000,757900000,1666900000,8026231353.0,46600000.0,-638100000.0,-22800000.0,499700000.0,-89500000.0,416900000.0,-766600000.0,0.0,411100000.0,-14800000.0,315000000.0,315000000.0,315000000.0,-9000000.0,500000.0,0.069,1085800000.0,496100000.0,344200000,0.294,3.275,25.48,25.853,627900000,0.0,50.93,1.753,1.774,502600000,501600000,4579400000.0,4579400000.0,0.0,0.066,0.132,0.212,0.109,27600000.0,1047600000.0,1.0,157593390,159500000,163000000.0,28.711,2126600000,0,153400000.0,201700000,13.333,660800000
23,FBHS,ART,2015-09-30,2015-10-30,2015-09-30,2021-07-29,-39100000,5082200000,4546725000.0,1623400000,3458800000,0.945,15.039,-132100000.0,350600000,350600000,2816100000.0,272900000.0,2.087,1.115,1341400000,3800000,1337600000,1341400000,0,107400000.0,0,0.01,0.54,421800000.0,529200000.0,0.123,529200000.0,421800000.0,398100000.0,1.71,1.68,1.71,2401600000,2330800000.0,2401600000,9347683307.0,22.0,17.664,275500000.0,1.725,1.0,1478900000.0,0.344,2783000000,23700000.0,2512300000,2211825000.0,540400000,0,0,0,2677900000,777700000,1900200000,8356883307.0,175500000.0,-666400000.0,-15700000.0,655400000.0,-86000000.0,580300000.0,-798500000.0,0.0,407600000.0,-13900000.0,272300000.0,272300000.0,272300000.0,-5500000.0,600000.0,0.063,1057200000.0,421700000.0,353600000,0.316,3.48,30.69,30.602,606300000,0.0,52.33,1.946,1.946,557000000,439400000,4295000000.0,4295000000.0,0.0,0.06,0.117,0.191,0.098,26400000.0,1022000000.0,1.0,159695840,159695840,,26.895,2299200000,0,125800000.0,266000000,14.397,845700000
24,FBHS,ART,2015-06-30,2015-07-29,2015-06-30,2021-07-29,-24500000,4966500000,4296475000.0,1529900000,3436600000,0.967,14.802,-134500000.0,223500000,223500000,2731200000.0,144200000.0,2.242,1.097,1389800000,0,1389800000,1389800000,0,101400000.0,0,0.011,0.52,281500000.0,382900000.0,0.092,382900000.0,281500000.0,265700000.0,0.91,0.89,0.91,2367400000,2314700000.0,2367400000,8790535403.0,31.0,22.958,191700000.0,1.199,1.0,1422700000.0,0.342,2763500000,15800000.0,2687000000,2023225000.0,546400000,0,0,0,2596700000,682300000,1914400000,7624235403.0,78500000.0,-668800000.0,-154200000.0,782500000.0,-82500000.0,570500000.0,-810300000.0,0.0,326200000.0,-7900000.0,143700000.0,143700000.0,143700000.0,111800000.0,500000.0,0.035,1024900000.0,397800000.0,352600000,0.571,3.221,53.057,52.385,582000000,0.0,47.67,1.835,1.835,573500000,376700000,4153900000.0,4153900000.0,0.0,0.033,0.062,0.139,0.068,27500000.0,994600000.0,1.0,159937810,159937810,,25.972,2203000000,0,122000000.0,230200000,13.774,847600000
25,FBHS,ART,2015-03-31,2015-05-05,2015-03-31,2021-07-29,-26100000,4085300000,4102375000.0,1336500000,2748800000,1.007,14.394,-131100000.0,179400000,179400000,2718300000.0,158400000.0,2.194,0.779,760000000,26300000,733700000,760000000,0,99300000.0,0,0.011,0.5,288600000.0,387900000.0,0.094,387900000.0,288600000.0,276700000.0,0.98,0.95,0.98,2294700000,2355000000.0,2294700000,7695555079.0,27.0,19.839,212500000.0,1.333,1.0,1412700000.0,0.342,2115900000,11900000.0,1940900000,1786600000.0,501800000,0,0,0,1786700000,609100000,1177600000,7114955079.0,55200000.0,-22700000.0,-341900000.0,275300000.0,-79800000.0,-119100000.0,-160800000.0,0.0,343600000.0,-8500000.0,157300000.0,157300000.0,157300000.0,113200000.0,1100000.0,0.038,1006500000.0,406200000.0,327400000,0.51,3.101,45.232,45.541,543700000,0.0,44.63,1.722,1.722,477200000,319500000,4131000000.0,4131000000.0,0.0,0.038,0.067,0.162,0.07,27500000.0,982600000.0,1.0,159420907,159420907,,25.913,1969400000,0,119400000.0,151700000,12.353,727400000
26,FBHS,ART,2014-12-31,2015-02-25,2014-12-31,2021-07-29,-6700000,4052900000,4107750000.0,1299100000,2753800000,0.977,13.965,-127500000.0,191900000,191900000,2646700000.0,159300000.0,1.857,0.792,670000000,26300000,643700000,670000000,0,98800000.0,0,0.013,0.62,286800000.0,385600000.0,0.096,385600000.0,286800000.0,276400000.0,0.98,0.95,0.98,2259500000,2440625000.0,2259500000,8027508833.0,28.0,20.818,126200000.0,0.78,1.0,1366900000.0,0.341,2124300000,10400000.0,1707100000,1710750000.0,462200000,0,0,0,1789800000,699600000,1090200000,7549408833.0,-49500000.0,-16600000.0,-410900000.0,313800000.0,-77400000.0,-147500000.0,-151100000.0,0.0,253700000.0,-4600000.0,158100000.0,158100000.0,158100000.0,114300000.0,1200000.0,0.039,963400000.0,403500000.0,333800000,0.633,3.341,47.751,48.551,539800000,0.0,47.58,1.881,1.918,458900000,279500000,4013600000.0,4013600000.0,0.0,0.038,0.065,0.168,0.071,29700000.0,943300000.0,1.0,158667693,161800000,166300000.0,24.806,1928600000,0,118300000.0,150600000,11.92,599500000
27,FBHS,ART,2014-09-30,2014-10-31,2014-09-30,2021-07-29,77300000,4081200000,4139050000.0,1362900000,2718300000,1.041,14.814,-123800000.0,175100000,175100000,2837900000.0,178500000.0,1.919,0.745,683500000,29700000,653800000,683500000,0,97400000.0,0,0.011,0.46,320100000.0,417500000.0,0.097,417500000.0,320100000.0,311200000.0,1.08,1.03,1.08,2337200000,2538100000.0,2337200000,7331848268.0,23.0,17.561,118000000.0,0.748,1.0,1470100000.0,0.341,2121500000,8900000.0,1757900000,1604275000.0,520900000,0,0,0,1740600000,710200000,1030400000,6823448268.0,18100000.0,11800000.0,-387900000.0,327700000.0,-75200000.0,-103000000.0,-119000000.0,0.0,241800000.0,-1700000.0,177200000.0,177200000.0,177200000.0,109500000.0,1300000.0,0.041,1039600000.0,430500000.0,341400000,0.426,2.919,38.507,40.046,533300000,0.0,43.25,1.584,1.584,534500000,256500000,4308000000.0,4308000000.0,0.0,0.043,0.07,0.2,0.074,30200000.0,1019300000.0,1.0,157767590,157767590,,27.306,1959700000,0,134000000.0,198200000,12.421,652700000
28,FBHS,ART,2014-06-30,2014-07-31,2014-06-30,2021-07-29,87800000,4190100000,4148575000.0,1337100000,2853000000,1.045,15.956,-113100000.0,145000000,145000000,2858700000.0,264000000.0,2.073,0.656,605100000,10100000,595000000,605100000,0,95200000.0,0,0.012,0.44,391800000.0,487000000.0,0.112,487000000.0,391800000.0,384000000.0,1.6,1.53,1.6,2528600000,2591425000.0,2528600000,6448735075.0,16.0,13.242,108100000.0,0.682,1.0,1476700000.0,0.341,2264800000,7800000.0,1740500000,1496850000.0,521200000,0,0,0,1658500000,644900000,1013600000,5988635075.0,21400000.0,-600000.0,-260700000.0,219100000.0,-72900000.0,-84900000.0,-113900000.0,0.0,221200000.0,-1000000.0,262500000.0,262500000.0,262500000.0,0.0,1500000.0,0.061,1084000000.0,392700000.0,337700000,0.275,2.368,22.814,23.619,540200000,0.0,37.79,1.381,1.381,535300000,315600000,4335400000.0,4335400000.0,0.0,0.063,0.101,0.262,0.09,28100000.0,1040600000.0,1.0,158471423,158471423,,27.358,1925300000,0,121500000.0,243400000,12.149,692200000
29,FBHS,ART,2014-03-31,2014-05-01,2014-03-31,2021-07-29,87800000,4106800000,4117400000.0,1264700000,2842100000,1.028,15.882,-103300000.0,124200000,124200000,2780300000.0,234600000.0,2.231,0.556,484700000,9700000,475000000,484700000,0,91900000.0,0,0.011,0.42,356500000.0,448400000.0,0.106,448400000.0,356500000.0,349100000.0,1.42,1.35,1.42,2637200000,2590650000.0,2637200000,6929516131.0,19.0,15.454,110400000.0,0.665,1.0,1453300000.0,0.343,2262900000,7400000.0,1637500000,1404175000.0,509500000,0,0,0,1466800000,566900000,899900000,6569016131.0,-134700000.0,-299900000.0,-65300000.0,159000000.0,-69800000.0,56200000.0,-403400000.0,0.0,213700000.0,-1200000.0,233200000.0,233200000.0,233200000.0,0.0,1400000.0,0.055,1090700000.0,362600000.0,319800000,0.296,2.491,28.169,27.859,532100000,0.0,39.56,1.552,1.552,482900000,241800000,4233600000.0,4233600000.0,0.0,0.057,0.09,0.254,0.084,27400000.0,1049300000.0,1.0,166051975,166051975,,25.496,1843900000,0,115900000.0,247700000,11.104,697800000
30,FBHS,ART,2013-12-31,2014-02-26,2013-12-31,2021-07-29,95400000,4178100000,4046650000.0,1327400000,2850700000,1.027,16.008,-96700000.0,241400000,241400000,2718600000.0,230900000.0,1.797,0.576,356000000,6000000,350000000,356000000,0,90400000.0,0,0.009,0.42,350900000.0,441300000.0,0.106,441300000.0,350900000.0,343700000.0,1.39,1.34,1.39,2649400000,2545975000.0,2649400000,7822940523.0,22.0,17.727,201100000.0,1.215,1.0,1438800000.0,0.346,2272800000,7200000.0,1281200000,1313250000.0,471600000,0,0,0,1525000000,738700000,786300000,7708340523.0,-94600000.0,-299800000.0,-1400000.0,31300000.0,-49900000.0,4100000.0,-396700000.0,0.0,297800000.0,200000.0,229700000.0,229700000.0,229700000.0,0.0,1200000.0,0.055,1081700000.0,357100000.0,343800000,0.302,2.909,33.558,33.475,534400000,0.0,46.53,1.854,1.852,477100000,200800000,4157400000.0,4157400000.0,0.0,0.057,0.09,0.267,0.084,26100000.0,1043100000.0,1.0,165663884,165500000,171300000.0,25.12,1905300000,0,114000000.0,245800000,11.512,588700000
31,FBHS,ART,2013-09-30,2013-11-01,2013-09-30,2021-07-29,51600000,4119300000,3970550000.0,1273600000,2845700000,1.008,15.345,-84200000.0,157000000,157000000,2637800000.0,184900000.0,1.799,0.614,355600000,5600000,350000000,355600000,0,88500000.0,0,0.005,0.2,263200000.0,351700000.0,0.088,351700000.0,263200000.0,255600000.0,1.12,1.06,1.12,2550500000,2478900000.0,2550500000,7261077177.0,28.0,20.646,245400000.0,1.476,1.0,1365600000.0,0.341,2281800000,7600000.0,1328200000,1284425000.0,463100000,0,0,0,1565300000,707900000,857400000,7062477177.0,-59100000.0,-318500000.0,15300000.0,12000000.0,-33200000.0,14300000.0,-403600000.0,0.0,329600000.0,600000.0,183900000.0,183900000.0,183900000.0,0.0,1000000.0,0.046,1096400000.0,269200000.0,344400000,0.179,2.769,38.404,37.938,513500000,0.0,42.49,1.764,1.764,517700000,156700000,4003400000.0,4003400000.0,0.0,0.046,0.074,0.205,0.066,26300000.0,1044700000.0,1.0,166215043,166215043,,24.086,1837500000,0,71700000.0,227900000,11.055,565700000
32,FBHS,ART,2013-06-30,2013-07-31,2013-06-30,2021-07-29,52100000,4065400000,3886850000.0,1203600000,2861800000,0.974,15.213,-78000000.0,123600000,123600000,2504400000.0,160500000.0,1.792,0.609,386100000,28600000,357500000,386100000,0,96600000.0,0,0.002,0.1,225700000.0,322300000.0,0.085,322300000.0,225700000.0,218200000.0,0.98,0.93,0.98,2525500000,2424000000.0,2525500000,7120221823.0,32.0,22.092,198200000.0,1.194,1.0,1283000000.0,0.339,2286400000,7500000.0,1369800000,1264550000.0,438800000,0,0,0,1537000000,671700000,865300000,6857721823.0,-23600000.0,-306900000.0,56000000.0,25100000.0,-16500000.0,84700000.0,-387000000.0,0.0,276200000.0,2500000.0,159700000.0,159700000.0,159700000.0,0.0,800000.0,0.042,1051800000.0,231200000.0,350100000,0.102,2.715,42.941,42.153,522200000,0.0,41.31,1.811,1.811,499800000,125800000,3787400000.0,3787400000.0,0.0,0.041,0.066,0.178,0.06,27300000.0,1021300000.0,1.0,166006338,166006338,,22.815,1779000000,0,58500000.0,230000000,10.716,531900000
33,FBHS,ART,2013-03-31,2013-05-03,2013-03-31,2021-07-29,57700000,3823800000,3802000000.0,1199200000,2624600000,0.969,14.899,-78200000.0,258900000,258900000,2458900000.0,144200000.0,2.143,0.554,326400000,28900000,297500000,326400000,0,98800000.0,0,0.0,0.0,197000000.0,295800000.0,0.08,295800000.0,197000000.0,189100000.0,0.89,0.85,0.89,2458500000,2354375000.0,2458500000,6621924835.0,34.0,22.386,176000000.0,1.067,1.0,1223400000.0,0.332,2057800000,7900000.0,1273800000,1242425000.0,380000000,0,0,0,1362600000,559700000,802900000,6554424835.0,138300000.0,-7200000.0,57700000.0,-104400000.0,0.0,-31100000.0,-87500000.0,0.0,254200000.0,2700000.0,143500000.0,143500000.0,143500000.0,0.0,700000.0,0.039,1026400000.0,197000000.0,300900000,0.0,2.666,45.675,44.629,499500000,0.0,39.72,1.78,1.78,429100000,78300000,3682300000.0,3682300000.0,0.0,0.038,0.061,0.159,0.053,27400000.0,995900000.0,1.0,165015731,165015731,,22.315,1766000000,0,45600000.0,225500000,10.702,639500000
34,FBHS,ART,2012-12-31,2013-02-27,2012-12-31,2021-07-29,30600000,3873700000,3757925000.0,1228000000,2645700000,0.956,14.826,-75000000.0,336000000,336000000,2421100000.0,119700000.0,1.941,0.625,325500000,28000000,297500000,325500000,0,101300000.0,0,0.0,0.0,161700000.0,263000000.0,0.073,263000000.0,161700000.0,153000000.0,0.74,0.71,0.74,2381100000,2284875000.0,2381100000,5663290497.0,35.0,21.533,207800000.0,1.294,1.0,1170000000.0,0.326,2064700000,8700000.0,1165900000,1267050000.0,357200000,0,0,0,1489000000,632600000,856400000,5673790497.0,215200000.0,-6000000.0,95500000.0,-84900000.0,0.0,15700000.0,-86700000.0,0.0,282800000.0,3400000.0,118700000.0,118700000.0,118700000.0,0.0,1000000.0,0.033,1008300000.0,161700000.0,287000000,0.0,2.383,47.799,46.689,509400000,0.0,34.55,1.58,1.545,381800000,41000000,3591100000.0,3591100000.0,0.0,0.032,0.052,0.128,0.045,26900000.0,976900000.0,1.0,164219696,160600000,166100000.0,22.361,1809000000,0,34300000.0,223600000,11.264,595400000
35,FBHS,ART,2012-09-30,2012-11-05,2012-09-30,2021-07-29,24300000,3784500000,3698975000.0,1138400000,2646100000,0.951,14.317,-73100000.0,216100000,216100000,2426300000.0,15600000.0,1.904,0.622,344600000,5300000,339300000,344600000,0,114500000.0,0,0.0,0.0,21500000.0,136000000.0,0.039,136000000.0,21500000.0,11900000.0,0.08,0.06,0.08,2330900000,2219800000.0,2330900000,4949124811.0,230.0,36.391,198700000.0,1.22,1.0,1093000000.0,0.311,2066500000,9600000.0,1248700000,1292075000.0,392300000,0,0,0,1450200000,597800000,852400000,4820624811.0,88500000.0,12700000.0,89400000.0,341500000.0,0.0,-121200000.0,-65400000.0,0.0,271800000.0,3300000.0,14700000.0,14700000.0,14700000.0,0.0,900000.0,0.004,1071500000.0,21500000.0,253500000,0.0,2.068,327.934,370.125,497800000,0.0,29.61,1.37,1.37,407100000,22600000,3519300000.0,3519300000.0,0.0,0.004,0.007,0.017,0.006,25200000.0,962500000.0,1.0,162803945,162803945,,21.617,1718000000,0,-2800000.0,205000000,10.553,540600000
36,FBHS,ART,2012-06-30,2012-08-07,2012-06-30,2021-07-29,10500000,3726000000,3713075000.0,1068100000,2657900000,0.931,13.983,,147200000,147200000,2396400000.0,-4200000.0,1.791,0.657,361400000,22100000,339300000,361400000,0,,0,0.0,0.0,7600000.0,,,,7600000.0,-100000.0,-0.04,-0.05,-0.04,2247000000,2168300000.0,2247000000,3895824766.0,513.0,,,,1.0,1061800000.0,0.307,2062500000,7700000.0,1281300000,1101125000.0,385500000,0,0,0,1475800000,596400000,879400000,3681624766.0,,,,,,,,,,,-5200000.0,-5200000.0,-5200000.0,0.0,1000000.0,-0.002,1051500000.0,10300000.0,287800000,0.0,1.638,-708.005,-572.75,509900000,0.0,22.91,1.065,1.065,405200000,-17400000,3458200000.0,3458200000.0,0.0,-0.001,-0.002,0.007,0.002,,941000000.0,1.0,160699466,160699466,,21.52,1663500000,0,5100000.0,213300000,10.352,471700000
37,FBHS,ART,2012-03-31,2012-05-04,2012-03-31,2021-07-29,15000000,3647500000,,973900000,2673600000,,13.66,,120600000,120600000,,,1.884,0.671,431100000,21800000,409300000,431100000,0,,0,0.0,0.0,,,,,,,,,,2180500000,,2180500000,4041012202.0,,,,,1.0,,,2068800000,,1372300000,,350700000,0,0,0,1464000000,516900000,947100000,3730512202.0,,,,,,,,,,,,,,,,,,,254700000,,1.711,,,515000000,,23.37,,,379300000,-65200000,,,,,,,,,,1.0,159628250,159628250,,,1578700000,0,,213400000,9.89,457000000
38,FBHS,ART,2011-12-31,2012-02-22,2011-12-31,2021-07-29,10600000,3637900000,3948650000.0,953500000,2684400000,0.843,13.665,-68500000.0,120800000,120800000,2332100000.0,-34600000.0,1.595,0.714,410600000,21300000,389300000,410600000,0,111500000.0,0,0.0,0.0,-18200000.0,93300000.0,0.028,93300000.0,-18200000.0,-44600000.0,-0.23,-0.23,-0.23,2120800000,1031200000.0,2120800000,3327128141.0,-183.0,35.661,106900000.0,0.689,1.0,996500000.0,0.299,2063900000,26400000.0,1266000000,2979150000.0,336300000,0,0,0,1513400000,597800000,915600000,3037328141.0,60100000.0,-2500000.0,11000000.0,482600000.0,0.0,-43500000.0,-71000000.0,0.0,175400000.0,-800000.0,-35600000.0,-35600000.0,-35600000.0,0.0,1000000.0,-0.011,1012100000.0,-15600000.0,260700000,0.0,1.432,-85.318,-83.652,525800000,0.0,19.24,0.912,0.897,346100000,-77700000,3328600000.0,3328600000.0,0.0,-0.009,-0.035,-0.006,-0.005,15700000.0,900600000.0,1.0,157865288,155200000,155200000.0,21.447,1574000000,0,-9000000.0,204100000,10.142,355700000
39,FBHS,ART,2011-09-30,2011-11-10,2011-09-30,2021-07-29,-104400000,3840900000,,1015100000,2825800000,,13.7,,127600000,127600000,,,0.886,0.806,76500000,59700000,16800000,76500000,0,,0,0.0,0.0,,,,,,,,,,2124900000,,2124900000,2391756462.0,,,,,1.0,,,2158700000,,484900000,,368800000,12800000,12800000,0,1712500000,1146200000,566300000,2442856462.0,,,,,,,,,,,,,,,,,,,807300000,,1.15,,,538100000,,15.7,,,391800000,-635400000,,,,,,,,,,1.0,155595953,155100000,,,1682200000,0,,258200000,10.846,-131100000
40,FBHS,ART,2010-12-31,2011-08-26,2010-12-31,2021-07-29,-76300000,3686600000,,895000000,2791600000,,13.386,-58300000.0,60700000,60700000,2182400000.0,58400000.0,0.831,0.768,19800000,3000000,16800000,19800000,0,111600000.0,0,,0.0,187600000.0,299200000.0,0.093,299200000.0,187600000.0,71300000.0,0.37,0.37,0.37,2082800000,,2082800000,,,,80600000.0,0.518,1.0,1051100000.0,0.325,2163700000,116300000.0,405500000,,333000000,0,0,0,1600300000,1076500000,523800000,,2900000.0,2600000.0,0.0,-102000000.0,0.0,-81400000.0,-55700000.0,0.0,138900000.0,1100000.0,57200000.0,57200000.0,57200000.0,0.0,1200000.0,0.018,863300000.0,187800000.0,752800000,0.0,,,,550000000,0.0,,,,374200000,0,3233500000.0,3233500000.0,0.0,,,,0.058,11700000.0,839600000.0,1.0,155595953,155595953,,20.781,1522900000,0,14100000.0,267400000,9.788,-181500000
41,FBHS,ART,2010-12-31,2011-08-22,2010-12-31,2021-07-29,-76300000,3686600000,,895000000,2791600000,,13.386,-58300000.0,60700000,60700000,2182400000.0,58400000.0,0.831,0.768,19800000,3000000,16800000,19800000,0,111600000.0,0,,0.0,187600000.0,299200000.0,0.093,299200000.0,187600000.0,71300000.0,0.37,0.37,0.37,2082800000,,2082800000,,,,80600000.0,0.518,1.0,1051100000.0,0.325,2163700000,116300000.0,405500000,,333000000,0,0,0,1600300000,1076500000,523800000,,2900000.0,2600000.0,0.0,-102000000.0,0.0,-81400000.0,-55700000.0,0.0,138900000.0,1100000.0,57200000.0,57200000.0,57200000.0,0.0,1200000.0,0.018,863300000.0,187800000.0,752800000,0.0,,,,550000000,0.0,,,,374200000,0,3233500000.0,3233500000.0,0.0,,,,0.058,11700000.0,839600000.0,1.0,155595953,155595953,,20.781,1522900000,0,14100000.0,267400000,9.788,-181500000
42,FBHS,ART,2010-12-31,2011-08-11,2010-12-31,2021-07-29,-76300000,3686600000,,895000000,2791600000,,13.386,-58300000.0,60700000,60700000,2182400000.0,58400000.0,0.831,0.768,19800000,3000000,16800000,19800000,0,111600000.0,0,,0.0,187600000.0,299200000.0,0.093,299200000.0,187600000.0,71300000.0,0.37,0.37,0.37,2082800000,,2082800000,,,,80600000.0,0.518,1.0,1051100000.0,0.325,2163700000,116300000.0,405500000,,333000000,0,0,0,1600300000,1076500000,523800000,,2900000.0,2600000.0,0.0,-102000000.0,0.0,-81400000.0,-55700000.0,0.0,138900000.0,1100000.0,57200000.0,57200000.0,57200000.0,0.0,1200000.0,0.018,863300000.0,187800000.0,752800000,0.0,,,,550000000,0.0,,,,374200000,0,3233500000.0,3233500000.0,0.0,,,,0.058,11700000.0,839600000.0,1.0,155595953,155595953,,20.781,1522900000,0,14100000.0,267400000,9.788,-181500000
43,FBHS,ART,2010-12-31,2011-07-07,2010-12-31,2021-07-29,-76300000,4259400000,,1467800000,2791600000,,-0.381,-58300000.0,60700000,60700000,2182400000.0,58400000.0,2.546,-73.875,3233800000,3000000,3230800000,3233800000,0,111600000.0,0,,0.0,187600000.0,299200000.0,0.093,299200000.0,187600000.0,71300000.0,0.37,0.37,0.37,-58400000,,-58400000,,,,80600000.0,0.526,1.0,1051100000.0,0.325,2163700000,116300000.0,4692300000,,333000000,572800000,572800000,0,4314300000,576500000,3737800000,,2900000.0,2600000.0,0.0,-102000000.0,0.0,-81400000.0,-55700000.0,0.0,138900000.0,1100000.0,57200000.0,57200000.0,57200000.0,0.0,1200000.0,0.018,863300000.0,187800000.0,252800000,0.0,,,,550000000,0.0,,,,374200000,-685400000,3233500000.0,3233500000.0,0.0,,,,0.058,11700000.0,839600000.0,1.0,155595953,153300000,155500000.0,21.093,2095700000,0,14100000.0,267400000,13.671,891300000
44,FBHS,ART,2010-12-31,2011-06-15,2010-12-31,2021-07-29,-76300000,4259400000,,1467800000,2791600000,,-0.381,-58300000.0,60700000,60700000,2182400000.0,58400000.0,2.546,-73.875,3233800000,3000000,3230800000,3233800000,0,111600000.0,0,,0.0,187600000.0,299200000.0,0.093,299200000.0,187600000.0,71300000.0,0.37,0.37,0.37,-58400000,,-58400000,,,,80600000.0,0.526,1.0,1051100000.0,0.325,2163700000,116300000.0,4692300000,,333000000,572800000,572800000,0,4314300000,576500000,3737800000,,2900000.0,2600000.0,0.0,-102000000.0,0.0,-81400000.0,-55700000.0,0.0,138900000.0,1100000.0,57200000.0,57200000.0,57200000.0,0.0,1200000.0,0.018,863300000.0,187800000.0,252800000,0.0,,,,550000000,0.0,,,,374200000,-685400000,3233500000.0,3233500000.0,0.0,,,,0.058,11700000.0,839600000.0,1.0,155595953,153300000,155500000.0,21.093,2095700000,0,14100000.0,267400000,13.671,891300000
45,FBHS,ART,2010-12-31,2011-05-06,2010-12-31,2021-07-29,-76300000,4259400000,,1467800000,2791600000,,-0.377,-58300000.0,60700000,60700000,2182400000.0,58400000.0,2.546,-73.875,3233800000,3000000,3230800000,3233800000,0,111600000.0,0,,0.0,187600000.0,299200000.0,0.093,299200000.0,187600000.0,71300000.0,0.37,0.37,0.37,-58400000,,-58400000,,,,80600000.0,0.52,1.0,1051100000.0,0.325,2163700000,116300000.0,4692300000,,333000000,572800000,572800000,0,4314300000,576500000,3737800000,,2900000.0,2600000.0,0.0,-102000000.0,0.0,-81400000.0,-55700000.0,0.0,138900000.0,1100000.0,57200000.0,57200000.0,57200000.0,0.0,1200000.0,0.018,863300000.0,187800000.0,252800000,0.0,,,,550000000,0.0,,,,374200000,-685400000,3233500000.0,3233500000.0,0.0,,,,0.058,11700000.0,839600000.0,1.0,155595953,155100000,155100000.0,20.848,2095700000,0,14100000.0,267400000,13.512,891300000
