None,ticker,dimension,calendardate,datekey,reportperiod,lastupdated,accoci,assets,assetsavg,assetsc,assetsnc,assetturnover,bvps,capex,cashneq,cashnequsd,cor,consolinc,currentratio,de,debt,debtc,debtnc,debtusd,deferredrev,depamor,deposits,divyield,dps,ebit,ebitda,ebitdamargin,ebitdausd,ebitusd,ebt,eps,epsdil,epsusd,equity,equityavg,equityusd,ev,evebit,evebitda,fcf,fcfps,fxusd,gp,grossmargin,intangibles,intexp,invcap,invcapavg,inventory,investments,investmentsc,investmentsnc,liabilities,liabilitiesc,liabilitiesnc,marketcap,ncf,ncfbus,ncfcommon,ncfdebt,ncfdiv,ncff,ncfi,ncfinv,ncfo,ncfx,netinc,netinccmn,netinccmnusd,netincdis,netincnci,netmargin,opex,opinc,payables,payoutratio,pb,pe,pe1,ppnenet,prefdivis,price,ps,ps1,receivables,retearn,revenue,revenueusd,rnd,roa,roe,roic,ros,sbcomp,sgna,sharefactor,sharesbas,shareswa,shareswadil,sps,tangibles,taxassets,taxexp,taxliabilities,tbvps,workingcapital
0,KMX,MRY,2021-12-31,2021-02-28,2021-02-28,2021-10-01,-118691000.0,21541541000.0,20923306750.0,4116796000.0,17424745000.0,0.906,26.747,-162690000.0,132319000.0,132319000.0,16571024000.0,746919000.0,2.424,3.935,15527069000.0,483532000.0,15043537000.0,15527069000.0,0.0,242156000.0,0.0,0.0,0.0,1051435000.0,1293591000.0,0.068,1293591000.0,1051435000.0,965257000.0,4.58,4.52,4.58,4364613000.0,4013489750.0,4364613000.0,34577615809.0,33.0,26.73,505070000.0,3.095,1.0,2379125000.0,0.126,653000.0,86178000.0,35237090000.0,34509801250.0,3157159000.0,13986234000.0,496415000.0,13489819000.0,17176928000.0,1698548000.0,15478380000.0,19425328809.0,115557000.0,29911000.0,-86790000.0,-337230000.0,0.0,-424020000.0,-128183000.0,4596000.0,667760000.0,0.0,746919000.0,746919000.0,746919000.0,0.0,0.0,0.039,1335965000.0,1043160000.0,799333000.0,0.0,4.451,26.007,26.094,3487215000.0,0.0,119.51,1.025,1.029,239070000.0,2887897000.0,18950149000.0,18950149000.0,0.0,0.036,0.186,0.03,0.055,121899000.0,1898775000.0,1.0,162541451.0,163183000.0,165133000.0,116.128,21540888000.0,164261000.0,218338000.0,218000.0,132.004,2418248000.0
1,KMX,MRY,2020-12-31,2020-02-29,2020-02-29,2021-10-01,-150071000.0,21082182000.0,20356035500.0,3663687000.0,17418495000.0,0.998,22.864,-331893000.0,58211000.0,58211000.0,17597647000.0,888433000.0,2.387,4.594,15849163000.0,464436000.0,15384727000.0,15849163000.0,0.0,215811000.0,0.0,0.0,0.0,1243993000.0,1459804000.0,0.072,1459804000.0,1243993000.0,1160986000.0,5.39,5.33,5.39,3768875000.0,3632810000.0,3768875000.0,29696764486.0,24.0,20.343,-568499000.0,-3.449,1.0,2722340000.0,0.134,0.0,83007000.0,35338427000.0,34243163500.0,2846416000.0,14032754000.0,481043000.0,13551711000.0,17313307000.0,1534707000.0,15778600000.0,14265156486.0,61013000.0,0.0,-443350000.0,1130333000.0,0.0,686983000.0,-389364000.0,-57471000.0,-236606000.0,0.0,888433000.0,888433000.0,888433000.0,0.0,0.0,0.044,1484037000.0,1238303000.0,737144000.0,0.0,3.785,16.057,16.199,3518196000.0,0.0,87.31,0.702,0.708,191090000.0,2488417000.0,20319987000.0,20319987000.0,0.0,0.044,0.245,0.036,0.061,108861000.0,1940067000.0,1.0,163385139.0,164836000.0,166820000.0,123.274,21082182000.0,89842000.0,272553000.0,1389000.0,127.898,2128980000.0
2,KMX,MRY,2019-12-31,2019-02-28,2019-02-28,2021-10-01,-68010000.0,18717867000.0,18261837750.0,3214013000.0,15503854000.0,0.995,19.242,-303944000.0,46938000.0,46938000.0,15692509000.0,842413000.0,2.451,4.576,14172884000.0,396350000.0,13776534000.0,14172884000.0,0.0,182247000.0,0.0,0.0,0.0,1188598000.0,1370845000.0,0.075,1370845000.0,1188598000.0,1112806000.0,4.83,4.79,4.83,3357028000.0,3414505000.0,3357028000.0,24406355021.0,21.0,17.804,-140973000.0,-0.808,1.0,2480591000.0,0.136,0.0,75792000.0,31532304000.0,30659781750.0,2519455000.0,12869156000.0,440669000.0,12428487000.0,15360839000.0,1311509000.0,14049330000.0,10562411021.0,40479000.0,0.0,-846596000.0,1032617000.0,0.0,186021000.0,-308513000.0,-4569000.0,162971000.0,0.0,842413000.0,842413000.0,842413000.0,0.0,0.0,0.046,1291585000.0,1189006000.0,593171000.0,0.0,3.146,12.538,12.857,2828058000.0,0.0,62.1,0.581,0.596,139850000.0,2104146000.0,18173100000.0,18173100000.0,0.0,0.046,0.247,0.039,0.065,75011000.0,1730275000.0,1.0,170087134.0,174463000.0,175884000.0,104.166,18717867000.0,61346000.0,270393000.0,3784000.0,107.288,1902504000.0
3,KMX,MRY,2018-12-31,2018-02-28,2018-02-28,2021-10-01,-54312000.0,17486272000.0,17035277000.0,3061444000.0,14424828000.0,1.005,18.159,-296719000.0,44525000.0,44525000.0,14791350000.0,664112000.0,2.608,4.272,13118366000.0,365554000.0,12752812000.0,13118366000.0,0.0,179942000.0,0.0,0.0,0.0,1134353000.0,1314295000.0,0.077,1314295000.0,1134353000.0,1063608000.0,3.64,3.6,3.64,3316849000.0,3242672500.0,3316849000.0,24181449959.0,21.0,18.399,-377269000.0,-2.065,1.0,2328859000.0,0.136,0.0,70745000.0,29386055000.0,28583587250.0,2390694000.0,11935146000.0,399442000.0,11535704000.0,14169423000.0,1174058000.0,12995365000.0,11198102959.0,31033000.0,0.0,-506050000.0,919496000.0,0.0,413446000.0,-301863000.0,-5144000.0,-80550000.0,0.0,664112000.0,664112000.0,664112000.0,0.0,0.0,0.039,1195869000.0,1132990000.0,529733000.0,0.0,3.376,16.862,17.011,2667061000.0,0.0,61.92,0.654,0.661,133321000.0,2047240000.0,17120209000.0,17120209000.0,0.0,0.039,0.205,0.04,0.066,61879000.0,1617051000.0,1.0,180847916.0,182660000.0,184470000.0,93.727,17486272000.0,63256000.0,399496000.0,0.0,95.731,1887386000.0
4,KMX,MRY,2017-12-31,2017-02-28,2017-02-28,2021-10-01,-56555000.0,16279356000.0,15583420500.0,2873630000.0,13405726000.0,1.019,16.331,-416915000.0,38416000.0,38416000.0,13691824000.0,626970000.0,2.599,4.237,12169704000.0,343266000.0,11826438000.0,12169704000.0,0.0,168875000.0,0.0,0.0,0.0,1062821000.0,1231696000.0,0.078,1231696000.0,1062821000.0,1006405000.0,3.29,3.26,3.29,3108580000.0,3039648500.0,3108580000.0,23861612650.0,22.0,19.373,-872226000.0,-4.582,1.0,2183294000.0,0.138,0.0,56416000.0,27304857000.0,25976704000.0,2260563000.0,10976429000.0,380353000.0,10596076000.0,13170776000.0,1105787000.0,12064989000.0,12076494650.0,46636000.0,0.0,-504468000.0,1426374000.0,0.0,921906000.0,-419959000.0,-3044000.0,-455311000.0,0.0,626970000.0,626970000.0,626970000.0,0.0,0.0,0.039,1119520000.0,1063774000.0,494989000.0,0.0,3.885,19.262,19.617,2518393000.0,0.0,64.54,0.761,0.774,152388000.0,1883283000.0,15875118000.0,15875118000.0,0.0,0.04,0.206,0.041,0.067,91595000.0,1488504000.0,1.0,187116434.0,190343000.0,192215000.0,83.403,16279356000.0,150962000.0,379435000.0,1404000.0,85.526,1767843000.0
5,KMX,MRY,2016-12-31,2016-02-29,2016-02-29,2021-10-01,-70196000.0,14459911000.0,14116079500.0,2471781000.0,11988130000.0,1.073,14.29,-314042000.0,37394000.0,37394000.0,13130915000.0,623428000.0,2.459,3.978,10636167000.0,315509000.0,10320658000.0,10636167000.0,0.0,137360000.0,0.0,0.0,0.0,1046302000.0,1183662000.0,0.078,1183662000.0,1046302000.0,1009944000.0,3.07,3.03,3.07,2904786000.0,3075547750.0,2904786000.0,19627575482.0,19.0,16.582,-430799000.0,-2.119,1.0,2018760000.0,0.133,0.0,36358000.0,24053491000.0,23143597000.0,1932029000.0,9880721000.0,343829000.0,9536892000.0,11555125000.0,1005193000.0,10549932000.0,9054438482.0,9788000.0,0.0,-936903000.0,1442243000.0,0.0,505340000.0,-378795000.0,-64753000.0,-116757000.0,0.0,623428000.0,623428000.0,623428000.0,0.0,0.0,0.041,959899000.0,1058861000.0,441746000.0,0.0,3.117,14.524,15.068,2161698000.0,0.0,46.26,0.598,0.621,132171000.0,1746804000.0,15149675000.0,15149675000.0,0.0,0.044,0.203,0.045,0.069,51077000.0,1351935000.0,1.0,195729323.0,203275000.0,205540000.0,74.528,14459911000.0,161862000.0,386516000.0,2029000.0,71.135,1466588000.0
6,KMX,MRY,2015-12-31,2015-02-28,2015-02-28,2021-10-01,-65391000.0,13198201000.0,12647620000.0,2590938000.0,10607263000.0,1.128,14.641,-303948000.0,27606000.0,27606000.0,12381189000.0,597358000.0,2.598,3.181,9109252000.0,290502000.0,8818750000.0,9109252000.0,0.0,115173000.0,0.0,0.0,0.0,993804000.0,1108977000.0,0.078,1108977000.0,993804000.0,969331000.0,2.77,2.73,2.77,3156785000.0,3256574000.0,3156785000.0,22719691610.0,23.0,20.487,-1272078000.0,-5.9,1.0,1887527000.0,0.132,0.0,24473000.0,21282674000.0,19955577250.0,2086874000.0,8729626000.0,294122000.0,8435504000.0,10041416000.0,997173000.0,9044243000.0,14093878610.0,-600295000.0,0.0,-834518000.0,1512955000.0,0.0,728579000.0,-360744000.0,-56796000.0,-968130000.0,0.0,597358000.0,597358000.0,597358000.0,0.0,0.0,0.042,893723000.0,993804000.0,454810000.0,0.0,4.465,23.594,24.227,1862538000.0,0.0,67.11,0.988,1.014,137690000.0,1994221000.0,14268716000.0,14268716000.0,0.0,0.047,0.183,0.05,0.07,81880000.0,1257725000.0,1.0,210011602.0,215617000.0,218691000.0,66.176,13198201000.0,175738000.0,371973000.0,1554000.0,61.211,1593765000.0
7,KMX,MRY,2014-12-31,2014-02-28,2014-02-28,2021-10-01,-46271000.0,11707157000.0,11098815000.0,2643224000.0,9063933000.0,1.133,14.835,-305222000.0,627901000.0,627901000.0,10925598000.0,492586000.0,3.019,2.529,7583410000.0,242979000.0,7340431000.0,7583410000.0,0.0,101911000.0,0.0,0.0,0.0,828156000.0,930067000.0,0.074,930067000.0,828156000.0,797322000.0,2.2,2.16,2.2,3316997000.0,3216381750.0,3316997000.0,17455951680.0,21.0,18.768,-918385000.0,-4.107,1.0,1648701000.0,0.131,0.0,30834000.0,17787169000.0,16812349250.0,1641424000.0,7407147000.0,259299000.0,7147848000.0,8390160000.0,875497000.0,7514663000.0,10810725680.0,178537000.0,0.0,-268248000.0,1373985000.0,0.0,1128381000.0,-336681000.0,-31459000.0,-613163000.0,0.0,492586000.0,492586000.0,492586000.0,0.0,0.0,0.039,820545000.0,828156000.0,427492000.0,0.0,3.259,21.947,22.014,1652977000.0,0.0,48.43,0.86,0.861,79923000.0,2214216000.0,12574299000.0,12574299000.0,0.0,0.044,0.153,0.049,0.066,66480000.0,1155215000.0,1.0,223223739.0,223589000.0,227584000.0,56.238,11707157000.0,160065000.0,304736000.0,2438000.0,52.36,1767727000.0
8,KMX,MRY,2013-12-31,2013-02-28,2013-02-28,2021-10-01,-59808000.0,9888602000.0,9163972000.0,2310131000.0,7578471000.0,1.196,13.236,-235707000.0,449364000.0,449364000.0,9498456000.0,434284000.0,3.377,2.275,6209036000.0,199409000.0,6009627000.0,6209036000.0,0.0,95283000.0,0.0,0.0,0.0,733708000.0,828991000.0,0.076,828991000.0,733708000.0,701351000.0,1.9,1.87,1.9,3019167000.0,2953192750.0,3019167000.0,14057350928.0,19.0,16.957,-1014148000.0,-4.446,1.0,1464362000.0,0.134,0.0,32357000.0,14964101000.0,13755775250.0,1517813000.0,6120205000.0,224287000.0,5895918000.0,6869435000.0,684173000.0,6185262000.0,8763982928.0,6706000.0,0.0,-140009000.0,1156330000.0,0.0,1040421000.0,-255274000.0,-19567000.0,-778441000.0,0.0,434284000.0,434284000.0,434284000.0,0.0,0.0,0.04,731767000.0,732595000.0,336721000.0,0.0,2.903,20.18,20.216,1428970000.0,0.0,38.41,0.799,0.799,91961000.0,1993772000.0,10962818000.0,10962818000.0,0.0,0.047,0.147,0.053,0.067,62112000.0,1031034000.0,1.0,228169303.0,228095000.0,231823000.0,48.063,9888602000.0,151068000.0,267067000.0,222000.0,43.353,1625958000.0
9,KMX,MRY,2012-12-31,2012-02-29,2012-02-29,2021-10-01,-62459000.0,8331543000.0,7620987500.0,1853448000.0,6478095000.0,1.313,11.813,-172608000.0,442658000.0,442658000.0,8624838000.0,413795000.0,2.868,2.117,5052706000.0,189388000.0,4863318000.0,5052706000.0,0.0,82812000.0,0.0,0.0,0.0,700624000.0,783436000.0,0.078,783436000.0,700624000.0,666910000.0,1.83,1.79,1.83,2673112000.0,2573153000.0,2673112000.0,11065048320.0,16.0,14.124,-234772000.0,-1.038,1.0,1378761000.0,0.138,0.0,33714000.0,12295278000.0,11280828500.0,1092592000.0,5164161000.0,204314000.0,4959847000.0,5658431000.0,646313000.0,5012118000.0,6953920320.0,401537000.0,0.0,15577000.0,657809000.0,0.0,683103000.0,-219402000.0,-46794000.0,-62164000.0,0.0,413795000.0,413795000.0,413795000.0,0.0,0.0,0.041,678601000.0,700160000.0,324827000.0,0.0,2.601,16.805,16.77,1278722000.0,0.0,30.69,0.695,0.694,86434000.0,1744519000.0,10003599000.0,10003599000.0,0.0,0.054,0.161,0.062,0.07,48089000.0,940786000.0,1.0,226585869.0,226282000.0,230721000.0,44.209,8331543000.0,143072000.0,253115000.0,3125000.0,36.819,1207135000.0
10,KMX,MRY,2011-12-31,2011-02-28,2011-02-28,2021-10-01,-25057000.0,7125549000.0,6692517500.0,1410098000.0,5715451000.0,1.341,10.021,-76572000.0,41121000.0,41121000.0,7674326000.0,377495000.0,2.698,2.182,4394897000.0,146138000.0,4248759000.0,4394897000.0,0.0,76321000.0,0.0,0.0,0.0,642886000.0,719207000.0,0.08,719207000.0,642886000.0,608206000.0,1.68,1.65,1.68,2239249000.0,2112506000.0,2239249000.0,11959082787.0,19.0,16.628,-83330000.0,-0.373,1.0,1301228000.0,0.145,0.0,34680000.0,10956654000.0,10232959250.0,1049477000.0,4481627000.0,161052000.0,4320575000.0,4886300000.0,522671000.0,4363629000.0,7977820787.0,22843000.0,0.0,38277000.0,54625000.0,0.0,101813000.0,-72212000.0,4360000.0,-6758000.0,0.0,377495000.0,377495000.0,377495000.0,0.0,0.0,0.042,658822000.0,642406000.0,269763000.0,0.0,3.563,21.134,21.054,1175317000.0,0.0,35.37,0.889,0.881,119597000.0,1330724000.0,8975554000.0,8975554000.0,0.0,0.056,0.179,0.063,0.072,43606000.0,878805000.0,1.0,225553316.0,223449000.0,227601000.0,40.168,7125549000.0,128876000.0,230711000.0,772000.0,31.889,887427000.0
11,KMX,MRY,2010-12-31,2010-02-28,2010-02-28,2021-10-01,-19546000.0,2556191000.0,2526108500.0,1556412000.0,999779000.0,2.957,8.808,-21772000.0,18278000.0,18278000.0,6371323000.0,277844000.0,3.261,0.322,150571000.0,123200000.0,27371000.0,150571000.0,0.0,75228000.0,0.0,0.0,0.0,482446000.0,557674000.0,0.075,557674000.0,482446000.0,446452000.0,1.25,1.24,1.25,1933582000.0,1787562250.0,1933582000.0,4631230788.0,10.0,8.305,37750000.0,0.172,1.0,1098870000.0,0.147,0.0,35994000.0,2211133000.0,2202162750.0,843133000.0,30578000.0,30578000.0,0.0,622609000.0,477351000.0,145258000.0,4499518788.0,-122319000.0,0.0,31307000.0,-195708000.0,0.0,-160520000.0,-21321000.0,4000.0,59522000.0,0.0,277844000.0,277844000.0,277844000.0,0.0,0.0,0.037,616984000.0,481886000.0,253267000.0,0.0,2.327,16.194,16.152,893453000.0,0.0,20.19,0.602,0.593,99434000.0,1647838000.0,7470193000.0,7470193000.0,0.0,0.11,0.155,0.219,0.065,37858000.0,792201000.0,1.0,222858781.0,219527000.0,222234000.0,34.029,2556191000.0,62829000.0,168608000.0,6327000.0,11.644,1079061000.0
12,KMX,MRY,2009-12-31,2009-02-28,2009-02-28,2021-10-01,-16860000.0,2379187000.0,2309398500.0,1287752000.0,1091435000.0,3.02,7.323,-151359000.0,140597000.0,140597000.0,6005796000.0,59213000.0,2.624,0.493,337047000.0,158985000.0,178062000.0,337047000.0,117288000.0,54741000.0,0.0,0.0,0.0,102884000.0,157625000.0,0.023,157625000.0,102884000.0,96798000.0,0.27,0.27,0.27,1593067000.0,1563639250.0,1593067000.0,2215877331.0,22.0,14.058,113232000.0,0.521,1.0,968170000.0,0.139,0.0,6086000.0,2084867000.0,2090299250.0,703157000.0,9748000.0,9748000.0,0.0,786120000.0,490770000.0,295350000.0,2078370331.0,127632000.0,0.0,10162000.0,7834000.0,0.0,18387000.0,-155346000.0,-3987000.0,264591000.0,0.0,59213000.0,59213000.0,59213000.0,0.0,0.0,0.008,867072000.0,101098000.0,237312000.0,0.0,1.305,35.1,34.926,938259000.0,0.0,9.43,0.298,0.294,75876000.0,1162055000.0,6973966000.0,6973966000.0,0.0,0.026,0.038,0.049,0.015,35436000.0,882358000.0,1.0,220399823.0,217537000.0,219357000.0,32.059,2379187000.0,103163000.0,37585000.0,38680000.0,10.937,796982000.0
13,KMX,MRY,2008-12-31,2008-02-29,2008-02-29,2021-10-01,-16728000.0,2333161000.0,2099373250.0,1356925000.0,976236000.0,3.906,6.892,-252017000.0,12965000.0,12965000.0,7127146000.0,182025000.0,2.769,0.567,327831000.0,100678000.0,227153000.0,327831000.0,127058000.0,46615000.0,0.0,0.0,0.0,302024000.0,348639000.0,0.043,348639000.0,302024000.0,297069000.0,0.84,0.82,0.84,1488926000.0,1420614250.0,1488926000.0,4186792540.0,14.0,12.009,-172497000.0,-0.798,1.0,1072425000.0,0.131,0.0,4955000.0,2158003000.0,1804590500.0,975777000.0,4984000.0,4984000.0,0.0,844235000.0,490024000.0,354211000.0,4009214540.0,-6490000.0,0.0,14730000.0,148908000.0,0.0,171007000.0,-257017000.0,-5000000.0,79520000.0,0.0,182025000.0,182025000.0,182025000.0,0.0,0.0,0.022,771767000.0,300658000.0,306013000.0,0.0,2.693,22.026,21.857,862497000.0,0.0,18.36,0.489,0.484,73228000.0,1025341000.0,8199571000.0,8199571000.0,0.0,0.087,0.128,0.167,0.037,33467000.0,858372000.0,1.0,218366805.0,216045000.0,219963000.0,37.953,2333161000.0,67066000.0,115044000.0,25279000.0,10.799,866901000.0
14,KMX,MRY,2007-12-31,2007-02-28,2007-02-28,2021-10-01,-20332000.0,1885573000.0,1710772750.0,1150516000.0,735057000.0,4.364,5.871,-187191000.0,19455000.0,19455000.0,6494594000.0,198597000.0,2.247,0.512,185477000.0,151733000.0,33744000.0,185477000.0,92432000.0,34551000.0,0.0,0.0,0.0,328722000.0,363273000.0,0.049,363273000.0,328722000.0,323349000.0,0.93,0.92,0.93,1247375000.0,1157887250.0,1247375000.0,5771391308.0,18.0,15.887,-50391000.0,-0.237,1.0,971062000.0,0.13,0.0,5373000.0,1539573000.0,1398520750.0,836116000.0,6162000.0,6162000.0,0.0,638198000.0,512022000.0,126176000.0,5662325308.0,-2304000.0,0.0,35411000.0,-9535000.0,0.0,48087000.0,-187191000.0,0.0,136800000.0,0.0,198597000.0,198597000.0,198597000.0,0.0,0.0,0.027,643543000.0,327519000.0,254895000.0,0.0,4.539,28.512,28.333,651850000.0,0.0,26.35,0.758,0.75,71413000.0,774449000.0,7465656000.0,7465656000.0,0.0,0.116,0.172,0.235,0.044,31826000.0,776168000.0,1.0,214889006.0,212454000.0,216739000.0,35.14,1885573000.0,40174000.0,124752000.0,36509000.0,8.875,638494000.0
15,KMX,MRY,2006-12-31,2006-02-28,2006-02-28,2021-10-01,0.0,1509612000.0,1387629500.0,941738000.0,567874000.0,4.511,4.683,-116093000.0,21759000.0,21759000.0,5469253000.0,134220000.0,2.731,0.54,195012000.0,60225000.0,134787000.0,195012000.0,49852000.0,26692000.0,0.0,0.0,0.0,221694000.0,248386000.0,0.04,248386000.0,221694000.0,217601000.0,0.64,0.63,0.64,980103000.0,907986750.0,980103000.0,3389234181.0,15.0,13.645,1420000.0,0.007,1.0,790714000.0,0.126,0.0,4093000.0,1337995000.0,1138583500.0,669700000.0,4139000.0,4139000.0,0.0,529509000.0,344870000.0,184639000.0,3294426181.0,4635000.0,0.0,6035000.0,-6798000.0,0.0,3215000.0,-116093000.0,0.0,117513000.0,0.0,134220000.0,134220000.0,134220000.0,0.0,0.0,0.021,570043000.0,220671000.0,188614000.0,0.0,3.361,24.545,24.547,499298000.0,0.0,15.71,0.526,0.525,76621000.0,531858000.0,6259967000.0,6259967000.0,0.0,0.097,0.148,0.195,0.035,21632000.0,674370000.0,1.0,209702494.0,209270000.0,212846000.0,29.913,1509612000.0,24576000.0,83381000.0,29160000.0,7.214,596868000.0
16,KMX,MRY,2005-12-31,2005-02-28,2005-02-28,2021-10-01,0.0,1293013000.0,1159755750.0,852981000.0,440032000.0,4.536,3.85,-141081000.0,17124000.0,17124000.0,4610066000.0,101315000.0,2.59,0.614,193946000.0,65527000.0,128419000.0,193946000.0,29260000.0,20145000.0,0.0,0.0,0.0,168627000.0,188772000.0,0.036,188772000.0,168627000.0,165821000.0,0.49,0.48,0.49,800976000.0,760042250.0,800976000.0,3531954790.0,21.0,18.71,-99235000.0,-0.477,1.0,650196000.0,0.124,0.0,2806000.0,1140504000.0,986148750.0,576567000.0,22152000.0,22152000.0,0.0,492037000.0,329331000.0,162706000.0,3439445790.0,-31544000.0,0.0,4306000.0,60242000.0,0.0,67691000.0,-141081000.0,0.0,41846000.0,0.0,101315000.0,101315000.0,101315000.0,0.0,0.0,0.019,481990000.0,168206000.0,170646000.0,0.0,4.294,33.948,33.673,406301000.0,0.0,16.5,0.654,0.653,76167000.0,407623000.0,5260262000.0,5260262000.0,0.0,0.087,0.133,0.171,0.032,18063000.0,565279000.0,1.0,208451260.0,208072000.0,211294000.0,25.281,1293013000.0,0.0,64506000.0,32521000.0,6.214,523650000.0
17,KMX,MRY,2004-12-31,2004-02-29,2004-02-29,2021-10-01,0.0,1047887000.0,989620250.0,773481000.0,274406000.0,4.646,3.289,-73845000.0,61643000.0,61643000.0,4026803000.0,116450000.0,3.191,0.539,104446000.0,4446000.0,100000000.0,104446000.0,24736000.0,16181000.0,0.0,0.0,0.0,190487000.0,206668000.0,0.045,206668000.0,190487000.0,189350000.0,0.565,0.55,0.565,680753000.0,641919500.0,680753000.0,3578563056.0,19.0,17.316,73119000.0,0.353,1.0,570888000.0,0.124,0.0,1137000.0,848292000.0,816318500.0,466061000.0,18781000.0,18781000.0,0.0,367134000.0,242398000.0,124736000.0,3527258056.0,25528000.0,0.0,0.0,-51605000.0,0.0,-47591000.0,-73845000.0,0.0,146964000.0,0.0,116450000.0,116450000.0,116450000.0,0.0,0.0,0.025,381084000.0,189804000.0,145517000.0,0.0,5.181,30.29,30.088,251459000.0,0.0,17.0,0.767,0.765,72358000.0,292720000.0,4597691000.0,4597691000.0,0.0,0.118,0.181,0.233,0.041,122000.0,468374000.0,1.0,207485768.0,207006000.0,211256000.0,22.21,1047887000.0,185000.0,72900000.0,36761000.0,5.062,531083000.0
18,KMX,MRY,2003-12-31,2003-02-28,2003-02-28,2021-10-01,0.0,917617000.0,848785750.0,708745000.0,208872000.0,4.677,2.693,-80411000.0,34615000.0,34615000.0,3501705000.0,94802000.0,2.857,0.655,156051000.0,56051000.0,100000000.0,156051000.0,10904000.0,14873000.0,0.0,0.0,0.0,158958000.0,173831000.0,0.044,173831000.0,158958000.0,156697000.0,0.46,0.455,0.46,554569000.0,541579500.0,554569000.0,1625478679.0,10.0,9.351,-8444000.0,-0.041,1.0,468239000.0,0.118,0.0,2261000.0,790950000.0,737284750.0,466450000.0,3579000.0,3579000.0,0.0,363048000.0,248103000.0,114945000.0,1551821679.0,31329000.0,0.0,570000.0,67603000.0,-28400000.0,39773000.0,-80411000.0,0.0,71967000.0,0.0,94802000.0,94802000.0,94802000.0,0.0,0.0,0.024,310018000.0,158221000.0,117587000.0,0.0,2.798,16.369,16.359,187158000.0,0.0,7.525,0.391,0.39,191465000.0,30282000.0,3969944000.0,3969944000.0,0.0,0.112,0.175,0.216,0.04,77000.0,392417000.0,1.0,206222150.0,205966000.0,209140000.0,19.275,917617000.0,0.0,61895000.0,33824000.0,4.455,460642000.0
19,KMX,MRY,2002-12-31,2002-02-28,2002-02-28,2021-10-01,0.0,720222000.0,715587500.0,577703000.0,142519000.0,4.938,2.379,57548000.0,3286000.0,3286000.0,3114366000.0,90802000.0,2.586,0.484,88448000.0,88448000.0,0.0,88448000.0,8416000.0,16340000.0,0.0,0.0,0.0,151414000.0,167754000.0,0.047,167754000.0,151414000.0,146456000.0,0.445,0.435,0.445,485479000.0,438491000.0,485479000.0,,,,100189000.0,0.491,1.0,419393000.0,0.119,0.0,4958000.0,581992000.0,625200500.0,399084000.0,2144000.0,2144000.0,0.0,234743000.0,223392000.0,11351000.0,2754487881.0,-5516000.0,0.0,-1958000.0,-103747000.0,0.0,-105705000.0,57548000.0,0.0,42641000.0,0.0,90802000.0,90802000.0,90802000.0,0.0,0.0,0.026,267991000.0,151402000.0,87160000.0,0.0,5.674,30.335,30.045,120976000.0,0.0,13.37,0.779,0.772,171124000.0,0.0,3533759000.0,3533759000.0,0.0,0.127,0.207,0.242,0.043,100000.0,334464000.0,1.0,206020036.0,204078000.0,208044000.0,17.316,720222000.0,0.0,55654000.0,24944000.0,3.529,354311000.0
20,KMX,MRY,2001-12-31,2001-02-28,2001-02-28,2021-10-01,0.0,710953000.0,693224000.0,492907000.0,218046000.0,3.979,1.938,4672000.0,8802000.0,8802000.0,2417291000.0,45564000.0,2.182,0.816,192195000.0,109138000.0,83057000.0,192195000.0,6836000.0,18116000.0,0.0,0.0,0.0,85592000.0,103708000.0,0.038,103708000.0,85592000.0,73482000.0,0.225,0.22,0.225,391503000.0,368246000.0,391503000.0,,,,22632000.0,0.112,1.0,341221000.0,0.124,0.0,12110000.0,668409000.0,676109000.0,347137000.0,0.0,0.0,0.0,319450000.0,225937000.0,93513000.0,530501593.0,-1179000.0,-1325000.0,-263000.0,-22223000.0,0.0,-22486000.0,3347000.0,0.0,17960000.0,0.0,45564000.0,45564000.0,45564000.0,0.0,0.0,0.017,256044000.0,85177000.0,82483000.0,0.0,1.355,11.643,11.444,192158000.0,0.0,2.575,0.192,0.189,134662000.0,,2758512000.0,2758512000.0,0.0,0.066,0.124,0.127,0.031,154000.0,298782000.0,1.0,206020036.0,201988000.0,204840000.0,13.657,710953000.0,0.0,27918000.0,21782000.0,3.52,266970000.0
21,KMX,MRY,2000-12-31,2000-02-28,2000-02-28,2021-10-01,0.0,675495000.0,,425670000.0,249825000.0,,,-20055000.0,9981000.0,9981000.0,1951024000.0,1118000.0,2.17,0.958,214418000.0,93161000.0,121257000.0,214418000.0,7249000.0,15241000.0,0.0,0.0,0.0,12165000.0,27406000.0,0.013,27406000.0,12165000.0,1803000.0,,,,344989000.0,,344989000.0,,,,-43606000.0,,1.0,240365000.0,0.11,0.0,10362000.0,683809000.0,,283592000.0,0.0,0.0,0.0,330506000.0,196123000.0,134383000.0,,-7698000.0,-34849000.0,0.0,68843000.0,0.0,70757000.0,-54904000.0,0.0,-23551000.0,0.0,1118000.0,1118000.0,1118000.0,0.0,0.0,0.001,228200000.0,12165000.0,75959000.0,,,,,211856000.0,0.0,0.812,,,129253000.0,,2191389000.0,2191389000.0,0.0,,,,0.006,447000.0,228200000.0,1.0,,,,,675495000.0,0.0,685000.0,13024000.0,,229547000.0
22,KMX,MRY,1999-12-31,1999-02-28,1999-02-28,2021-10-01,,,,,,,,1033000.0,,,1294032000.0,-23514000.0,,,,,,,,10003000.0,,0.0,0.0,-32156000.0,-22153000.0,-0.015,-22153000.0,-32156000.0,-38549000.0,,,,,,,,,,-79299000.0,,1.0,172266000.0,0.117,,6393000.0,,,,,,,,,,,-8733000.0,-41562000.0,0.0,109804000.0,0.0,112128000.0,-40529000.0,0.0,-80332000.0,0.0,-23514000.0,-23514000.0,-23514000.0,0.0,0.0,-0.016,204422000.0,-32156000.0,,,,,,,0.0,2.25,,,,,1466298000.0,1466298000.0,0.0,,,,-0.022,0.0,204422000.0,1.0,,,,,,,-15035000.0,,,
0,KMX,MRQ,2021-09-30,2021-08-31,2021-08-31,2021-10-01,-112343000.0,24453322000.0,,5371296000.0,19082026000.0,,30.161,-78433000.0,58095000.0,58095000.0,7172875000.0,285267000.0,2.742,3.975,17735331000.0,566920000.0,17168411000.0,17735331000.0,0.0,66944000.0,0.0,0.0,0.0,390224000.0,457168000.0,0.057,457168000.0,390224000.0,367814000.0,1.75,1.72,1.75,4915179000.0,,4915179000.0,36168351487.0,23.0,19.624,-1351871000.0,-8.295,1.0,815484000.0,0.102,150343000.0,22410000.0,40021255000.0,,4105458000.0,15226737000.0,570567000.0,14656170000.0,19538143000.0,1958960000.0,17579183000.0,20401098487.0,-296461000.0,-241578000.0,-183159000.0,1477229000.0,0.0,1294070000.0,-317093000.0,2918000.0,-1273438000.0,0.0,285267000.0,285267000.0,285267000.0,0.0,0.0,0.036,427042000.0,388442000.0,903847000.0,0.0,4.151,17.478,17.487,3682623000.0,0.0,125.21,0.784,0.784,517260000.0,3293221000.0,7988359000.0,7988359000.0,0.0,,,,,31706000.0,574286000.0,1.0,162935057.0,162966000.0,165643000.0,49.019,24302979000.0,117288000.0,82547000.0,422000.0,149.129,3412336000.0
1,KMX,MRQ,2021-06-30,2021-05-31,2021-05-31,2021-10-01,-115754000.0,22832889000.0,,4690605000.0,18142284000.0,,28.829,-59145000.0,377954000.0,377954000.0,6773090000.0,436756000.0,2.241,3.854,16145207000.0,537715000.0,15607492000.0,16145207000.0,0.0,62356000.0,0.0,0.0,0.0,587858000.0,650214000.0,0.084,650214000.0,587858000.0,567324000.0,2.68,2.63,2.68,4703481000.0,,4703481000.0,34191474013.0,21.0,18.409,-171028000.0,-1.048,1.0,924509000.0,0.12,0.0,20534000.0,36506755000.0,,3248849000.0,14708622000.0,549578000.0,14159044000.0,18129408000.0,2093387000.0,16036021000.0,18796724013.0,300079000.0,617000.0,-112249000.0,587354000.0,0.0,475105000.0,-63143000.0,-4615000.0,-111883000.0,0.0,436756000.0,436756000.0,436756000.0,0.0,0.0,0.057,362228000.0,562281000.0,1058005000.0,0.0,3.996,15.947,15.932,3530024000.0,0.0,115.19,0.803,0.802,413219000.0,3209958000.0,7697599000.0,7697599000.0,0.0,,,,,41074000.0,554069000.0,1.0,163180172.0,163151000.0,166295000.0,47.181,22832889000.0,138487000.0,130568000.0,96624000.0,139.949,2597218000.0
2,KMX,MRQ,2021-03-31,2021-02-28,2021-02-28,2021-10-01,-118691000.0,21541541000.0,,4116796000.0,17424745000.0,,26.794,-40584000.0,132319000.0,132319000.0,4522888000.0,209945000.0,2.424,3.935,15527069000.0,483532000.0,15043537000.0,15527069000.0,0.0,61661000.0,0.0,0.0,0.0,282538000.0,344199000.0,0.067,344199000.0,282538000.0,262249000.0,1.29,1.27,1.29,4364613000.0,,4364613000.0,34577615809.0,33.0,26.73,-241210000.0,-1.481,1.0,641369000.0,0.124,653000.0,20289000.0,35237090000.0,,3157159000.0,13986234000.0,496415000.0,13489819000.0,17176928000.0,1698548000.0,15478380000.0,19425328809.0,-96496000.0,29911000.0,-22460000.0,132697000.0,0.0,110237000.0,-6107000.0,4566000.0,-200626000.0,0.0,209945000.0,209945000.0,209945000.0,0.0,0.0,0.041,367834000.0,273535000.0,799333000.0,0.0,4.451,26.007,26.094,3487215000.0,0.0,119.51,1.025,1.029,239070000.0,2887897000.0,5164257000.0,5164257000.0,0.0,,,,,47953000.0,556054000.0,1.0,162541451.0,162898000.0,165604000.0,31.702,21540888000.0,164261000.0,52304000.0,218000.0,132.235,2418248000.0
3,KMX,MRQ,2020-12-31,2020-11-30,2020-11-30,2021-10-01,-152924000.0,20932848000.0,,3737097000.0,17195751000.0,,25.215,-30934000.0,236643000.0,236643000.0,4553514000.0,235300000.0,2.599,4.07,15388930000.0,476862000.0,14912068000.0,15388930000.0,0.0,61528000.0,0.0,0.0,0.0,329965000.0,391493000.0,0.076,391493000.0,329965000.0,310503000.0,1.44,1.42,1.44,4128476000.0,,4128476000.0,30360469823.0,28.0,23.248,-52324000.0,-0.32,1.0,631430000.0,0.122,0.0,19462000.0,34647348000.0,,2780205000.0,13759974000.0,492610000.0,13267364000.0,16804372000.0,1437787000.0,15366585000.0,15338841823.0,-499338000.0,0.0,-101903000.0,-346326000.0,0.0,-448229000.0,-29719000.0,1215000.0,-21390000.0,0.0,235300000.0,235300000.0,235300000.0,0.0,0.0,0.045,302352000.0,329078000.0,570174000.0,0.0,3.715,20.4,20.278,3482419000.0,0.0,93.48,0.818,0.816,168979000.0,2737753000.0,5184944000.0,5184944000.0,0.0,,,,,11152000.0,478797000.0,1.0,164086883.0,163732000.0,165773000.0,31.667,20932848000.0,159209000.0,75203000.0,18322000.0,127.848,2299310000.0
4,KMX,MRQ,2020-09-30,2020-08-31,2020-08-31,2021-10-01,-160426000.0,21246306000.0,,4327859000.0,16918447000.0,,24.368,-28301000.0,711561000.0,711561000.0,4620023000.0,296696000.0,2.707,4.335,15733189000.0,500308000.0,15232881000.0,15733189000.0,0.0,60627000.0,0.0,0.0,0.0,410810000.0,471437000.0,0.088,471437000.0,410810000.0,388341000.0,1.82,1.79,1.82,3982560000.0,,3982560000.0,32102154091.0,33.0,26.344,-388084000.0,-2.375,1.0,752143000.0,0.14,0.0,22469000.0,34668992000.0,,2824959000.0,13533982000.0,520876000.0,13013106000.0,17263746000.0,1598942000.0,15664804000.0,17437905091.0,106641000.0,0.0,90007000.0,403702000.0,0.0,493709000.0,-27285000.0,1016000.0,-359783000.0,0.0,296696000.0,296696000.0,296696000.0,0.0,0.0,0.055,343013000.0,409130000.0,683715000.0,0.0,4.379,25.281,25.339,3488931000.0,0.0,106.93,0.95,0.952,203155000.0,2600605000.0,5372166000.0,5372166000.0,0.0,,,,,37737000.0,441923000.0,1.0,163077762.0,163434000.0,165623000.0,32.871,21246306000.0,133749000.0,91645000.0,64734000.0,129.999,2728917000.0
5,KMX,MRQ,2020-06-30,2020-05-31,2020-05-31,2021-10-01,-165405000.0,19972532000.0,,3283731000.0,16688801000.0,,21.997,-62871000.0,658022000.0,658022000.0,2874599000.0,4978000.0,2.853,4.582,15322271000.0,470766000.0,14851505000.0,15322271000.0,0.0,58340000.0,0.0,0.0,0.0,28122000.0,86462000.0,0.027,86462000.0,28122000.0,4164000.0,0.03,0.03,0.03,3578310000.0,,3578310000.0,30105655568.0,33.0,26.743,1186688000.0,7.295,1.0,354183000.0,0.11,0.0,23958000.0,33485775000.0,,1899430000.0,13275187000.0,480565000.0,12794622000.0,16394222000.0,1151006000.0,15243216000.0,14314703568.0,604750000.0,0.0,-52434000.0,-527303000.0,0.0,-579737000.0,-65072000.0,-2201000.0,1249559000.0,0.0,4978000.0,4978000.0,4978000.0,0.0,0.0,0.002,322766000.0,31417000.0,390160000.0,0.0,4.0,22.843,23.11,3508416000.0,0.0,88.05,0.787,0.788,145018000.0,2303909000.0,3228782000.0,3228782000.0,0.0,,,,,25057000.0,324891000.0,1.0,162574714.0,162673000.0,163537000.0,19.848,19972532000.0,119066000.0,-814000.0,0.0,122.777,2132725000.0
6,KMX,MRQ,2020-03-31,2020-02-29,2020-02-29,2021-10-01,-150071000.0,21082182000.0,,3663687000.0,17418495000.0,,23.068,-82719000.0,58211000.0,58211000.0,4289633000.0,214934000.0,2.387,4.594,15849163000.0,464436000.0,15384727000.0,15849163000.0,0.0,57585000.0,0.0,0.0,0.0,298940000.0,356525000.0,0.072,356525000.0,298940000.0,276633000.0,1.32,1.3,1.32,3768875000.0,,3768875000.0,29696764486.0,24.0,20.343,-201419000.0,-1.233,1.0,672857000.0,0.136,0.0,22307000.0,35338427000.0,,2846416000.0,14032754000.0,481043000.0,13551711000.0,17313307000.0,1534707000.0,15778600000.0,14265156486.0,26361000.0,0.0,-81130000.0,358968000.0,0.0,277838000.0,-132777000.0,-50058000.0,-118700000.0,0.0,214934000.0,214934000.0,214934000.0,0.0,0.0,0.043,372821000.0,300036000.0,737144000.0,0.0,3.785,16.057,16.199,3518196000.0,0.0,87.31,0.702,0.708,191090000.0,2488417000.0,4962490000.0,4962490000.0,0.0,,,,,10684000.0,484728000.0,1.0,163385139.0,163381000.0,165818000.0,30.374,21082182000.0,89842000.0,61699000.0,1389000.0,129.037,2128980000.0
7,KMX,MRQ,2019-12-31,2019-11-30,2019-11-30,2021-10-01,-82007000.0,20487230000.0,,3450244000.0,17036986000.0,,22.512,-77830000.0,56583000.0,56583000.0,4176381000.0,173156000.0,2.428,4.54,15488191000.0,437635000.0,15050556000.0,15488191000.0,0.0,54758000.0,0.0,0.0,0.0,249402000.0,304160000.0,0.063,304160000.0,249402000.0,227559000.0,1.05,1.04,1.05,3698053000.0,,3698053000.0,31249803663.0,26.0,21.903,-70280000.0,-0.428,1.0,613647000.0,0.128,0.0,21843000.0,34497797000.0,,2682574000.0,13735147000.0,458493000.0,13276654000.0,16789177000.0,1421041000.0,15368136000.0,15992466663.0,-7579000.0,0.0,-106812000.0,169402000.0,0.0,62590000.0,-77719000.0,111000.0,7550000.0,0.0,173156000.0,173156000.0,173156000.0,0.0,0.0,0.036,370815000.0,242832000.0,641434000.0,0.0,4.325,18.466,18.704,3491371000.0,0.0,97.26,0.813,0.812,142737000.0,2376596000.0,4790028000.0,4790028000.0,0.0,,,,,29290000.0,484848000.0,1.0,164430050.0,164273000.0,166534000.0,29.159,20487230000.0,67162000.0,54403000.0,1497000.0,124.715,2029203000.0
8,KMX,MRQ,2019-09-30,2019-08-31,2019-08-31,2021-10-01,-91630000.0,20140254000.0,,3384939000.0,16755315000.0,,21.841,-92376000.0,40737000.0,40737000.0,4507698000.0,233599000.0,2.424,4.577,15298074000.0,465305000.0,14832769000.0,15298074000.0,0.0,51962000.0,0.0,0.0,0.0,326610000.0,378572000.0,0.073,378572000.0,326610000.0,305537000.0,1.41,1.4,1.41,3611557000.0,,3611557000.0,28696480574.0,23.0,20.005,-261033000.0,-1.579,1.0,693453000.0,0.133,0.0,21073000.0,34000887000.0,,2604750000.0,13549333000.0,483374000.0,13065959000.0,16528697000.0,1396704000.0,15131993000.0,13790011574.0,4258000.0,0.0,-76698000.0,342370000.0,0.0,265672000.0,-92757000.0,-381000.0,-168657000.0,0.0,233599000.0,233599000.0,233599000.0,0.0,0.0,0.045,366700000.0,326753000.0,628507000.0,0.0,3.818,15.614,15.893,3437709000.0,0.0,83.28,0.719,0.718,141091000.0,2307455000.0,5201151000.0,5201151000.0,0.0,,,,,23862000.0,480831000.0,1.0,165586114.0,165354000.0,167272000.0,31.455,20140254000.0,66048000.0,71938000.0,1389000.0,121.801,1988235000.0
9,KMX,MRQ,2019-06-30,2019-05-31,2019-05-31,2021-10-01,-81206000.0,19714476000.0,,3283745000.0,16430731000.0,,20.759,-78968000.0,42197000.0,42197000.0,4623935000.0,266744000.0,2.211,4.71,14948666000.0,462164000.0,14486502000.0,14948666000.0,0.0,51506000.0,0.0,0.0,0.0,369041000.0,420547000.0,0.078,420547000.0,369041000.0,351257000.0,1.6,1.59,1.6,3452755000.0,,3452755000.0,27166861660.0,22.0,19.29,-35767000.0,-0.215,1.0,742383000.0,0.138,0.0,17784000.0,33135543000.0,,2551143000.0,13256693000.0,479436000.0,12777257000.0,16261721000.0,1485402000.0,14776319000.0,13009135660.0,37973000.0,0.0,-178710000.0,259593000.0,0.0,80883000.0,-86111000.0,-7143000.0,43201000.0,0.0,266744000.0,266744000.0,266744000.0,0.0,0.0,0.05,373701000.0,368682000.0,656902000.0,0.0,3.768,14.944,15.409,3392972000.0,0.0,78.28,0.694,0.695,133879000.0,2189522000.0,5366318000.0,5366318000.0,0.0,,,,,45025000.0,489660000.0,1.0,166187221.0,166324000.0,167643000.0,32.264,19714476000.0,56708000.0,84513000.0,78200000.0,118.531,1798343000.0
10,KMX,MRQ,2019-03-31,2019-02-28,2019-02-28,2021-10-01,-68010000.0,18717867000.0,,3214013000.0,15503854000.0,,19.795,-61313000.0,46938000.0,46938000.0,3719224000.0,192556000.0,2.451,4.576,14172884000.0,396350000.0,13776534000.0,14172884000.0,0.0,46638000.0,0.0,0.0,0.0,276805000.0,323443000.0,0.075,323443000.0,276805000.0,255829000.0,1.14,1.13,1.14,3357028000.0,,3357028000.0,24406355021.0,21.0,17.804,-12972000.0,-0.076,1.0,599378000.0,0.139,0.0,20976000.0,31532304000.0,,2519455000.0,12869156000.0,440669000.0,12428487000.0,15360839000.0,1311509000.0,14049330000.0,10562411021.0,26029000.0,0.0,-268006000.0,307210000.0,0.0,39204000.0,-61516000.0,-203000.0,48341000.0,0.0,192556000.0,192556000.0,192556000.0,0.0,0.0,0.045,325262000.0,274116000.0,593171000.0,0.0,3.146,12.538,12.857,2828058000.0,0.0,62.1,0.581,0.596,139850000.0,2104146000.0,4318602000.0,4318602000.0,0.0,,,,,13608000.0,428967000.0,1.0,170087134.0,169588000.0,170568000.0,25.465,18717867000.0,61346000.0,63273000.0,3784000.0,110.373,1902504000.0
11,KMX,MRQ,2018-12-31,2018-11-30,2018-11-30,2021-10-01,-54137000.0,18396812000.0,,3057419000.0,15339393000.0,,19.763,-72085000.0,35049000.0,35049000.0,3726634000.0,190311000.0,2.496,4.356,13878993000.0,384811000.0,13494182000.0,13878993000.0,0.0,45298000.0,0.0,0.0,0.0,266622000.0,311920000.0,0.073,311920000.0,266622000.0,247808000.0,1.09,1.09,1.09,3435113000.0,,3435113000.0,25089111525.0,22.0,18.95,-68340000.0,-0.393,1.0,569237000.0,0.133,0.0,18814000.0,31015883000.0,,2424700000.0,12725883000.0,426613000.0,12299270000.0,14961699000.0,1224873000.0,13736826000.0,11537225525.0,-29831000.0,0.0,-244745000.0,283218000.0,0.0,38473000.0,-72049000.0,36000.0,3745000.0,0.0,190311000.0,190311000.0,190311000.0,0.0,0.0,0.044,299795000.0,269442000.0,558324000.0,0.0,3.359,14.945,15.154,2800051000.0,0.0,66.07,0.643,0.64,111156000.0,2147391000.0,4295871000.0,4295871000.0,0.0,,,,,7169000.0,409520000.0,1.0,174621243.0,173816000.0,175321000.0,24.715,18396812000.0,57893000.0,57497000.0,1634000.0,105.841,1832546000.0
12,KMX,MRQ,2018-09-30,2018-08-31,2018-08-31,2021-10-01,-54435000.0,18176505000.0,,3022087000.0,15154418000.0,,19.753,-91146000.0,37147000.0,37147000.0,4115399000.0,220890000.0,2.355,4.22,13589033000.0,411712000.0,13177321000.0,13589033000.0,0.0,44968000.0,0.0,0.0,0.0,307435000.0,352403000.0,0.074,352403000.0,307435000.0,289485000.0,1.25,1.24,1.25,3482118000.0,,3482118000.0,26958863483.0,24.0,20.742,-211110000.0,-1.198,1.0,650636000.0,0.137,0.0,17950000.0,30444930000.0,,2357355000.0,12588097000.0,447642000.0,12140455000.0,14694387000.0,1283461000.0,13410926000.0,13780818483.0,-22057000.0,0.0,-131847000.0,320285000.0,0.0,188438000.0,-90531000.0,615000.0,-119964000.0,0.0,220890000.0,220890000.0,220890000.0,0.0,0.0,0.046,343887000.0,306749000.0,605535000.0,0.0,3.958,18.864,19.083,2766902000.0,0.0,78.05,0.776,0.775,104883000.0,2182978000.0,4766035000.0,4766035000.0,0.0,,,,,25236000.0,453554000.0,1.0,176563978.0,176284000.0,178200000.0,27.036,18176505000.0,56354000.0,68595000.0,0.0,103.109,1738626000.0
13,KMX,MRQ,2018-06-30,2018-05-31,2018-05-31,2021-10-01,-55045000.0,17756167000.0,,2957494000.0,14798673000.0,,18.995,-79400000.0,76348000.0,76348000.0,4131252000.0,238656000.0,2.296,4.247,13254393000.0,393241000.0,12861152000.0,13254393000.0,0.0,45343000.0,0.0,0.0,0.0,337736000.0,383079000.0,0.08,383079000.0,337736000.0,319684000.0,1.34,1.33,1.34,3383761000.0,,3383761000.0,25388201878.0,23.0,19.551,151449000.0,0.85,1.0,661340000.0,0.138,0.0,18052000.0,29646010000.0,,2260029000.0,12274156000.0,431407000.0,11842749000.0,14372406000.0,1288202000.0,13084204000.0,12314360878.0,66338000.0,0.0,-201998000.0,121904000.0,0.0,-80094000.0,-84417000.0,-5017000.0,230849000.0,0.0,238656000.0,238656000.0,238656000.0,0.0,0.0,0.05,322641000.0,338699000.0,586337000.0,0.0,3.639,17.819,17.995,2714495000.0,0.0,68.92,0.709,0.707,101351000.0,2115834000.0,4792592000.0,4792592000.0,0.0,,,,,28998000.0,438234000.0,1.0,178676159.0,178139000.0,179421000.0,26.904,17756167000.0,55494000.0,81028000.0,55991000.0,99.676,1669292000.0
14,KMX,MRQ,2018-03-31,2018-02-28,2018-02-28,2021-10-01,-54312000.0,17486272000.0,,3061444000.0,14424828000.0,,18.359,-69256000.0,44525000.0,44525000.0,3547490000.0,122146000.0,2.608,4.272,13118366000.0,365554000.0,12752812000.0,13118366000.0,0.0,46767000.0,0.0,0.0,0.0,229789000.0,276556000.0,0.068,276556000.0,229789000.0,210123000.0,0.68,0.67,0.68,3316849000.0,,3316849000.0,24181449959.0,21.0,18.399,43316000.0,0.24,1.0,536728000.0,0.131,0.0,19666000.0,29386055000.0,,2390694000.0,11935146000.0,399442000.0,11535704000.0,14169423000.0,1174058000.0,12995365000.0,11198102959.0,29269000.0,0.0,-117639000.0,102590000.0,0.0,-15049000.0,-68254000.0,1002000.0,112572000.0,0.0,122146000.0,122146000.0,122146000.0,0.0,0.0,0.03,307741000.0,228987000.0,529733000.0,0.0,3.376,16.862,17.011,2667061000.0,0.0,61.92,0.654,0.661,133321000.0,2047240000.0,4084218000.0,4084218000.0,0.0,,,,,9516000.0,408814000.0,1.0,180847916.0,180668000.0,182277000.0,22.606,17486272000.0,63256000.0,87977000.0,0.0,96.787,1887386000.0
15,KMX,MRQ,2017-12-31,2017-11-30,2017-11-30,2021-10-01,-51304000.0,17303414000.0,,3004923000.0,14298491000.0,,18.147,-72449000.0,26287000.0,26287000.0,3567829000.0,148840000.0,2.703,4.242,13009634000.0,358297000.0,12651337000.0,13009634000.0,0.0,45097000.0,0.0,0.0,0.0,242605000.0,287702000.0,0.07,287702000.0,242605000.0,225200000.0,0.82,0.81,0.82,3300727000.0,,3300727000.0,25139292677.0,22.0,18.766,-346668000.0,-1.906,1.0,539188000.0,0.131,0.0,17405000.0,29175083000.0,,2440551000.0,11765770000.0,388945000.0,11376825000.0,14002687000.0,1111678000.0,12891009000.0,12564363677.0,-14653000.0,0.0,-67531000.0,404718000.0,0.0,337187000.0,-77621000.0,-5172000.0,-274219000.0,0.0,148840000.0,148840000.0,148840000.0,0.0,0.0,0.036,296862000.0,242326000.0,519984000.0,0.0,3.807,18.089,18.327,2634442000.0,0.0,68.91,0.735,0.734,95841000.0,2028224000.0,4107017000.0,4107017000.0,0.0,,,,,15778000.0,399672000.0,1.0,182330049.0,181888000.0,184033000.0,22.58,17303414000.0,133173000.0,76360000.0,0.0,95.132,1893245000.0
16,KMX,MRQ,2017-09-30,2017-08-31,2017-08-31,2021-10-01,-59627000.0,16875733000.0,,2803335000.0,14072398000.0,,17.504,-75598000.0,25765000.0,25765000.0,3782635000.0,181424000.0,2.333,4.272,12600694000.0,366690000.0,12234004000.0,12600694000.0,0.0,44184000.0,0.0,0.0,0.0,307068000.0,351252000.0,0.08,351252000.0,307068000.0,290232000.0,0.99,0.98,0.99,3200986000.0,,3200986000.0,24520149238.0,21.0,18.446,-185994000.0,-1.017,1.0,604005000.0,0.138,0.0,16836000.0,28249105000.0,,2231769000.0,11576606000.0,404276000.0,11172330000.0,13674747000.0,1201557000.0,12473190000.0,12305062239.0,-15374000.0,0.0,-140103000.0,310880000.0,0.0,170777000.0,-75755000.0,-157000.0,-110396000.0,0.0,181424000.0,181424000.0,181424000.0,0.0,0.0,0.041,297126000.0,306879000.0,568036000.0,0.0,3.844,18.033,18.347,2602323000.0,0.0,67.15,0.738,0.736,99733000.0,1975862000.0,4386640000.0,4386640000.0,0.0,,,,,17859000.0,405062000.0,1.0,183247390.0,182868000.0,184696000.0,23.988,16875733000.0,150684000.0,108808000.0,14898000.0,92.284,1601778000.0
17,KMX,MRQ,2017-06-30,2017-05-31,2017-05-31,2021-10-01,-58229000.0,16475689000.0,,2734544000.0,13741145000.0,,17.02,-79416000.0,60080000.0,60080000.0,3893396000.0,211702000.0,2.344,4.227,12275167000.0,349297000.0,11925870000.0,12275167000.0,0.0,43894000.0,0.0,0.0,0.0,354891000.0,398785000.0,0.088,398785000.0,354891000.0,338053000.0,1.14,1.13,1.14,3152128000.0,,3152128000.0,23798923926.0,21.0,18.365,112077000.0,0.605,1.0,648938000.0,0.143,0.0,16838000.0,27524106000.0,,2148247000.0,11278536000.0,385692000.0,10892844000.0,13323561000.0,1166670000.0,12156891000.0,11667635926.0,31791000.0,0.0,-180777000.0,101308000.0,0.0,-79469000.0,-80233000.0,-817000.0,191493000.0,0.0,211702000.0,211702000.0,211702000.0,0.0,0.0,0.047,294140000.0,354798000.0,510574000.0,0.0,3.702,17.59,17.849,2557506000.0,0.0,62.83,0.716,0.714,104745000.0,1933760000.0,4542334000.0,4542334000.0,0.0,,,,,18726000.0,403503000.0,1.0,185701670.0,185200000.0,186859000.0,24.527,16475689000.0,145265000.0,126351000.0,103588000.0,88.962,1567874000.0
18,KMX,MRQ,2017-03-31,2017-02-28,2017-02-28,2021-10-01,-56555000.0,16279356000.0,,2873630000.0,13405726000.0,,16.616,-102100000.0,38416000.0,38416000.0,3487800000.0,152603000.0,2.599,4.237,12169704000.0,343266000.0,11826438000.0,12169704000.0,0.0,43221000.0,0.0,0.0,0.0,258668000.0,301889000.0,0.075,301889000.0,258668000.0,242315000.0,0.81,0.81,0.81,3108580000.0,,3108580000.0,23861612650.0,22.0,19.373,-221365000.0,-1.183,1.0,562160000.0,0.139,0.0,16353000.0,27304857000.0,,2260563000.0,10976429000.0,380353000.0,10596076000.0,13170776000.0,1105787000.0,12064989000.0,12076494650.0,60317000.0,0.0,-74670000.0,335999000.0,0.0,261329000.0,-81747000.0,20353000.0,-119265000.0,0.0,152603000.0,152603000.0,152603000.0,0.0,0.0,0.038,302515000.0,259645000.0,494989000.0,0.0,3.885,19.262,19.617,2518393000.0,0.0,64.54,0.761,0.774,152388000.0,1883283000.0,4049960000.0,4049960000.0,0.0,,,,,19569000.0,385413000.0,1.0,187116434.0,187079000.0,189143000.0,21.648,16279356000.0,150962000.0,89712000.0,1404000.0,87.019,1767843000.0
19,KMX,MRQ,2016-12-31,2016-11-30,2016-11-30,2021-10-01,-60135000.0,15760067000.0,,2684278000.0,13075789000.0,,15.938,-100230000.0,23713000.0,23713000.0,3198389000.0,136645000.0,2.612,4.227,11808831000.0,324304000.0,11484527000.0,11808831000.0,0.0,42641000.0,0.0,0.0,0.0,234732000.0,277373000.0,0.075,277373000.0,234732000.0,219661000.0,0.72,0.72,0.72,3015384000.0,,3015384000.0,22164912795.0,21.0,18.4,-403267000.0,-2.131,1.0,503135000.0,0.136,0.0,15071000.0,26517468000.0,,2170175000.0,10690358000.0,357040000.0,10333318000.0,12744683000.0,1027717000.0,11716966000.0,10999135795.0,-292318000.0,0.0,-196799000.0,283573000.0,0.0,86774000.0,-76055000.0,24175000.0,-303037000.0,0.0,136645000.0,136645000.0,136645000.0,0.0,0.0,0.037,267376000.0,235759000.0,476757000.0,0.0,3.648,17.873,18.003,2449343000.0,0.0,57.79,0.708,0.704,92003000.0,1821359000.0,3701524000.0,3701524000.0,0.0,,,,,11465000.0,356735000.0,1.0,190329396.0,189200000.0,190818000.0,19.564,15760067000.0,155995000.0,83016000.0,2071000.0,83.298,1656561000.0
20,KMX,MRQ,2016-09-30,2016-08-31,2016-08-31,2021-10-01,-66582000.0,15504332000.0,,2755347000.0,12748985000.0,,15.988,-117122000.0,316031000.0,316031000.0,3451886000.0,162362000.0,2.541,4.063,11481808000.0,351162000.0,11130646000.0,11481808000.0,0.0,42212000.0,0.0,0.0,0.0,275640000.0,317852000.0,0.08,317852000.0,275640000.0,261736000.0,0.85,0.84,0.85,3062345000.0,,3062345000.0,22079655806.0,22.0,18.703,-237738000.0,-1.241,1.0,545362000.0,0.136,0.0,13904000.0,25585746000.0,,1918803000.0,10512041000.0,380663000.0,10131378000.0,12441987000.0,1084363000.0,11357624000.0,11287463806.0,263456000.0,0.0,-99144000.0,622123000.0,0.0,522979000.0,-138907000.0,-21785000.0,-120616000.0,0.0,162362000.0,162362000.0,162362000.0,0.0,0.0,0.041,270157000.0,275205000.0,486943000.0,0.0,3.686,18.597,18.834,2326178000.0,0.0,58.95,0.734,0.734,94577000.0,1858221000.0,3997248000.0,3997248000.0,0.0,,,,,29124000.0,366126000.0,1.0,191475213.0,191539000.0,193623000.0,20.869,15504332000.0,152840000.0,99374000.0,205000.0,80.946,1670984000.0
21,KMX,MRQ,2016-06-30,2016-05-31,2016-05-31,2021-10-01,-66825000.0,14789927000.0,,2416580000.0,12373347000.0,,15.358,-97463000.0,52575000.0,52575000.0,3553749000.0,175360000.0,2.231,3.976,10844767000.0,333435000.0,10511332000.0,10844767000.0,0.0,40801000.0,0.0,0.0,0.0,293781000.0,334582000.0,0.081,334582000.0,293781000.0,282693000.0,0.91,0.9,0.91,2972285000.0,,2972285000.0,21021311155.0,20.0,17.768,-9856000.0,-0.051,1.0,572637000.0,0.139,0.0,11088000.0,24498745000.0,,1864991000.0,10217524000.0,364156000.0,9853368000.0,11817642000.0,1083374000.0,10734268000.0,10400873155.0,15181000.0,0.0,-133855000.0,184679000.0,0.0,50824000.0,-123250000.0,-25787000.0,87607000.0,0.0,175360000.0,175360000.0,175360000.0,0.0,0.0,0.042,279472000.0,293165000.0,454522000.0,0.0,3.499,16.862,17.254,2234385000.0,0.0,53.66,0.682,0.68,102541000.0,1806393000.0,4126386000.0,4126386000.0,0.0,,,,,31437000.0,380230000.0,1.0,193829168.0,193531000.0,195253000.0,21.322,14789927000.0,152328000.0,107333000.0,89991000.0,76.421,1333206000.0
22,KMX,MRQ,2016-03-31,2016-02-29,2016-02-29,2021-10-01,-70196000.0,14459911000.0,,2471781000.0,11988130000.0,,14.834,-74727000.0,37394000.0,37394000.0,3216540000.0,141027000.0,2.459,3.978,10636167000.0,315509000.0,10320658000.0,10636167000.0,0.0,36856000.0,0.0,0.0,0.0,237970000.0,274826000.0,0.074,274826000.0,237970000.0,226186000.0,0.73,0.71,0.73,2904786000.0,,2904786000.0,19627575482.0,19.0,16.582,190095000.0,0.971,1.0,489265000.0,0.132,0.0,11784000.0,24053491000.0,,1932029000.0,9880721000.0,343829000.0,9536892000.0,11555125000.0,1005193000.0,10549932000.0,9054438482.0,4048000.0,0.0,-165577000.0,40117000.0,0.0,-156598000.0,-104176000.0,-29449000.0,264822000.0,0.0,141027000.0,141027000.0,141027000.0,0.0,0.0,0.038,241527000.0,247738000.0,441746000.0,0.0,3.117,14.524,15.068,2161698000.0,0.0,46.26,0.598,0.621,132171000.0,1746804000.0,3705805000.0,3705805000.0,0.0,,,,,5793000.0,333860000.0,1.0,195729323.0,195820000.0,197434000.0,18.925,14459911000.0,161862000.0,85159000.0,2029000.0,73.843,1466588000.0
23,KMX,MRQ,2015-12-31,2015-11-30,2015-11-30,2021-10-01,-66664000.0,14381165000.0,,2634883000.0,11746282000.0,,14.465,-95007000.0,33346000.0,33346000.0,3079738000.0,128199000.0,2.853,3.939,10606483000.0,290537000.0,10315946000.0,10606483000.0,0.0,35316000.0,0.0,0.0,0.0,217978000.0,253294000.0,0.071,253294000.0,217978000.0,207957000.0,0.64,0.63,0.64,2911755000.0,,2911755000.0,21345124275.0,20.0,18.181,-391842000.0,-1.947,1.0,464331000.0,0.131,0.0,10021000.0,24030748000.0,,2153270000.0,9634499000.0,316186000.0,9318313000.0,11469410000.0,923554000.0,10545856000.0,11610976275.0,-67131000.0,0.0,-439273000.0,741046000.0,0.0,304841000.0,-75137000.0,19870000.0,-296835000.0,0.0,128199000.0,128199000.0,128199000.0,0.0,0.0,0.036,245196000.0,219135000.0,420856000.0,0.0,3.988,18.562,18.974,2105807000.0,0.0,57.3,0.776,0.771,88530000.0,1743031000.0,3544069000.0,3544069000.0,0.0,,,,,11778000.0,337512000.0,1.0,202634839.0,201291000.0,203383000.0,17.607,14381165000.0,184937000.0,79758000.0,328000.0,71.445,1711329000.0
24,KMX,MRQ,2015-09-30,2015-08-31,2015-08-31,2021-10-01,-66149000.0,13952565000.0,,2503725000.0,11448840000.0,,15.493,-86290000.0,100477000.0,100477000.0,3363543000.0,172228000.0,2.499,3.345,9834625000.0,320573000.0,9514052000.0,9834625000.0,0.0,33122000.0,0.0,0.0,0.0,287272000.0,320394000.0,0.082,320394000.0,287272000.0,279822000.0,0.83,0.82,0.83,3210984000.0,,3210984000.0,21824856360.0,21.0,18.683,-288588000.0,-1.392,1.0,521370000.0,0.134,0.0,7450000.0,22684736000.0,,1911549000.0,9451587000.0,335075000.0,9116512000.0,10741581000.0,1001977000.0,9739604000.0,12690547360.0,-251221000.0,0.0,-232150000.0,284242000.0,0.0,53482000.0,-102405000.0,-16115000.0,-202298000.0,0.0,172228000.0,172228000.0,172228000.0,0.0,0.0,0.044,232505000.0,288865000.0,453864000.0,0.0,3.952,20.228,20.401,2016520000.0,0.0,61.0,0.856,0.853,100832000.0,2012990000.0,3884913000.0,3884913000.0,0.0,,,,,10097000.0,330784000.0,1.0,208041760.0,207249000.0,209648000.0,18.745,13952565000.0,177002000.0,107594000.0,1169000.0,67.323,1501748000.0
25,KMX,MRQ,2015-06-30,2015-05-31,2015-05-31,2021-10-01,-66458000.0,13670677000.0,,2665825000.0,11004852000.0,,15.691,-58018000.0,351698000.0,351698000.0,3471094000.0,181974000.0,2.667,3.175,9486007000.0,309754000.0,9176253000.0,9486007000.0,0.0,32066000.0,0.0,0.0,0.0,303082000.0,335148000.0,0.083,335148000.0,303082000.0,295979000.0,0.87,0.86,0.87,3274666000.0,,3274666000.0,23853018490.0,24.0,21.031,59536000.0,0.285,1.0,543794000.0,0.135,0.0,7103000.0,21805413000.0,,1844077000.0,9140937000.0,328054000.0,8812883000.0,10396011000.0,999573000.0,9396438000.0,14771372490.0,324092000.0,0.0,-99903000.0,376838000.0,0.0,303615000.0,-97077000.0,-39059000.0,117554000.0,0.0,181974000.0,181974000.0,181974000.0,0.0,0.0,0.045,240671000.0,303123000.0,446453000.0,0.0,4.511,24.228,24.753,1896348000.0,0.0,71.04,1.016,1.02,103663000.0,2066753000.0,4014888000.0,4014888000.0,0.0,,,,,23409000.0,349779000.0,1.0,207930356.0,208698000.0,211652000.0,19.238,13670677000.0,165971000.0,114005000.0,59089000.0,65.505,1666252000.0
26,KMX,MRQ,2015-03-31,2015-02-28,2015-02-28,2021-10-01,-65391000.0,13198201000.0,,2590938000.0,10607263000.0,,15.049,-70921000.0,27606000.0,27606000.0,3038255000.0,143138000.0,2.598,3.181,9109252000.0,290502000.0,8818750000.0,9109252000.0,0.0,30179000.0,0.0,0.0,0.0,235015000.0,265194000.0,0.075,265194000.0,235015000.0,232832000.0,0.68,0.67,0.68,3156785000.0,,3156785000.0,22719691610.0,23.0,20.487,-254436000.0,-1.213,1.0,475837000.0,0.135,0.0,2183000.0,21282674000.0,,2086874000.0,8729626000.0,294122000.0,8435504000.0,10041416000.0,997173000.0,9044243000.0,14093878610.0,-162274000.0,0.0,-193229000.0,292865000.0,0.0,115817000.0,-94576000.0,-23655000.0,-183515000.0,0.0,143138000.0,143138000.0,143138000.0,0.0,0.0,0.041,240822000.0,235015000.0,454810000.0,0.0,4.465,23.594,24.227,1862538000.0,0.0,67.11,0.988,1.014,137690000.0,1994221000.0,3514092000.0,3514092000.0,0.0,,,,,24688000.0,330009000.0,1.0,210011602.0,209764000.0,213009000.0,16.753,13198201000.0,175738000.0,89694000.0,1554000.0,62.919,1593765000.0
27,KMX,MRQ,2014-12-31,2014-11-30,2014-11-30,2021-10-01,-45858000.0,12843406000.0,,2573252000.0,10270154000.0,,14.854,-103563000.0,189880000.0,189880000.0,2958614000.0,130049000.0,2.772,3.036,8815693000.0,265296000.0,8550397000.0,8815693000.0,0.0,29228000.0,0.0,0.0,0.0,218174000.0,247402000.0,0.073,247402000.0,218174000.0,210836000.0,0.61,0.6,0.61,3182152000.0,,3182152000.0,20160512163.0,22.0,19.404,-451559000.0,-2.108,1.0,446620000.0,0.131,0.0,7338000.0,20541037000.0,,1964673000.0,8414025000.0,275718000.0,8138307000.0,9661254000.0,928182000.0,8733072000.0,12273205163.0,-164720000.0,0.0,-305410000.0,566890000.0,0.0,265651000.0,-82375000.0,21188000.0,-347996000.0,0.0,130049000.0,130049000.0,130049000.0,0.0,0.0,0.038,228446000.0,218174000.0,459929000.0,0.0,3.857,22.177,22.522,1833600000.0,0.0,56.98,0.887,0.883,88180000.0,2042284000.0,3405234000.0,3405234000.0,0.0,,,,,19414000.0,316632000.0,1.0,215394966.0,214228000.0,217025000.0,15.895,12843406000.0,173179000.0,80787000.0,424000.0,59.952,1645070000.0
28,KMX,MRQ,2014-09-30,2014-08-31,2014-08-31,2021-10-01,-44467000.0,12399913000.0,,2516442000.0,9883471000.0,,15.391,-75755000.0,354600000.0,354600000.0,3135855000.0,154518000.0,2.775,2.693,8241907000.0,282934000.0,7958973000.0,8241907000.0,0.0,28423000.0,0.0,0.0,0.0,257992000.0,286415000.0,0.08,286415000.0,257992000.0,250641000.0,0.71,0.7,0.71,3357987000.0,,3357987000.0,18919358626.0,21.0,18.972,-303294000.0,-1.39,1.0,463339000.0,0.129,0.0,7351000.0,19380293000.0,,1708955000.0,8141336000.0,297068000.0,7844268000.0,9041926000.0,906927000.0,8134999000.0,11487855626.0,-177591000.0,0.0,-164075000.0,278213000.0,0.0,139622000.0,-89674000.0,-13919000.0,-227539000.0,0.0,154518000.0,154518000.0,154518000.0,0.0,0.0,0.043,205347000.0,257992000.0,418269000.0,0.0,3.421,21.682,21.833,1753992000.0,0.0,52.4,0.859,0.855,108859000.0,2204785000.0,3599194000.0,3599194000.0,0.0,,,,,22390000.0,297638000.0,1.0,219233886.0,218180000.0,221070000.0,16.496,12399913000.0,165450000.0,96123000.0,244000.0,56.833,1609515000.0
29,KMX,MRQ,2014-06-30,2014-05-31,2014-05-31,2021-10-01,-45776000.0,12148960000.0,,2636736000.0,9512224000.0,,15.115,-53709000.0,532191000.0,532191000.0,3248465000.0,169653000.0,2.74,2.649,7963694000.0,274929000.0,7688765000.0,7963694000.0,0.0,27343000.0,0.0,0.0,0.0,282623000.0,309966000.0,0.083,309966000.0,282623000.0,275022000.0,0.77,0.76,0.77,3329372000.0,,3329372000.0,16739409434.0,19.0,17.248,-262789000.0,-1.193,1.0,501731000.0,0.134,0.0,7601000.0,18618305000.0,,1681800000.0,7838318000.0,290653000.0,7547665000.0,8819588000.0,962158000.0,7857430000.0,9783900434.0,-95710000.0,0.0,-171804000.0,374987000.0,0.0,207489000.0,-94119000.0,-40410000.0,-209080000.0,0.0,169653000.0,169653000.0,169653000.0,0.0,0.0,0.045,219108000.0,282623000.0,433115000.0,0.0,2.939,18.976,19.099,1696940000.0,0.0,44.31,0.752,0.75,97810000.0,2229709000.0,3750196000.0,3750196000.0,0.0,,,,,15388000.0,313446000.0,1.0,220805697.0,220268000.0,223632000.0,17.026,12148960000.0,158985000.0,105369000.0,94816000.0,55.155,1674578000.0
30,KMX,MRQ,2014-03-31,2014-02-28,2014-02-28,2021-10-01,-46271000.0,11707157000.0,,2643224000.0,9063933000.0,,14.884,-97465000.0,627901000.0,627901000.0,2692142000.0,99209000.0,3.019,2.529,7583410000.0,242979000.0,7340431000.0,7583410000.0,0.0,27928000.0,0.0,0.0,0.0,167254000.0,195182000.0,0.063,195182000.0,167254000.0,159708000.0,0.44,0.43,0.44,3316997000.0,,3316997000.0,17455951680.0,21.0,18.768,-217488000.0,-0.976,1.0,384141000.0,0.125,0.0,7546000.0,17787169000.0,,1641424000.0,7407147000.0,259299000.0,7147848000.0,8390160000.0,875497000.0,7514663000.0,10810725680.0,-36857000.0,0.0,-91467000.0,273037000.0,0.0,191148000.0,-107982000.0,-10517000.0,-120023000.0,0.0,99209000.0,99209000.0,99209000.0,0.0,0.0,0.032,216887000.0,167254000.0,427492000.0,0.0,3.259,21.947,22.014,1652977000.0,0.0,48.43,0.86,0.861,79923000.0,2214216000.0,3076283000.0,3076283000.0,0.0,,,,,11532000.0,297454000.0,1.0,223223739.0,222863000.0,226726000.0,13.803,11707157000.0,160065000.0,60499000.0,2438000.0,52.531,1767727000.0
31,KMX,MRQ,2013-12-31,2013-11-30,2013-11-30,2021-10-01,-57127000.0,11303875000.0,,2558794000.0,8745081000.0,,14.729,-76462000.0,664758000.0,664758000.0,2559686000.0,106452000.0,3.418,2.438,7309984000.0,233659000.0,7076325000.0,7309984000.0,0.0,24823000.0,0.0,0.0,0.0,180849000.0,205672000.0,0.07,205672000.0,180849000.0,173200000.0,0.48,0.47,0.48,3288369000.0,,3288369000.0,17570227108.0,21.0,18.7,-305993000.0,-1.371,1.0,381721000.0,0.13,0.0,7649000.0,17200500000.0,,1556277000.0,7139106000.0,246795000.0,6892311000.0,8015506000.0,748601000.0,7266905000.0,11245429108.0,-85274000.0,0.0,-12256000.0,235154000.0,0.0,224271000.0,-80014000.0,-3552000.0,-229531000.0,0.0,106452000.0,106452000.0,106452000.0,0.0,0.0,0.036,200872000.0,180849000.0,367478000.0,0.0,3.42,22.464,22.578,1588633000.0,0.0,50.35,0.912,0.912,68027000.0,2219943000.0,2941407000.0,2941407000.0,0.0,,,,,16946000.0,284366000.0,1.0,223345166.0,223259000.0,227417000.0,13.175,11303875000.0,153932000.0,66748000.0,8554000.0,50.631,1810193000.0
32,KMX,MRQ,2013-09-30,2013-08-31,2013-08-31,2021-10-01,-53909000.0,10933774000.0,,2481410000.0,8452364000.0,,14.243,-93860000.0,750032000.0,750032000.0,2810809000.0,140274000.0,3.4,2.433,7074830000.0,237010000.0,6837820000.0,7074830000.0,0.0,24825000.0,0.0,0.0,0.0,234886000.0,259711000.0,0.08,259711000.0,234886000.0,227125000.0,0.63,0.62,0.63,3184779000.0,,3184779000.0,16625776617.0,20.0,18.096,-279890000.0,-1.252,1.0,434743000.0,0.134,0.0,7761000.0,16528653000.0,,1364016000.0,6917325000.0,251340000.0,6665985000.0,7748995000.0,729919000.0,7019076000.0,10632921617.0,24765000.0,0.0,-45514000.0,356708000.0,0.0,312968000.0,-102173000.0,-8313000.0,-186030000.0,0.0,140274000.0,140274000.0,140274000.0,0.0,0.0,0.043,199857000.0,234886000.0,346152000.0,0.0,3.339,21.752,22.019,1535431000.0,0.0,47.56,0.887,0.887,85549000.0,2126765000.0,3245552000.0,3245552000.0,0.0,,,,,15061000.0,283206000.0,1.0,223568579.0,223610000.0,227634000.0,14.514,10933774000.0,150467000.0,86851000.0,1808000.0,48.897,1751491000.0
33,KMX,MRQ,2013-06-30,2013-05-31,2013-05-31,2021-10-01,-57510000.0,10450454000.0,,2454773000.0,7995681000.0,,13.692,-37435000.0,725267000.0,725267000.0,2862961000.0,146651000.0,3.456,2.398,6718122000.0,224915000.0,6493207000.0,6718122000.0,0.0,24335000.0,0.0,0.0,0.0,245167000.0,269502000.0,0.081,269502000.0,245167000.0,237289000.0,0.65,0.64,0.65,3075382000.0,,3075382000.0,16259007657.0,21.0,18.651,-115014000.0,-0.512,1.0,448096000.0,0.135,0.0,7878000.0,15733075000.0,,1398200000.0,6551161000.0,240715000.0,6310446000.0,7375072000.0,710234000.0,6664838000.0,10499335657.0,275903000.0,0.0,-119011000.0,509086000.0,0.0,399994000.0,-46512000.0,-9077000.0,-77579000.0,0.0,146651000.0,146651000.0,146651000.0,0.0,0.0,0.044,203170000.0,244926000.0,316640000.0,0.0,3.414,22.815,23.153,1444128000.0,0.0,46.77,0.913,0.914,70452000.0,2030041000.0,3311057000.0,3311057000.0,0.0,,,,,22941000.0,290189000.0,1.0,224488682.0,224618000.0,228552000.0,14.741,10450454000.0,142895000.0,90638000.0,58965000.0,46.525,1744539000.0
34,KMX,MRQ,2013-03-31,2013-02-28,2013-02-28,2021-10-01,-59808000.0,9888602000.0,,2310131000.0,7578471000.0,,13.28,-50765000.0,449364000.0,449364000.0,2458713000.0,107221000.0,3.377,2.275,6209036000.0,199409000.0,6009627000.0,6209036000.0,0.0,24562000.0,0.0,0.0,0.0,180148000.0,204710000.0,0.072,204710000.0,180148000.0,172151000.0,0.47,0.46,0.47,3019167000.0,,3019167000.0,14057350928.0,19.0,16.957,-329978000.0,-1.451,1.0,369235000.0,0.131,0.0,7997000.0,14964101000.0,,1517813000.0,6120205000.0,224287000.0,5895918000.0,6869435000.0,684173000.0,6185262000.0,8763982928.0,4254000.0,0.0,-118404000.0,470558000.0,0.0,359526000.0,-76059000.0,-25294000.0,-279213000.0,0.0,107221000.0,107221000.0,107221000.0,0.0,0.0,0.038,189517000.0,179718000.0,336721000.0,0.0,2.903,20.18,20.216,1428970000.0,0.0,38.41,0.799,0.799,91961000.0,1993772000.0,2827948000.0,2827948000.0,0.0,,,,,15515000.0,265475000.0,1.0,228169303.0,227342000.0,231148000.0,12.439,9888602000.0,151068000.0,64930000.0,222000.0,43.497,1625958000.0
35,KMX,MRQ,2012-12-31,2012-11-30,2012-11-30,2021-10-01,-51745000.0,9297683000.0,,2085364000.0,7212319000.0,,13.209,-81024000.0,445110000.0,445110000.0,2257227000.0,94681000.0,3.622,2.075,5738478000.0,185990000.0,5552488000.0,5738478000.0,0.0,24279000.0,0.0,0.0,0.0,160530000.0,184809000.0,0.071,184809000.0,160530000.0,152465000.0,0.41,0.41,0.41,3023669000.0,,3023669000.0,13281202086.0,19.0,16.447,-294320000.0,-1.286,1.0,345219000.0,0.133,0.0,8065000.0,14015359000.0,,1339044000.0,5756395000.0,204360000.0,5552035000.0,6274014000.0,575692000.0,5698322000.0,8296754086.0,-13457000.0,0.0,-25814000.0,295463000.0,0.0,276547000.0,-76708000.0,4316000.0,-213296000.0,0.0,94681000.0,94681000.0,94681000.0,0.0,0.0,0.036,184828000.0,160391000.0,272807000.0,0.0,2.744,19.656,19.6,1411588000.0,0.0,36.26,0.782,0.782,62660000.0,2019289000.0,2602446000.0,2602446000.0,0.0,,,,,16391000.0,257282000.0,1.0,228812854.0,228904000.0,232656000.0,11.369,9297683000.0,156886000.0,57784000.0,266000.0,40.618,1509672000.0
36,KMX,MRQ,2012-09-30,2012-08-31,2012-08-31,2021-10-01,-53411000.0,8871440000.0,,1961548000.0,6909892000.0,,12.916,-56282000.0,458567000.0,458567000.0,2390011000.0,111636000.0,3.73,2.008,5443015000.0,187685000.0,5255330000.0,5443015000.0,0.0,23460000.0,0.0,0.0,0.0,189254000.0,212714000.0,0.077,212714000.0,189254000.0,181102000.0,0.49,0.48,0.49,2949587000.0,,2949587000.0,11719175721.0,17.0,14.949,-226694000.0,-0.993,1.0,367993000.0,0.133,0.0,8152000.0,13330049000.0,,1198013000.0,5519963000.0,204731000.0,5315232000.0,5921853000.0,525839000.0,5396014000.0,6985230721.0,2154000.0,0.0,1680000.0,252657000.0,0.0,254654000.0,-82088000.0,-25806000.0,-170412000.0,0.0,111636000.0,111636000.0,111636000.0,0.0,0.0,0.04,178998000.0,188995000.0,221430000.0,0.0,2.368,17.057,16.994,1347313000.0,0.0,30.59,0.68,0.68,70426000.0,1976901000.0,2758004000.0,2758004000.0,0.0,,,,,14614000.0,254674000.0,1.0,228350138.0,228366000.0,231696000.0,12.077,8871440000.0,151459000.0,69466000.0,557000.0,38.847,1435709000.0
37,KMX,MRQ,2012-06-30,2012-05-31,2012-05-31,2021-10-01,-60795000.0,8598163000.0,,1931007000.0,6667156000.0,,12.382,-47636000.0,456413000.0,456413000.0,2392505000.0,120746000.0,3.122,2.049,5190358000.0,167789000.0,5022569000.0,5190358000.0,0.0,22982000.0,0.0,0.0,0.0,203776000.0,226758000.0,0.082,226758000.0,203776000.0,195633000.0,0.53,0.52,0.53,2820348000.0,,2820348000.0,11018249570.0,16.0,14.138,-163156000.0,-0.716,1.0,381915000.0,0.138,0.0,8143000.0,12713592000.0,,1210196000.0,5314479000.0,182316000.0,5132163000.0,5777815000.0,618516000.0,5159299000.0,6408201570.0,13755000.0,0.0,2529000.0,137652000.0,0.0,149694000.0,-20419000.0,27217000.0,-115520000.0,0.0,120746000.0,120746000.0,120746000.0,0.0,0.0,0.044,178424000.0,203491000.0,293924000.0,0.0,2.272,15.666,15.672,1305462000.0,0.0,28.21,0.635,0.636,65705000.0,1865265000.0,2774420000.0,2774420000.0,0.0,,,,,15592000.0,253603000.0,1.0,227160637.0,227773000.0,231802000.0,12.181,8598163000.0,136702000.0,74887000.0,48070000.0,37.749,1312491000.0
38,KMX,MRQ,2012-03-31,2012-02-29,2012-02-29,2021-10-01,-62459000.0,8331543000.0,,1853448000.0,6478095000.0,,11.785,-66618000.0,442658000.0,442658000.0,2137677000.0,95031000.0,2.868,2.117,5052706000.0,189388000.0,4863318000.0,5052706000.0,0.0,22116000.0,0.0,0.0,0.0,161111000.0,183227000.0,0.074,183227000.0,161111000.0,152760000.0,0.42,0.41,0.42,2673112000.0,,2673112000.0,11065048320.0,16.0,14.124,-135115000.0,-0.596,1.0,338172000.0,0.137,0.0,8351000.0,12295278000.0,,1092592000.0,5164161000.0,204314000.0,4959847000.0,5658431000.0,646313000.0,5012118000.0,6953920320.0,59247000.0,0.0,10538000.0,215815000.0,0.0,228611000.0,-100867000.0,-34249000.0,-68497000.0,0.0,95031000.0,95031000.0,95031000.0,0.0,0.0,0.038,177406000.0,160766000.0,324827000.0,0.0,2.601,16.805,16.77,1278722000.0,0.0,30.69,0.695,0.694,86434000.0,1744519000.0,2475849000.0,2475849000.0,0.0,,,,,10941000.0,243479000.0,1.0,226585869.0,226816000.0,231297000.0,10.916,8331543000.0,143072000.0,57729000.0,3125000.0,36.733,1207135000.0
39,KMX,MRQ,2011-12-31,2011-11-30,2011-11-30,2021-10-01,-39257000.0,7633401000.0,,1648399000.0,5985002000.0,,11.645,-25765000.0,383411000.0,383411000.0,1957295000.0,82110000.0,3.102,1.895,4494539000.0,148780000.0,4345759000.0,4494539000.0,0.0,21242000.0,0.0,0.0,0.0,139985000.0,161227000.0,0.071,161227000.0,139985000.0,131626000.0,0.36,0.36,0.36,2636852000.0,,2636852000.0,10658895433.0,15.0,13.314,56492000.0,0.249,1.0,303219000.0,0.134,0.0,8359000.0,11213213000.0,,1013183000.0,4982196000.0,174392000.0,4807804000.0,4996549000.0,531316000.0,4465233000.0,6512127433.0,201498000.0,0.0,677000.0,162815000.0,0.0,163639000.0,-44398000.0,-18633000.0,82257000.0,0.0,82110000.0,82110000.0,82110000.0,0.0,0.0,0.036,163140000.0,140079000.0,246393000.0,0.0,2.47,16.084,16.067,988300000.0,0.0,28.76,0.666,0.666,54522000.0,1704082000.0,2260514000.0,2260514000.0,0.0,,,,,10845000.0,225765000.0,1.0,226430022.0,226446000.0,230632000.0,9.983,7633401000.0,100790000.0,49516000.0,13069000.0,33.71,1117083000.0
40,KMX,MRQ,2011-09-30,2011-08-31,2011-08-31,2021-10-01,-33416000.0,7358975000.0,,1495819000.0,5863156000.0,,11.278,-49179000.0,181913000.0,181913000.0,2233544000.0,111154000.0,3.051,1.883,4328681000.0,131713000.0,4196968000.0,4328681000.0,0.0,19825000.0,0.0,0.0,0.0,188324000.0,208149000.0,0.08,208149000.0,188324000.0,179860000.0,0.49,0.48,0.49,2552222000.0,,2552222000.0,10376581410.0,15.0,13.166,-150007000.0,-0.663,1.0,354275000.0,0.137,0.0,8464000.0,11015453000.0,,1061309000.0,4854018000.0,154944000.0,4699074000.0,4806753000.0,490290000.0,4316463000.0,6360413410.0,25910000.0,0.0,6494000.0,153605000.0,0.0,161396000.0,-34658000.0,14521000.0,-100828000.0,0.0,111154000.0,111154000.0,111154000.0,0.0,0.0,0.043,166061000.0,188214000.0,243473000.0,0.0,2.492,15.699,15.617,976901000.0,0.0,28.11,0.66,0.66,64849000.0,1621288000.0,2587819000.0,2587819000.0,0.0,,,,,11293000.0,229887000.0,1.0,226268709.0,226300000.0,230681000.0,11.435,7358975000.0,99493000.0,68706000.0,7451000.0,32.519,1005529000.0
41,KMX,MRQ,2011-06-30,2011-05-31,2011-05-31,2021-10-01,-28007000.0,7160031000.0,,1540953000.0,5619078000.0,,10.775,-31046000.0,156003000.0,156003000.0,2296322000.0,125500000.0,2.671,1.946,4172171000.0,142924000.0,4029247000.0,4172171000.0,0.0,19629000.0,0.0,0.0,0.0,211204000.0,230833000.0,0.086,230833000.0,211204000.0,202664000.0,0.56,0.54,0.56,2430426000.0,,2430426000.0,10702785244.0,16.0,13.879,-6142000.0,-0.027,1.0,383095000.0,0.143,0.0,8540000.0,10599370000.0,,1116341000.0,4653708000.0,170096000.0,4483612000.0,4729605000.0,576829000.0,4152776000.0,6700121244.0,114882000.0,0.0,-2132000.0,125574000.0,0.0,129457000.0,-39479000.0,-8433000.0,24904000.0,0.0,125500000.0,125500000.0,125500000.0,0.0,0.0,0.047,171994000.0,211101000.0,288073000.0,0.0,2.757,16.672,16.57,949623000.0,0.0,29.66,0.713,0.712,85058000.0,1509393000.0,2679417000.0,2679417000.0,0.0,,,,,15010000.0,241655000.0,1.0,225897547.0,225570000.0,230278000.0,11.878,7160031000.0,90861000.0,77164000.0,38236000.0,31.742,964124000.0
42,KMX,MRQ,2011-03-31,2011-02-28,2011-02-28,2021-10-01,-25057000.0,7125549000.0,,1410098000.0,5715451000.0,,9.962,-38044000.0,41121000.0,41121000.0,1931981000.0,86127000.0,2.698,2.182,4394897000.0,146138000.0,4248759000.0,4394897000.0,0.0,32664000.0,0.0,0.0,0.0,167721000.0,200385000.0,0.089,200385000.0,167721000.0,135327000.0,0.38,0.37,0.38,2239249000.0,,2239249000.0,11959082787.0,19.0,16.628,-22314000.0,-0.099,1.0,320652000.0,0.142,0.0,32394000.0,10956654000.0,,1049477000.0,4481627000.0,161052000.0,4320575000.0,4886300000.0,522671000.0,4363629000.0,7977820787.0,-33270000.0,0.0,6332000.0,-22308000.0,0.0,-14381000.0,-34619000.0,3425000.0,15730000.0,0.0,86127000.0,86127000.0,86127000.0,0.0,0.0,0.038,153031000.0,167621000.0,269763000.0,0.0,3.563,21.134,21.054,1175317000.0,0.0,35.37,0.889,0.881,119597000.0,1330724000.0,2252633000.0,2252633000.0,0.0,,,,,10006000.0,207170000.0,1.0,225553316.0,224775000.0,229632000.0,10.022,7125549000.0,128876000.0,49200000.0,772000.0,31.701,887427000.0
43,KMX,MRQ,2010-12-31,2010-11-30,2010-11-30,2021-10-01,-29308000.0,6695392000.0,,1337500000.0,5357892000.0,,9.75,-23296000.0,74391000.0,74391000.0,1821219000.0,82364000.0,2.85,2.066,4055653000.0,140257000.0,3915396000.0,4055653000.0,0.0,14609000.0,0.0,0.0,0.0,134146000.0,148755000.0,0.07,148755000.0,134146000.0,133345000.0,0.37,0.36,0.37,2183485000.0,,2183485000.0,11379546729.0,18.0,16.287,-36318000.0,-0.162,1.0,297910000.0,0.141,0.0,801000.0,10207400000.0,,1002982000.0,4440357000.0,165785000.0,4274572000.0,4511907000.0,469254000.0,4042653000.0,7397719729.0,19228000.0,0.0,25558000.0,18663000.0,0.0,48994000.0,-16744000.0,6552000.0,-13022000.0,0.0,82364000.0,82364000.0,82364000.0,0.0,0.0,0.039,163962000.0,133948000.0,218037000.0,0.0,3.388,20.385,20.309,893421000.0,0.0,32.9,0.865,0.861,66045000.0,1293595000.0,2119129000.0,2119129000.0,0.0,,,,,11643000.0,219707000.0,1.0,224854703.0,223953000.0,228471000.0,9.462,6695392000.0,103366000.0,50981000.0,524000.0,29.896,868246000.0
44,KMX,MRQ,2010-09-30,2010-08-31,2010-08-31,2021-10-01,-25589000.0,6577179000.0,,1234572000.0,5342607000.0,,9.284,-6078000.0,55163000.0,55163000.0,1992762000.0,107885000.0,2.541,2.179,4036990000.0,141198000.0,3895792000.0,4036990000.0,0.0,14616000.0,0.0,0.0,0.0,176588000.0,191204000.0,0.082,191204000.0,176588000.0,175175000.0,0.48,0.48,0.48,2069003000.0,,2069003000.0,8349973389.0,14.0,12.264,-71152000.0,-0.319,1.0,349118000.0,0.149,0.0,1413000.0,10073168000.0,,929170000.0,4429164000.0,166574000.0,4262590000.0,4508176000.0,485838000.0,4022338000.0,4458862389.0,41455000.0,0.0,1032000.0,130432000.0,0.0,131719000.0,-25190000.0,-19112000.0,-65074000.0,0.0,107885000.0,107885000.0,107885000.0,0.0,0.0,0.046,172632000.0,176486000.0,236997000.0,0.0,2.155,12.556,12.535,880197000.0,0.0,19.93,0.546,0.544,65982000.0,1211231000.0,2341880000.0,2341880000.0,0.0,,,,,8496000.0,225236000.0,1.0,223726161.0,222857000.0,226132000.0,10.508,6577179000.0,109383000.0,67290000.0,15499000.0,29.513,748734000.0
45,KMX,MRQ,2010-06-30,2010-05-31,2010-05-31,2021-10-01,-20376000.0,6371950000.0,,1155758000.0,5216192000.0,,8.812,-9154000.0,13708000.0,13708000.0,1928364000.0,101119000.0,2.033,2.254,3904819000.0,177775000.0,3727044000.0,3904819000.0,118173000.0,14432000.0,0.0,0.0,0.0,164431000.0,178863000.0,0.079,178863000.0,164431000.0,164359000.0,0.45,0.44,0.45,1958287000.0,,1958287000.0,4980833214.0,8.0,7.402,46454000.0,0.209,1.0,333548000.0,0.147,0.0,72000.0,9694615000.0,,894665000.0,4283495000.0,147016000.0,4136479000.0,4413663000.0,568446000.0,3845217000.0,4848540214.0,-4570000.0,0.0,5355000.0,-72162000.0,0.0,-64519000.0,4341000.0,13495000.0,55608000.0,0.0,101119000.0,101119000.0,101119000.0,0.0,0.0,0.045,169197000.0,164351000.0,251162000.0,0.0,2.476,13.844,13.753,886652000.0,0.0,21.73,0.614,0.611,84898000.0,1103346000.0,2261912000.0,2261912000.0,0.0,,,,,13461000.0,226692000.0,1.0,223126563.0,222221000.0,226179000.0,10.179,6371950000.0,103051000.0,63240000.0,51637000.0,28.674,587312000.0
46,KMX,MRQ,2010-03-31,2010-02-28,2010-02-28,2021-10-01,-19546000.0,2556191000.0,,1556412000.0,999779000.0,,8.743,-3479000.0,18278000.0,18278000.0,1568024000.0,71536000.0,3.261,0.322,150571000.0,123200000.0,27371000.0,150571000.0,0.0,31281000.0,0.0,0.0,0.0,148566000.0,179847000.0,0.098,179847000.0,148566000.0,115660000.0,0.32,0.32,0.32,1933582000.0,,1933582000.0,4631230788.0,10.0,8.305,-434000.0,-0.002,1.0,265221000.0,0.145,0.0,32906000.0,2211133000.0,,843133000.0,30578000.0,30578000.0,0.0,622609000.0,477351000.0,145258000.0,4499518788.0,3066000.0,0.0,7989000.0,-5585000.0,0.0,3500000.0,-3479000.0,0.0,3045000.0,0.0,71536000.0,71536000.0,71536000.0,0.0,0.0,0.039,116797000.0,148424000.0,253267000.0,0.0,2.327,16.194,16.152,893453000.0,0.0,20.19,0.602,0.593,99434000.0,1647838000.0,1833245000.0,1833245000.0,0.0,,,,,7161000.0,175714000.0,1.0,222858781.0,221168000.0,224898000.0,8.289,2556191000.0,62829000.0,44124000.0,6327000.0,11.558,1079061000.0
47,KMX,MRQ,2009-12-31,2009-11-30,2009-11-30,2021-10-01,-16854000.0,2410267000.0,,1392341000.0,1017926000.0,,8.383,-4015000.0,15212000.0,15212000.0,1483114000.0,74589000.0,3.256,0.306,146924000.0,119391000.0,27533000.0,146924000.0,109120000.0,14368000.0,0.0,0.0,0.0,116574000.0,130942000.0,0.076,130942000.0,116574000.0,115900000.0,0.34,0.33,0.34,1845974000.0,,1845974000.0,4667092018.0,12.0,10.299,103751000.0,0.471,1.0,242863000.0,0.141,0.0,674000.0,2114339000.0,,751297000.0,18822000.0,18822000.0,0.0,564293000.0,427640000.0,136653000.0,4409931018.0,-107135000.0,0.0,19499000.0,-232584000.0,0.0,-210886000.0,-4015000.0,0.0,107766000.0,0.0,74589000.0,74589000.0,74589000.0,0.0,0.0,0.043,126334000.0,116529000.0,191170000.0,0.0,2.389,18.086,17.91,905564000.0,0.0,19.88,0.62,0.616,68314000.0,1541384000.0,1725977000.0,1725977000.0,0.0,,,,,8043000.0,192140000.0,1.0,221827516.0,220204000.0,223879000.0,7.838,2410267000.0,70728000.0,41311000.0,16504000.0,10.946,964701000.0
48,KMX,MRQ,2009-09-30,2009-08-31,2009-08-31,2021-10-01,-16854000.0,2587300000.0,,1521582000.0,1065718000.0,,7.974,-8666000.0,122347000.0,122347000.0,1762122000.0,102971000.0,2.738,0.483,379508000.0,201792000.0,177716000.0,379508000.0,109622000.0,14547000.0,0.0,0.0,0.0,168747000.0,183294000.0,0.088,183294000.0,168747000.0,167399000.0,0.47,0.46,0.47,1744227000.0,,1744227000.0,4097295005.0,17.0,13.512,19462000.0,0.089,1.0,314549000.0,0.151,0.0,1348000.0,2288726000.0,,790081000.0,25679000.0,25679000.0,0.0,843073000.0,555735000.0,287338000.0,3813303005.0,-11233000.0,0.0,6556000.0,-38064000.0,0.0,-30961000.0,-8400000.0,-181000.0,28128000.0,0.0,102971000.0,102971000.0,102971000.0,0.0,0.0,0.05,145992000.0,168557000.0,224835000.0,0.0,2.186,25.876,25.836,916162000.0,0.0,17.31,0.558,0.554,79110000.0,1431632000.0,2076671000.0,2076671000.0,0.0,,,,,10161000.0,218122000.0,1.0,220294801.0,218747000.0,221334000.0,9.493,2587300000.0,108751000.0,64428000.0,36183000.0,11.828,965847000.0
49,KMX,MRQ,2009-06-30,2009-05-31,2009-05-31,2021-10-01,-16854000.0,2550676000.0,,1453504000.0,1097172000.0,,7.461,-5612000.0,133580000.0,133580000.0,1558063000.0,28748000.0,2.27,0.568,417572000.0,239683000.0,177889000.0,417572000.0,106106000.0,15032000.0,0.0,0.0,0.0,48559000.0,63591000.0,0.035,63591000.0,48559000.0,47493000.0,0.13,0.13,0.13,1626466000.0,,1626466000.0,2667043266.0,26.0,16.863,-85029000.0,-0.39,1.0,276237000.0,0.151,0.0,1066000.0,2194453000.0,,781085000.0,22539000.0,22539000.0,0.0,924210000.0,640215000.0,283995000.0,2470593266.0,-7017000.0,0.0,-2737000.0,80525000.0,0.0,77827000.0,-5427000.0,185000.0,-79417000.0,0.0,28748000.0,28748000.0,28748000.0,0.0,0.0,0.016,227861000.0,48376000.0,252702000.0,0.0,1.519,42.303,43.115,922950000.0,0.0,11.21,0.374,0.37,74692000.0,1275841000.0,1834300000.0,1834300000.0,0.0,,,,,12493000.0,206225000.0,1.0,220391906.0,218004000.0,218840000.0,8.414,2550676000.0,124819000.0,18745000.0,65989000.0,11.7,813289000.0
50,KMX,MRQ,2009-03-31,2009-02-28,2009-02-28,2021-10-01,-16860000.0,2379187000.0,,1287752000.0,1091435000.0,,7.316,-15750000.0,140597000.0,140597000.0,1240210000.0,37523000.0,2.624,0.493,337047000.0,158985000.0,178062000.0,337047000.0,117288000.0,13362000.0,0.0,0.0,0.0,61964000.0,75326000.0,0.051,75326000.0,61964000.0,60938000.0,0.17,0.17,0.17,1593067000.0,,1593067000.0,2215877331.0,22.0,14.058,-57787000.0,-0.265,1.0,230307000.0,0.157,0.0,1026000.0,2084867000.0,,703157000.0,9748000.0,9748000.0,0.0,786120000.0,490770000.0,295350000.0,2078370331.0,2453000.0,0.0,200000.0,60014000.0,0.0,60218000.0,-15728000.0,22000.0,-42037000.0,0.0,37523000.0,37523000.0,37523000.0,0.0,0.0,0.026,168776000.0,61531000.0,237312000.0,0.0,1.305,35.1,34.926,938259000.0,0.0,9.43,0.298,0.294,75876000.0,1162055000.0,1470517000.0,1470517000.0,0.0,,,,,8398000.0,196744000.0,1.0,220399823.0,217744000.0,218394000.0,6.753,2379187000.0,103163000.0,23415000.0,38680000.0,10.927,796982000.0
51,KMX,MRQ,2008-12-31,2008-11-30,2008-11-30,2021-10-01,-337000.0,2218182000.0,,1130256000.0,1087926000.0,,7.182,656000.0,138144000.0,138144000.0,1256396000.0,-21874000.0,2.978,0.419,275651000.0,98968000.0,176683000.0,275651000.0,98303000.0,13885000.0,0.0,0.0,0.0,-32871000.0,-18986000.0,-0.013,-18986000.0,-32871000.0,-34396000.0,-0.1,-0.1,-0.1,1563703000.0,,1563703000.0,1904246907.0,25.0,14.479,88383000.0,0.406,1.0,199236000.0,0.137,0.0,1525000.0,1976196000.0,,601506000.0,20910000.0,20910000.0,0.0,654479000.0,379493000.0,274986000.0,1677470907.0,127227000.0,0.0,862000.0,37958000.0,0.0,38844000.0,656000.0,0.0,87727000.0,0.0,-21874000.0,-21874000.0,-21874000.0,0.0,0.0,-0.015,232842000.0,-33606000.0,177144000.0,0.0,1.073,38.546,40.053,948106000.0,0.0,7.61,0.222,0.219,45816000.0,1091265000.0,1455632000.0,1455632000.0,0.0,,,,,7943000.0,217482000.0,1.0,220429817.0,217712000.0,217712000.0,6.686,2218182000.0,89315000.0,-12522000.0,32598000.0,10.189,750763000.0
52,KMX,MRQ,2008-09-30,2008-08-31,2008-08-31,2021-10-01,-16347000.0,2264152000.0,,1163311000.0,1100841000.0,,7.173,-60758000.0,10917000.0,10917000.0,1583141000.0,14006000.0,2.965,0.45,237693000.0,60829000.0,176864000.0,237693000.0,134049000.0,14246000.0,0.0,0.0,0.0,23978000.0,38224000.0,0.021,38224000.0,23978000.0,22501000.0,0.06,0.06,0.06,1560946000.0,,1560946000.0,3565055175.0,22.0,16.844,78787000.0,0.362,1.0,255913000.0,0.139,0.0,1477000.0,2098635000.0,,736131000.0,31037000.0,31037000.0,0.0,703206000.0,392293000.0,310913000.0,3261538175.0,-974000.0,0.0,871000.0,-77715000.0,0.0,-76615000.0,-63904000.0,-3146000.0,139545000.0,0.0,14006000.0,14006000.0,14006000.0,0.0,0.0,0.008,232289000.0,23624000.0,228578000.0,0.0,2.089,34.246,34.419,960524000.0,0.0,14.8,0.409,0.404,59149000.0,1109171000.0,1839054000.0,1839054000.0,0.0,,,,,9174000.0,225148000.0,1.0,220374201.0,217600000.0,219956000.0,8.452,2264152000.0,89420000.0,8495000.0,40848000.0,10.405,771018000.0
53,KMX,MRQ,2008-06-30,2008-05-31,2008-05-31,2021-10-01,-16559000.0,2376073000.0,,1323187000.0,1052886000.0,,7.079,-75507000.0,11891000.0,11891000.0,1926049000.0,29558000.0,2.768,0.546,315408000.0,88391000.0,227017000.0,315408000.0,134124000.0,13248000.0,0.0,0.0,0.0,49813000.0,63061000.0,0.029,63061000.0,49813000.0,47755000.0,0.13,0.13,0.13,1536841000.0,,1536841000.0,4612944676.0,19.0,15.743,3849000.0,0.018,1.0,282714000.0,0.128,0.0,2058000.0,2201499000.0,,933957000.0,10009000.0,10009000.0,0.0,839232000.0,478091000.0,361141000.0,4298078676.0,-1074000.0,0.0,8229000.0,-12423000.0,0.0,-4060000.0,-76370000.0,-863000.0,79356000.0,0.0,29558000.0,29558000.0,29558000.0,0.0,0.0,0.013,233165000.0,49549000.0,274560000.0,0.0,2.797,29.393,29.343,926348000.0,0.0,19.66,0.52,0.517,75393000.0,1052751000.0,2208763000.0,2208763000.0,0.0,,,,,9921000.0,242984000.0,1.0,218620482.0,217094000.0,220484000.0,10.174,2376073000.0,79352000.0,18197000.0,44747000.0,10.945,845096000.0
54,KMX,MRQ,2008-03-31,2008-02-29,2008-02-29,2021-10-01,-16728000.0,2333161000.0,,1356925000.0,976236000.0,,6.871,-61034000.0,12965000.0,12965000.0,1787480000.0,21829000.0,2.769,0.567,327831000.0,100678000.0,227153000.0,327831000.0,127058000.0,12447000.0,0.0,0.0,0.0,36769000.0,49216000.0,0.024,49216000.0,36769000.0,34824000.0,0.1,0.09,0.1,1488926000.0,,1488926000.0,4186792540.0,14.0,12.009,-140431000.0,-0.648,1.0,257127000.0,0.126,0.0,1945000.0,2158003000.0,,975777000.0,4984000.0,4984000.0,0.0,844235000.0,490024000.0,354211000.0,4009214540.0,4585000.0,0.0,1573000.0,141872000.0,0.0,145016000.0,-61034000.0,0.0,-79397000.0,0.0,21829000.0,21829000.0,21829000.0,0.0,0.0,0.011,220816000.0,36311000.0,306013000.0,0.0,2.693,22.026,21.857,862497000.0,0.0,18.36,0.489,0.484,73228000.0,1025341000.0,2044607000.0,2044607000.0,0.0,,,,,7611000.0,219854000.0,1.0,218366805.0,216702000.0,218589000.0,9.435,2333161000.0,67066000.0,12995000.0,25279000.0,10.767,866901000.0
55,KMX,MRQ,2007-12-31,2007-11-30,2007-11-30,2021-10-01,-18755000.0,2109392000.0,,1212237000.0,897155000.0,,6.724,-60163000.0,8380000.0,8380000.0,1642417000.0,29846000.0,2.377,0.45,185958000.0,158678000.0,27280000.0,185958000.0,117695000.0,12142000.0,0.0,0.0,0.0,49007000.0,61149000.0,0.032,61149000.0,49007000.0,48963000.0,0.14,0.14,0.14,1454329000.0,,1454329000.0,5093051139.0,15.0,13.411,-74271000.0,-0.343,1.0,242883000.0,0.129,0.0,44000.0,1776882000.0,,892228000.0,4700000.0,4700000.0,0.0,655063000.0,510088000.0,144975000.0,4984342139.0,791000.0,0.0,3210000.0,69661000.0,0.0,75062000.0,-60163000.0,0.0,-14108000.0,0.0,29846000.0,29846000.0,29846000.0,0.0,0.0,0.016,194161000.0,48722000.0,265933000.0,0.0,3.427,24.634,24.591,804545000.0,0.0,22.87,0.62,0.615,52769000.0,966414000.0,1885300000.0,1885300000.0,0.0,,,,,8112000.0,210508000.0,1.0,217942376.0,216301000.0,220558000.0,8.716,2109392000.0,45607000.0,19117000.0,16364000.0,9.752,702149000.0
56,KMX,MRQ,2007-09-30,2007-08-31,2007-08-31,2021-10-01,-19303000.0,1977790000.0,,1132716000.0,845074000.0,,6.535,-69941000.0,7589000.0,7589000.0,1834336000.0,64995000.0,2.674,0.402,116298000.0,88937000.0,27361000.0,116298000.0,115982000.0,11191000.0,0.0,0.0,0.0,108395000.0,119586000.0,0.056,119586000.0,108395000.0,107445000.0,0.3,0.29,0.3,1410833000.0,,1410833000.0,5078272249.0,14.0,12.672,27685000.0,0.128,1.0,288194000.0,0.136,0.0,950000.0,1662885000.0,,820171000.0,4464000.0,4464000.0,0.0,566957000.0,423614000.0,143343000.0,4931888249.0,-14440000.0,0.0,6222000.0,-45561000.0,0.0,-37125000.0,-74941000.0,-5000000.0,97626000.0,0.0,64995000.0,64995000.0,64995000.0,0.0,0.0,0.031,180044000.0,108150000.0,248762000.0,0.0,3.496,22.633,22.66,755276000.0,0.0,22.66,0.623,0.618,56165000.0,927628000.0,2122530000.0,2122530000.0,0.0,,,,,8412000.0,214196000.0,1.0,217647319.0,215891000.0,220580000.0,9.831,1977790000.0,42467000.0,42450000.0,22887000.0,9.161,709102000.0
57,KMX,MRQ,2007-06-30,2007-05-31,2007-05-31,2021-10-01,-19950000.0,1977150000.0,,1188327000.0,788823000.0,,6.17,-60879000.0,22029000.0,22029000.0,1862913000.0,65355000.0,2.363,0.488,168413000.0,134944000.0,33469000.0,168413000.0,112370000.0,10835000.0,0.0,0.0,0.0,107853000.0,118688000.0,0.055,118688000.0,107853000.0,105837000.0,0.3,0.3,0.3,1328369000.0,,1328369000.0,5351112512.0,16.0,14.084,14520000.0,0.067,1.0,284221000.0,0.132,0.0,2016000.0,1620592000.0,,863511000.0,1410000.0,1410000.0,0.0,648781000.0,502942000.0,145839000.0,5185090512.0,2574000.0,0.0,3725000.0,-17064000.0,0.0,-11946000.0,-60879000.0,0.0,75399000.0,0.0,65355000.0,65355000.0,65355000.0,0.0,0.0,0.03,176746000.0,107475000.0,249327000.0,0.0,3.903,25.027,25.0,702431000.0,0.0,24.0,0.671,0.669,68367000.0,860192000.0,2147134000.0,2147134000.0,0.0,,,,,9332000.0,213814000.0,1.0,216045438.0,215293000.0,220130000.0,9.973,1977150000.0,43694000.0,40482000.0,53602000.0,9.184,685385000.0
58,KMX,MRQ,2007-03-31,2007-02-28,2007-02-28,2021-10-01,-20332000.0,1885573000.0,,1150516000.0,735057000.0,,5.817,-75944000.0,19455000.0,19455000.0,1641995000.0,42138000.0,2.247,0.512,185477000.0,151733000.0,33744000.0,185477000.0,92432000.0,9374000.0,0.0,0.0,0.0,70973000.0,80347000.0,0.043,80347000.0,70973000.0,70049000.0,0.19,0.19,0.19,1247375000.0,,1247375000.0,5771391308.0,18.0,15.887,-76709000.0,-0.358,1.0,240833000.0,0.128,0.0,924000.0,1539573000.0,,836116000.0,6162000.0,6162000.0,0.0,638198000.0,512022000.0,126176000.0,5662325308.0,7103000.0,0.0,7962000.0,64059000.0,0.0,83812000.0,-75944000.0,0.0,-765000.0,0.0,42138000.0,42138000.0,42138000.0,0.0,0.0,0.022,170090000.0,70743000.0,254895000.0,0.0,4.539,28.512,28.333,651850000.0,0.0,26.35,0.758,0.75,71413000.0,774449000.0,1882828000.0,1882828000.0,0.0,,,,,6278000.0,201835000.0,1.0,214889006.0,214446000.0,219790000.0,8.78,1885573000.0,40174000.0,27911000.0,36509000.0,8.793,638494000.0
59,KMX,MRQ,2006-12-31,2006-11-30,2006-11-30,2021-10-01,0.0,1704668000.0,,1045954000.0,658714000.0,,5.628,-60397000.0,12352000.0,12352000.0,1539538000.0,45419000.0,2.395,0.422,121418000.0,87406000.0,34012000.0,121418000.0,35090000.0,8450000.0,0.0,0.0,0.0,73671000.0,82121000.0,0.046,82121000.0,73671000.0,73504000.0,0.21,0.21,0.21,1198906000.0,,1198906000.0,5044841617.0,16.0,14.346,-9583000.0,-0.045,1.0,228609000.0,0.129,0.0,167000.0,1377074000.0,,760816000.0,3145000.0,3145000.0,0.0,505762000.0,436660000.0,69102000.0,4929029617.0,-11429000.0,0.0,13521000.0,-18175000.0,0.0,-1846000.0,-60397000.0,0.0,50814000.0,0.0,45419000.0,45419000.0,45419000.0,0.0,0.0,0.026,155344000.0,73265000.0,222205000.0,0.0,4.111,25.522,25.213,585109000.0,0.0,23.07,0.684,0.682,53092000.0,732603000.0,1768147000.0,1768147000.0,0.0,,,,,5912000.0,187318000.0,1.0,213655380.0,213022000.0,217767000.0,8.3,1704668000.0,25788000.0,28085000.0,43426000.0,8.002,609294000.0
60,KMX,MRQ,2006-09-30,2006-08-31,2006-08-31,2021-10-01,0.0,1636718000.0,,1030745000.0,605973000.0,,5.342,-25770000.0,23781000.0,23781000.0,1676177000.0,54264000.0,2.361,0.446,139593000.0,105317000.0,34276000.0,139593000.0,34229000.0,8652000.0,0.0,0.0,0.0,90128000.0,98780000.0,0.051,98780000.0,90128000.0,87793000.0,0.26,0.25,0.26,1131701000.0,,1131701000.0,4152637743.0,15.0,13.2,12896000.0,0.061,1.0,253365000.0,0.131,0.0,2335000.0,1316018000.0,,734364000.0,4019000.0,4019000.0,0.0,505017000.0,436512000.0,68505000.0,4012257743.0,-2262000.0,0.0,7615000.0,-26830000.0,0.0,-15158000.0,-25770000.0,0.0,38666000.0,0.0,54264000.0,54264000.0,54264000.0,0.0,0.0,0.028,163537000.0,89828000.0,190168000.0,0.0,3.545,23.512,23.123,533335000.0,0.0,18.845,0.585,0.582,66690000.0,674410000.0,1929542000.0,1929542000.0,0.0,,,,,12950000.0,200049000.0,1.0,212908344.0,211831000.0,215301000.0,9.109,1636718000.0,28782000.0,33529000.0,46532000.0,7.727,594233000.0
61,KMX,MRQ,2006-06-30,2006-05-31,2006-05-31,2021-10-01,0.0,1616132000.0,,1027004000.0,589128000.0,,5.004,-25080000.0,26043000.0,26043000.0,1636884000.0,56776000.0,2.599,0.534,166423000.0,31889000.0,134534000.0,166423000.0,32937000.0,8075000.0,0.0,0.0,0.0,93950000.0,102025000.0,0.054,102025000.0,93950000.0,92003000.0,0.27,0.27,0.27,1053567000.0,,1053567000.0,3514945637.0,14.0,12.408,23005000.0,0.109,1.0,248255000.0,0.132,0.0,1947000.0,1361418000.0,,738705000.0,11834000.0,11834000.0,0.0,562565000.0,395094000.0,167471000.0,3341692637.0,4284000.0,0.0,6313000.0,-28589000.0,0.0,-18721000.0,-25080000.0,0.0,48085000.0,0.0,56776000.0,56776000.0,56776000.0,0.0,0.0,0.03,154572000.0,93683000.0,224301000.0,0.0,3.172,21.697,21.639,516305000.0,0.0,15.905,0.509,0.51,70400000.0,598225000.0,1885139000.0,1885139000.0,0.0,,,,,6686000.0,186966000.0,1.0,210103278.0,210530000.0,214111000.0,8.954,1616132000.0,28605000.0,35227000.0,61854000.0,7.676,631910000.0
62,KMX,MRQ,2006-03-31,2006-02-28,2006-02-28,2021-10-01,0.0,1509612000.0,,941738000.0,567874000.0,,4.672,-40820000.0,21759000.0,21759000.0,1416576000.0,36673000.0,2.731,0.54,195012000.0,60225000.0,134787000.0,195012000.0,49852000.0,7499000.0,0.0,0.0,0.0,61241000.0,68740000.0,0.042,68740000.0,61241000.0,59147000.0,0.175,0.17,0.175,980103000.0,,980103000.0,3389234181.0,15.0,13.645,-62404000.0,-0.297,1.0,207198000.0,0.128,0.0,2094000.0,1337995000.0,,669700000.0,4139000.0,4139000.0,0.0,529509000.0,344870000.0,184639000.0,3294426181.0,4507000.0,0.0,927000.0,65227000.0,0.0,66911000.0,-40820000.0,0.0,-21584000.0,0.0,36673000.0,36673000.0,36673000.0,0.0,0.0,0.023,146392000.0,60806000.0,188614000.0,0.0,3.361,24.545,24.547,499298000.0,0.0,15.71,0.526,0.525,76621000.0,531858000.0,1623774000.0,1623774000.0,0.0,,,,,5919000.0,171853000.0,1.0,209702494.0,209798000.0,213326000.0,7.74,1509612000.0,24576000.0,22474000.0,29160000.0,7.196,596868000.0
63,KMX,MRQ,2005-12-31,2005-11-30,2005-11-30,2021-10-01,0.0,1367140000.0,,868797000.0,498343000.0,,4.384,-38206000.0,34977000.0,34977000.0,1246807000.0,22931000.0,2.597,0.489,129785000.0,44749000.0,85036000.0,129785000.0,29322000.0,6999000.0,0.0,0.0,0.0,38055000.0,45054000.0,0.032,45054000.0,38055000.0,37625000.0,0.11,0.11,0.11,918283000.0,,918283000.0,2958046126.0,15.0,13.58,-15696000.0,-0.075,1.0,177173000.0,0.124,0.0,430000.0,1127449000.0,,606366000.0,1527000.0,1527000.0,0.0,448857000.0,334499000.0,114358000.0,2870415126.0,-24573000.0,0.0,1414000.0,-11646000.0,0.0,-8877000.0,-38206000.0,0.0,22510000.0,0.0,22931000.0,22931000.0,22931000.0,0.0,0.0,0.016,139380000.0,37793000.0,173341000.0,0.0,3.126,24.825,24.703,465990000.0,0.0,13.71,0.476,0.476,55616000.0,526242000.0,1423980000.0,1423980000.0,0.0,,,,,5442000.0,167351000.0,1.0,209366530.0,209454000.0,213014000.0,6.799,1367140000.0,5869000.0,14694000.0,41143000.0,6.527,534298000.0
64,KMX,MRQ,2005-09-30,2005-08-31,2005-08-31,2021-10-01,0.0,1331269000.0,,869647000.0,461622000.0,,4.251,1284000.0,53800000.0,53800000.0,1425269000.0,37636000.0,2.323,0.498,141431000.0,106152000.0,35279000.0,141431000.0,28776000.0,6268000.0,0.0,0.0,0.0,61198000.0,67466000.0,0.041,67466000.0,61198000.0,60823000.0,0.18,0.175,0.18,888795000.0,,888795000.0,3466335361.0,19.0,16.759,54395000.0,0.26,1.0,208584000.0,0.128,0.0,375000.0,1044593000.0,,585248000.0,2360000.0,2360000.0,0.0,442474000.0,374307000.0,68167000.0,3329759361.0,20282000.0,0.0,1715000.0,-36527000.0,0.0,-34113000.0,1284000.0,0.0,53111000.0,0.0,37636000.0,37636000.0,37636000.0,0.0,0.0,0.023,147577000.0,61007000.0,148341000.0,0.0,3.746,30.068,30.057,434835000.0,0.0,15.93,0.572,0.572,62037000.0,498684000.0,1633853000.0,1633853000.0,0.0,,,,,5960000.0,171401000.0,1.0,209024442.0,209056000.0,212592000.0,7.815,1331269000.0,0.0,23187000.0,39997000.0,6.368,495340000.0
65,KMX,MRQ,2005-06-30,2005-05-31,2005-05-31,2021-10-01,0.0,1342497000.0,,881674000.0,460823000.0,,4.046,-38351000.0,33518000.0,33518000.0,1380601000.0,36980000.0,2.028,0.589,170094000.0,141779000.0,28315000.0,170094000.0,30325000.0,5926000.0,0.0,0.0,0.0,61200000.0,67126000.0,0.043,67126000.0,61200000.0,60006000.0,0.175,0.175,0.175,844766000.0,,844766000.0,2829452033.0,17.0,14.645,25125000.0,0.12,1.0,197759000.0,0.125,0.0,1194000.0,1044297000.0,,583289000.0,35559000.0,35559000.0,0.0,497731000.0,434776000.0,62955000.0,2664605033.0,4419000.0,0.0,1979000.0,-23852000.0,0.0,-20706000.0,-38351000.0,0.0,63476000.0,0.0,36980000.0,36980000.0,36980000.0,0.0,0.0,0.023,136694000.0,61065000.0,177952000.0,0.0,3.154,25.879,25.788,439091000.0,0.0,12.765,0.483,0.483,79970000.0,443841000.0,1578360000.0,1578360000.0,0.0,,,,,4311000.0,163765000.0,1.0,208743050.0,208774000.0,211964000.0,7.56,1342497000.0,0.0,23026000.0,54325000.0,6.43,446898000.0
66,KMX,MRQ,2005-03-31,2005-02-28,2005-02-28,2021-10-01,0.0,1293013000.0,,852981000.0,440032000.0,,3.843,-17397000.0,17124000.0,17124000.0,1221734000.0,18081000.0,2.59,0.614,193946000.0,65527000.0,128419000.0,193946000.0,29260000.0,6811000.0,0.0,0.0,0.0,31361000.0,38172000.0,0.027,38172000.0,31361000.0,29372000.0,0.09,0.085,0.09,800976000.0,,800976000.0,3531954790.0,21.0,18.71,-59156000.0,-0.284,1.0,174320000.0,0.125,0.0,1989000.0,1140504000.0,,576567000.0,22152000.0,22152000.0,0.0,492037000.0,329331000.0,162706000.0,3439445790.0,4337000.0,0.0,1993000.0,58357000.0,0.0,63493000.0,-17397000.0,0.0,-41759000.0,0.0,18081000.0,18081000.0,18081000.0,0.0,0.0,0.013,143086000.0,31234000.0,170646000.0,0.0,4.294,33.948,33.673,406301000.0,0.0,16.5,0.654,0.653,76167000.0,407623000.0,1396054000.0,1396054000.0,0.0,,,,,17984000.0,162695000.0,1.0,208451260.0,208420000.0,211138000.0,6.698,1293013000.0,0.0,11291000.0,32521000.0,6.204,523650000.0
67,KMX,MRQ,2004-12-31,2004-11-30,2004-11-30,2021-10-01,0.0,1125059000.0,,737547000.0,387512000.0,,3.696,-48719000.0,25762000.0,25762000.0,1070265000.0,18045000.0,3.231,0.463,118271000.0,6331000.0,111940000.0,118271000.0,15638000.0,4490000.0,0.0,0.0,0.0,29582000.0,34072000.0,0.028,34072000.0,29582000.0,29582000.0,0.085,0.085,0.085,769236000.0,,769236000.0,2946778461.0,17.0,15.415,-32838000.0,-0.158,1.0,145446000.0,0.12,0.0,0.0,989323000.0,,503682000.0,3540000.0,3540000.0,0.0,355823000.0,228245000.0,127578000.0,2898741461.0,-30845000.0,0.0,306000.0,1687000.0,0.0,1993000.0,-48719000.0,0.0,15881000.0,0.0,18045000.0,18045000.0,18045000.0,0.0,0.0,0.015,116039000.0,29407000.0,133015000.0,0.0,3.768,27.408,27.304,368203000.0,0.0,13.925,0.582,0.582,195315000.0,229966000.0,1215711000.0,1215711000.0,0.0,,,,,28000.0,137170000.0,1.0,208168148.0,208140000.0,211470000.0,5.841,1125059000.0,667000.0,11537000.0,35511000.0,5.405,509302000.0
68,KMX,MRQ,2004-09-30,2004-08-31,2004-08-31,2021-10-01,0.0,1097694000.0,,766575000.0,331119000.0,,3.608,-47300000.0,56607000.0,56607000.0,1160307000.0,29859000.0,3.303,0.463,104644000.0,4644000.0,100000000.0,104644000.0,15179000.0,4562000.0,0.0,0.0,0.0,49273000.0,53835000.0,0.041,53835000.0,49273000.0,48949000.0,0.145,0.14,0.145,750453000.0,,750453000.0,2103072786.0,12.0,10.957,17800000.0,0.086,1.0,163200000.0,0.123,0.0,324000.0,913669000.0,,492011000.0,3164000.0,3164000.0,0.0,347241000.0,232062000.0,115179000.0,2036566786.0,-5069000.0,0.0,669000.0,-23538000.0,0.0,-22869000.0,-47300000.0,0.0,65100000.0,0.0,29859000.0,29859000.0,29859000.0,0.0,0.0,0.023,113982000.0,49218000.0,131495000.0,0.0,2.714,19.075,19.01,310268000.0,0.0,9.79,0.421,0.421,209320000.0,211921000.0,1323507000.0,1323507000.0,0.0,,,,,20000.0,134726000.0,1.0,208025208.0,208004000.0,211024000.0,6.363,1097694000.0,1635000.0,19090000.0,36232000.0,5.277,534513000.0
69,KMX,MRQ,2004-06-30,2004-05-31,2004-05-31,2021-10-01,0.0,1123257000.0,,836493000.0,286764000.0,,3.464,-27665000.0,61676000.0,61676000.0,1157760000.0,35330000.0,2.898,0.561,128182000.0,28182000.0,100000000.0,128182000.0,14713000.0,4282000.0,0.0,0.0,0.0,58411000.0,62693000.0,0.047,62693000.0,58411000.0,57918000.0,0.17,0.165,0.17,719504000.0,,719504000.0,2417550936.0,13.0,11.667,-25041000.0,-0.121,1.0,167230000.0,0.126,0.0,493000.0,901099000.0,,523666000.0,25137000.0,25137000.0,0.0,403753000.0,288664000.0,115089000.0,2374747936.0,33000.0,0.0,1338000.0,23736000.0,0.0,25074000.0,-27665000.0,0.0,2624000.0,0.0,35330000.0,35330000.0,35330000.0,0.0,0.0,0.027,108872000.0,58358000.0,156408000.0,0.0,3.301,20.381,20.42,267509000.0,0.0,11.435,0.5,0.5,219055000.0,182062000.0,1324990000.0,1324990000.0,0.0,,,,,31000.0,130688000.0,1.0,207673628.0,207728000.0,211548000.0,6.378,1123257000.0,0.0,22588000.0,54224000.0,5.407,547829000.0
70,KMX,MRQ,2004-03-31,2004-02-29,2004-02-29,2021-10-01,0.0,1047887000.0,,773481000.0,274406000.0,,3.281,-9140000.0,61643000.0,61643000.0,983095000.0,22527000.0,3.191,0.539,104446000.0,4446000.0,100000000.0,104446000.0,24736000.0,3928000.0,0.0,0.0,0.0,36630000.0,40558000.0,0.036,40558000.0,36630000.0,36630000.0,0.11,0.105,0.11,680753000.0,,680753000.0,3578563056.0,19.0,17.316,6786000.0,0.033,1.0,133770000.0,0.12,0.0,0.0,848292000.0,,466061000.0,18781000.0,18781000.0,0.0,367134000.0,242398000.0,124736000.0,3527258056.0,5181000.0,0.0,-3798000.0,-1821000.0,0.0,-1605000.0,-9140000.0,0.0,15926000.0,0.0,22527000.0,22527000.0,22527000.0,0.0,0.0,0.02,97355000.0,36415000.0,145517000.0,0.0,5.181,30.29,30.088,251459000.0,0.0,17.0,0.767,0.765,72358000.0,292720000.0,1116865000.0,1116865000.0,0.0,,,,,28000.0,117825000.0,1.0,207485768.0,207456000.0,211868000.0,5.384,1047887000.0,185000.0,14103000.0,36761000.0,5.051,531083000.0
71,KMX,MRQ,2003-12-31,2003-11-30,2003-11-30,2021-10-01,0.0,993306000.0,,729888000.0,263418000.0,,3.173,-6953000.0,54962000.0,54962000.0,945292000.0,19053000.0,3.285,0.51,106267000.0,6267000.0,100000000.0,106267000.0,13319000.0,3880000.0,0.0,0.0,0.0,30980000.0,34860000.0,0.033,34860000.0,30980000.0,30980000.0,0.09,0.09,0.09,657805000.0,,657805000.0,3470620635.0,19.0,17.249,6118000.0,0.03,1.0,126242000.0,0.118,0.0,0.0,822429000.0,,449744000.0,18997000.0,18997000.0,0.0,335501000.0,222182000.0,113319000.0,3412595635.0,9634000.0,0.0,602000.0,2914000.0,0.0,3516000.0,-6953000.0,0.0,13071000.0,0.0,19053000.0,19053000.0,19053000.0,0.0,0.0,0.018,95426000.0,30816000.0,127899000.0,0.0,5.188,30.185,30.211,239553000.0,0.0,16.465,0.771,0.771,195857000.0,124205000.0,1071534000.0,1071534000.0,0.0,,,,,29000.0,114282000.0,1.0,207263628.0,207294000.0,211910000.0,5.169,993306000.0,3505000.0,11927000.0,38032000.0,4.792,507706000.0
72,KMX,MRQ,2003-09-30,2003-08-31,2003-08-31,2021-10-01,0.0,965636000.0,,705424000.0,260212000.0,,3.078,-22851000.0,45328000.0,45328000.0,1073352000.0,39610000.0,3.27,0.516,103353000.0,3353000.0,100000000.0,103353000.0,12921000.0,4310000.0,0.0,0.0,0.0,64790000.0,69100000.0,0.056,69100000.0,64790000.0,64407000.0,0.19,0.185,0.19,637017000.0,,637017000.0,4071116837.0,23.0,20.932,22484000.0,0.109,1.0,163105000.0,0.132,0.0,383000.0,807963000.0,,409477000.0,20402000.0,20402000.0,0.0,328619000.0,215698000.0,112921000.0,3988613837.0,13299000.0,0.0,1994000.0,-11179000.0,0.0,-9185000.0,-22851000.0,0.0,45335000.0,0.0,39610000.0,39610000.0,39610000.0,0.0,0.0,0.032,98037000.0,65068000.0,115366000.0,0.0,6.261,36.687,36.714,236606000.0,0.0,19.275,0.929,0.929,219050000.0,105153000.0,1236457000.0,1236457000.0,0.0,,,,,33000.0,120714000.0,1.0,206931976.0,206968000.0,211728000.0,5.974,965636000.0,3208000.0,24797000.0,37648000.0,4.666,489726000.0
73,KMX,MRQ,2003-06-30,2003-05-31,2003-05-31,2021-10-01,0.0,951652000.0,,710267000.0,241385000.0,,2.87,-34901000.0,32029000.0,32029000.0,1025064000.0,35260000.0,2.869,0.607,114532000.0,14532000.0,100000000.0,114532000.0,11984000.0,4063000.0,0.0,0.0,0.0,58088000.0,62151000.0,0.053,62151000.0,58088000.0,57334000.0,0.17,0.17,0.17,592103000.0,,592103000.0,2522218678.0,15.0,13.796,37731000.0,0.183,1.0,147771000.0,0.126,0.0,754000.0,786590000.0,,430386000.0,20428000.0,20428000.0,0.0,359549000.0,247565000.0,111984000.0,2400782678.0,-2586000.0,0.0,1202000.0,-41519000.0,0.0,-40317000.0,-34901000.0,0.0,72632000.0,0.0,35260000.0,35260000.0,35260000.0,0.0,0.0,0.03,89805000.0,57966000.0,139824000.0,0.0,4.055,23.812,23.724,218069000.0,0.0,11.625,0.58,0.58,218960000.0,65542000.0,1172835000.0,1172835000.0,0.0,,,,,32000.0,115553000.0,1.0,206518940.0,206312000.0,209524000.0,5.685,951652000.0,3098000.0,22074000.0,46084000.0,4.613,462702000.0
74,KMX,MRQ,2003-03-31,2003-02-28,2003-02-28,2021-10-01,0.0,917617000.0,,708745000.0,208872000.0,,2.692,-47019000.0,34615000.0,34615000.0,836295000.0,19133000.0,2.857,0.655,156051000.0,56051000.0,100000000.0,156051000.0,10904000.0,2923000.0,0.0,0.0,0.0,32172000.0,35095000.0,0.037,35095000.0,32172000.0,31625000.0,0.095,0.095,0.095,554569000.0,,554569000.0,1625478679.0,10.0,9.351,-47793000.0,-0.232,1.0,110345000.0,0.117,0.0,547000.0,790950000.0,,466450000.0,3579000.0,3579000.0,0.0,363048000.0,248103000.0,114945000.0,1551821679.0,2961000.0,0.0,14000.0,50740000.0,0.0,50754000.0,-47019000.0,0.0,-774000.0,0.0,19133000.0,19133000.0,19133000.0,0.0,0.0,0.02,78342000.0,32003000.0,117587000.0,0.0,2.798,16.369,16.359,187158000.0,0.0,7.525,0.391,0.39,191465000.0,30282000.0,946640000.0,946640000.0,0.0,,,,,32000.0,99573000.0,1.0,206222150.0,206026000.0,208948000.0,4.595,917617000.0,0.0,12492000.0,33824000.0,4.454,460642000.0
75,KMX,MRQ,2002-12-31,2002-11-30,2002-11-30,2021-10-01,0.0,821386000.0,,654933000.0,166453000.0,,2.621,6664000.0,31654000.0,31654000.0,829879000.0,14717000.0,3.918,0.521,105311000.0,5311000.0,100000000.0,105311000.0,10800000.0,3526000.0,0.0,0.0,0.0,24624000.0,28150000.0,0.03,28150000.0,24624000.0,24325000.0,0.07,0.07,0.07,540181000.0,,540181000.0,2062630178.0,13.0,12.008,-13727000.0,-0.067,1.0,106940000.0,0.114,0.0,299000.0,727882000.0,,401596000.0,15860000.0,15860000.0,0.0,281205000.0,167161000.0,114044000.0,2031288178.0,-43036000.0,0.0,-188000.0,-721000.0,-28400000.0,-29309000.0,6664000.0,0.0,-20391000.0,0.0,14717000.0,14717000.0,14717000.0,0.0,0.0,0.016,82590000.0,24350000.0,108003000.0,0.0,3.76,21.595,21.648,142840000.0,0.0,9.85,0.524,0.523,200089000.0,11149000.0,936819000.0,936819000.0,0.0,,,,,22000.0,101810000.0,1.0,206222150.0,206094000.0,209032000.0,4.546,821386000.0,0.0,9608000.0,26171000.0,3.985,487772000.0
76,KMX,MRQ,2002-09-30,2002-08-31,2002-08-31,2021-10-01,0.0,825922000.0,,650994000.0,174928000.0,,2.69,-11529000.0,74690000.0,74690000.0,951870000.0,31714000.0,4.078,0.49,106032000.0,6032000.0,100000000.0,106032000.0,10286000.0,4286000.0,0.0,0.0,0.0,53141000.0,57427000.0,0.053,57427000.0,53141000.0,52420000.0,0.155,0.15,0.155,554152000.0,,554152000.0,1767251791.0,11.0,9.964,72461000.0,0.352,1.0,128812000.0,0.119,0.0,721000.0,697621000.0,,360846000.0,0.0,0.0,0.0,271770000.0,159643000.0,112127000.0,1663611791.0,13245000.0,0.0,-163000.0,-59053000.0,0.0,-59216000.0,-11529000.0,0.0,83990000.0,0.0,31714000.0,31714000.0,31714000.0,0.0,0.0,0.029,75887000.0,52925000.0,97388000.0,0.0,3.002,17.012,17.0,152946000.0,0.0,8.075,0.438,0.438,211895000.0,,1080682000.0,1080682000.0,0.0,,,,,5000.0,97997000.0,1.0,206020036.0,205976000.0,209084000.0,5.247,825922000.0,0.0,20706000.0,24858000.0,4.01,491351000.0
77,KMX,MRQ,2002-06-30,2002-05-31,2002-05-31,2021-10-01,0.0,830218000.0,,663319000.0,166899000.0,,2.515,-28527000.0,61445000.0,61445000.0,883661000.0,29238000.0,3.297,0.605,165085000.0,65085000.0,100000000.0,165085000.0,9186000.0,4138000.0,0.0,0.0,0.0,49021000.0,53159000.0,0.053,53159000.0,49021000.0,48327000.0,0.14,0.14,0.14,517416000.0,,517416000.0,2811837176.0,18.0,16.462,-19385000.0,-0.094,1.0,122142000.0,0.121,0.0,694000.0,732686000.0,,417461000.0,0.0,0.0,0.0,312802000.0,201172000.0,111630000.0,2726675176.0,58159000.0,0.0,907000.0,76637000.0,0.0,77544000.0,-28527000.0,0.0,9142000.0,0.0,29238000.0,29238000.0,29238000.0,0.0,0.0,0.029,73199000.0,48943000.0,91479000.0,0.0,5.27,29.172,29.088,145572000.0,0.0,13.235,0.747,0.746,182767000.0,,1005803000.0,1005803000.0,0.0,,,,,18000.0,93037000.0,1.0,206020036.0,205770000.0,209506000.0,4.888,830218000.0,0.0,19089000.0,24358000.0,4.035,462147000.0
78,KMX,MRQ,2002-03-31,2002-02-28,2002-02-28,2021-10-01,0.0,720222000.0,,577703000.0,142519000.0,,2.368,-15885000.0,3286000.0,3286000.0,751160000.0,18396000.0,2.586,0.484,88448000.0,88448000.0,0.0,88448000.0,8416000.0,3101000.0,0.0,0.0,0.0,29929000.0,33030000.0,0.039,33030000.0,29929000.0,29672000.0,0.09,0.085,0.09,485479000.0,,485479000.0,,,,-47296000.0,-0.231,1.0,103981000.0,0.122,0.0,257000.0,581992000.0,,399084000.0,2144000.0,2144000.0,0.0,234743000.0,223392000.0,11351000.0,2754487881.0,-6728000.0,0.0,-2933000.0,43501000.0,0.0,40568000.0,-15885000.0,0.0,-31411000.0,0.0,18396000.0,18396000.0,18396000.0,0.0,0.0,0.022,74052000.0,29929000.0,87160000.0,0.0,5.674,30.335,30.045,120976000.0,0.0,13.37,0.779,0.772,171124000.0,0.0,855141000.0,855141000.0,0.0,,,,,20000.0,88258000.0,1.0,206020036.0,205020000.0,209004000.0,4.171,720222000.0,0.0,11276000.0,24944000.0,3.513,354311000.0
79,KMX,MRQ,2001-12-31,2001-11-30,2001-11-30,2021-10-01,,,,,,,,-14181000.0,,,757781000.0,18443000.0,,,,,,,,3934000.0,,0.0,0.0,29811000.0,33745000.0,0.04,33745000.0,29811000.0,29747000.0,0.09,0.09,0.09,,,,,,,29946000.0,0.146,1.0,94889000.0,0.111,,64000.0,,,,,,,,,,2055049859.0,-14543000.0,0.0,531000.0,-45020000.0,0.0,-44489000.0,-14181000.0,0.0,44127000.0,0.0,18443000.0,18443000.0,18443000.0,0.0,0.0,0.022,65090000.0,29799000.0,,0.0,,,,,0.0,9.975,,,,,852670000.0,852670000.0,0.0,,,,,24000.0,83117000.0,1.0,206020036.0,204430000.0,208478000.0,4.171,,,11304000.0,,,
80,KMX,MRQ,2001-09-30,2001-08-31,2001-08-31,2021-10-01,,,,,,,,90961000.0,,,830385000.0,27391000.0,,,,,,,,4612000.0,,0.0,0.0,46264000.0,50876000.0,0.054,50876000.0,46264000.0,44178000.0,0.135,0.13,0.135,,,,,,,139939000.0,0.671,1.0,108526000.0,0.116,,2086000.0,,,,,,,,,,1532789068.0,14042000.0,0.0,668000.0,-126565000.0,0.0,-125897000.0,90961000.0,0.0,48978000.0,0.0,27391000.0,27391000.0,27391000.0,0.0,0.0,0.029,62262000.0,46264000.0,,0.0,,,,,0.0,7.44,,,,,938911000.0,938911000.0,0.0,,,,,19000.0,62262000.0,1.0,206020036.0,208412000.0,208412000.0,4.505,,,16787000.0,,,
81,KMX,MRQ,2001-06-30,2001-05-31,2001-05-31,2021-10-01,,,,,,,,-3347000.0,,,775040000.0,26572000.0,,,,,,,,4693000.0,,0.0,0.0,45410000.0,50103000.0,0.057,50103000.0,45410000.0,42859000.0,,,,,,,,,,-22400000.0,-0.109,1.0,103960000.0,0.118,,2551000.0,,,,,,,,,,1530728867.0,1713000.0,0.0,-224000.0,24337000.0,0.0,24113000.0,-3347000.0,0.0,-19053000.0,0.0,26572000.0,26572000.0,26572000.0,0.0,0.0,0.03,58550000.0,45410000.0,,,,,,,0.0,7.43,,,,,879000000.0,879000000.0,0.0,,,,,37000.0,58550000.0,1.0,206020036.0,206020036.0,,4.267,,,16287000.0,,,
82,KMX,MRQ,2001-03-31,2001-02-28,2001-02-28,2021-10-01,0.0,710953000.0,,492907000.0,218046000.0,,1.938,,8802000.0,8802000.0,,,2.182,0.816,192195000.0,109138000.0,83057000.0,192195000.0,6836000.0,,0.0,0.0,0.0,,,,,,,,,,391503000.0,,391503000.0,,,,,,1.0,,,0.0,,668409000.0,,347137000.0,0.0,0.0,0.0,319450000.0,225937000.0,93513000.0,530501593.0,,,,,,,,,,,,,,,,,,,82483000.0,,1.355,11.643,11.444,192158000.0,,2.575,0.192,0.189,134662000.0,,,,,,,,,,,1.0,206020036.0,201988000.0,,,710953000.0,0.0,,21782000.0,3.52,266970000.0
83,KMX,MRQ,2000-03-31,2000-02-28,2000-02-28,2021-10-01,0.0,675495000.0,,425670000.0,249825000.0,,,,9981000.0,9981000.0,,,2.17,0.958,214418000.0,93161000.0,121257000.0,214418000.0,7249000.0,,0.0,0.0,0.0,,,,,,,,,,344989000.0,,344989000.0,,,,,,1.0,,,0.0,,683809000.0,,283592000.0,0.0,0.0,0.0,330506000.0,196123000.0,134383000.0,,,,,,,,,,,,,,,,,,,,75959000.0,,,,,211856000.0,,0.812,,,129253000.0,,,,,,,,,,,1.0,,,,,675495000.0,0.0,,13024000.0,,229547000.0
0,KMX,MRT,2021-09-30,2021-08-31,2021-08-31,2021-10-01,-112343000.0,24453322000.0,22440150000.0,5371296000.0,19082026000.0,1.16,30.161,-209096000.0,58095000.0,58095000.0,23022367000.0,1167268000.0,2.742,3.975,17735331000.0,566920000.0,17168411000.0,17735331000.0,0.0,252489000.0,0.0,0.0,0.0,1590585000.0,1843074000.0,0.071,1843074000.0,1590585000.0,1507890000.0,7.16,7.04,7.16,4915179000.0,4527937250.0,4915179000.0,36168351487.0,23.0,19.624,-1816433000.0,-11.146,1.0,3012792000.0,0.116,150343000.0,82695000.0,40021255000.0,36603112000.0,4105458000.0,15226737000.0,570567000.0,14656170000.0,19538143000.0,1958960000.0,17579183000.0,20401098487.0,-592216000.0,-211050000.0,-419771000.0,1850954000.0,0.0,1431183000.0,-416062000.0,4084000.0,-1607337000.0,0.0,1167268000.0,1167268000.0,1167268000.0,0.0,0.0,0.045,1459456000.0,1553336000.0,903847000.0,0.0,4.151,17.478,17.487,3682623000.0,0.0,125.21,0.784,0.784,517260000.0,3293221000.0,26035159000.0,26035159000.0,0.0,0.052,0.258,0.043,0.061,131885000.0,2163206000.0,1.0,162935057.0,162966000.0,165643000.0,159.758,24302979000.0,117288000.0,340622000.0,422000.0,149.129,3412336000.0
1,KMX,MRT,2021-06-30,2021-05-31,2021-05-31,2021-10-01,-115754000.0,22832889000.0,21638396000.0,4690605000.0,18142284000.0,1.082,28.829,-158964000.0,377954000.0,377954000.0,20469515000.0,1178697000.0,2.241,3.854,16145207000.0,537715000.0,15607492000.0,16145207000.0,0.0,246172000.0,0.0,0.0,0.0,1611171000.0,1857343000.0,0.079,1857343000.0,1611171000.0,1528417000.0,7.23,7.11,7.23,4703481000.0,4294782500.0,4703481000.0,34191474013.0,21.0,18.409,-852646000.0,-5.226,1.0,2949451000.0,0.126,0.0,82754000.0,36506755000.0,35265046250.0,3248849000.0,14708622000.0,549578000.0,14159044000.0,18129408000.0,2093387000.0,16036021000.0,18796724013.0,-189114000.0,30528000.0,-146605000.0,777427000.0,0.0,630822000.0,-126254000.0,2182000.0,-693682000.0,0.0,1178697000.0,1178697000.0,1178697000.0,0.0,0.0,0.05,1375427000.0,1574024000.0,1058005000.0,0.0,3.996,15.947,15.932,3530024000.0,0.0,115.19,0.803,0.802,413219000.0,3209958000.0,23418966000.0,23418966000.0,0.0,0.054,0.274,0.046,0.069,137916000.0,2030843000.0,1.0,163180172.0,163151000.0,166295000.0,143.542,22832889000.0,138487000.0,349720000.0,96624000.0,139.949,2597218000.0
2,KMX,MRT,2021-03-31,2021-02-28,2021-02-28,2021-10-01,-118691000.0,21541541000.0,20923306750.0,4116796000.0,17424745000.0,0.906,26.747,-162690000.0,132319000.0,132319000.0,16571024000.0,746919000.0,2.424,3.935,15527069000.0,483532000.0,15043537000.0,15527069000.0,0.0,242156000.0,0.0,0.0,0.0,1051435000.0,1293591000.0,0.068,1293591000.0,1051435000.0,965257000.0,4.58,4.52,4.58,4364613000.0,4013489750.0,4364613000.0,34577615809.0,33.0,26.73,505070000.0,3.095,1.0,2379125000.0,0.126,653000.0,86178000.0,35237090000.0,34509801250.0,3157159000.0,13986234000.0,496415000.0,13489819000.0,17176928000.0,1698548000.0,15478380000.0,19425328809.0,115557000.0,29911000.0,-86790000.0,-337230000.0,0.0,-424020000.0,-128183000.0,4596000.0,667760000.0,0.0,746919000.0,746919000.0,746919000.0,0.0,0.0,0.039,1335965000.0,1043160000.0,799333000.0,0.0,4.451,26.007,26.094,3487215000.0,0.0,119.51,1.025,1.029,239070000.0,2887897000.0,18950149000.0,18950149000.0,0.0,0.036,0.186,0.03,0.055,121899000.0,1898775000.0,1.0,162541451.0,163183000.0,165133000.0,116.128,21540888000.0,164261000.0,218338000.0,218000.0,132.004,2418248000.0
3,KMX,MRT,2020-12-31,2020-11-30,2020-11-30,2021-10-01,-152924000.0,20932848000.0,20808467000.0,3737097000.0,17195751000.0,0.901,25.215,-204825000.0,236643000.0,236643000.0,16337769000.0,751908000.0,2.599,4.07,15388930000.0,476862000.0,14912068000.0,15388930000.0,0.0,238080000.0,0.0,0.0,0.0,1067837000.0,1305917000.0,0.07,1305917000.0,1067837000.0,979641000.0,4.61,4.54,4.61,4128476000.0,3864555250.0,4128476000.0,30360469823.0,28.0,23.248,544861000.0,3.328,1.0,2410613000.0,0.129,0.0,88196000.0,34647348000.0,34535135500.0,2780205000.0,13759974000.0,492610000.0,13267364000.0,16804372000.0,1437787000.0,15366585000.0,15338841823.0,238414000.0,0.0,-145460000.0,-110959000.0,0.0,-256419000.0,-254853000.0,-50028000.0,749686000.0,0.0,751908000.0,751908000.0,751908000.0,0.0,0.0,0.04,1340952000.0,1069661000.0,570174000.0,0.0,3.715,20.4,20.278,3482419000.0,0.0,93.48,0.818,0.816,168979000.0,2737753000.0,18748382000.0,18748382000.0,0.0,0.036,0.195,0.031,0.057,84630000.0,1730339000.0,1.0,164086883.0,163732000.0,165773000.0,114.507,20932848000.0,159209000.0,227733000.0,18322000.0,127.848,2299310000.0
4,KMX,MRT,2020-09-30,2020-08-31,2020-08-31,2021-10-01,-160426000.0,21246306000.0,20697062500.0,4327859000.0,16918447000.0,0.887,24.368,-251721000.0,711561000.0,711561000.0,15960636000.0,689764000.0,2.707,4.335,15733189000.0,500308000.0,15232881000.0,15733189000.0,0.0,231310000.0,0.0,0.0,0.0,987274000.0,1218584000.0,0.066,1218584000.0,987274000.0,896697000.0,4.22,4.16,4.22,3982560000.0,3756949500.0,3982560000.0,32102154091.0,33.0,26.344,526905000.0,3.224,1.0,2392830000.0,0.13,0.0,90577000.0,34668992000.0,34497747750.0,2824959000.0,13533982000.0,520876000.0,13013106000.0,17263746000.0,1598942000.0,15664804000.0,17437905091.0,730173000.0,0.0,-150369000.0,404769000.0,0.0,254400000.0,-302853000.0,-51132000.0,778626000.0,0.0,689764000.0,689764000.0,689764000.0,0.0,0.0,0.038,1409415000.0,983415000.0,683715000.0,0.0,4.379,25.281,25.339,3488931000.0,0.0,106.93,0.95,0.952,203155000.0,2600605000.0,18353466000.0,18353466000.0,0.0,0.033,0.184,0.029,0.054,102768000.0,1736390000.0,1.0,163077762.0,163434000.0,165623000.0,112.299,21246306000.0,133749000.0,206933000.0,64734000.0,129.999,2728917000.0
5,KMX,MRT,2020-06-30,2020-05-31,2020-05-31,2021-10-01,-165405000.0,19972532000.0,20420549500.0,3283731000.0,16688801000.0,0.89,21.997,-315796000.0,658022000.0,658022000.0,15848311000.0,626667000.0,2.853,4.582,15322271000.0,470766000.0,14851505000.0,15322271000.0,0.0,222645000.0,0.0,0.0,0.0,903074000.0,1125719000.0,0.062,1125719000.0,903074000.0,813893000.0,3.81,3.77,3.81,3578310000.0,3664198750.0,3578310000.0,30105655568.0,33.0,26.743,653956000.0,4.02,1.0,2334140000.0,0.128,0.0,89181000.0,33485775000.0,34330721500.0,1899430000.0,13275187000.0,480565000.0,12794622000.0,16394222000.0,1151006000.0,15243216000.0,14314703568.0,627790000.0,0.0,-317074000.0,343437000.0,0.0,26363000.0,-368325000.0,-52529000.0,969752000.0,0.0,626667000.0,626667000.0,626667000.0,0.0,0.0,0.034,1433102000.0,901038000.0,390160000.0,0.0,4.0,22.843,23.11,3508416000.0,0.0,88.05,0.787,0.788,145018000.0,2303909000.0,18182451000.0,18182451000.0,0.0,0.031,0.171,0.026,0.05,88893000.0,1775298000.0,1.0,162574714.0,162673000.0,163537000.0,111.773,19972532000.0,119066000.0,187226000.0,0.0,122.777,2132725000.0
6,KMX,MRT,2020-03-31,2020-02-29,2020-02-29,2021-10-01,-150071000.0,21082182000.0,20356035500.0,3663687000.0,17418495000.0,0.998,22.864,-331893000.0,58211000.0,58211000.0,17597647000.0,888433000.0,2.387,4.594,15849163000.0,464436000.0,15384727000.0,15849163000.0,0.0,215811000.0,0.0,0.0,0.0,1243993000.0,1459804000.0,0.072,1459804000.0,1243993000.0,1160986000.0,5.39,5.33,5.39,3768875000.0,3632810000.0,3768875000.0,29696764486.0,24.0,20.343,-568499000.0,-3.449,1.0,2722340000.0,0.134,0.0,83007000.0,35338427000.0,34243163500.0,2846416000.0,14032754000.0,481043000.0,13551711000.0,17313307000.0,1534707000.0,15778600000.0,14265156486.0,61013000.0,0.0,-443350000.0,1130333000.0,0.0,686983000.0,-389364000.0,-57471000.0,-236606000.0,0.0,888433000.0,888433000.0,888433000.0,0.0,0.0,0.044,1484037000.0,1238303000.0,737144000.0,0.0,3.785,16.057,16.199,3518196000.0,0.0,87.31,0.702,0.708,191090000.0,2488417000.0,20319987000.0,20319987000.0,0.0,0.044,0.245,0.036,0.061,108861000.0,1940067000.0,1.0,163385139.0,164836000.0,166820000.0,123.274,21082182000.0,89842000.0,272553000.0,1389000.0,127.898,2128980000.0
7,KMX,MRT,2019-12-31,2019-11-30,2019-11-30,2021-10-01,-82007000.0,20487230000.0,19764956750.0,3450244000.0,17036986000.0,0.996,22.512,-310487000.0,56583000.0,56583000.0,17027238000.0,866055000.0,2.428,4.54,15488191000.0,437635000.0,15050556000.0,15488191000.0,0.0,204864000.0,0.0,0.0,0.0,1221858000.0,1426722000.0,0.073,1426722000.0,1221858000.0,1140182000.0,5.2,5.16,5.2,3698053000.0,3529848250.0,3698053000.0,31249803663.0,26.0,21.903,-380052000.0,-2.314,1.0,2648861000.0,0.135,0.0,81676000.0,34497797000.0,33291632750.0,2682574000.0,13735147000.0,458493000.0,13276654000.0,16789177000.0,1421041000.0,15368136000.0,15992466663.0,60681000.0,0.0,-630226000.0,1078575000.0,0.0,448349000.0,-318103000.0,-7616000.0,-69565000.0,0.0,866055000.0,866055000.0,866055000.0,0.0,0.0,0.044,1436478000.0,1212383000.0,641434000.0,0.0,4.325,18.466,18.704,3491371000.0,0.0,97.26,0.813,0.812,142737000.0,2376596000.0,19676099000.0,19676099000.0,0.0,0.044,0.245,0.037,0.062,111785000.0,1884306000.0,1.0,164430050.0,164273000.0,166534000.0,119.777,20487230000.0,67162000.0,274127000.0,1497000.0,124.715,2029203000.0
8,KMX,MRT,2019-09-30,2019-08-31,2019-08-31,2021-10-01,-91630000.0,20140254000.0,19242352250.0,3384939000.0,16755315000.0,0.997,21.841,-304742000.0,40737000.0,40737000.0,16577491000.0,883210000.0,2.424,4.577,15298074000.0,465305000.0,14832769000.0,15298074000.0,0.0,195404000.0,0.0,0.0,0.0,1239078000.0,1434482000.0,0.075,1434482000.0,1239078000.0,1160431000.0,5.24,5.21,5.24,3611557000.0,3464113250.0,3611557000.0,28696480574.0,23.0,20.005,-378112000.0,-2.287,1.0,2604451000.0,0.136,0.0,78647000.0,34000887000.0,32421154250.0,2604750000.0,13549333000.0,483374000.0,13065959000.0,16528697000.0,1396704000.0,15131993000.0,13790011574.0,38429000.0,0.0,-768159000.0,1192391000.0,0.0,424232000.0,-312433000.0,-7691000.0,-73370000.0,0.0,883210000.0,883210000.0,883210000.0,0.0,0.0,0.046,1365458000.0,1238993000.0,628507000.0,0.0,3.818,15.614,15.893,3437709000.0,0.0,83.28,0.719,0.718,141091000.0,2307455000.0,19181942000.0,19181942000.0,0.0,0.046,0.255,0.038,0.065,89664000.0,1808978000.0,1.0,165586114.0,165354000.0,167272000.0,116.005,20140254000.0,66048000.0,277221000.0,1389000.0,121.801,1988235000.0
9,KMX,MRT,2019-06-30,2019-05-31,2019-05-31,2021-10-01,-81206000.0,19714476000.0,18751415000.0,3283745000.0,16430731000.0,1.0,20.759,-303512000.0,42197000.0,42197000.0,16185192000.0,870501000.0,2.211,4.71,14948666000.0,462164000.0,14486502000.0,14948666000.0,0.0,188410000.0,0.0,0.0,0.0,1219903000.0,1408313000.0,0.075,1408313000.0,1219903000.0,1144379000.0,5.08,5.05,5.08,3452755000.0,3431753500.0,3452755000.0,27166861660.0,22.0,19.29,-328189000.0,-1.973,1.0,2561634000.0,0.137,0.0,75524000.0,33135543000.0,31532165000.0,2551143000.0,13256693000.0,479436000.0,12777257000.0,16261721000.0,1485402000.0,14776319000.0,13009135660.0,12114000.0,0.0,-823308000.0,1170306000.0,0.0,346998000.0,-310207000.0,-6695000.0,-24677000.0,0.0,870501000.0,870501000.0,870501000.0,0.0,0.0,0.046,1342645000.0,1218989000.0,656902000.0,0.0,3.768,14.944,15.409,3392972000.0,0.0,78.28,0.694,0.695,133879000.0,2189522000.0,18746826000.0,18746826000.0,0.0,0.046,0.254,0.039,0.065,91038000.0,1781701000.0,1.0,166187221.0,166324000.0,167643000.0,112.713,19714476000.0,56708000.0,273878000.0,78200000.0,118.531,1798343000.0
10,KMX,MRT,2019-03-31,2019-02-28,2019-02-28,2021-10-01,-68010000.0,18717867000.0,18261837750.0,3214013000.0,15503854000.0,0.995,19.242,-303944000.0,46938000.0,46938000.0,15692509000.0,842413000.0,2.451,4.576,14172884000.0,396350000.0,13776534000.0,14172884000.0,0.0,182247000.0,0.0,0.0,0.0,1188598000.0,1370845000.0,0.075,1370845000.0,1188598000.0,1112806000.0,4.83,4.79,4.83,3357028000.0,3414505000.0,3357028000.0,24406355021.0,21.0,17.804,-140973000.0,-0.808,1.0,2480591000.0,0.136,0.0,75792000.0,31532304000.0,30659781750.0,2519455000.0,12869156000.0,440669000.0,12428487000.0,15360839000.0,1311509000.0,14049330000.0,10562411021.0,40479000.0,0.0,-846596000.0,1032617000.0,0.0,186021000.0,-308513000.0,-4569000.0,162971000.0,0.0,842413000.0,842413000.0,842413000.0,0.0,0.0,0.046,1291585000.0,1189006000.0,593171000.0,0.0,3.146,12.538,12.857,2828058000.0,0.0,62.1,0.581,0.596,139850000.0,2104146000.0,18173100000.0,18173100000.0,0.0,0.046,0.247,0.039,0.065,75011000.0,1730275000.0,1.0,170087134.0,174463000.0,175884000.0,104.166,18717867000.0,61346000.0,270393000.0,3784000.0,107.288,1902504000.0
11,KMX,MRT,2018-12-31,2018-11-30,2018-11-30,2021-10-01,-54137000.0,18396812000.0,17953939000.0,3057419000.0,15339393000.0,0.999,19.763,-311887000.0,35049000.0,35049000.0,15520775000.0,772003000.0,2.496,4.356,13878993000.0,384811000.0,13494182000.0,13878993000.0,0.0,182376000.0,0.0,0.0,0.0,1141582000.0,1323958000.0,0.074,1323958000.0,1141582000.0,1067100000.0,4.36,4.33,4.36,3435113000.0,3404460250.0,3435113000.0,25089111525.0,22.0,18.95,-84685000.0,-0.487,1.0,2417941000.0,0.135,0.0,74482000.0,31015883000.0,30123219500.0,2424700000.0,12725883000.0,426613000.0,12299270000.0,14961699000.0,1224873000.0,13736826000.0,11537225525.0,43719000.0,0.0,-696229000.0,827997000.0,0.0,131768000.0,-315251000.0,-3364000.0,227202000.0,0.0,772003000.0,772003000.0,772003000.0,0.0,0.0,0.043,1274064000.0,1143877000.0,558324000.0,0.0,3.359,14.945,15.154,2800051000.0,0.0,66.07,0.643,0.64,111156000.0,2147391000.0,17938716000.0,17938716000.0,0.0,0.043,0.227,0.038,0.064,70919000.0,1710122000.0,1.0,174621243.0,173816000.0,175321000.0,103.205,18396812000.0,57893000.0,295097000.0,1634000.0,105.841,1832546000.0
12,KMX,MRT,2018-09-30,2018-08-31,2018-08-31,2021-10-01,-54435000.0,18176505000.0,17680589500.0,3022087000.0,15154418000.0,1.004,19.753,-312251000.0,37147000.0,37147000.0,15361970000.0,730532000.0,2.355,4.22,13589033000.0,411712000.0,13177321000.0,13589033000.0,0.0,182175000.0,0.0,0.0,0.0,1117565000.0,1299740000.0,0.073,1299740000.0,1117565000.0,1044492000.0,4.09,4.05,4.09,3482118000.0,3370863750.0,3482118000.0,26958863483.0,24.0,20.742,-363013000.0,-2.059,1.0,2387892000.0,0.135,0.0,73073000.0,30444930000.0,29663019500.0,2357355000.0,12588097000.0,447642000.0,12140455000.0,14694387000.0,1283461000.0,13410926000.0,13780818483.0,58897000.0,0.0,-519015000.0,949497000.0,0.0,430482000.0,-320823000.0,-8572000.0,-50762000.0,0.0,730532000.0,730532000.0,730532000.0,0.0,0.0,0.041,1271131000.0,1116761000.0,605535000.0,0.0,3.958,18.864,19.083,2766902000.0,0.0,78.05,0.776,0.775,104883000.0,2182978000.0,17749862000.0,17749862000.0,0.0,0.041,0.217,0.038,0.063,79528000.0,1700274000.0,1.0,176563978.0,176284000.0,178200000.0,100.689,18176505000.0,56354000.0,313960000.0,0.0,103.109,1738626000.0
13,KMX,MRT,2018-06-30,2018-05-31,2018-05-31,2021-10-01,-55045000.0,17756167000.0,17355396500.0,2957494000.0,14798673000.0,1.001,18.995,-296703000.0,76348000.0,76348000.0,15029206000.0,691066000.0,2.296,4.247,13254393000.0,393241000.0,12861152000.0,13254393000.0,0.0,181391000.0,0.0,0.0,0.0,1117198000.0,1298589000.0,0.075,1298589000.0,1117198000.0,1045239000.0,3.83,3.79,3.83,3383761000.0,3300580750.0,3383761000.0,25388201878.0,23.0,19.551,-337897000.0,-1.897,1.0,2341261000.0,0.135,0.0,71959000.0,29646010000.0,29114063250.0,2260029000.0,12274156000.0,431407000.0,11842749000.0,14372406000.0,1288202000.0,13084204000.0,12314360878.0,65580000.0,0.0,-527271000.0,940092000.0,0.0,412821000.0,-306047000.0,-9344000.0,-41194000.0,0.0,691066000.0,691066000.0,691066000.0,0.0,0.0,0.04,1224370000.0,1116891000.0,586337000.0,0.0,3.639,17.819,17.995,2714495000.0,0.0,68.92,0.709,0.707,101351000.0,2115834000.0,17370467000.0,17370467000.0,0.0,0.04,0.209,0.038,0.064,72151000.0,1651782000.0,1.0,178676159.0,178139000.0,179421000.0,97.511,17756167000.0,55494000.0,354173000.0,55991000.0,99.676,1669292000.0
14,KMX,MRT,2018-03-31,2018-02-28,2018-02-28,2021-10-01,-54312000.0,17486272000.0,17035277000.0,3061444000.0,14424828000.0,1.005,18.159,-296719000.0,44525000.0,44525000.0,14791350000.0,664112000.0,2.608,4.272,13118366000.0,365554000.0,12752812000.0,13118366000.0,0.0,179942000.0,0.0,0.0,0.0,1134353000.0,1314295000.0,0.077,1314295000.0,1134353000.0,1063608000.0,3.64,3.6,3.64,3316849000.0,3242672500.0,3316849000.0,24181449959.0,21.0,18.399,-377269000.0,-2.065,1.0,2328859000.0,0.136,0.0,70745000.0,29386055000.0,28583587250.0,2390694000.0,11935146000.0,399442000.0,11535704000.0,14169423000.0,1174058000.0,12995365000.0,11198102959.0,31033000.0,0.0,-506050000.0,919496000.0,0.0,413446000.0,-301863000.0,-5144000.0,-80550000.0,0.0,664112000.0,664112000.0,664112000.0,0.0,0.0,0.039,1195869000.0,1132990000.0,529733000.0,0.0,3.376,16.862,17.011,2667061000.0,0.0,61.92,0.654,0.661,133321000.0,2047240000.0,17120209000.0,17120209000.0,0.0,0.039,0.205,0.04,0.066,61879000.0,1617051000.0,1.0,180847916.0,182660000.0,184470000.0,93.727,17486272000.0,63256000.0,399496000.0,0.0,95.731,1887386000.0
15,KMX,MRT,2017-12-31,2017-11-30,2017-11-30,2021-10-01,-51304000.0,17303414000.0,16733548000.0,3004923000.0,14298491000.0,1.021,18.147,-329563000.0,26287000.0,26287000.0,14731660000.0,694569000.0,2.703,4.242,13009634000.0,358297000.0,12651337000.0,13009634000.0,0.0,176396000.0,0.0,0.0,0.0,1163232000.0,1339628000.0,0.078,1339628000.0,1163232000.0,1095800000.0,3.76,3.73,3.76,3300727000.0,3190605250.0,3300727000.0,25139292677.0,22.0,18.766,-641950000.0,-3.529,1.0,2354291000.0,0.138,0.0,67432000.0,29175083000.0,28063287750.0,2440551000.0,11765770000.0,388945000.0,11376825000.0,14002687000.0,1111678000.0,12891009000.0,12564363677.0,62081000.0,0.0,-463081000.0,1152905000.0,0.0,689824000.0,-315356000.0,14207000.0,-312387000.0,0.0,694569000.0,694569000.0,694569000.0,0.0,0.0,0.041,1190643000.0,1163648000.0,519984000.0,0.0,3.807,18.089,18.327,2634442000.0,0.0,68.91,0.735,0.734,95841000.0,2028224000.0,17085951000.0,17085951000.0,0.0,0.042,0.218,0.041,0.068,71932000.0,1593650000.0,1.0,182330049.0,181888000.0,184033000.0,93.937,17303414000.0,133173000.0,401231000.0,0.0,95.132,1893245000.0
16,KMX,MRT,2017-09-30,2017-08-31,2017-08-31,2021-10-01,-59627000.0,16875733000.0,16347711250.0,2803335000.0,14072398000.0,1.02,17.504,-357344000.0,25765000.0,25765000.0,14362220000.0,682374000.0,2.333,4.272,12600694000.0,366690000.0,12234004000.0,12600694000.0,0.0,173940000.0,0.0,0.0,0.0,1155359000.0,1329299000.0,0.08,1329299000.0,1155359000.0,1090261000.0,3.66,3.64,3.66,3200986000.0,3119269500.0,3200986000.0,24520149238.0,21.0,18.446,-698549000.0,-3.82,1.0,2318238000.0,0.139,0.0,65098000.0,28249105000.0,27398884000.0,2231769000.0,11576606000.0,404276000.0,11172330000.0,13674747000.0,1201557000.0,12473190000.0,12305062239.0,-215584000.0,0.0,-592349000.0,1031760000.0,0.0,439411000.0,-313790000.0,43554000.0,-341205000.0,0.0,682374000.0,682374000.0,682374000.0,0.0,0.0,0.041,1161157000.0,1157081000.0,568036000.0,0.0,3.844,18.033,18.347,2602323000.0,0.0,67.15,0.738,0.736,99733000.0,1975862000.0,16680458000.0,16680458000.0,0.0,0.042,0.219,0.042,0.069,67619000.0,1550713000.0,1.0,183247390.0,182868000.0,184696000.0,91.216,16875733000.0,150684000.0,407887000.0,14898000.0,92.284,1601778000.0
17,KMX,MRT,2017-06-30,2017-05-31,2017-05-31,2021-10-01,-58229000.0,16475689000.0,16004861000.0,2734544000.0,13741145000.0,1.018,17.02,-398868000.0,60080000.0,60080000.0,14031471000.0,663312000.0,2.344,4.227,12275167000.0,349297000.0,11925870000.0,12275167000.0,0.0,171968000.0,0.0,0.0,0.0,1123931000.0,1295899000.0,0.08,1295899000.0,1123931000.0,1061765000.0,3.52,3.5,3.52,3152128000.0,3084609250.0,3152128000.0,23798923926.0,21.0,18.365,-750293000.0,-4.051,1.0,2259595000.0,0.139,0.0,62166000.0,27524106000.0,26733044250.0,2148247000.0,11278536000.0,385692000.0,10892844000.0,13323561000.0,1166670000.0,12156891000.0,11667635926.0,63246000.0,0.0,-551390000.0,1343003000.0,0.0,791613000.0,-376942000.0,21926000.0,-351425000.0,0.0,663312000.0,663312000.0,663312000.0,0.0,0.0,0.041,1134188000.0,1125407000.0,510574000.0,0.0,3.702,17.59,17.849,2557506000.0,0.0,62.83,0.716,0.714,104745000.0,1933760000.0,16291066000.0,16291066000.0,0.0,0.041,0.215,0.042,0.069,78884000.0,1511777000.0,1.0,185701670.0,185200000.0,186859000.0,87.965,16475689000.0,145265000.0,398453000.0,103588000.0,88.962,1567874000.0
18,KMX,MRT,2017-03-31,2017-02-28,2017-02-28,2021-10-01,-56555000.0,16279356000.0,15583420500.0,2873630000.0,13405726000.0,1.019,16.331,-416915000.0,38416000.0,38416000.0,13691824000.0,626970000.0,2.599,4.237,12169704000.0,343266000.0,11826438000.0,12169704000.0,0.0,168875000.0,0.0,0.0,0.0,1062821000.0,1231696000.0,0.078,1231696000.0,1062821000.0,1006405000.0,3.29,3.26,3.29,3108580000.0,3039648500.0,3108580000.0,23861612650.0,22.0,19.373,-872226000.0,-4.582,1.0,2183294000.0,0.138,0.0,56416000.0,27304857000.0,25976704000.0,2260563000.0,10976429000.0,380353000.0,10596076000.0,13170776000.0,1105787000.0,12064989000.0,12076494650.0,46636000.0,0.0,-504468000.0,1426374000.0,0.0,921906000.0,-419959000.0,-3044000.0,-455311000.0,0.0,626970000.0,626970000.0,626970000.0,0.0,0.0,0.039,1119520000.0,1063774000.0,494989000.0,0.0,3.885,19.262,19.617,2518393000.0,0.0,64.54,0.761,0.774,152388000.0,1883283000.0,15875118000.0,15875118000.0,0.0,0.04,0.206,0.041,0.067,91595000.0,1488504000.0,1.0,187116434.0,190343000.0,192215000.0,83.403,16279356000.0,150962000.0,379435000.0,1404000.0,85.526,1767843000.0
19,KMX,MRT,2016-12-31,2016-11-30,2016-11-30,2021-10-01,-60135000.0,15760067000.0,15128559250.0,2684278000.0,13075789000.0,1.027,15.938,-389542000.0,23713000.0,23713000.0,13420564000.0,615394000.0,2.612,4.227,11808831000.0,324304000.0,11484527000.0,11808831000.0,0.0,162510000.0,0.0,0.0,0.0,1042123000.0,1204633000.0,0.078,1204633000.0,1042123000.0,990276000.0,3.21,3.17,3.21,3015384000.0,2988700000.0,3015384000.0,22164912795.0,21.0,18.4,-460766000.0,-2.435,1.0,2110399000.0,0.136,0.0,51847000.0,26517468000.0,25163862500.0,2170175000.0,10690358000.0,357040000.0,10333318000.0,12744683000.0,1027717000.0,11716966000.0,10999135795.0,-9633000.0,0.0,-595375000.0,1130492000.0,0.0,503979000.0,-442388000.0,-52846000.0,-71224000.0,0.0,615394000.0,615394000.0,615394000.0,0.0,0.0,0.04,1058532000.0,1051867000.0,476757000.0,0.0,3.648,17.873,18.003,2449343000.0,0.0,57.79,0.708,0.704,92003000.0,1821359000.0,15530963000.0,15530963000.0,0.0,0.041,0.206,0.041,0.067,77819000.0,1436951000.0,1.0,190329396.0,189200000.0,190818000.0,82.088,15760067000.0,155995000.0,374882000.0,2071000.0,83.298,1656561000.0
20,KMX,MRT,2016-09-30,2016-08-31,2016-08-31,2021-10-01,-66582000.0,15504332000.0,14783833750.0,2755347000.0,12748985000.0,1.04,15.988,-384319000.0,316031000.0,316031000.0,13301913000.0,606948000.0,2.541,4.063,11481808000.0,351162000.0,11130646000.0,11481808000.0,0.0,155185000.0,0.0,0.0,0.0,1025369000.0,1180554000.0,0.077,1180554000.0,1025369000.0,978572000.0,3.13,3.08,3.13,3062345000.0,2962792750.0,3062345000.0,22079655806.0,22.0,18.703,-449341000.0,-2.346,1.0,2071595000.0,0.135,0.0,46797000.0,25585746000.0,24542182500.0,1918803000.0,10512041000.0,380663000.0,10131378000.0,12441987000.0,1084363000.0,11357624000.0,11287463806.0,215554000.0,0.0,-837849000.0,1587965000.0,0.0,722046000.0,-441470000.0,-57151000.0,-65022000.0,0.0,606948000.0,606948000.0,606948000.0,0.0,0.0,0.039,1036352000.0,1035243000.0,486943000.0,0.0,3.686,18.597,18.834,2326178000.0,0.0,58.95,0.734,0.734,94577000.0,1858221000.0,15373508000.0,15373508000.0,0.0,0.041,0.205,0.042,0.067,78132000.0,1417728000.0,1.0,191475213.0,191539000.0,193623000.0,80.263,15504332000.0,152840000.0,371624000.0,205000.0,80.946,1670984000.0
21,KMX,MRT,2016-06-30,2016-05-31,2016-05-31,2021-10-01,-66825000.0,14789927000.0,14395892000.0,2416580000.0,12373347000.0,1.06,15.358,-353487000.0,52575000.0,52575000.0,13213570000.0,616814000.0,2.231,3.976,10844767000.0,333435000.0,10511332000.0,10844767000.0,0.0,146095000.0,0.0,0.0,0.0,1037001000.0,1183096000.0,0.078,1183096000.0,1037001000.0,996658000.0,3.11,3.06,3.11,2972285000.0,2999952500.0,2972285000.0,21021311155.0,20.0,17.768,-500191000.0,-2.585,1.0,2047603000.0,0.134,0.0,40343000.0,24498745000.0,23816930000.0,1864991000.0,10217524000.0,364156000.0,9853368000.0,11817642000.0,1083374000.0,10734268000.0,10400873155.0,-299123000.0,0.0,-970855000.0,1250084000.0,0.0,252549000.0,-404968000.0,-51481000.0,-146704000.0,0.0,616814000.0,616814000.0,616814000.0,0.0,0.0,0.04,998700000.0,1048903000.0,454522000.0,0.0,3.499,16.862,17.254,2234385000.0,0.0,53.66,0.682,0.68,102541000.0,1806393000.0,15261173000.0,15261173000.0,0.0,0.043,0.206,0.044,0.068,59105000.0,1382386000.0,1.0,193829168.0,193531000.0,195253000.0,78.856,14789927000.0,152328000.0,379844000.0,89991000.0,76.421,1333206000.0
22,KMX,MRT,2016-03-31,2016-02-29,2016-02-29,2021-10-01,-70196000.0,14459911000.0,14116079500.0,2471781000.0,11988130000.0,1.073,14.29,-314042000.0,37394000.0,37394000.0,13130915000.0,623428000.0,2.459,3.978,10636167000.0,315509000.0,10320658000.0,10636167000.0,0.0,137360000.0,0.0,0.0,0.0,1046302000.0,1183662000.0,0.078,1183662000.0,1046302000.0,1009944000.0,3.07,3.03,3.07,2904786000.0,3075547750.0,2904786000.0,19627575482.0,19.0,16.582,-430799000.0,-2.119,1.0,2018760000.0,0.133,0.0,36358000.0,24053491000.0,23143597000.0,1932029000.0,9880721000.0,343829000.0,9536892000.0,11555125000.0,1005193000.0,10549932000.0,9054438482.0,9788000.0,0.0,-936903000.0,1442243000.0,0.0,505340000.0,-378795000.0,-64753000.0,-116757000.0,0.0,623428000.0,623428000.0,623428000.0,0.0,0.0,0.041,959899000.0,1058861000.0,441746000.0,0.0,3.117,14.524,15.068,2161698000.0,0.0,46.26,0.598,0.621,132171000.0,1746804000.0,15149675000.0,15149675000.0,0.0,0.044,0.203,0.045,0.069,51077000.0,1351935000.0,1.0,195729323.0,203275000.0,205540000.0,74.528,14459911000.0,161862000.0,386516000.0,2029000.0,71.135,1466588000.0
23,KMX,MRT,2015-12-31,2015-11-30,2015-11-30,2021-10-01,-66664000.0,14381165000.0,13800652000.0,2634883000.0,11746282000.0,1.084,14.465,-310236000.0,33346000.0,33346000.0,12952630000.0,625539000.0,2.853,3.939,10606483000.0,290537000.0,10315946000.0,10606483000.0,0.0,130683000.0,0.0,0.0,0.0,1043347000.0,1174030000.0,0.078,1174030000.0,1043347000.0,1016590000.0,3.02,2.98,3.02,2911755000.0,3138547500.0,2911755000.0,21345124275.0,20.0,18.181,-875330000.0,-4.349,1.0,2005332000.0,0.134,0.0,26757000.0,24030748000.0,22450892750.0,2153270000.0,9634499000.0,316186000.0,9318313000.0,11469410000.0,923554000.0,10545856000.0,11610976275.0,-156534000.0,0.0,-964555000.0,1694991000.0,0.0,777755000.0,-369195000.0,-58959000.0,-565094000.0,0.0,625539000.0,625539000.0,625539000.0,0.0,0.0,0.042,959194000.0,1046138000.0,420856000.0,0.0,3.988,18.562,18.974,2105807000.0,0.0,57.3,0.776,0.771,88530000.0,1743031000.0,14957962000.0,14957962000.0,0.0,0.045,0.199,0.046,0.07,69972000.0,1348084000.0,1.0,202634839.0,201291000.0,203383000.0,74.31,14381165000.0,184937000.0,391051000.0,328000.0,71.445,1711329000.0
24,KMX,MRT,2015-09-30,2015-08-31,2015-08-31,2021-10-01,-66149000.0,13952565000.0,13416212250.0,2503725000.0,11448840000.0,1.105,15.493,-318792000.0,100477000.0,100477000.0,12831506000.0,627389000.0,2.499,3.345,9834625000.0,320573000.0,9514052000.0,9834625000.0,0.0,124595000.0,0.0,0.0,0.0,1043543000.0,1168138000.0,0.079,1168138000.0,1043543000.0,1019469000.0,2.99,2.95,2.99,3210984000.0,3206146750.0,3210984000.0,21824856360.0,21.0,18.683,-935047000.0,-4.512,1.0,1987621000.0,0.134,0.0,24074000.0,22684736000.0,21578465000.0,1911549000.0,9451587000.0,335075000.0,9116512000.0,10741581000.0,1001977000.0,9739604000.0,12690547360.0,-254123000.0,0.0,-830692000.0,1520835000.0,0.0,738565000.0,-376433000.0,-57641000.0,-616255000.0,0.0,627389000.0,627389000.0,627389000.0,0.0,0.0,0.042,942444000.0,1045177000.0,453864000.0,0.0,3.952,20.228,20.401,2016520000.0,0.0,61.0,0.856,0.853,100832000.0,2012990000.0,14819127000.0,14819127000.0,0.0,0.047,0.196,0.048,0.07,77608000.0,1327204000.0,1.0,208041760.0,207249000.0,209648000.0,71.504,13952565000.0,177002000.0,392080000.0,1169000.0,67.323,1501748000.0
25,KMX,MRT,2015-06-30,2015-05-31,2015-05-31,2021-10-01,-66458000.0,13670677000.0,13028049250.0,2665825000.0,11004852000.0,1.116,15.691,-308257000.0,351698000.0,351698000.0,12603818000.0,609679000.0,2.667,3.175,9486007000.0,309754000.0,9176253000.0,9486007000.0,0.0,119896000.0,0.0,0.0,0.0,1014263000.0,1134159000.0,0.078,1134159000.0,1014263000.0,990288000.0,2.87,2.83,2.87,3274666000.0,3242897500.0,3274666000.0,23853018490.0,24.0,21.031,-949753000.0,-4.551,1.0,1929590000.0,0.133,0.0,23975000.0,21805413000.0,20752354250.0,1844077000.0,9140937000.0,328054000.0,8812883000.0,10396011000.0,999573000.0,9396438000.0,14771372490.0,-180493000.0,0.0,-762617000.0,1514806000.0,0.0,824705000.0,-363702000.0,-55445000.0,-641496000.0,0.0,609679000.0,609679000.0,609679000.0,0.0,0.0,0.042,915286000.0,1014304000.0,446453000.0,0.0,4.511,24.228,24.753,1896348000.0,0.0,71.04,1.016,1.02,103663000.0,2066753000.0,14533408000.0,14533408000.0,0.0,0.047,0.188,0.049,0.07,89901000.0,1294058000.0,1.0,207930356.0,208698000.0,211652000.0,69.638,13670677000.0,165971000.0,380609000.0,59089000.0,65.505,1666252000.0
26,KMX,MRT,2015-03-31,2015-02-28,2015-02-28,2021-10-01,-65391000.0,13198201000.0,12647620000.0,2590938000.0,10607263000.0,1.128,14.641,-303948000.0,27606000.0,27606000.0,12381189000.0,597358000.0,2.598,3.181,9109252000.0,290502000.0,8818750000.0,9109252000.0,0.0,115173000.0,0.0,0.0,0.0,993804000.0,1108977000.0,0.078,1108977000.0,993804000.0,969331000.0,2.77,2.73,2.77,3156785000.0,3256574000.0,3156785000.0,22719691610.0,23.0,20.487,-1272078000.0,-5.9,1.0,1887527000.0,0.132,0.0,24473000.0,21282674000.0,19955577250.0,2086874000.0,8729626000.0,294122000.0,8435504000.0,10041416000.0,997173000.0,9044243000.0,14093878610.0,-600295000.0,0.0,-834518000.0,1512955000.0,0.0,728579000.0,-360744000.0,-56796000.0,-968130000.0,0.0,597358000.0,597358000.0,597358000.0,0.0,0.0,0.042,893723000.0,993804000.0,454810000.0,0.0,4.465,23.594,24.227,1862538000.0,0.0,67.11,0.988,1.014,137690000.0,1994221000.0,14268716000.0,14268716000.0,0.0,0.047,0.183,0.05,0.07,81880000.0,1257725000.0,1.0,210011602.0,215617000.0,218691000.0,66.176,13198201000.0,175738000.0,371973000.0,1554000.0,61.211,1593765000.0
27,KMX,MRT,2014-12-31,2014-11-30,2014-11-30,2021-10-01,-45858000.0,12843406000.0,12274859000.0,2573252000.0,10270154000.0,1.127,14.854,-330492000.0,189880000.0,189880000.0,12035076000.0,553429000.0,2.772,3.036,8815693000.0,265296000.0,8550397000.0,8815693000.0,0.0,112922000.0,0.0,0.0,0.0,926043000.0,1038965000.0,0.075,1038965000.0,926043000.0,896207000.0,2.53,2.49,2.53,3182152000.0,3296627000.0,3182152000.0,20160512163.0,22.0,19.404,-1235130000.0,-5.765,1.0,1795831000.0,0.13,0.0,29836000.0,20541037000.0,19081701000.0,1964673000.0,8414025000.0,275718000.0,8138307000.0,9661254000.0,928182000.0,8733072000.0,12273205163.0,-474878000.0,0.0,-732756000.0,1493127000.0,0.0,803910000.0,-374150000.0,-43658000.0,-904638000.0,0.0,553429000.0,553429000.0,553429000.0,0.0,0.0,0.04,869788000.0,926043000.0,459929000.0,0.0,3.857,22.177,22.522,1833600000.0,0.0,56.98,0.887,0.883,88180000.0,2042284000.0,13830907000.0,13830907000.0,0.0,0.045,0.168,0.049,0.067,68724000.0,1225170000.0,1.0,215394966.0,214228000.0,217025000.0,64.562,12843406000.0,173179000.0,342778000.0,424000.0,59.952,1645070000.0
28,KMX,MRT,2014-09-30,2014-08-31,2014-08-31,2021-10-01,-44467000.0,12399913000.0,11889976250.0,2516442000.0,9883471000.0,1.124,15.391,-303391000.0,354600000.0,354600000.0,11636148000.0,529832000.0,2.775,2.693,8241907000.0,282934000.0,7958973000.0,8241907000.0,0.0,108517000.0,0.0,0.0,0.0,888718000.0,997235000.0,0.075,997235000.0,888718000.0,858571000.0,2.4,2.36,2.4,3357987000.0,3323181250.0,3357987000.0,18919358626.0,21.0,18.972,-1089564000.0,-4.994,1.0,1730932000.0,0.129,0.0,30147000.0,19380293000.0,18246566750.0,1708955000.0,8141336000.0,297068000.0,7844268000.0,9041926000.0,906927000.0,8134999000.0,11487855626.0,-395432000.0,0.0,-439602000.0,1161391000.0,0.0,762530000.0,-371789000.0,-68398000.0,-786173000.0,0.0,529832000.0,529832000.0,529832000.0,0.0,0.0,0.04,842214000.0,888718000.0,418269000.0,0.0,3.421,21.682,21.833,1753992000.0,0.0,52.4,0.859,0.855,108859000.0,2204785000.0,13367080000.0,13367080000.0,0.0,0.045,0.159,0.049,0.066,66256000.0,1192904000.0,1.0,219233886.0,218180000.0,221070000.0,61.266,12399913000.0,165450000.0,328739000.0,244000.0,56.833,1609515000.0
29,KMX,MRT,2014-06-30,2014-05-31,2014-05-31,2021-10-01,-45776000.0,12148960000.0,11523441500.0,2636736000.0,9512224000.0,1.129,15.115,-321496000.0,532191000.0,532191000.0,11311102000.0,515588000.0,2.74,2.649,7963694000.0,274929000.0,7688765000.0,7963694000.0,0.0,104919000.0,0.0,0.0,0.0,865612000.0,970531000.0,0.075,970531000.0,865612000.0,835055000.0,2.32,2.28,2.32,3329372000.0,3279879250.0,3329372000.0,16739409434.0,19.0,17.248,-1066160000.0,-4.84,1.0,1702336000.0,0.131,0.0,30557000.0,18618305000.0,17533656750.0,1681800000.0,7838318000.0,290653000.0,7547665000.0,8819588000.0,962158000.0,7857430000.0,9783900434.0,-193076000.0,0.0,-321041000.0,1239886000.0,0.0,935876000.0,-384288000.0,-62792000.0,-744664000.0,0.0,515588000.0,515588000.0,515588000.0,0.0,0.0,0.04,836724000.0,865612000.0,433115000.0,0.0,2.939,18.976,19.099,1696940000.0,0.0,44.31,0.752,0.75,97810000.0,2229709000.0,13013438000.0,13013438000.0,0.0,0.045,0.157,0.049,0.067,58927000.0,1178472000.0,1.0,220805697.0,220268000.0,223632000.0,59.08,12148960000.0,158985000.0,319467000.0,94816000.0,55.155,1674578000.0
30,KMX,MRT,2014-03-31,2014-02-28,2014-02-28,2021-10-01,-46271000.0,11707157000.0,11098815000.0,2643224000.0,9063933000.0,1.133,14.835,-305222000.0,627901000.0,627901000.0,10925598000.0,492586000.0,3.019,2.529,7583410000.0,242979000.0,7340431000.0,7583410000.0,0.0,101911000.0,0.0,0.0,0.0,828156000.0,930067000.0,0.074,930067000.0,828156000.0,797322000.0,2.2,2.16,2.2,3316997000.0,3216381750.0,3316997000.0,17455951680.0,21.0,18.768,-918385000.0,-4.107,1.0,1648701000.0,0.131,0.0,30834000.0,17787169000.0,16812349250.0,1641424000.0,7407147000.0,259299000.0,7147848000.0,8390160000.0,875497000.0,7514663000.0,10810725680.0,178537000.0,0.0,-268248000.0,1373985000.0,0.0,1128381000.0,-336681000.0,-31459000.0,-613163000.0,0.0,492586000.0,492586000.0,492586000.0,0.0,0.0,0.039,820545000.0,828156000.0,427492000.0,0.0,3.259,21.947,22.014,1652977000.0,0.0,48.43,0.86,0.861,79923000.0,2214216000.0,12574299000.0,12574299000.0,0.0,0.044,0.153,0.049,0.066,66480000.0,1155215000.0,1.0,223223739.0,223589000.0,227584000.0,56.238,11707157000.0,160065000.0,304736000.0,2438000.0,52.36,1767727000.0
31,KMX,MRT,2013-12-31,2013-11-30,2013-11-30,2021-10-01,-57127000.0,11303875000.0,10644176250.0,2558794000.0,8745081000.0,1.158,14.729,-258522000.0,664758000.0,664758000.0,10692169000.0,500598000.0,3.418,2.438,7309984000.0,233659000.0,7076325000.0,7309984000.0,0.0,98545000.0,0.0,0.0,0.0,841050000.0,939595000.0,0.076,939595000.0,841050000.0,809765000.0,2.23,2.19,2.23,3288369000.0,3141924250.0,3288369000.0,17570227108.0,21.0,18.7,-1030875000.0,-4.617,1.0,1633795000.0,0.133,0.0,31285000.0,17200500000.0,16106582250.0,1556277000.0,7139106000.0,246795000.0,6892311000.0,8015506000.0,748601000.0,7266905000.0,11245429108.0,219648000.0,0.0,-295185000.0,1571506000.0,0.0,1296759000.0,-304758000.0,-46236000.0,-772353000.0,0.0,500598000.0,500598000.0,500598000.0,0.0,0.0,0.041,793416000.0,840379000.0,367478000.0,0.0,3.42,22.464,22.578,1588633000.0,0.0,50.35,0.912,0.912,68027000.0,2219943000.0,12325964000.0,12325964000.0,0.0,0.047,0.159,0.052,0.068,70463000.0,1123236000.0,1.0,223345166.0,223259000.0,227417000.0,55.209,11303875000.0,153932000.0,309167000.0,8554000.0,50.631,1810193000.0
32,KMX,MRT,2013-09-30,2013-08-31,2013-08-31,2021-10-01,-53909000.0,10933774000.0,10142628250.0,2481410000.0,8452364000.0,1.182,14.243,-263084000.0,750032000.0,750032000.0,10389710000.0,488827000.0,3.4,2.433,7074830000.0,237010000.0,6837820000.0,7074830000.0,0.0,98001000.0,0.0,0.0,0.0,820731000.0,918732000.0,0.077,918732000.0,820731000.0,789030000.0,2.16,2.13,2.16,3184779000.0,3075749250.0,3184779000.0,16625776617.0,20.0,18.096,-1019202000.0,-4.558,1.0,1597293000.0,0.133,0.0,31701000.0,16528653000.0,15310297000.0,1364016000.0,6917325000.0,251340000.0,6665985000.0,7748995000.0,729919000.0,7019076000.0,10632921617.0,291465000.0,0.0,-308743000.0,1631815000.0,0.0,1349035000.0,-301452000.0,-38368000.0,-756118000.0,0.0,488827000.0,488827000.0,488827000.0,0.0,0.0,0.041,777372000.0,819921000.0,346152000.0,0.0,3.339,21.752,22.019,1535431000.0,0.0,47.56,0.887,0.887,85549000.0,2126765000.0,11987003000.0,11987003000.0,0.0,0.048,0.159,0.054,0.068,69908000.0,1096152000.0,1.0,223568579.0,223610000.0,227634000.0,53.607,10933774000.0,150467000.0,300203000.0,1808000.0,48.897,1751491000.0
33,KMX,MRT,2013-06-30,2013-05-31,2013-05-31,2021-10-01,-57510000.0,10450454000.0,9627044750.0,2454773000.0,7995681000.0,1.194,13.692,-225506000.0,725267000.0,725267000.0,9968912000.0,460189000.0,3.456,2.398,6718122000.0,224915000.0,6493207000.0,6718122000.0,0.0,96636000.0,0.0,0.0,0.0,775099000.0,871735000.0,0.076,871735000.0,775099000.0,743007000.0,2.02,1.99,2.02,3075382000.0,3016951250.0,3075382000.0,16259007657.0,21.0,18.651,-966006000.0,-4.301,1.0,1530543000.0,0.133,0.0,32092000.0,15733075000.0,14510646000.0,1398200000.0,6551161000.0,240715000.0,6310446000.0,7375072000.0,710234000.0,6664838000.0,10499335657.0,268854000.0,0.0,-261549000.0,1527764000.0,0.0,1290721000.0,-281367000.0,-55861000.0,-740500000.0,0.0,460189000.0,460189000.0,460189000.0,0.0,0.0,0.04,756513000.0,774030000.0,316640000.0,0.0,3.414,22.815,23.153,1444128000.0,0.0,46.77,0.913,0.914,70452000.0,2030041000.0,11499455000.0,11499455000.0,0.0,0.048,0.153,0.053,0.067,69461000.0,1067620000.0,1.0,224488682.0,224618000.0,228552000.0,51.196,10450454000.0,142895000.0,282818000.0,58965000.0,46.525,1744539000.0
34,KMX,MRT,2013-03-31,2013-02-28,2013-02-28,2021-10-01,-59808000.0,9888602000.0,9163972000.0,2310131000.0,7578471000.0,1.196,13.236,-235707000.0,449364000.0,449364000.0,9498456000.0,434284000.0,3.377,2.275,6209036000.0,199409000.0,6009627000.0,6209036000.0,0.0,95283000.0,0.0,0.0,0.0,733708000.0,828991000.0,0.076,828991000.0,733708000.0,701351000.0,1.9,1.87,1.9,3019167000.0,2953192750.0,3019167000.0,14057350928.0,19.0,16.957,-1014148000.0,-4.446,1.0,1464362000.0,0.134,0.0,32357000.0,14964101000.0,13755775250.0,1517813000.0,6120205000.0,224287000.0,5895918000.0,6869435000.0,684173000.0,6185262000.0,8763982928.0,6706000.0,0.0,-140009000.0,1156330000.0,0.0,1040421000.0,-255274000.0,-19567000.0,-778441000.0,0.0,434284000.0,434284000.0,434284000.0,0.0,0.0,0.04,731767000.0,732595000.0,336721000.0,0.0,2.903,20.18,20.216,1428970000.0,0.0,38.41,0.799,0.799,91961000.0,1993772000.0,10962818000.0,10962818000.0,0.0,0.047,0.147,0.053,0.067,62112000.0,1031034000.0,1.0,228169303.0,228095000.0,231823000.0,48.063,9888602000.0,151068000.0,267067000.0,222000.0,43.353,1625958000.0
35,KMX,MRT,2012-12-31,2012-11-30,2012-11-30,2021-10-01,-51745000.0,9297683000.0,8774707250.0,2085364000.0,7212319000.0,1.209,13.209,-251560000.0,445110000.0,445110000.0,9177420000.0,422094000.0,3.622,2.075,5738478000.0,185990000.0,5552488000.0,5738478000.0,0.0,92837000.0,0.0,0.0,0.0,714671000.0,807508000.0,0.076,807508000.0,714671000.0,681960000.0,1.85,1.82,1.85,3023669000.0,2866679000.0,3023669000.0,13281202086.0,19.0,16.447,-819285000.0,-3.579,1.0,1433299000.0,0.135,0.0,32711000.0,14015359000.0,13088569500.0,1339044000.0,5756395000.0,204360000.0,5552035000.0,6274014000.0,575692000.0,5698322000.0,8296754086.0,61699000.0,0.0,-11067000.0,901587000.0,0.0,909506000.0,-280082000.0,-28522000.0,-567725000.0,0.0,422094000.0,422094000.0,422094000.0,0.0,0.0,0.04,719656000.0,713643000.0,272807000.0,0.0,2.744,19.656,19.6,1411588000.0,0.0,36.26,0.782,0.782,62660000.0,2019289000.0,10610719000.0,10610719000.0,0.0,0.048,0.147,0.055,0.067,57538000.0,1009038000.0,1.0,228812854.0,228904000.0,232656000.0,46.354,9297683000.0,156886000.0,259866000.0,266000.0,40.618,1509672000.0
36,KMX,MRT,2012-09-30,2012-08-31,2012-08-31,2021-10-01,-53411000.0,8871440000.0,8358636750.0,1961548000.0,6909892000.0,1.229,12.916,-196301000.0,458567000.0,458567000.0,8877488000.0,409523000.0,3.73,2.008,5443015000.0,187685000.0,5255330000.0,5443015000.0,0.0,89800000.0,0.0,0.0,0.0,694126000.0,783926000.0,0.076,783926000.0,694126000.0,661121000.0,1.8,1.77,1.8,2949587000.0,2769974750.0,2949587000.0,11719175721.0,17.0,14.949,-468473000.0,-2.051,1.0,1391299000.0,0.135,0.0,33005000.0,13330049000.0,12388033000.0,1198013000.0,5519963000.0,204731000.0,5315232000.0,5921853000.0,525839000.0,5396014000.0,6985230721.0,276654000.0,0.0,15424000.0,768939000.0,0.0,796598000.0,-247772000.0,-51471000.0,-272172000.0,0.0,409523000.0,409523000.0,409523000.0,0.0,0.0,0.04,697968000.0,693331000.0,221430000.0,0.0,2.368,17.057,16.994,1347313000.0,0.0,30.59,0.68,0.68,70426000.0,1976901000.0,10268787000.0,10268787000.0,0.0,0.049,0.148,0.056,0.068,51992000.0,977521000.0,1.0,228350138.0,228366000.0,231696000.0,44.966,8871440000.0,151459000.0,251598000.0,557000.0,38.847,1435709000.0
37,KMX,MRT,2012-06-30,2012-05-31,2012-05-31,2021-10-01,-60795000.0,8598163000.0,7980520500.0,1931007000.0,6667156000.0,1.265,12.382,-189198000.0,456413000.0,456413000.0,8721021000.0,409041000.0,3.122,2.049,5190358000.0,167789000.0,5022569000.0,5190358000.0,0.0,86165000.0,0.0,0.0,0.0,693196000.0,779361000.0,0.077,779361000.0,693196000.0,659879000.0,1.8,1.77,1.8,2820348000.0,2670633500.0,2820348000.0,11018249570.0,16.0,14.138,-391786000.0,-1.72,1.0,1377581000.0,0.136,0.0,33317000.0,12713592000.0,11809384000.0,1210196000.0,5314479000.0,182316000.0,5132163000.0,5777815000.0,618516000.0,5159299000.0,6408201570.0,300410000.0,0.0,20238000.0,669887000.0,0.0,703340000.0,-200342000.0,-11144000.0,-202588000.0,0.0,409041000.0,409041000.0,409041000.0,0.0,0.0,0.041,685031000.0,692550000.0,293924000.0,0.0,2.272,15.666,15.672,1305462000.0,0.0,28.21,0.635,0.636,65705000.0,1865265000.0,10098602000.0,10098602000.0,0.0,0.051,0.153,0.059,0.069,48671000.0,952734000.0,1.0,227160637.0,227773000.0,231802000.0,44.336,8598163000.0,136702000.0,250838000.0,48070000.0,37.749,1312491000.0
38,KMX,MRT,2012-03-31,2012-02-29,2012-02-29,2021-10-01,-62459000.0,8331543000.0,7620987500.0,1853448000.0,6478095000.0,1.313,11.813,-172608000.0,442658000.0,442658000.0,8624838000.0,413795000.0,2.868,2.117,5052706000.0,189388000.0,4863318000.0,5052706000.0,0.0,82812000.0,0.0,0.0,0.0,700624000.0,783436000.0,0.078,783436000.0,700624000.0,666910000.0,1.83,1.79,1.83,2673112000.0,2573153000.0,2673112000.0,11065048320.0,16.0,14.124,-234772000.0,-1.038,1.0,1378761000.0,0.138,0.0,33714000.0,12295278000.0,11280828500.0,1092592000.0,5164161000.0,204314000.0,4959847000.0,5658431000.0,646313000.0,5012118000.0,6953920320.0,401537000.0,0.0,15577000.0,657809000.0,0.0,683103000.0,-219402000.0,-46794000.0,-62164000.0,0.0,413795000.0,413795000.0,413795000.0,0.0,0.0,0.041,678601000.0,700160000.0,324827000.0,0.0,2.601,16.805,16.77,1278722000.0,0.0,30.69,0.695,0.694,86434000.0,1744519000.0,10003599000.0,10003599000.0,0.0,0.054,0.161,0.062,0.07,48089000.0,940786000.0,1.0,226585869.0,226282000.0,230721000.0,44.209,8331543000.0,143072000.0,253115000.0,3125000.0,36.819,1207135000.0
39,KMX,MRT,2011-12-31,2011-11-30,2011-11-30,2021-10-01,-39257000.0,7633401000.0,7319489000.0,1648399000.0,5985002000.0,1.336,11.645,-144034000.0,383411000.0,383411000.0,8419142000.0,404891000.0,3.102,1.895,4494539000.0,148780000.0,4345759000.0,4494539000.0,0.0,93360000.0,0.0,0.0,0.0,707234000.0,800594000.0,0.082,800594000.0,707234000.0,649477000.0,1.79,1.75,1.79,2636852000.0,2464687250.0,2636852000.0,10658895433.0,15.0,13.314,-121971000.0,-0.539,1.0,1361241000.0,0.139,0.0,57757000.0,11213213000.0,10946172500.0,1013183000.0,4982196000.0,174392000.0,4807804000.0,4996549000.0,531316000.0,4465233000.0,6512127433.0,309020000.0,0.0,11371000.0,419686000.0,0.0,440111000.0,-153154000.0,-9120000.0,22063000.0,0.0,404891000.0,404891000.0,404891000.0,0.0,0.0,0.041,654226000.0,707015000.0,246393000.0,0.0,2.47,16.084,16.067,988300000.0,0.0,28.76,0.666,0.666,54522000.0,1704082000.0,9780383000.0,9780383000.0,0.0,0.055,0.164,0.065,0.072,47154000.0,904477000.0,1.0,226430022.0,226446000.0,230632000.0,43.191,7633401000.0,100790000.0,244586000.0,13069000.0,33.71,1117083000.0
40,KMX,MRT,2011-09-30,2011-08-31,2011-08-31,2021-10-01,-33416000.0,7358975000.0,7084986750.0,1495819000.0,5863156000.0,1.36,11.278,-141565000.0,181913000.0,181913000.0,8283066000.0,405145000.0,3.051,1.883,4328681000.0,131713000.0,4196968000.0,4328681000.0,0.0,86727000.0,0.0,0.0,0.0,701395000.0,788122000.0,0.082,788122000.0,701395000.0,651196000.0,1.8,1.75,1.8,2552222000.0,2351345500.0,2552222000.0,10376581410.0,15.0,13.166,-214781000.0,-0.949,1.0,1355932000.0,0.141,0.0,50199000.0,11015453000.0,10694719250.0,1061309000.0,4854018000.0,154944000.0,4699074000.0,4806753000.0,490290000.0,4316463000.0,6360413410.0,126750000.0,0.0,36252000.0,275534000.0,0.0,325466000.0,-125500000.0,16065000.0,-73216000.0,0.0,405145000.0,405145000.0,405145000.0,0.0,0.0,0.042,655048000.0,700884000.0,243473000.0,0.0,2.492,15.699,15.617,976901000.0,0.0,28.11,0.66,0.66,64849000.0,1621288000.0,9638998000.0,9638998000.0,0.0,0.057,0.172,0.066,0.073,47952000.0,898419000.0,1.0,226268709.0,226300000.0,230681000.0,42.594,7358975000.0,99493000.0,246051000.0,7451000.0,32.519,1005529000.0
41,KMX,MRT,2011-06-30,2011-05-31,2011-05-31,2021-10-01,-28007000.0,7160031000.0,6889537750.0,1540953000.0,5619078000.0,1.363,10.775,-98464000.0,156003000.0,156003000.0,8042284000.0,401876000.0,2.671,1.946,4172171000.0,142924000.0,4029247000.0,4172171000.0,0.0,81518000.0,0.0,0.0,0.0,689659000.0,771177000.0,0.082,771177000.0,689659000.0,646511000.0,1.79,1.75,1.79,2430426000.0,2230540750.0,2430426000.0,10702785244.0,16.0,13.879,-135926000.0,-0.603,1.0,1350775000.0,0.144,0.0,43148000.0,10599370000.0,10459148000.0,1116341000.0,4653708000.0,170096000.0,4483612000.0,4729605000.0,576829000.0,4152776000.0,6700121244.0,142295000.0,0.0,30790000.0,252361000.0,0.0,295789000.0,-116032000.0,-17568000.0,-37462000.0,0.0,401876000.0,401876000.0,401876000.0,0.0,0.0,0.043,661619000.0,689156000.0,288073000.0,0.0,2.757,16.672,16.57,949623000.0,0.0,29.66,0.713,0.712,85058000.0,1509393000.0,9393059000.0,9393059000.0,0.0,0.058,0.18,0.066,0.073,45155000.0,893768000.0,1.0,225897547.0,225570000.0,230278000.0,41.641,7160031000.0,90861000.0,244635000.0,38236000.0,31.742,964124000.0
42,KMX,MRT,2011-03-31,2011-02-28,2011-02-28,2021-10-01,-25057000.0,7125549000.0,6692517500.0,1410098000.0,5715451000.0,1.341,10.021,-76572000.0,41121000.0,41121000.0,7674326000.0,377495000.0,2.698,2.182,4394897000.0,146138000.0,4248759000.0,4394897000.0,0.0,76321000.0,0.0,0.0,0.0,642886000.0,719207000.0,0.08,719207000.0,642886000.0,608206000.0,1.68,1.65,1.68,2239249000.0,2112506000.0,2239249000.0,11959082787.0,19.0,16.628,-83330000.0,-0.373,1.0,1301228000.0,0.145,0.0,34680000.0,10956654000.0,10232959250.0,1049477000.0,4481627000.0,161052000.0,4320575000.0,4886300000.0,522671000.0,4363629000.0,7977820787.0,22843000.0,0.0,38277000.0,54625000.0,0.0,101813000.0,-72212000.0,4360000.0,-6758000.0,0.0,377495000.0,377495000.0,377495000.0,0.0,0.0,0.042,658822000.0,642406000.0,269763000.0,0.0,3.563,21.134,21.054,1175317000.0,0.0,35.37,0.889,0.881,119597000.0,1330724000.0,8975554000.0,8975554000.0,0.0,0.056,0.179,0.063,0.072,43606000.0,878805000.0,1.0,225553316.0,223449000.0,227601000.0,40.168,7125549000.0,128876000.0,230711000.0,772000.0,31.889,887427000.0
43,KMX,MRT,2010-12-31,2010-11-30,2010-11-30,2021-10-01,-29308000.0,6695392000.0,5550178000.0,1337500000.0,5357892000.0,1.542,9.75,-42007000.0,74391000.0,74391000.0,7310369000.0,362904000.0,2.85,2.066,4055653000.0,140257000.0,3915396000.0,4055653000.0,0.0,74938000.0,0.0,0.0,0.0,623731000.0,698669000.0,0.082,698669000.0,623731000.0,588539000.0,1.62,1.6,1.62,2183485000.0,2036089250.0,2183485000.0,11379546729.0,18.0,16.287,-61450000.0,-0.274,1.0,1245797000.0,0.146,0.0,35192000.0,10207400000.0,8046579000.0,1002982000.0,4440357000.0,165785000.0,4274572000.0,4511907000.0,469254000.0,4042653000.0,7397719729.0,59179000.0,0.0,39934000.0,71348000.0,0.0,119694000.0,-41072000.0,935000.0,-19443000.0,0.0,362904000.0,362904000.0,362904000.0,0.0,0.0,0.042,622588000.0,623209000.0,218037000.0,0.0,3.388,20.385,20.309,893421000.0,0.0,32.9,0.865,0.861,66045000.0,1293595000.0,8556166000.0,8556166000.0,0.0,0.065,0.178,0.078,0.073,40761000.0,847349000.0,1.0,224854703.0,223953000.0,228471000.0,38.205,6695392000.0,103366000.0,225635000.0,524000.0,29.896,868246000.0
44,KMX,MRT,2010-09-30,2010-08-31,2010-08-31,2021-10-01,-25589000.0,6577179000.0,4478896750.0,1234572000.0,5342607000.0,1.823,9.284,-22726000.0,55163000.0,55163000.0,6972264000.0,355129000.0,2.541,2.179,4036990000.0,141198000.0,3895792000.0,4036990000.0,0.0,74697000.0,0.0,0.0,0.0,606159000.0,680856000.0,0.083,680856000.0,606159000.0,571094000.0,1.59,1.57,1.59,2069003000.0,1951711500.0,2069003000.0,8349973389.0,14.0,12.264,78619000.0,0.353,1.0,1190750000.0,0.146,0.0,35065000.0,10073168000.0,6023313750.0,929170000.0,4429164000.0,166574000.0,4262590000.0,4508176000.0,485838000.0,4022338000.0,4458862389.0,-67184000.0,0.0,33875000.0,-179899000.0,0.0,-140186000.0,-28343000.0,-5617000.0,101345000.0,0.0,355129000.0,355129000.0,355129000.0,0.0,0.0,0.044,584960000.0,605790000.0,236997000.0,0.0,2.155,12.556,12.535,880197000.0,0.0,19.93,0.546,0.544,65982000.0,1211231000.0,8163014000.0,8163014000.0,0.0,0.079,0.182,0.101,0.074,37161000.0,819782000.0,1.0,223726161.0,222857000.0,226132000.0,36.629,6577179000.0,109383000.0,215965000.0,15499000.0,29.513,748734000.0
45,KMX,MRT,2010-06-30,2010-05-31,2010-05-31,2021-10-01,-20376000.0,6371950000.0,3481427000.0,1155758000.0,5216192000.0,2.269,8.812,-25314000.0,13708000.0,13708000.0,6741624000.0,350215000.0,2.033,2.254,3904819000.0,177775000.0,3727044000.0,3904819000.0,118173000.0,74628000.0,0.0,0.0,0.0,598318000.0,672946000.0,0.085,672946000.0,598318000.0,563318000.0,1.58,1.55,1.58,1958287000.0,1870517500.0,1958287000.0,4980833214.0,8.0,7.402,169233000.0,0.762,1.0,1156181000.0,0.146,0.0,35000000.0,9694615000.0,4077203250.0,894665000.0,4283495000.0,147016000.0,4136479000.0,4413663000.0,568446000.0,3845217000.0,4848540214.0,-119872000.0,0.0,39399000.0,-348395000.0,0.0,-302866000.0,-11553000.0,13314000.0,194547000.0,0.0,350215000.0,350215000.0,350215000.0,0.0,0.0,0.044,558320000.0,597861000.0,251162000.0,0.0,2.476,13.844,13.753,886652000.0,0.0,21.73,0.614,0.611,84898000.0,1103346000.0,7897805000.0,7897805000.0,0.0,0.101,0.187,0.147,0.076,38826000.0,812668000.0,1.0,223126563.0,222221000.0,226179000.0,35.54,6371950000.0,103051000.0,213103000.0,51637000.0,28.674,587312000.0
46,KMX,MRT,2010-03-31,2010-02-28,2010-02-28,2021-10-01,-19546000.0,2556191000.0,2526108500.0,1556412000.0,999779000.0,2.957,8.808,-21772000.0,18278000.0,18278000.0,6371323000.0,277844000.0,3.261,0.322,150571000.0,123200000.0,27371000.0,150571000.0,0.0,75228000.0,0.0,0.0,0.0,482446000.0,557674000.0,0.075,557674000.0,482446000.0,446452000.0,1.25,1.24,1.25,1933582000.0,1787562250.0,1933582000.0,4631230788.0,10.0,8.305,37750000.0,0.172,1.0,1098870000.0,0.147,0.0,35994000.0,2211133000.0,2202162750.0,843133000.0,30578000.0,30578000.0,0.0,622609000.0,477351000.0,145258000.0,4499518788.0,-122319000.0,0.0,31307000.0,-195708000.0,0.0,-160520000.0,-21321000.0,4000.0,59522000.0,0.0,277844000.0,277844000.0,277844000.0,0.0,0.0,0.037,616984000.0,481886000.0,253267000.0,0.0,2.327,16.194,16.152,893453000.0,0.0,20.19,0.602,0.593,99434000.0,1647838000.0,7470193000.0,7470193000.0,0.0,0.11,0.155,0.219,0.065,37858000.0,792201000.0,1.0,222858781.0,219527000.0,222234000.0,34.029,2556191000.0,62829000.0,168608000.0,6327000.0,11.644,1079061000.0
47,KMX,MRT,2009-12-31,2009-11-30,2009-11-30,2021-10-01,-16854000.0,2410267000.0,2481857500.0,1392341000.0,1017926000.0,2.864,8.383,-34043000.0,15212000.0,15212000.0,6043509000.0,243831000.0,3.256,0.306,146924000.0,119391000.0,27533000.0,146924000.0,109120000.0,57309000.0,0.0,0.0,0.0,395844000.0,453153000.0,0.064,453153000.0,395844000.0,391730000.0,1.11,1.09,1.11,1845974000.0,1702433500.0,1845974000.0,4667092018.0,12.0,10.299,-19603000.0,-0.089,1.0,1063956000.0,0.15,0.0,4114000.0,2114339000.0,2170596250.0,751297000.0,18822000.0,18822000.0,0.0,564293000.0,427640000.0,136653000.0,4409931018.0,-122932000.0,0.0,23518000.0,-130109000.0,0.0,-103802000.0,-33570000.0,26000.0,14440000.0,0.0,243831000.0,243831000.0,243831000.0,0.0,0.0,0.034,668963000.0,394993000.0,191170000.0,0.0,2.389,18.086,17.91,905564000.0,0.0,19.88,0.62,0.616,68314000.0,1541384000.0,7107465000.0,7107465000.0,0.0,0.098,0.143,0.182,0.056,39095000.0,813231000.0,1.0,221827516.0,220204000.0,223879000.0,32.277,2410267000.0,70728000.0,147899000.0,16504000.0,10.946,964701000.0
48,KMX,MRT,2009-09-30,2009-08-31,2009-08-31,2021-10-01,-16854000.0,2587300000.0,2433836250.0,1521582000.0,1065718000.0,2.809,7.974,-29372000.0,122347000.0,122347000.0,5816791000.0,147368000.0,2.738,0.483,379508000.0,201792000.0,177716000.0,379508000.0,109622000.0,56826000.0,0.0,0.0,0.0,246399000.0,303225000.0,0.044,303225000.0,246399000.0,241434000.0,0.67,0.66,0.67,1744227000.0,1631865750.0,1744227000.0,4097295005.0,17.0,13.512,-34971000.0,-0.16,1.0,1020329000.0,0.149,0.0,4965000.0,2288726000.0,2136060500.0,790081000.0,25679000.0,25679000.0,0.0,843073000.0,555735000.0,287338000.0,3813303005.0,111430000.0,0.0,4881000.0,140433000.0,0.0,145928000.0,-28899000.0,26000.0,-5599000.0,0.0,147368000.0,147368000.0,147368000.0,0.0,0.0,0.022,775471000.0,244858000.0,224835000.0,0.0,2.186,25.876,25.836,916162000.0,0.0,17.31,0.558,0.554,79110000.0,1431632000.0,6837120000.0,6837120000.0,0.0,0.061,0.09,0.115,0.036,38995000.0,838573000.0,1.0,220294801.0,218747000.0,221334000.0,31.256,2587300000.0,108751000.0,94066000.0,36183000.0,11.828,965847000.0
49,KMX,MRT,2009-06-30,2009-05-31,2009-05-31,2021-10-01,-16854000.0,2550676000.0,2353049250.0,1453504000.0,1097172000.0,2.805,7.461,-81464000.0,133580000.0,133580000.0,5637810000.0,58403000.0,2.27,0.568,417572000.0,239683000.0,177889000.0,417572000.0,106106000.0,56525000.0,0.0,0.0,0.0,101630000.0,158155000.0,0.024,158155000.0,101630000.0,96536000.0,0.26,0.26,0.26,1626466000.0,1586045500.0,1626466000.0,2667043266.0,26.0,16.863,24354000.0,0.112,1.0,961693000.0,0.146,0.0,5094000.0,2194453000.0,2088537750.0,781085000.0,22539000.0,22539000.0,0.0,924210000.0,640215000.0,283995000.0,2470593266.0,121689000.0,0.0,-804000.0,100782000.0,0.0,100274000.0,-84403000.0,-2939000.0,105818000.0,0.0,58403000.0,58403000.0,58403000.0,0.0,0.0,0.009,861768000.0,99925000.0,252702000.0,0.0,1.519,42.303,43.115,922950000.0,0.0,11.21,0.374,0.37,74692000.0,1275841000.0,6599503000.0,6599503000.0,0.0,0.025,0.037,0.049,0.015,38008000.0,845599000.0,1.0,220391906.0,218004000.0,218840000.0,30.272,2550676000.0,124819000.0,38133000.0,65989000.0,11.7,813289000.0
50,KMX,MRT,2009-03-31,2009-02-28,2009-02-28,2021-10-01,-16860000.0,2379187000.0,2309398500.0,1287752000.0,1091435000.0,3.02,7.323,-151359000.0,140597000.0,140597000.0,6005796000.0,59213000.0,2.624,0.493,337047000.0,158985000.0,178062000.0,337047000.0,117288000.0,54741000.0,0.0,0.0,0.0,102884000.0,157625000.0,0.023,157625000.0,102884000.0,96798000.0,0.27,0.27,0.27,1593067000.0,1563639250.0,1593067000.0,2215877331.0,22.0,14.058,113232000.0,0.521,1.0,968170000.0,0.139,0.0,6086000.0,2084867000.0,2090299250.0,703157000.0,9748000.0,9748000.0,0.0,786120000.0,490770000.0,295350000.0,2078370331.0,127632000.0,0.0,10162000.0,7834000.0,0.0,18387000.0,-155346000.0,-3987000.0,264591000.0,0.0,59213000.0,59213000.0,59213000.0,0.0,0.0,0.008,867072000.0,101098000.0,237312000.0,0.0,1.305,35.1,34.926,938259000.0,0.0,9.43,0.298,0.294,75876000.0,1162055000.0,6973966000.0,6973966000.0,0.0,0.026,0.038,0.049,0.015,35436000.0,882358000.0,1.0,220399823.0,217537000.0,219357000.0,32.059,2379187000.0,103163000.0,37585000.0,38680000.0,10.937,796982000.0
51,KMX,MRT,2008-12-31,2008-11-30,2008-11-30,2021-10-01,-337000.0,2218182000.0,2297892000.0,1130256000.0,1087926000.0,3.285,7.182,-196643000.0,138144000.0,138144000.0,6553066000.0,43519000.0,2.978,0.419,275651000.0,98968000.0,176683000.0,275651000.0,98303000.0,53826000.0,0.0,0.0,0.0,77689000.0,131515000.0,0.017,131515000.0,77689000.0,70684000.0,0.19,0.18,0.19,1563703000.0,1537604000.0,1563703000.0,1904246907.0,25.0,14.479,30588000.0,0.14,1.0,994990000.0,0.132,0.0,7005000.0,1976196000.0,2108583250.0,601506000.0,20910000.0,20910000.0,0.0,654479000.0,379493000.0,274986000.0,1677470907.0,129764000.0,0.0,11535000.0,89692000.0,0.0,103185000.0,-200652000.0,-4009000.0,227231000.0,0.0,43519000.0,43519000.0,43519000.0,0.0,0.0,0.006,919112000.0,75878000.0,177144000.0,0.0,1.073,38.546,40.053,948106000.0,0.0,7.61,0.222,0.219,45816000.0,1091265000.0,7548056000.0,7548056000.0,0.0,0.019,0.028,0.037,0.01,34649000.0,905468000.0,1.0,220429817.0,217712000.0,217712000.0,34.67,2218182000.0,89315000.0,27165000.0,32598000.0,10.189,750763000.0
52,KMX,MRT,2008-09-30,2008-08-31,2008-08-31,2021-10-01,-16347000.0,2264152000.0,2270694500.0,1163311000.0,1100841000.0,3.513,7.173,-257462000.0,10917000.0,10917000.0,6939087000.0,95239000.0,2.965,0.45,237693000.0,60829000.0,176864000.0,237693000.0,134049000.0,52083000.0,0.0,0.0,0.0,159567000.0,211650000.0,0.027,211650000.0,159567000.0,154043000.0,0.43,0.42,0.43,1560946000.0,1510260500.0,1560946000.0,3565055175.0,22.0,16.844,-132066000.0,-0.607,1.0,1038637000.0,0.13,0.0,5524000.0,2098635000.0,2058754750.0,736131000.0,31037000.0,31037000.0,0.0,703206000.0,392293000.0,310913000.0,3261538175.0,3328000.0,0.0,13883000.0,121395000.0,0.0,139403000.0,-261471000.0,-4009000.0,125396000.0,0.0,95239000.0,95239000.0,95239000.0,0.0,0.0,0.012,880431000.0,158206000.0,228578000.0,0.0,2.089,34.246,34.419,960524000.0,0.0,14.8,0.409,0.404,59149000.0,1109171000.0,7977724000.0,7977724000.0,0.0,0.042,0.063,0.078,0.02,34818000.0,898494000.0,1.0,220374201.0,217600000.0,219956000.0,36.662,2264152000.0,89420000.0,58804000.0,40848000.0,10.405,771018000.0
53,KMX,MRT,2008-06-30,2008-05-31,2008-05-31,2021-10-01,-16559000.0,2376073000.0,2199104000.0,1323187000.0,1052886000.0,3.757,7.079,-266645000.0,11891000.0,11891000.0,7190282000.0,146228000.0,2.768,0.546,315408000.0,88391000.0,227017000.0,315408000.0,134124000.0,49028000.0,0.0,0.0,0.0,243984000.0,293012000.0,0.035,293012000.0,243984000.0,238987000.0,0.67,0.65,0.67,1536841000.0,1472732250.0,1536841000.0,4612944676.0,19.0,15.743,-183168000.0,-0.844,1.0,1070918000.0,0.13,0.0,4997000.0,2201499000.0,1949817250.0,933957000.0,10009000.0,10009000.0,0.0,839232000.0,478091000.0,361141000.0,4298078676.0,-10138000.0,0.0,19234000.0,153549000.0,0.0,178893000.0,-272508000.0,-5863000.0,83477000.0,0.0,146228000.0,146228000.0,146228000.0,0.0,0.0,0.018,828186000.0,242732000.0,274560000.0,0.0,2.797,29.393,29.343,926348000.0,0.0,19.66,0.52,0.517,75393000.0,1052751000.0,8261200000.0,8261200000.0,0.0,0.066,0.099,0.125,0.03,34056000.0,887542000.0,1.0,218620482.0,217094000.0,220484000.0,38.054,2376073000.0,79352000.0,92759000.0,44747000.0,10.945,845096000.0
54,KMX,MRT,2008-03-31,2008-02-29,2008-02-29,2021-10-01,-16728000.0,2333161000.0,2099373250.0,1356925000.0,976236000.0,3.906,6.892,-252017000.0,12965000.0,12965000.0,7127146000.0,182025000.0,2.769,0.567,327831000.0,100678000.0,227153000.0,327831000.0,127058000.0,46615000.0,0.0,0.0,0.0,302024000.0,348639000.0,0.043,348639000.0,302024000.0,297069000.0,0.84,0.82,0.84,1488926000.0,1420614250.0,1488926000.0,4186792540.0,14.0,12.009,-172497000.0,-0.798,1.0,1072425000.0,0.131,0.0,4955000.0,2158003000.0,1804590500.0,975777000.0,4984000.0,4984000.0,0.0,844235000.0,490024000.0,354211000.0,4009214540.0,-6490000.0,0.0,14730000.0,148908000.0,0.0,171007000.0,-257017000.0,-5000000.0,79520000.0,0.0,182025000.0,182025000.0,182025000.0,0.0,0.0,0.022,771767000.0,300658000.0,306013000.0,0.0,2.693,22.026,21.857,862497000.0,0.0,18.36,0.489,0.484,73228000.0,1025341000.0,8199571000.0,8199571000.0,0.0,0.087,0.128,0.167,0.037,33467000.0,858372000.0,1.0,218366805.0,216045000.0,219963000.0,37.953,2333161000.0,67066000.0,115044000.0,25279000.0,10.799,866901000.0
55,KMX,MRT,2007-12-31,2007-11-30,2007-11-30,2021-10-01,-18755000.0,2109392000.0,1987476250.0,1212237000.0,897155000.0,4.044,6.724,-266927000.0,8380000.0,8380000.0,6981661000.0,202334000.0,2.377,0.45,185958000.0,158678000.0,27280000.0,185958000.0,117695000.0,43542000.0,0.0,0.0,0.0,336228000.0,379770000.0,0.047,379770000.0,336228000.0,332294000.0,0.93,0.92,0.93,1454329000.0,1360226500.0,1454329000.0,5093051139.0,15.0,13.411,-108775000.0,-0.503,1.0,1056131000.0,0.131,0.0,3934000.0,1776882000.0,1649983000.0,892228000.0,4700000.0,4700000.0,0.0,655063000.0,510088000.0,144975000.0,4984342139.0,-3972000.0,0.0,21119000.0,71095000.0,0.0,109803000.0,-271927000.0,-5000000.0,158152000.0,0.0,202334000.0,202334000.0,202334000.0,0.0,0.0,0.025,721041000.0,335090000.0,265933000.0,0.0,3.427,24.634,24.591,804545000.0,0.0,22.87,0.62,0.615,52769000.0,966414000.0,8037792000.0,8037792000.0,0.0,0.102,0.149,0.204,0.042,32134000.0,840353000.0,1.0,217942376.0,216301000.0,220558000.0,37.16,2109392000.0,45607000.0,129960000.0,16364000.0,9.752,702149000.0
56,KMX,MRT,2007-09-30,2007-08-31,2007-08-31,2021-10-01,-19303000.0,1977790000.0,1886295250.0,1132716000.0,845074000.0,4.199,6.535,-267161000.0,7589000.0,7589000.0,6878782000.0,217907000.0,2.674,0.402,116298000.0,88937000.0,27361000.0,116298000.0,115982000.0,39850000.0,0.0,0.0,0.0,360892000.0,400742000.0,0.051,400742000.0,360892000.0,356835000.0,1.0,0.99,1.0,1410833000.0,1296370750.0,1410833000.0,5078272249.0,14.0,12.672,-44087000.0,-0.204,1.0,1041857000.0,0.132,0.0,4057000.0,1662885000.0,1550031000.0,820171000.0,4464000.0,4464000.0,0.0,566957000.0,423614000.0,143343000.0,4931888249.0,-16192000.0,0.0,31430000.0,-16741000.0,0.0,32895000.0,-272161000.0,-5000000.0,223074000.0,0.0,217907000.0,217907000.0,217907000.0,0.0,0.0,0.028,682224000.0,359633000.0,248762000.0,0.0,3.496,22.633,22.66,755276000.0,0.0,22.66,0.623,0.618,56165000.0,927628000.0,7920639000.0,7920639000.0,0.0,0.116,0.168,0.233,0.046,29934000.0,817163000.0,1.0,217647319.0,215891000.0,220580000.0,36.688,1977790000.0,42467000.0,138928000.0,22887000.0,9.161,709102000.0
57,KMX,MRT,2007-06-30,2007-05-31,2007-05-31,2021-10-01,-19950000.0,1977150000.0,1801027250.0,1188327000.0,788823000.0,4.291,6.17,-222990000.0,22029000.0,22029000.0,6720623000.0,207176000.0,2.363,0.488,168413000.0,134944000.0,33469000.0,168413000.0,112370000.0,37311000.0,0.0,0.0,0.0,342625000.0,379936000.0,0.049,379936000.0,342625000.0,337183000.0,0.96,0.95,0.96,1328369000.0,1226587750.0,1328369000.0,5351112512.0,16.0,14.084,-58876000.0,-0.273,1.0,1007028000.0,0.13,0.0,5442000.0,1620592000.0,1463314250.0,863511000.0,1410000.0,1410000.0,0.0,648781000.0,502942000.0,145839000.0,5185090512.0,-4014000.0,0.0,32823000.0,1990000.0,0.0,54862000.0,-222990000.0,0.0,164114000.0,0.0,207176000.0,207176000.0,207176000.0,0.0,0.0,0.027,665717000.0,341311000.0,249327000.0,0.0,3.903,25.027,25.0,702431000.0,0.0,24.0,0.671,0.669,68367000.0,860192000.0,7727651000.0,7727651000.0,0.0,0.115,0.169,0.234,0.044,34472000.0,803016000.0,1.0,216045438.0,215293000.0,220130000.0,35.894,1977150000.0,43694000.0,130007000.0,53602000.0,9.184,685385000.0
58,KMX,MRT,2007-03-31,2007-02-28,2007-02-28,2021-10-01,-20332000.0,1885573000.0,1710772750.0,1150516000.0,735057000.0,4.364,5.871,-187191000.0,19455000.0,19455000.0,6494594000.0,198597000.0,2.247,0.512,185477000.0,151733000.0,33744000.0,185477000.0,92432000.0,34551000.0,0.0,0.0,0.0,328722000.0,363273000.0,0.049,363273000.0,328722000.0,323349000.0,0.93,0.92,0.93,1247375000.0,1157887250.0,1247375000.0,5771391308.0,18.0,15.887,-50391000.0,-0.237,1.0,971062000.0,0.13,0.0,5373000.0,1539573000.0,1398520750.0,836116000.0,6162000.0,6162000.0,0.0,638198000.0,512022000.0,126176000.0,5662325308.0,-2304000.0,0.0,35411000.0,-9535000.0,0.0,48087000.0,-187191000.0,0.0,136800000.0,0.0,198597000.0,198597000.0,198597000.0,0.0,0.0,0.027,643543000.0,327519000.0,254895000.0,0.0,4.539,28.512,28.333,651850000.0,0.0,26.35,0.758,0.75,71413000.0,774449000.0,7465656000.0,7465656000.0,0.0,0.116,0.172,0.235,0.044,31826000.0,776168000.0,1.0,214889006.0,212454000.0,216739000.0,35.14,1885573000.0,40174000.0,124752000.0,36509000.0,8.875,638494000.0
59,KMX,MRT,2006-12-31,2006-11-30,2006-11-30,2021-10-01,0.0,1704668000.0,1616782500.0,1045954000.0,658714000.0,4.457,5.628,-152067000.0,12352000.0,12352000.0,6269175000.0,193132000.0,2.395,0.422,121418000.0,87406000.0,34012000.0,121418000.0,35090000.0,32676000.0,0.0,0.0,0.0,318990000.0,351666000.0,0.049,351666000.0,318990000.0,312447000.0,0.915,0.9,0.915,1198906000.0,1091069250.0,1198906000.0,5044841617.0,16.0,14.346,-36086000.0,-0.169,1.0,937427000.0,0.13,0.0,6543000.0,1377074000.0,1348126250.0,760816000.0,3145000.0,3145000.0,0.0,505762000.0,436660000.0,69102000.0,4929029617.0,-4900000.0,0.0,28376000.0,-8367000.0,0.0,31186000.0,-152067000.0,0.0,115981000.0,0.0,193132000.0,193132000.0,193132000.0,0.0,0.0,0.027,619845000.0,317582000.0,222205000.0,0.0,4.111,25.522,25.213,585109000.0,0.0,23.07,0.684,0.682,53092000.0,732603000.0,7206602000.0,7206602000.0,0.0,0.119,0.177,0.237,0.044,31467000.0,746186000.0,1.0,213655380.0,213022000.0,217767000.0,33.83,1704668000.0,25788000.0,119315000.0,43426000.0,8.002,609294000.0
60,KMX,MRT,2006-09-30,2006-08-31,2006-08-31,2021-10-01,0.0,1636718000.0,1532400500.0,1030745000.0,605973000.0,4.478,5.342,-129876000.0,23781000.0,23781000.0,5976444000.0,170644000.0,2.361,0.446,139593000.0,105317000.0,34276000.0,139593000.0,34229000.0,31225000.0,0.0,0.0,0.0,283374000.0,314599000.0,0.046,314599000.0,283374000.0,276568000.0,0.815,0.8,0.815,1131701000.0,1020913500.0,1131701000.0,4152637743.0,15.0,13.2,-42199000.0,-0.199,1.0,885991000.0,0.129,0.0,6806000.0,1316018000.0,1285720000.0,734364000.0,4019000.0,4019000.0,0.0,505017000.0,436512000.0,68505000.0,4012257743.0,-18044000.0,0.0,16269000.0,-1838000.0,0.0,24155000.0,-129876000.0,0.0,87677000.0,0.0,170644000.0,170644000.0,170644000.0,0.0,0.0,0.025,603881000.0,282110000.0,190168000.0,0.0,3.545,23.512,23.123,533335000.0,0.0,18.845,0.585,0.582,66690000.0,674410000.0,6862435000.0,6862435000.0,0.0,0.111,0.167,0.22,0.041,30997000.0,726219000.0,1.0,212908344.0,211831000.0,215301000.0,32.396,1636718000.0,28782000.0,105924000.0,46532000.0,7.727,594233000.0
61,KMX,MRT,2006-06-30,2006-05-31,2006-05-31,2021-10-01,0.0,1616132000.0,1456038250.0,1027004000.0,589128000.0,4.51,5.004,-102822000.0,26043000.0,26043000.0,5725536000.0,154016000.0,2.599,0.534,166423000.0,31889000.0,134534000.0,166423000.0,32937000.0,28841000.0,0.0,0.0,0.0,254444000.0,283285000.0,0.043,283285000.0,254444000.0,249598000.0,0.735,0.725,0.735,1053567000.0,960187000.0,1053567000.0,3514945637.0,14.0,12.408,-700000.0,-0.003,1.0,841210000.0,0.128,0.0,4846000.0,1361418000.0,1217863750.0,738705000.0,11834000.0,11834000.0,0.0,562565000.0,395094000.0,167471000.0,3341692637.0,4500000.0,0.0,10369000.0,-11535000.0,0.0,5200000.0,-102822000.0,0.0,102122000.0,0.0,154016000.0,154016000.0,154016000.0,0.0,0.0,0.023,587921000.0,253289000.0,224301000.0,0.0,3.172,21.697,21.639,516305000.0,0.0,15.905,0.509,0.51,70400000.0,598225000.0,6566746000.0,6566746000.0,0.0,0.106,0.16,0.209,0.039,24007000.0,697571000.0,1.0,210103278.0,210530000.0,214111000.0,31.191,1616132000.0,28605000.0,95582000.0,61854000.0,7.676,631910000.0
62,KMX,MRT,2006-03-31,2006-02-28,2006-02-28,2021-10-01,0.0,1509612000.0,1387629500.0,941738000.0,567874000.0,4.511,4.683,-116093000.0,21759000.0,21759000.0,5469253000.0,134220000.0,2.731,0.54,195012000.0,60225000.0,134787000.0,195012000.0,49852000.0,26692000.0,0.0,0.0,0.0,221694000.0,248386000.0,0.04,248386000.0,221694000.0,217601000.0,0.64,0.63,0.64,980103000.0,907986750.0,980103000.0,3389234181.0,15.0,13.645,1420000.0,0.007,1.0,790714000.0,0.126,0.0,4093000.0,1337995000.0,1138583500.0,669700000.0,4139000.0,4139000.0,0.0,529509000.0,344870000.0,184639000.0,3294426181.0,4635000.0,0.0,6035000.0,-6798000.0,0.0,3215000.0,-116093000.0,0.0,117513000.0,0.0,134220000.0,134220000.0,134220000.0,0.0,0.0,0.021,570043000.0,220671000.0,188614000.0,0.0,3.361,24.545,24.547,499298000.0,0.0,15.71,0.526,0.525,76621000.0,531858000.0,6259967000.0,6259967000.0,0.0,0.097,0.148,0.195,0.035,21632000.0,674370000.0,1.0,209702494.0,209270000.0,212846000.0,29.913,1509612000.0,24576000.0,83381000.0,29160000.0,7.214,596868000.0
63,KMX,MRT,2005-12-31,2005-11-30,2005-11-30,2021-10-01,0.0,1367140000.0,1333479750.0,868797000.0,498343000.0,4.524,4.384,-92670000.0,34977000.0,34977000.0,5274411000.0,115628000.0,2.597,0.489,129785000.0,44749000.0,85036000.0,129785000.0,29322000.0,26004000.0,0.0,0.0,0.0,191814000.0,217818000.0,0.036,217818000.0,191814000.0,187826000.0,0.555,0.545,0.555,918283000.0,863205000.0,918283000.0,2958046126.0,15.0,13.58,4668000.0,0.022,1.0,757836000.0,0.126,0.0,3988000.0,1127449000.0,1089210750.0,606366000.0,1527000.0,1527000.0,0.0,448857000.0,334499000.0,114358000.0,2870415126.0,4465000.0,0.0,7101000.0,-13668000.0,0.0,-203000.0,-92670000.0,0.0,97338000.0,0.0,115628000.0,115628000.0,115628000.0,0.0,0.0,0.019,566737000.0,191099000.0,173341000.0,0.0,3.126,24.825,24.703,465990000.0,0.0,13.71,0.476,0.476,55616000.0,526242000.0,6032247000.0,6032247000.0,0.0,0.087,0.134,0.176,0.032,33697000.0,665212000.0,1.0,209366530.0,209454000.0,213014000.0,28.8,1367140000.0,5869000.0,72198000.0,41143000.0,6.527,534298000.0
64,KMX,MRT,2005-09-30,2005-08-31,2005-08-31,2021-10-01,0.0,1331269000.0,1272959500.0,869647000.0,461622000.0,4.575,4.251,-103183000.0,53800000.0,53800000.0,5097869000.0,110742000.0,2.323,0.498,141431000.0,106152000.0,35279000.0,141431000.0,28776000.0,23495000.0,0.0,0.0,0.0,183341000.0,206836000.0,0.036,206836000.0,183341000.0,179783000.0,0.53,0.52,0.53,888795000.0,825943250.0,888795000.0,3466335361.0,19.0,16.759,-12474000.0,-0.06,1.0,726109000.0,0.125,0.0,3558000.0,1044593000.0,1054679250.0,585248000.0,2360000.0,2360000.0,0.0,442474000.0,374307000.0,68167000.0,3329759361.0,-1807000.0,0.0,5993000.0,-335000.0,0.0,10667000.0,-103183000.0,0.0,90709000.0,0.0,110742000.0,110742000.0,110742000.0,0.0,0.0,0.019,543396000.0,182713000.0,148341000.0,0.0,3.746,30.068,30.057,434835000.0,0.0,15.93,0.572,0.572,62037000.0,498684000.0,5823978000.0,5823978000.0,0.0,0.087,0.134,0.174,0.031,28283000.0,635031000.0,1.0,209024442.0,209056000.0,212592000.0,27.858,1331269000.0,0.0,69041000.0,39997000.0,6.368,495340000.0
65,KMX,MRT,2005-06-30,2005-05-31,2005-05-31,2021-10-01,0.0,1342497000.0,1214565750.0,881674000.0,460823000.0,4.54,4.046,-151767000.0,33518000.0,33518000.0,4832907000.0,102965000.0,2.028,0.589,170094000.0,141779000.0,28315000.0,170094000.0,30325000.0,21789000.0,0.0,0.0,0.0,171416000.0,193205000.0,0.035,193205000.0,171416000.0,167909000.0,0.495,0.485,0.495,844766000.0,791357750.0,844766000.0,2829452033.0,17.0,14.645,-49069000.0,-0.235,1.0,680725000.0,0.123,0.0,3507000.0,1044297000.0,1021948250.0,583289000.0,35559000.0,35559000.0,0.0,497731000.0,434776000.0,62955000.0,2664605033.0,-27158000.0,0.0,4947000.0,12654000.0,0.0,21911000.0,-151767000.0,0.0,102698000.0,0.0,102965000.0,102965000.0,102965000.0,0.0,0.0,0.019,509801000.0,170924000.0,177952000.0,0.0,3.154,25.879,25.788,439091000.0,0.0,12.765,0.483,0.483,79970000.0,443841000.0,5513632000.0,5513632000.0,0.0,0.085,0.13,0.168,0.031,22343000.0,598356000.0,1.0,208743050.0,208774000.0,211964000.0,26.41,1342497000.0,0.0,64944000.0,54325000.0,6.43,446898000.0
66,KMX,MRT,2005-03-31,2005-02-28,2005-02-28,2021-10-01,0.0,1293013000.0,1159755750.0,852981000.0,440032000.0,4.536,3.85,-141081000.0,17124000.0,17124000.0,4610066000.0,101315000.0,2.59,0.614,193946000.0,65527000.0,128419000.0,193946000.0,29260000.0,20145000.0,0.0,0.0,0.0,168627000.0,188772000.0,0.036,188772000.0,168627000.0,165821000.0,0.49,0.48,0.49,800976000.0,760042250.0,800976000.0,3531954790.0,21.0,18.71,-99235000.0,-0.477,1.0,650196000.0,0.124,0.0,2806000.0,1140504000.0,986148750.0,576567000.0,22152000.0,22152000.0,0.0,492037000.0,329331000.0,162706000.0,3439445790.0,-31544000.0,0.0,4306000.0,60242000.0,0.0,67691000.0,-141081000.0,0.0,41846000.0,0.0,101315000.0,101315000.0,101315000.0,0.0,0.0,0.019,481990000.0,168206000.0,170646000.0,0.0,4.294,33.948,33.673,406301000.0,0.0,16.5,0.654,0.653,76167000.0,407623000.0,5260262000.0,5260262000.0,0.0,0.087,0.133,0.171,0.032,18063000.0,565279000.0,1.0,208451260.0,208072000.0,211294000.0,25.281,1293013000.0,0.0,64506000.0,32521000.0,6.214,523650000.0
67,KMX,MRT,2004-12-31,2004-11-30,2004-11-30,2021-10-01,0.0,1125059000.0,1098474250.0,737547000.0,387512000.0,4.535,3.696,-132824000.0,25762000.0,25762000.0,4371427000.0,105761000.0,3.231,0.463,118271000.0,6331000.0,111940000.0,118271000.0,15638000.0,17262000.0,0.0,0.0,0.0,173896000.0,191158000.0,0.038,191158000.0,173896000.0,173079000.0,0.51,0.495,0.51,769236000.0,729986500.0,769236000.0,2946778461.0,17.0,15.415,-33293000.0,-0.16,1.0,609646000.0,0.122,0.0,817000.0,989323000.0,913095750.0,503682000.0,3540000.0,3540000.0,0.0,355823000.0,228245000.0,127578000.0,2898741461.0,-30700000.0,0.0,-1485000.0,64000.0,0.0,2593000.0,-132824000.0,0.0,99531000.0,0.0,105761000.0,105761000.0,105761000.0,0.0,0.0,0.021,436248000.0,173398000.0,133015000.0,0.0,3.768,27.408,27.304,368203000.0,0.0,13.925,0.582,0.582,195315000.0,229966000.0,4981073000.0,4981073000.0,0.0,0.096,0.145,0.19,0.035,107000.0,520409000.0,1.0,208168148.0,208140000.0,211470000.0,23.931,1125059000.0,667000.0,67318000.0,35511000.0,5.405,509302000.0
68,KMX,MRT,2004-09-30,2004-08-31,2004-08-31,2021-10-01,0.0,1097694000.0,1065536000.0,766575000.0,331119000.0,4.539,3.608,-91058000.0,56607000.0,56607000.0,4246454000.0,106769000.0,3.303,0.463,104644000.0,4644000.0,100000000.0,104644000.0,15179000.0,16652000.0,0.0,0.0,0.0,175294000.0,191946000.0,0.04,191946000.0,175294000.0,174477000.0,0.515,0.5,0.515,750453000.0,702128750.0,750453000.0,2103072786.0,12.0,10.957,5663000.0,0.027,1.0,590442000.0,0.122,0.0,817000.0,913669000.0,871372250.0,492011000.0,3164000.0,3164000.0,0.0,347241000.0,232062000.0,115179000.0,2036566786.0,9779000.0,0.0,-1189000.0,1291000.0,0.0,4116000.0,-91058000.0,0.0,96721000.0,0.0,106769000.0,106769000.0,106769000.0,0.0,0.0,0.022,415635000.0,174807000.0,131495000.0,0.0,2.714,19.075,19.01,310268000.0,0.0,9.79,0.421,0.421,209320000.0,211921000.0,4836896000.0,4836896000.0,0.0,0.1,0.152,0.201,0.036,108000.0,497521000.0,1.0,208025208.0,208004000.0,211024000.0,23.254,1097694000.0,1635000.0,67708000.0,36232000.0,5.277,534513000.0
69,KMX,MRT,2004-06-30,2004-05-31,2004-05-31,2021-10-01,0.0,1123257000.0,1032521500.0,836493000.0,286764000.0,4.6,3.464,-66609000.0,61676000.0,61676000.0,4159499000.0,116520000.0,2.898,0.561,128182000.0,28182000.0,100000000.0,128182000.0,14713000.0,16400000.0,0.0,0.0,0.0,190811000.0,207211000.0,0.044,207211000.0,190811000.0,189935000.0,0.56,0.545,0.56,719504000.0,673769750.0,719504000.0,2417550936.0,13.0,11.667,10347000.0,0.05,1.0,590347000.0,0.124,0.0,876000.0,901099000.0,844945750.0,523666000.0,25137000.0,25137000.0,0.0,403753000.0,288664000.0,115089000.0,2374747936.0,28147000.0,0.0,136000.0,13650000.0,0.0,17800000.0,-66609000.0,0.0,76956000.0,0.0,116520000.0,116520000.0,116520000.0,0.0,0.0,0.025,399690000.0,190657000.0,156408000.0,0.0,3.301,20.381,20.42,267509000.0,0.0,11.435,0.5,0.5,219055000.0,182062000.0,4749846000.0,4749846000.0,0.0,0.113,0.173,0.226,0.04,121000.0,483509000.0,1.0,207673628.0,207728000.0,211548000.0,22.866,1123257000.0,0.0,73415000.0,54224000.0,5.407,547829000.0
70,KMX,MRT,2004-03-31,2004-02-29,2004-02-29,2021-10-01,0.0,1047887000.0,989620250.0,773481000.0,274406000.0,4.646,3.289,-73845000.0,61643000.0,61643000.0,4026803000.0,116450000.0,3.191,0.539,104446000.0,4446000.0,100000000.0,104446000.0,24736000.0,16181000.0,0.0,0.0,0.0,190487000.0,206668000.0,0.045,206668000.0,190487000.0,189350000.0,0.565,0.55,0.565,680753000.0,641919500.0,680753000.0,3578563056.0,19.0,17.316,73119000.0,0.353,1.0,570888000.0,0.124,0.0,1137000.0,848292000.0,816318500.0,466061000.0,18781000.0,18781000.0,0.0,367134000.0,242398000.0,124736000.0,3527258056.0,25528000.0,0.0,0.0,-51605000.0,0.0,-47591000.0,-73845000.0,0.0,146964000.0,0.0,116450000.0,116450000.0,116450000.0,0.0,0.0,0.025,381084000.0,189804000.0,145517000.0,0.0,5.181,30.29,30.088,251459000.0,0.0,17.0,0.767,0.765,72358000.0,292720000.0,4597691000.0,4597691000.0,0.0,0.118,0.181,0.233,0.041,122000.0,468374000.0,1.0,207485768.0,207006000.0,211256000.0,22.21,1047887000.0,185000.0,72900000.0,36761000.0,5.062,531083000.0
71,KMX,MRT,2003-12-31,2003-11-30,2003-11-30,2021-10-01,0.0,993306000.0,957052750.0,729888000.0,263418000.0,4.626,3.173,-111724000.0,54962000.0,54962000.0,3880003000.0,113056000.0,3.285,0.51,106267000.0,6267000.0,100000000.0,106267000.0,13319000.0,15176000.0,0.0,0.0,0.0,186030000.0,201206000.0,0.045,201206000.0,186030000.0,184346000.0,0.545,0.54,0.545,657805000.0,610373500.0,657805000.0,3470620635.0,19.0,17.249,18540000.0,0.089,1.0,547463000.0,0.124,0.0,1684000.0,822429000.0,801983000.0,449744000.0,18997000.0,18997000.0,0.0,335501000.0,222182000.0,113319000.0,3412595635.0,23308000.0,0.0,3812000.0,956000.0,0.0,4768000.0,-111724000.0,0.0,130264000.0,0.0,113056000.0,113056000.0,113056000.0,0.0,0.0,0.026,361610000.0,185853000.0,127899000.0,0.0,5.188,30.185,30.211,239553000.0,0.0,16.465,0.771,0.771,195857000.0,124205000.0,4427466000.0,4427466000.0,0.0,0.118,0.185,0.232,0.042,126000.0,450122000.0,1.0,207263628.0,207294000.0,211910000.0,21.358,993306000.0,3505000.0,71290000.0,38032000.0,4.792,507706000.0
72,KMX,MRT,2003-09-30,2003-08-31,2003-08-31,2021-10-01,0.0,965636000.0,914072750.0,705424000.0,260212000.0,4.696,3.078,-98107000.0,45328000.0,45328000.0,3764590000.0,108720000.0,3.27,0.516,103353000.0,3353000.0,100000000.0,103353000.0,12921000.0,14822000.0,0.0,0.0,0.0,179674000.0,194496000.0,0.045,194496000.0,179674000.0,177691000.0,0.525,0.52,0.525,637017000.0,580967500.0,637017000.0,4071116837.0,23.0,20.932,-1305000.0,-0.006,1.0,528161000.0,0.123,0.0,1983000.0,807963000.0,778346250.0,409477000.0,20402000.0,20402000.0,0.0,328619000.0,215698000.0,112921000.0,3988613837.0,-29362000.0,0.0,3022000.0,-2679000.0,-28400000.0,-28057000.0,-98107000.0,0.0,96802000.0,0.0,108720000.0,108720000.0,108720000.0,0.0,0.0,0.025,348774000.0,179387000.0,115366000.0,0.0,6.261,36.687,36.714,236606000.0,0.0,19.275,0.929,0.929,219050000.0,105153000.0,4292751000.0,4292751000.0,0.0,0.119,0.187,0.231,0.042,119000.0,437650000.0,1.0,206931976.0,206968000.0,211728000.0,20.741,965636000.0,3208000.0,68971000.0,37648000.0,4.666,489726000.0
73,KMX,MRT,2003-06-30,2003-05-31,2003-05-31,2021-10-01,0.0,951652000.0,879144250.0,710267000.0,241385000.0,4.706,2.87,-86785000.0,32029000.0,32029000.0,3643108000.0,100824000.0,2.869,0.607,114532000.0,14532000.0,100000000.0,114532000.0,11984000.0,14798000.0,0.0,0.0,0.0,168025000.0,182823000.0,0.044,182823000.0,168025000.0,165704000.0,0.49,0.485,0.49,592103000.0,560251250.0,592103000.0,2522218678.0,15.0,13.796,48672000.0,0.236,1.0,493868000.0,0.119,0.0,2321000.0,786590000.0,750760750.0,430386000.0,20428000.0,20428000.0,0.0,359549000.0,247565000.0,111984000.0,2400782678.0,-29416000.0,0.0,865000.0,-50553000.0,-28400000.0,-78088000.0,-86785000.0,0.0,135457000.0,0.0,100824000.0,100824000.0,100824000.0,0.0,0.0,0.024,326624000.0,167244000.0,139824000.0,0.0,4.055,23.812,23.724,218069000.0,0.0,11.625,0.58,0.58,218960000.0,65542000.0,4136976000.0,4136976000.0,0.0,0.115,0.18,0.224,0.041,91000.0,414933000.0,1.0,206518940.0,206312000.0,209524000.0,20.052,951652000.0,3098000.0,64880000.0,46084000.0,4.613,462702000.0
74,KMX,MRT,2003-03-31,2003-02-28,2003-02-28,2021-10-01,0.0,917617000.0,848785750.0,708745000.0,208872000.0,4.677,2.693,-80411000.0,34615000.0,34615000.0,3501705000.0,94802000.0,2.857,0.655,156051000.0,56051000.0,100000000.0,156051000.0,10904000.0,14873000.0,0.0,0.0,0.0,158958000.0,173831000.0,0.044,173831000.0,158958000.0,156697000.0,0.46,0.455,0.46,554569000.0,541579500.0,554569000.0,1625478679.0,10.0,9.351,-8444000.0,-0.041,1.0,468239000.0,0.118,0.0,2261000.0,790950000.0,737284750.0,466450000.0,3579000.0,3579000.0,0.0,363048000.0,248103000.0,114945000.0,1551821679.0,31329000.0,0.0,570000.0,67603000.0,-28400000.0,39773000.0,-80411000.0,0.0,71967000.0,0.0,94802000.0,94802000.0,94802000.0,0.0,0.0,0.024,310018000.0,158221000.0,117587000.0,0.0,2.798,16.369,16.359,187158000.0,0.0,7.525,0.391,0.39,191465000.0,30282000.0,3969944000.0,3969944000.0,0.0,0.112,0.175,0.216,0.04,77000.0,392417000.0,1.0,206222150.0,205966000.0,209140000.0,19.275,917617000.0,0.0,61895000.0,33824000.0,4.455,460642000.0
75,KMX,MRT,2002-12-31,2002-11-30,2002-11-30,2021-10-01,0.0,821386000.0,799437000.0,654933000.0,166453000.0,4.851,2.621,-49277000.0,31654000.0,31654000.0,3416570000.0,94065000.0,3.918,0.521,105311000.0,5311000.0,100000000.0,105311000.0,10800000.0,15051000.0,0.0,0.0,0.0,156715000.0,171766000.0,0.044,171766000.0,156715000.0,154744000.0,0.455,0.445,0.455,540181000.0,524307000.0,540181000.0,2062630178.0,13.0,12.008,-7947000.0,-0.039,1.0,461875000.0,0.119,0.0,1971000.0,727882000.0,685045250.0,401596000.0,15860000.0,15860000.0,0.0,281205000.0,167161000.0,114044000.0,2031288178.0,21640000.0,0.0,-2377000.0,60364000.0,-28400000.0,29587000.0,-49277000.0,0.0,41330000.0,0.0,94065000.0,94065000.0,94065000.0,0.0,0.0,0.024,305728000.0,156147000.0,108003000.0,0.0,3.76,21.595,21.648,142840000.0,0.0,9.85,0.524,0.523,200089000.0,11149000.0,3878445000.0,3878445000.0,0.0,0.118,0.179,0.229,0.04,65000.0,381102000.0,1.0,206222150.0,206094000.0,209032000.0,18.819,821386000.0,0.0,60679000.0,26171000.0,3.985,487772000.0
76,KMX,MRT,2002-09-30,2002-08-31,2002-08-31,2021-10-01,0.0,825922000.0,,650994000.0,174928000.0,,2.69,-70122000.0,74690000.0,74690000.0,3344472000.0,97791000.0,4.078,0.49,106032000.0,6032000.0,100000000.0,106032000.0,10286000.0,15459000.0,0.0,0.0,0.0,161902000.0,177361000.0,0.047,177361000.0,161902000.0,160166000.0,0.475,0.465,0.475,554152000.0,,554152000.0,1767251791.0,11.0,9.964,35726000.0,0.173,1.0,449824000.0,0.119,0.0,1736000.0,697621000.0,,360846000.0,0.0,0.0,0.0,271770000.0,159643000.0,112127000.0,1663611791.0,50133000.0,0.0,-1658000.0,16065000.0,0.0,14407000.0,-70122000.0,0.0,105848000.0,0.0,97791000.0,97791000.0,97791000.0,0.0,0.0,0.026,288228000.0,161596000.0,97388000.0,0.0,3.002,17.012,17.0,152946000.0,0.0,8.075,0.438,0.438,211895000.0,,3794296000.0,3794296000.0,0.0,,,,0.043,67000.0,362409000.0,1.0,206020036.0,205976000.0,209084000.0,18.421,825922000.0,0.0,62375000.0,24858000.0,4.01,491351000.0
77,KMX,MRT,2002-06-30,2002-05-31,2002-05-31,2021-10-01,0.0,830218000.0,,663319000.0,166899000.0,,2.515,32368000.0,61445000.0,61445000.0,3222987000.0,93468000.0,3.297,0.605,165085000.0,65085000.0,100000000.0,165085000.0,9186000.0,15785000.0,0.0,0.0,0.0,155025000.0,170810000.0,0.047,170810000.0,155025000.0,151924000.0,0.455,0.445,0.455,517416000.0,,517416000.0,2811837176.0,18.0,16.462,103204000.0,0.502,1.0,429538000.0,0.118,0.0,3101000.0,732686000.0,,417461000.0,0.0,0.0,0.0,312802000.0,201172000.0,111630000.0,2726675176.0,50930000.0,0.0,-827000.0,-51447000.0,0.0,-52274000.0,32368000.0,0.0,70836000.0,0.0,93468000.0,93468000.0,93468000.0,0.0,0.0,0.026,274603000.0,154935000.0,91479000.0,0.0,5.27,29.172,29.088,145572000.0,0.0,13.235,0.747,0.746,182767000.0,,3652525000.0,3652525000.0,0.0,,,,0.042,81000.0,326674000.0,1.0,206020036.0,205770000.0,209506000.0,17.751,830218000.0,0.0,58456000.0,24358000.0,4.035,462147000.0
78,KMX,MRT,2002-03-31,2002-02-28,2002-02-28,2021-10-01,0.0,720222000.0,715587500.0,577703000.0,142519000.0,4.938,2.379,57548000.0,3286000.0,3286000.0,3114366000.0,90802000.0,2.586,0.484,88448000.0,88448000.0,0.0,88448000.0,8416000.0,16340000.0,0.0,0.0,0.0,151414000.0,167754000.0,0.047,167754000.0,151414000.0,146456000.0,0.445,0.435,0.445,485479000.0,438491000.0,485479000.0,,,,100189000.0,0.491,1.0,419393000.0,0.119,0.0,4958000.0,581992000.0,625200500.0,399084000.0,2144000.0,2144000.0,0.0,234743000.0,223392000.0,11351000.0,2754487881.0,-5516000.0,0.0,-1958000.0,-103747000.0,0.0,-105705000.0,57548000.0,0.0,42641000.0,0.0,90802000.0,90802000.0,90802000.0,0.0,0.0,0.026,267991000.0,151402000.0,87160000.0,0.0,5.674,30.335,30.045,120976000.0,0.0,13.37,0.779,0.772,171124000.0,0.0,3533759000.0,3533759000.0,0.0,0.127,0.207,0.242,0.043,100000.0,334464000.0,1.0,206020036.0,204078000.0,208044000.0,17.316,720222000.0,0.0,55654000.0,24944000.0,3.529,354311000.0
79,KMX,MRT,2001-12-31,2001-11-30,2001-11-30,2021-10-01,,,,,,,,,,,,,,,,,,,,,,0.0,0.0,,,,,,,,,,,,,,,,,,1.0,,,,,,,,,,,,,,2055049859.0,,,,,,,,,,,,,,,,,,,,,,,,,,9.975,,,,,,,,,,,,,,1.0,206020036.0,204430000.0,,,,,,,,
80,KMX,MRT,2001-09-30,2001-08-31,2001-08-31,2021-10-01,,,,,,,,,,,,,,,,,,,,,,0.0,0.0,,,,,,,,,,,,,,,,,,1.0,,,,,,,,,,,,,,1532789068.0,,,,,,,,,,,,,,,,,,,,,,,,,,7.44,,,,,,,,,,,,,,1.0,206020036.0,208412000.0,,,,,,,,
81,KMX,MRT,2001-06-30,2001-05-31,2001-05-31,2021-10-01,,,,,,,,,,,,,,,,,,,,,,0.0,0.0,,,,,,,,,,,,,,,,,,1.0,,,,,,,,,,,,,,1530728867.0,,,,,,,,,,,,,,,,,,,,,,,,,,7.43,,,,,,,,,,,,,,1.0,206020036.0,206020036.0,,,,,,,,
82,KMX,MRT,2001-03-31,2001-02-28,2001-02-28,2021-10-01,0.0,710953000.0,693224000.0,492907000.0,218046000.0,3.979,1.938,4672000.0,8802000.0,8802000.0,2417291000.0,45564000.0,2.182,0.816,192195000.0,109138000.0,83057000.0,192195000.0,6836000.0,18116000.0,0.0,0.0,0.0,85592000.0,103708000.0,0.038,103708000.0,85592000.0,73482000.0,0.225,0.22,0.225,391503000.0,368246000.0,391503000.0,,,,22632000.0,0.112,1.0,341221000.0,0.124,0.0,12110000.0,668409000.0,676109000.0,347137000.0,0.0,0.0,0.0,319450000.0,225937000.0,93513000.0,530501593.0,-1179000.0,-1325000.0,-263000.0,-22223000.0,0.0,-22486000.0,3347000.0,0.0,17960000.0,0.0,45564000.0,45564000.0,45564000.0,0.0,0.0,0.017,256044000.0,85177000.0,82483000.0,0.0,1.355,11.643,11.444,192158000.0,0.0,2.575,0.192,0.189,134662000.0,,2758512000.0,2758512000.0,0.0,0.066,0.124,0.127,0.031,154000.0,298782000.0,1.0,206020036.0,201988000.0,204840000.0,13.657,710953000.0,0.0,27918000.0,21782000.0,3.52,266970000.0
83,KMX,MRT,2000-03-31,2000-02-28,2000-02-28,2021-10-01,0.0,675495000.0,,425670000.0,249825000.0,,,-20055000.0,9981000.0,9981000.0,1951024000.0,1118000.0,2.17,0.958,214418000.0,93161000.0,121257000.0,214418000.0,7249000.0,15241000.0,0.0,0.0,0.0,12165000.0,27406000.0,0.013,27406000.0,12165000.0,1803000.0,,,,344989000.0,,344989000.0,,,,-43606000.0,,1.0,240365000.0,0.11,0.0,10362000.0,683809000.0,,283592000.0,0.0,0.0,0.0,330506000.0,196123000.0,134383000.0,,-7698000.0,-34849000.0,0.0,68843000.0,0.0,70757000.0,-54904000.0,0.0,-23551000.0,0.0,1118000.0,1118000.0,1118000.0,0.0,0.0,0.001,228200000.0,12165000.0,75959000.0,,,,,211856000.0,0.0,0.812,,,129253000.0,,2191389000.0,2191389000.0,0.0,,,,0.006,447000.0,228200000.0,1.0,,,,,675495000.0,0.0,685000.0,13024000.0,,229547000.0
84,KMX,MRT,1999-03-31,1999-02-28,1999-02-28,2021-10-01,,,,,,,,1033000.0,,,1294032000.0,-23514000.0,,,,,,,,10003000.0,,0.0,0.0,-32156000.0,-22153000.0,-0.015,-22153000.0,-32156000.0,-38549000.0,,,,,,,,,,-79299000.0,,1.0,172266000.0,0.117,,6393000.0,,,,,,,,,,,-8733000.0,-41562000.0,0.0,109804000.0,0.0,112128000.0,-40529000.0,0.0,-80332000.0,0.0,-23514000.0,-23514000.0,-23514000.0,0.0,0.0,-0.016,204422000.0,-32156000.0,,,,,,,0.0,2.25,,,,,1466298000.0,1466298000.0,0.0,,,,-0.022,0.0,204422000.0,1.0,,,,,,,-15035000.0,,,
