None,ticker,dimension,calendardate,datekey,reportperiod,lastupdated,accoci,assets,assetsavg,assetsc,assetsnc,assetturnover,bvps,capex,cashneq,cashnequsd,cor,consolinc,currentratio,de,debt,debtc,debtnc,debtusd,deferredrev,depamor,deposits,divyield,dps,ebit,ebitda,ebitdamargin,ebitdausd,ebitusd,ebt,eps,epsdil,epsusd,equity,equityavg,equityusd,ev,evebit,evebitda,fcf,fcfps,fxusd,gp,grossmargin,intangibles,intexp,invcap,invcapavg,inventory,investments,investmentsc,investmentsnc,liabilities,liabilitiesc,liabilitiesnc,marketcap,ncf,ncfbus,ncfcommon,ncfdebt,ncfdiv,ncff,ncfi,ncfinv,ncfo,ncfx,netinc,netinccmn,netinccmnusd,netincdis,netincnci,netmargin,opex,opinc,payables,payoutratio,pb,pe,pe1,ppnenet,prefdivis,price,ps,ps1,receivables,retearn,revenue,revenueusd,rnd,roa,roe,roic,ros,sbcomp,sgna,sharefactor,sharesbas,shareswa,shareswadil,sps,tangibles,taxassets,taxexp,taxliabilities,tbvps,workingcapital
0,DXCM,MRY,2020-12-31,2020-12-31,2020-12-31,2021-07-30,3200000.0,4290500000.0,3523350000.0,3424800000.0,865700000.0,0.547,19.349,-199000000.0,817600000.0,817600000.0,646600000.0,493600000.0,5.577,1.349,1785500000.0,16500000.0,1769000000.0,1785500000.0,2200000.0,67100000.0,0.0,0.0,0.0,309700000.0,376800000.0,0.196,376800000.0,309700000.0,225000000.0,5.23,5.06,5.23,1826500000.0,1403550000.0,1826500000.0,36594625381.0,118.0,97.119,276600000.0,2.93,1.0,1280100000.0,0.664,19300000.0,84700000.0,4625000000.0,4002700000.0,234700000.0,1890100000.0,1890100000.0,0.0,2464000000.0,614100000.0,1849900000.0,35503325381.0,371800000.0,0.0,15300000.0,906200000.0,0.0,912100000.0,-1018000000.0,-807700000.0,475600000.0,2100000.0,493600000.0,493600000.0,493600000.0,0.0,0.0,0.256,980600000.0,299500000.0,481100000.0,0.0,19.438,71.927,70.692,608600000.0,0.0,369.72,18.427,18.115,428500000.0,-202100000.0,1926700000.0,1926700000.0,359900000.0,0.14,0.352,0.077,0.161,119400000.0,620700000.0,1.0,96027603.0,94400000,97500000.0,20.41,4271200000.0,216400000.0,-268600000.0,0.0,45.246,2810700000.0
1,DXCM,MRY,2019-12-31,2019-12-31,2019-12-31,2021-07-30,2300000.0,2395000000.0,2155150000.0,1969400000.0,425600000.0,0.685,9.688,-180000000.0,446200000.0,446200000.0,544500000.0,101100000.0,5.468,1.714,1145700000.0,13600000.0,1132100000.0,1145700000.0,1700000.0,48700000.0,0.0,0.0,0.0,164500000.0,213200000.0,0.144,213200000.0,164500000.0,104200000.0,1.11,1.1,1.11,882600000.0,750950000.0,882600000.0,20721563339.0,126.0,97.193,134500000.0,1.476,1.0,931500000.0,0.631,18600000.0,60300000.0,2715700000.0,2224025000.0,119800000.0,1087100000.0,1087100000.0,0.0,1512400000.0,360200000.0,1152200000.0,20020963339.0,-690700000.0,0.0,11900000.0,0.0,0.0,10700000.0,-1015200000.0,-834000000.0,314500000.0,-700000.0,101100000.0,101100000.0,101100000.0,0.0,0.0,0.068,789200000.0,142300000.0,256400000.0,0.0,22.684,198.031,197.063,392800000.0,0.0,218.74,13.564,13.501,286300000.0,-695700000.0,1476000000.0,1476000000.0,273500000.0,0.047,0.135,0.074,0.111,102700000.0,515700000.0,1.0,91528588.0,91100000,92300000.0,16.202,2376400000.0,0.0,3100000.0,0.0,26.086,1609200000.0
2,DXCM,MRY,2018-12-31,2018-12-31,2018-12-31,2021-07-30,1500000.0,1916000000.0,1233650000.0,1699500000.0,216500000.0,0.836,7.52,-67100000.0,1137000000.0,1137000000.0,367700000.0,-127100000.0,7.642,1.889,1010300000.0,0.0,1010300000.0,1010300000.0,2900000.0,29100000.0,0.0,0.0,0.0,-103800000.0,-74700000.0,-0.072,-74700000.0,-103800000.0,-126500000.0,-1.44,-1.44,-1.44,663300000.0,532325000.0,663300000.0,10614952531.0,-102.0,-142.101,56100000.0,0.636,1.0,663900000.0,0.644,18700000.0,22700000.0,1548200000.0,987875000.0,70700000.0,248600000.0,248600000.0,0.0,1252700000.0,222400000.0,1030300000.0,10643552531.0,695600000.0,-11300000.0,94600000.0,617700000.0,0.0,710400000.0,-139800000.0,-60400000.0,123200000.0,1800000.0,-127100000.0,-127100000.0,-127100000.0,0.0,0.0,-0.123,850200000.0,-186300000.0,147100000.0,0.0,16.046,-83.742,-83.194,183100000.0,0.0,119.8,10.318,10.243,226700000.0,-798900000.0,1031600000.0,1031600000.0,199700000.0,-0.103,-0.239,-0.105,-0.101,101900000.0,432800000.0,1.0,88844345.0,88200000,88200000.0,11.696,1897300000.0,0.0,600000.0,0.0,21.511,1477100000.0
3,DXCM,MRY,2017-12-31,2017-12-31,2017-12-31,2021-07-30,-2600000.0,904100000.0,752450000.0,744700000.0,159400000.0,0.955,4.86,-66000000.0,441500000.0,441500000.0,226400000.0,-50200000.0,5.361,1.156,327600000.0,0.0,327600000.0,327600000.0,3200000.0,16100000.0,0.0,0.0,0.0,-35800000.0,-19700000.0,-0.027,-19700000.0,-35800000.0,-48600000.0,-0.58,-0.58,-0.58,419400000.0,358725000.0,419400000.0,4909271492.0,-137.0,-249.202,26000000.0,0.301,1.0,492100000.0,0.685,12100000.0,12800000.0,639200000.0,520650000.0,45200000.0,107100000.0,107100000.0,0.0,484700000.0,138900000.0,345800000.0,4987371492.0,347000000.0,0.0,10100000.0,389000000.0,0.0,399100000.0,-144400000.0,-78400000.0,92000000.0,300000.0,-50200000.0,-50200000.0,-50200000.0,0.0,0.0,-0.07,534600000.0,-42500000.0,87200000.0,0.0,11.892,-99.35,-98.948,145600000.0,0.0,57.39,6.941,6.893,134300000.0,-671800000.0,718500000.0,718500000.0,185400000.0,-0.067,-0.14,-0.069,-0.05,106200000.0,349200000.0,1.0,86903145.0,86300000,86300000.0,8.326,892000000.0,0.0,1600000.0,0.0,10.336,605800000.0
4,DXCM,MRY,2016-12-31,2016-12-31,2016-12-31,2021-07-30,-1000000.0,402800000.0,349225000.0,280000000.0,122800000.0,1.642,3.395,-55700000.0,94500000.0,94500000.0,194900000.0,-65600000.0,2.734,0.419,0.0,0.0,0.0,0.0,900000.0,15000000.0,0.0,0.0,0.0,-63900000.0,-48900000.0,-0.085,-48900000.0,-63900000.0,-64900000.0,-0.78,-0.78,-0.78,283800000.0,255800000.0,283800000.0,4948393009.0,-77.0,-101.194,500000.0,0.006,1.0,378400000.0,0.66,11300000.0,1000000.0,194600000.0,167625000.0,45400000.0,29200000.0,29200000.0,0.0,119000000.0,102400000.0,16600000.0,5046093009.0,8400000.0,300000.0,10400000.0,0.0,0.0,8100000.0,-55900000.0,-500000.0,56200000.0,0.0,-65600000.0,-65600000.0,-65600000.0,0.0,0.0,-0.114,442300000.0,-63900000.0,68100000.0,0.0,17.78,-76.922,-76.538,109400000.0,0.0,59.7,8.802,8.706,101700000.0,-621000000.0,573300000.0,573300000.0,156100000.0,-0.188,-0.256,-0.381,-0.111,110800000.0,286200000.0,1.0,84524171.0,83600000,83600000.0,6.858,391500000.0,0.0,700000.0,0.0,4.683,177600000.0
5,DXCM,MRY,2015-12-31,2015-12-31,2015-12-31,2021-07-30,-300000.0,292000000.0,239100000.0,231300000.0,60700000.0,1.681,2.772,-33300000.0,86100000.0,86100000.0,123600000.0,-57600000.0,3.457,0.32,2300000.0,2300000.0,0.0,2300000.0,800000.0,10800000.0,0.0,0.0,0.0,-57100000.0,-46300000.0,-0.115,-46300000.0,-57100000.0,-57500000.0,-0.72,-0.72,-0.72,221200000.0,183450000.0,221200000.0,6575655422.0,-115.0,-142.023,15700000.0,0.197,1.0,278400000.0,0.693,5900000.0,400000.0,135400000.0,110825000.0,35200000.0,29100000.0,29100000.0,0.0,70800000.0,66900000.0,3900000.0,6658055422.0,14300000.0,-500000.0,19100000.0,-2300000.0,0.0,16800000.0,-51500000.0,-17700000.0,49000000.0,0.0,-57600000.0,-57600000.0,-57600000.0,0.0,0.0,-0.143,335500000.0,-57100000.0,38900000.0,0.0,30.1,-115.591,-113.75,54700000.0,0.0,81.9,16.562,16.258,74100000.0,-555400000.0,402000000.0,402000000.0,137500000.0,-0.241,-0.314,-0.515,-0.142,82700000.0,198000000.0,1.0,81294938.0,79800000,79800000.0,5.038,286100000.0,0.0,100000.0,0.0,3.585,164400000.0
6,DXCM,MRY,2014-12-31,2014-12-31,2014-12-31,2021-07-30,-100000.0,184600000.0,152150000.0,145900000.0,38700000.0,1.704,1.864,-16200000.0,72800000.0,72800000.0,82900000.0,-22400000.0,3.594,0.317,4600000.0,2300000.0,2300000.0,4600000.0,700000.0,8400000.0,0.0,0.0,0.0,-21500000.0,-13100000.0,-0.051,-13100000.0,-21500000.0,-22300000.0,-0.3,-0.3,-0.3,140200000.0,111200000.0,140200000.0,4155730833.0,-193.0,-317.231,7400000.0,0.098,1.0,176300000.0,0.68,5900000.0,800000.0,69900000.0,56125000.0,16000000.0,11800000.0,11800000.0,0.0,44400000.0,40600000.0,3800000.0,4214730833.0,28600000.0,0.0,24000000.0,-2200000.0,0.0,21800000.0,-16800000.0,-600000.0,23600000.0,0.0,-22400000.0,-22400000.0,-22400000.0,0.0,0.0,-0.086,197800000.0,-21500000.0,20400000.0,0.0,30.062,-188.158,-183.5,31200000.0,0.0,55.05,16.261,15.971,42400000.0,-497800000.0,259200000.0,259200000.0,69400000.0,-0.147,-0.201,-0.383,-0.083,50000000.0,128400000.0,1.0,76561868.0,75200000,75200000.0,3.447,178700000.0,0.0,100000.0,0.0,2.376,105300000.0
7,DXCM,MRY,2013-12-31,2013-12-31,2013-12-31,2021-07-30,-100000.0,122500000.0,108425000.0,93100000.0,29400000.0,1.476,1.183,-7900000.0,44200000.0,44200000.0,59900000.0,-29800000.0,2.9,0.457,6800000.0,2200000.0,4600000.0,6800000.0,700000.0,7000000.0,0.0,0.0,0.0,-28900000.0,-21900000.0,-0.137,-21900000.0,-28900000.0,-29800000.0,-0.42,-0.42,-0.42,84100000.0,76175000.0,84100000.0,2514460994.0,-87.0,-114.816,-5500000.0,-0.077,1.0,100100000.0,0.626,6800000.0,900000.0,46200000.0,52250000.0,9000000.0,11400000.0,11400000.0,0.0,38400000.0,32100000.0,6300000.0,2541860994.0,35100000.0,0.0,12000000.0,-200000.0,0.0,11800000.0,20900000.0,28800000.0,2400000.0,0.0,-29800000.0,-29800000.0,-29800000.0,0.0,0.0,-0.186,129000000.0,-28900000.0,14100000.0,0.0,30.224,-85.297,-84.31,20700000.0,0.0,35.41,15.887,15.735,26100000.0,-475400000.0,160000000.0,160000000.0,44800000.0,-0.275,-0.391,-0.553,-0.181,24600000.0,84200000.0,1.0,71783705.0,71100000,71100000.0,2.25,115700000.0,0.0,0.0,0.0,1.627,61000000.0
8,DXCM,MRY,2012-12-31,2012-12-31,2012-12-31,2021-07-30,-100000.0,106000000.0,109320000.0,77600000.0,28400000.0,0.914,1.121,-9500000.0,9100000.0,9100000.0,53300000.0,-54500000.0,3.979,0.377,7000000.0,200000.0,6800000.0,7000000.0,2000000.0,6600000.0,0.0,0.0,0.0,-55600000.0,-49000000.0,-0.49,-49000000.0,-55600000.0,-55800000.0,-0.79,-0.79,-0.79,77000000.0,87028000.0,77000000.0,935820277.0,-17.0,-19.098,-42600000.0,-0.62,1.0,46600000.0,0.466,7400000.0,200000.0,77000000.0,78250750.0,7400000.0,40600000.0,40600000.0,0.0,29000000.0,19500000.0,9500000.0,941603277.0,5500000.0,0.0,3600000.0,6600000.0,0.0,10200000.0,28400000.0,37900000.0,-33100000.0,0.0,-54500000.0,-54500000.0,-54500000.0,0.0,0.0,-0.546,102300000.0,-55700000.0,8700000.0,0.0,12.229,-17.277,-17.203,18900000.0,0.0,13.59,9.425,9.346,19500000.0,-445600000.0,99900000.0,99900000.0,38300000.0,-0.499,-0.626,-0.711,-0.557,18400000.0,64000000.0,1.0,69286481.0,68700000,68700000.0,1.454,98600000.0,0.0,-1300000.0,0.0,1.435,58100000.0
9,DXCM,MRY,2011-12-31,2011-12-31,2011-12-31,2021-07-30,-100000.0,120500000.0,113054250.0,104500000.0,16000000.0,0.675,1.593,-8000000.0,3500000.0,3500000.0,40400000.0,-44700000.0,7.109,0.153,0.0,0.0,0.0,0.0,1900000.0,3800000.0,0.0,0.0,0.0,-44700000.0,-40900000.0,-0.536,-40900000.0,-44700000.0,-44700000.0,-0.68,-0.68,-0.68,104500000.0,98125500.0,104500000.0,610059303.0,-14.0,-14.916,-38100000.0,-0.581,1.0,35900000.0,0.471,0.0,0.0,102300000.0,83842250.0,8200000.0,79400000.0,79400000.0,0.0,16000000.0,14700000.0,1300000.0,628521303.0,-2300000.0,0.0,74700000.0,-500000.0,0.0,74200000.0,-46400000.0,-38400000.0,-30100000.0,0.0,-44700000.0,-44700000.0,-44700000.0,0.0,0.0,-0.586,80700000.0,-44800000.0,6300000.0,0.0,6.015,-14.061,-13.691,15000000.0,0.0,9.31,8.238,8.004,12500000.0,-391100000.0,76300000.0,76300000.0,29600000.0,-0.395,-0.456,-0.533,-0.586,13500000.0,51100000.0,1.0,67510344.0,65600000,65600000.0,1.163,120500000.0,0.0,0.0,0.0,1.837,89800000.0
10,DXCM,MRY,2010-12-31,2010-12-31,2010-12-31,2021-07-30,-66000.0,77164000.0,65037000.0,65361000.0,11803000.0,0.747,1.072,-6900000.0,6603000.0,6603000.0,30200000.0,-55200000.0,4.32,0.265,525000.0,525000.0,0.0,525000.0,3524000.0,2400000.0,0.0,0.0,0.0,-53700000.0,-51300000.0,-1.056,-51300000.0,-53700000.0,-55200000.0,-0.97,-0.97,-0.97,60993000.0,45995500.0,60993000.0,794997374.0,-15.0,-15.497,-49600000.0,-0.872,1.0,18400000.0,0.379,0.0,1500000.0,55957000.0,43195250.0,8112000.0,42224000.0,42224000.0,0.0,16171000.0,15129000.0,1042000.0,801715374.0,1300000.0,0.0,70500000.0,-900000.0,0.0,69600000.0,-25600000.0,-18700000.0,-42700000.0,0.0,-55200000.0,-55200000.0,-55200000.0,0.0,0.0,-1.136,63700000.0,-45300000.0,5350000.0,0.0,13.144,-14.524,-14.072,10763000.0,0.0,13.65,16.496,15.981,6671000.0,-346378000.0,48600000.0,48600000.0,23200000.0,-0.849,-1.2,-1.243,-1.105,9400000.0,40500000.0,1.0,58733727.0,56900000,56900000.0,0.854,77164000.0,0.0,0.0,0.0,1.356,50232000.0
11,DXCM,MRY,2009-12-31,2009-12-31,2009-12-31,2021-07-30,-13000.0,46948000.0,60987750.0,36920000.0,10028000.0,0.487,-0.416,-2690000.0,5991000.0,5991000.0,26032000.0,-53524000.0,1.964,-3.545,46657000.0,900000.0,45757000.0,46657000.0,7745000.0,2373000.0,0.0,0.0,0.0,-45479000.0,-43106000.0,-1.452,-43106000.0,-45479000.0,-53524000.0,-1.21,-1.21,-1.21,-18445000.0,-2603750.0,-18445000.0,408058279.0,-9.0,-9.466,-42079000.0,-0.949,1.0,3661000.0,0.123,0.0,8045000.0,68818000.0,80514500.0,2641000.0,24439000.0,24439000.0,0.0,65393000.0,18796000.0,46597000.0,371476279.0,-9123000.0,0.0,46310000.0,-1931000.0,0.0,44379000.0,-14104000.0,-11414000.0,-39389000.0,-9000.0,-53524000.0,-53524000.0,-53524000.0,0.0,0.0,-1.803,49494000.0,-45833000.0,5745000.0,0.0,-20.14,-6.94,-6.669,6422000.0,0.0,8.07,12.511,12.053,3490000.0,-291208000.0,29693000.0,29693000.0,14294000.0,-0.878,20.557,-0.565,-1.532,8366000.0,35200000.0,1.0,46031757.0,44347000,44347000.0,0.67,46948000.0,0.0,0.0,0.0,1.059,18124000.0
12,DXCM,MRY,2008-12-31,2008-12-31,2008-12-31,2021-07-30,50000.0,43882000.0,53243000.0,32058000.0,11824000.0,0.185,-0.66,-2492000.0,16970000.0,16970000.0,15367000.0,-58856000.0,2.138,-3.254,43727000.0,1931000.0,41796000.0,43727000.0,12020000.0,3036000.0,0.0,0.0,0.0,-51573000.0,-48537000.0,-4.934,-48537000.0,-51573000.0,-58856000.0,-2.0,-2.0,-2.0,-19468000.0,-16090250.0,-19468000.0,136658069.0,-3.0,-2.816,-39943000.0,-1.355,1.0,-5529000.0,-0.562,0.0,7283000.0,55643000.0,85975250.0,2446000.0,14368000.0,14368000.0,0.0,63350000.0,14996000.0,48354000.0,82214069.0,-10415000.0,0.0,1762000.0,950000.0,0.0,2712000.0,24324000.0,26816000.0,-37451000.0,0.0,-58856000.0,-58856000.0,-58856000.0,0.0,0.0,-5.983,47298000.0,-52827000.0,4599000.0,0.0,-4.223,-1.397,-1.38,6105000.0,0.0,2.76,8.357,8.272,1118000.0,-237684000.0,9838000.0,9838000.0,19629000.0,-1.105,3.658,-0.6,-5.242,7683000.0,27669000.0,1.0,29787706.0,29487000,29487000.0,0.334,43882000.0,0.0,0.0,0.0,1.488,17062000.0
13,DXCM,MRY,2007-12-31,2007-12-31,2007-12-31,2021-07-30,13000.0,77259000.0,91184000.0,67291000.0,9968000.0,0.051,0.251,-3443000.0,24029000.0,24029000.0,12736000.0,-48454000.0,7.966,9.859,62406000.0,1375000.0,61031000.0,62406000.0,0.0,2912000.0,0.0,0.0,0.0,-42894000.0,-39982000.0,-8.641,-39982000.0,-42894000.0,-48454000.0,-1.71,-1.71,-1.71,7115000.0,21879500.0,7115000.0,297425808.0,-7.0,-7.439,-36650000.0,-1.294,1.0,-8109000.0,-1.753,0.0,5560000.0,107189000.0,116752000.0,1139000.0,41208000.0,41208000.0,0.0,70144000.0,8447000.0,61697000.0,249851808.0,4948000.0,0.0,897000.0,45702000.0,0.0,46599000.0,-8444000.0,-5001000.0,-33207000.0,0.0,-48454000.0,-48454000.0,-48454000.0,0.0,0.0,-10.472,38567000.0,-46676000.0,4535000.0,0.0,35.116,-5.156,-5.164,6649000.0,0.0,8.83,53.999,54.032,215000.0,-176252000.0,4627000.0,4627000.0,16131000.0,-0.531,-2.215,-0.367,-9.27,6122000.0,22436000.0,1.0,28295788.0,28313000,28313000.0,0.163,77259000.0,0.0,0.0,0.0,2.729,58844000.0
14,DXCM,MRY,2006-12-31,2006-12-31,2006-12-31,2021-07-30,12000.0,64553000.0,68049713.0,57356000.0,7197000.0,0.032,2.087,-3352000.0,19246000.0,19246000.0,10959000.0,-46599000.0,10.967,0.136,3026000.0,908000.0,2118000.0,3026000.0,0.0,2697000.0,0.0,0.0,0.0,-46504000.0,-43807000.0,-20.188,-43807000.0,-46504000.0,-46599000.0,-1.71,-1.71,-1.71,56828000.0,60365549.0,56828000.0,255686657.0,-5.0,-5.837,-47087000.0,-1.729,1.0,-8789000.0,-4.05,0.0,95000.0,43103000.0,41762361.0,1413000.0,36341000.0,36341000.0,0.0,7725000.0,5230000.0,2495000.0,277103636.0,-19080000.0,0.0,48188000.0,3026000.0,0.0,51214000.0,-26559000.0,-23207000.0,-43735000.0,0.0,-46599000.0,-46599000.0,-46599000.0,0.0,0.0,-21.474,40530000.0,-49319000.0,2764000.0,0.0,4.876,-5.947,-5.766,6118000.0,0.0,9.86,127.698,123.754,120000.0,-130374000.0,2170000.0,2170000.0,19419000.0,-0.685,-0.772,-1.114,-21.43,5853000.0,21111000.0,1.0,28103817.0,27236000,27236000.0,0.08,64553000.0,0.0,0.0,0.0,2.37,52126000.0
15,DXCM,MRY,2005-12-31,2005-12-31,2005-12-31,2021-07-30,-11928.0,56726258.0,54111270.0,51012767.0,5713491.0,0.0,2.608,-4677000.0,37497064.0,37497064.0,0.0,-30768000.0,7.211,0.148,0.0,0.0,0.0,0.0,0.0,1065000.0,0.0,0.0,0.0,-30768000.0,-29703000.0,,-29703000.0,-30768000.0,-30768000.0,-1.63,-1.63,-1.63,49412063.0,30735690.0,49412063.0,336273645.0,-11.0,-11.321,-27231000.0,-1.437,1.0,0.0,,0.0,0.0,12155098.0,16083783.0,0.0,13277688.0,13277688.0,0.0,7314195.0,7074096.0,240099.0,378642938.0,10017000.0,0.0,50741000.0,0.0,0.0,50741000.0,-18170000.0,-13493000.0,-22554000.0,0.0,-30768000.0,-30890000.0,-30890000.0,0.0,0.0,,32430000.0,-32430000.0,6184734.0,0.0,7.663,-12.258,-9.153,5463491.0,122000.0,14.92,,,0.0,-83774591.0,0.0,0.0,26770000.0,-0.571,-1.005,-1.913,,1786000.0,5660000.0,1.0,25378213.0,18944000,18944000.0,0.0,56726258.0,0.0,0.0,0.0,2.994,43938671.0
16,DXCM,MRY,2004-12-31,2004-12-31,2004-12-31,2021-07-30,0.0,29357881.0,25062431.0,27272989.0,2084892.0,0.0,-21.567,-1757523.0,27429208.0,27429208.0,0.0,-13946464.0,17.391,-1.595,0.0,0.0,0.0,0.0,0.0,486805.0,0.0,,0.0,-13946464.0,-13459659.0,,-13459659.0,-13946464.0,-13946464.0,-7.51,-7.51,-7.51,-49309930.0,-40955391.0,-49309930.0,,,,-14186144.0,-6.205,1.0,0.0,,0.0,0.0,360443.0,63670.0,0.0,0.0,0.0,0.0,78667811.0,1568230.0,77099581.0,,7213022.0,0.0,23209.0,0.0,0.0,21379103.0,-1737460.0,0.0,-12428621.0,0.0,-13946464.0,-17180976.0,-17180976.0,0.0,0.0,,14067117.0,-14067117.0,1018879.0,0.0,,,,1851892.0,3234512.0,,,,0.0,-52884929.0,0.0,0.0,12469842.0,-0.686,0.42,-219.045,,448689.0,1597275.0,1.0,26616559.0,2286320,2286320.0,0.0,29357881.0,0.0,0.0,0.0,12.841,25704759.0
17,DXCM,MRY,2003-12-31,2003-12-31,2003-12-31,2021-07-30,0.0,20766981.0,,20135839.0,631142.0,,-15.024,-408609.0,20016186.0,20016186.0,0.0,-9914591.0,20.465,-1.637,0.0,0.0,0.0,0.0,0.0,353550.0,0.0,,0.0,-9914591.0,-9561041.0,,-9561041.0,-9914591.0,-9914591.0,-6.06,-6.06,-6.06,-32600852.0,,-32600852.0,,,,-9870344.0,-4.549,1.0,0.0,,0.0,0.0,-233104.0,,0.0,0.0,0.0,0.0,53367833.0,983899.0,52383934.0,,-2062559.0,0.0,33440.0,0.0,0.0,33440.0,7365736.0,7765280.0,-9461735.0,0.0,-9914591.0,-13149103.0,-13149103.0,0.0,0.0,,10184591.0,-10184591.0,692045.0,0.0,,,,611079.0,3234512.0,,,,0.0,-35703953.0,0.0,0.0,8934631.0,,,,,0.0,1249960.0,1.0,,2169922,2169922.0,0.0,20766981.0,0.0,0.0,0.0,9.57,19151940.0
18,DXCM,MRY,2002-12-31,2002-12-31,2002-12-31,2021-07-30,,,,,,,,-261602.0,,,0.0,-7708029.0,,,,,,,,388686.0,,,0.0,-7708029.0,-7319343.0,,-7319343.0,-7708029.0,-7708029.0,-4.96,-4.96,-4.96,,,,,,,-7288753.0,-3.562,1.0,0.0,,,0.0,,,,,,,,,,,14301302.0,0.0,23969.0,0.0,0.0,29313632.0,-7985179.0,-7765280.0,-7027151.0,0.0,-7708029.0,-10159097.0,-10159097.0,0.0,0.0,,8171459.0,-8171459.0,,0.0,,,,,2451068.0,,,,,,0.0,0.0,6310907.0,,,,,0.0,1860552.0,1.0,,2046208,2046208.0,0.0,,,0.0,,,
0,DXCM,MRQ,2021-06-30,2021-06-30,2021-06-30,2021-07-30,2800000.0,4503800000.0,,3474200000.0,1029600000.0,,20.658,-101200000.0,1158800000.0,1158800000.0,178000000.0,62900000.0,5.784,1.255,1836600000.0,18800000.0,1817800000.0,1836600000.0,1800000.0,23500000.0,0.0,0.0,0.0,101900000.0,125400000.0,0.211,125400000.0,101900000.0,76700000.0,0.65,0.63,0.65,1997600000.0,,1997600000.0,42377907771.0,120.0,97.086,-39600000.0,-0.41,1.0,417100000.0,0.701,19100000.0,25200000.0,4561800000.0,,319300000.0,1426100000.0,1426100000.0,0.0,2506200000.0,600700000.0,1905500000.0,41293407771.0,424900000.0,0.0,0.0,0.0,0.0,-400000.0,363200000.0,468400000.0,61600000.0,500000.0,62900000.0,62900000.0,62900000.0,0.0,0.0,0.106,316100000.0,101000000.0,482000000.0,0.0,20.672,77.824,76.661,770800000.0,0.0,427.0,19.03,19.029,483500000.0,-98900000.0,595100000.0,595100000.0,129100000.0,,,,,31600000.0,187000000.0,1.0,96705873.0,96700000,99600000.0,6.154,4484700000.0,216400000.0,13800000.0,0.0,46.377,2873500000.0
1,DXCM,MRQ,2021-03-31,2021-03-31,2021-03-31,2021-07-30,2900000.0,4389800000.0,,3445100000.0,944700000.0,,19.763,-99700000.0,733800000.0,733800000.0,161100000.0,40300000.0,5.703,1.307,1818300000.0,18200000.0,1800100000.0,1818300000.0,1900000.0,20900000.0,0.0,0.0,0.0,46000000.0,66900000.0,0.132,66900000.0,46000000.0,21200000.0,0.42,0.41,0.42,1903200000.0,,1903200000.0,35533082489.0,112.0,90.438,-71900000.0,-0.747,1.0,343900000.0,0.681,18900000.0,24800000.0,4851300000.0,,289700000.0,1898800000.0,1898800000.0,0.0,2486600000.0,604100000.0,1882500000.0,34565182489.0,-84000000.0,0.0,8700000.0,0.0,0.0,800000.0,-112200000.0,-12000000.0,27800000.0,-400000.0,40300000.0,40300000.0,40300000.0,0.0,0.0,0.08,298000000.0,45900000.0,502600000.0,0.0,18.162,67.247,66.431,688700000.0,0.0,359.39,17.056,17.077,443400000.0,-161800000.0,505000000.0,505000000.0,109400000.0,,,,,28000000.0,188600000.0,1.0,96177363.0,96300000,99400000.0,5.244,4370900000.0,216700000.0,-19100000.0,0.0,45.388,2841000000.0
2,DXCM,MRQ,2020-12-31,2020-12-31,2020-12-31,2021-07-30,3200000.0,4290500000.0,,3424800000.0,865700000.0,,18.986,-60200000.0,817600000.0,817600000.0,169800000.0,355200000.0,5.577,1.349,1785500000.0,16500000.0,1769000000.0,1785500000.0,2200000.0,20400000.0,0.0,0.0,0.0,105900000.0,126300000.0,0.222,126300000.0,105900000.0,81300000.0,3.75,3.63,3.75,1826500000.0,,1826500000.0,36594625381.0,118.0,97.119,111800000.0,1.162,1.0,399100000.0,0.702,19300000.0,24600000.0,4625000000.0,,234700000.0,1890100000.0,1890100000.0,0.0,2464000000.0,614100000.0,1849900000.0,35503325381.0,144400000.0,0.0,0.0,0.0,0.0,-4900000.0,-24000000.0,36900000.0,172000000.0,1300000.0,355200000.0,355200000.0,355200000.0,0.0,0.0,0.624,295100000.0,104000000.0,481100000.0,0.0,19.438,71.927,70.692,608600000.0,0.0,369.72,18.427,18.115,428500000.0,-202100000.0,568900000.0,568900000.0,119200000.0,,,,,34100000.0,175900000.0,1.0,96027603.0,96200000,99300000.0,5.914,4271200000.0,216400000.0,-273900000.0,0.0,44.399,2810700000.0
3,DXCM,MRQ,2020-09-30,2020-09-30,2020-09-30,2021-07-30,2800000.0,3833200000.0,,3237100000.0,596100000.0,,15.65,-47400000.0,673500000.0,673500000.0,160500000.0,72200000.0,6.392,1.557,1764800000.0,15800000.0,1749000000.0,1764800000.0,1500000.0,18400000.0,0.0,0.0,0.0,99500000.0,117900000.0,0.235,117900000.0,99500000.0,75100000.0,0.75,0.73,0.75,1499300000.0,,1499300000.0,40685409992.0,130.0,108.668,100200000.0,1.046,1.0,340400000.0,0.68,19000000.0,24400000.0,4399100000.0,,200700000.0,1930300000.0,1930300000.0,0.0,2333900000.0,506400000.0,1827500000.0,39467809992.0,143800000.0,0.0,8600000.0,0.0,0.0,4500000.0,-9300000.0,45900000.0,147600000.0,1000000.0,72200000.0,72200000.0,72200000.0,0.0,0.0,0.144,246300000.0,94100000.0,397000000.0,0.0,26.324,170.782,166.222,556100000.0,0.0,412.23,21.678,21.692,370000000.0,-557300000.0,500900000.0,500900000.0,87700000.0,,,,,30700000.0,158600000.0,1.0,95742207.0,95800000,99500000.0,5.229,3814200000.0,0.0,2900000.0,0.0,39.814,2730700000.0
4,DXCM,MRQ,2020-06-30,2020-06-30,2020-06-30,2021-07-30,3500000.0,3521800000.0,,3033000000.0,488800000.0,,14.434,-58200000.0,530000000.0,530000000.0,167700000.0,46300000.0,7.581,1.601,1747600000.0,15100000.0,1732500000.0,1747600000.0,1700000.0,15300000.0,0.0,0.0,0.0,66500000.0,81800000.0,0.181,81800000.0,66500000.0,46200000.0,0.49,0.48,0.49,1353900000.0,,1353900000.0,38016213541.0,138.0,115.096,95900000.0,1.022,1.0,284100000.0,0.629,18700000.0,20300000.0,4320600000.0,,165300000.0,1978800000.0,1978800000.0,0.0,2167900000.0,400100000.0,1767800000.0,37436613541.0,-54900000.0,0.0,0.0,906200000.0,0.0,906000000.0,-1115300000.0,-1054700000.0,154100000.0,300000.0,46300000.0,46300000.0,46300000.0,0.0,0.0,0.102,216300000.0,67800000.0,315900000.0,0.0,27.651,182.885,181.794,455900000.0,0.0,405.4,21.816,22.16,296500000.0,-629500000.0,451800000.0,451800000.0,79900000.0,,,,,30700000.0,136400000.0,1.0,92344878.0,93800000,97000000.0,4.817,3503100000.0,0.0,-100000.0,0.0,37.346,2632900000.0
5,DXCM,MRQ,2020-03-31,2020-03-31,2020-03-31,2021-07-30,3700000.0,2447900000.0,,1995700000.0,452200000.0,,10.18,-33200000.0,584600000.0,584600000.0,148600000.0,19900000.0,5.822,1.619,1164200000.0,14500000.0,1149700000.0,1164200000.0,1800000.0,13000000.0,0.0,0.0,0.0,37800000.0,50800000.0,0.125,50800000.0,37800000.0,22400000.0,0.22,0.21,0.22,934500000.0,,934500000.0,25363054616.0,119.0,95.422,-31300000.0,-0.341,1.0,256500000.0,0.633,18600000.0,15400000.0,2666100000.0,,141900000.0,925900000.0,925900000.0,0.0,1513400000.0,342800000.0,1170600000.0,24663554616.0,138500000.0,0.0,6700000.0,0.0,0.0,6500000.0,130600000.0,164200000.0,1900000.0,-500000.0,19900000.0,19900000.0,19900000.0,0.0,0.0,0.049,222900000.0,33600000.0,267500000.0,0.0,26.392,166.758,166.216,419900000.0,0.0,269.27,15.409,15.444,300700000.0,-675800000.0,405100000.0,405100000.0,73100000.0,,,,,23900000.0,149800000.0,1.0,91594142.0,91800000,94100000.0,4.413,2429300000.0,0.0,2500000.0,0.0,26.463,1652900000.0
6,DXCM,MRQ,2019-12-31,2019-12-31,2019-12-31,2021-07-30,2300000.0,2395000000.0,,1969400000.0,425600000.0,,9.625,-44100000.0,446200000.0,446200000.0,153500000.0,92700000.0,5.468,1.714,1145700000.0,13600000.0,1132100000.0,1145700000.0,1700000.0,14300000.0,0.0,0.0,0.0,109600000.0,123900000.0,0.268,123900000.0,109600000.0,94300000.0,1.02,1.01,1.02,882600000.0,,882600000.0,20721563339.0,126.0,97.193,99600000.0,1.086,1.0,309300000.0,0.668,18600000.0,15300000.0,2715700000.0,,119800000.0,1087100000.0,1087100000.0,0.0,1512400000.0,360200000.0,1152200000.0,20020963339.0,50300000.0,0.0,0.0,0.0,0.0,-100000.0,-94300000.0,-50200000.0,143700000.0,1000000.0,92700000.0,92700000.0,92700000.0,0.0,0.0,0.2,207800000.0,101500000.0,256400000.0,0.0,22.684,198.031,197.063,392800000.0,0.0,218.74,13.564,13.501,286300000.0,-695700000.0,462800000.0,462800000.0,78800000.0,,,,,23600000.0,129000000.0,1.0,91528588.0,91700000,92600000.0,5.047,2376400000.0,0.0,1600000.0,0.0,25.915,1609200000.0
7,DXCM,MRQ,2019-09-30,2019-09-30,2019-09-30,2021-07-30,1000000.0,2185700000.0,,1815700000.0,370000000.0,,8.371,-49700000.0,395600000.0,395600000.0,149400000.0,45800000.0,5.632,1.86,1096200000.0,14800000.0,1081400000.0,1096200000.0,4300000.0,12900000.0,0.0,0.0,0.0,60900000.0,73800000.0,0.186,73800000.0,60900000.0,45800000.0,0.5,0.5,0.5,764300000.0,,764300000.0,13985396998.0,-123.0,-197.534,44800000.0,0.491,1.0,246900000.0,0.623,18400000.0,15100000.0,2545500000.0,,120400000.0,1034300000.0,1034300000.0,0.0,1421400000.0,322400000.0,1099000000.0,13608596998.0,-313700000.0,0.0,6800000.0,0.0,0.0,6000000.0,-412800000.0,-363100000.0,94500000.0,-1400000.0,45800000.0,45800000.0,45800000.0,0.0,0.0,0.116,190900000.0,56000000.0,232400000.0,0.0,17.805,-79.443,-76.143,335600000.0,0.0,149.24,10.071,10.084,234900000.0,-788400000.0,396300000.0,396300000.0,66700000.0,,,,,24400000.0,124200000.0,1.0,91185989.0,91300000,92500000.0,4.341,2167300000.0,0.0,0.0,0.0,23.738,1493300000.0
8,DXCM,MRQ,2019-06-30,2019-06-30,2019-06-30,2021-07-30,2000000.0,2065900000.0,,1744200000.0,321700000.0,,7.555,-46900000.0,709200000.0,709200000.0,129900000.0,-10500000.0,6.052,2.001,1086000000.0,14100000.0,1071900000.0,1086000000.0,3500000.0,11600000.0,0.0,0.0,0.0,5700000.0,17300000.0,0.051,17300000.0,5700000.0,-9300000.0,-0.12,-0.12,-0.12,688300000.0,,688300000.0,13422092685.0,-107.0,-154.1,17600000.0,0.193,1.0,206500000.0,0.614,18700000.0,15000000.0,2135800000.0,,117900000.0,668300000.0,668300000.0,0.0,1377600000.0,288200000.0,1089400000.0,13642992685.0,-575900000.0,0.0,100000.0,0.0,0.0,-100000.0,-639400000.0,-591300000.0,64500000.0,-900000.0,-10500000.0,-10500000.0,-10500000.0,0.0,0.0,-0.031,207300000.0,-800000.0,196700000.0,0.0,19.821,-80.018,-77.637,289000000.0,0.0,149.84,11.168,11.174,217300000.0,-834200000.0,336400000.0,336400000.0,69000000.0,,,,,29700000.0,138300000.0,1.0,91050405.0,91100000,91100000.0,3.693,2047200000.0,0.0,1200000.0,0.0,22.472,1456000000.0
9,DXCM,MRQ,2019-03-31,2019-03-31,2019-03-31,2021-07-30,1600000.0,1974000000.0,,1690800000.0,283200000.0,,7.404,-39300000.0,1285100000.0,1285100000.0,111700000.0,-26900000.0,7.183,1.952,1064200000.0,12300000.0,1051900000.0,1064200000.0,2700000.0,9900000.0,0.0,0.0,0.0,-11700000.0,-1800000.0,-0.006,-1800000.0,-11700000.0,-26600000.0,-0.3,-0.3,-0.3,668600000.0,,668600000.0,10592510450.0,-114.0,-176.837,-27500000.0,-0.305,1.0,168800000.0,0.602,18600000.0,14900000.0,1499100000.0,,101100000.0,72900000.0,72900000.0,0.0,1305400000.0,235400000.0,1070000000.0,10719210450.0,148600000.0,0.0,5000000.0,0.0,0.0,4900000.0,131300000.0,170600000.0,11800000.0,600000.0,-26900000.0,-26900000.0,-26900000.0,0.0,0.0,-0.096,183200000.0,-14400000.0,169100000.0,0.0,16.032,-82.583,-81.02,249100000.0,0.0,119.1,9.505,9.537,204700000.0,-823700000.0,280500000.0,280500000.0,59000000.0,,,,,25000000.0,124200000.0,1.0,90001767.0,90300000,90300000.0,3.106,1955400000.0,0.0,300000.0,0.0,21.654,1455400000.0
10,DXCM,MRQ,2018-12-31,2018-12-31,2018-12-31,2021-07-30,1500000.0,1916000000.0,,1699500000.0,216500000.0,,7.47,-17700000.0,1137000000.0,1137000000.0,115200000.0,-179700000.0,7.642,1.889,1010300000.0,0.0,1010300000.0,1010300000.0,2900000.0,8600000.0,0.0,0.0,0.0,-168700000.0,-160100000.0,-0.474,-160100000.0,-168700000.0,-176900000.0,-2.04,-2.03,-2.04,663300000.0,,663300000.0,10614952531.0,-102.0,-142.101,16000000.0,0.18,1.0,222800000.0,0.659,18700000.0,8200000.0,1548200000.0,,70700000.0,248600000.0,248600000.0,0.0,1252700000.0,222400000.0,1030300000.0,10643552531.0,769400000.0,0.0,84000000.0,617700000.0,0.0,701600000.0,30900000.0,49600000.0,33700000.0,3200000.0,-179700000.0,-179700000.0,-179700000.0,0.0,0.0,-0.532,387400000.0,-164600000.0,147100000.0,0.0,16.046,-83.742,-83.194,183100000.0,0.0,119.8,10.318,10.243,226700000.0,-798900000.0,338000000.0,338000000.0,57600000.0,,,,,24600000.0,112100000.0,1.0,88844345.0,88800000,84900000.0,3.806,1897300000.0,0.0,2800000.0,0.0,21.366,1477100000.0
11,DXCM,MRQ,2018-09-30,2018-09-30,2018-09-30,2021-07-30,-300000.0,1114300000.0,,914100000.0,200200000.0,,6.353,-23800000.0,367400000.0,367400000.0,98100000.0,46600000.0,4.714,0.982,338800000.0,0.0,338800000.0,338800000.0,3500000.0,7800000.0,0.0,0.0,0.0,49700000.0,57500000.0,0.216,57500000.0,49700000.0,44800000.0,0.53,0.52,0.53,562200000.0,,562200000.0,12673204048.0,164.0,124.004,33000000.0,0.373,1.0,168600000.0,0.632,18400000.0,4900000.0,873400000.0,,55200000.0,301300000.0,301300000.0,0.0,552100000.0,193900000.0,358200000.0,12638404048.0,67200000.0,-11300000.0,5400000.0,0.0,0.0,5400000.0,4600000.0,39700000.0,56800000.0,400000.0,46600000.0,46600000.0,46600000.0,0.0,0.0,0.175,154700000.0,13900000.0,135400000.0,0.0,22.48,292.556,298.0,169600000.0,0.0,143.04,13.819,13.841,169800000.0,-619200000.0,266700000.0,266700000.0,50100000.0,,,,,27100000.0,104600000.0,1.0,88355733.0,88500000,90300000.0,3.014,1095900000.0,0.0,-1800000.0,0.0,12.383,720200000.0
12,DXCM,MRQ,2018-06-30,2018-06-30,2018-06-30,2021-07-30,-1300000.0,1007500000.0,,836000000.0,171500000.0,,5.466,-10300000.0,300200000.0,300200000.0,88900000.0,30200000.0,4.895,1.09,335000000.0,0.0,335000000.0,335000000.0,6800000.0,6700000.0,0.0,0.0,0.0,37800000.0,44500000.0,0.184,44500000.0,37800000.0,29600000.0,0.34,0.34,0.34,482100000.0,,482100000.0,8277206936.0,278.0,162.298,31100000.0,0.353,1.0,153600000.0,0.633,11900000.0,8200000.0,859600000.0,,46200000.0,305900000.0,305900000.0,0.0,525400000.0,170800000.0,354600000.0,8366306936.0,-120200000.0,0.0,1000000.0,0.0,0.0,-800000.0,-159900000.0,-149600000.0,41400000.0,-900000.0,30200000.0,30200000.0,30200000.0,0.0,0.0,0.125,158500000.0,-4900000.0,117900000.0,0.0,17.354,-1549.316,-1356.857,156800000.0,0.0,94.98,10.05,10.063,162000000.0,-665800000.0,242500000.0,242500000.0,47200000.0,,,,,25600000.0,111300000.0,1.0,88084933.0,88200000,89400000.0,2.749,995600000.0,0.0,-600000.0,0.0,11.288,665200000.0
13,DXCM,MRQ,2018-03-31,2018-03-31,2018-03-31,2021-07-30,-4900000.0,896800000.0,,729300000.0,167500000.0,,4.83,-15300000.0,420400000.0,420400000.0,65500000.0,-24200000.0,5.83,1.127,331300000.0,0.0,331300000.0,331300000.0,2900000.0,6000000.0,0.0,0.0,0.0,-23300000.0,-17300000.0,-0.094,-17300000.0,-23300000.0,-24000000.0,-0.28,-0.28,-0.28,421700000.0,,421700000.0,6337809237.0,-328.0,-7042.01,-24000000.0,-0.275,1.0,118900000.0,0.645,12300000.0,700000.0,670300000.0,,51600000.0,113500000.0,113500000.0,0.0,475100000.0,125100000.0,350000000.0,6451709237.0,-20800000.0,0.0,4200000.0,0.0,0.0,4200000.0,-15400000.0,-100000.0,-8700000.0,-900000.0,-24200000.0,-24200000.0,-24200000.0,0.0,0.0,-0.131,149600000.0,-30700000.0,88000000.0,0.0,15.299,-197.3,-195.158,152400000.0,0.0,74.16,8.482,8.512,123900000.0,-696000000.0,184400000.0,184400000.0,44800000.0,,,,,24600000.0,104800000.0,1.0,86997158.0,87300000,87300000.0,2.112,884500000.0,0.0,200000.0,0.0,10.132,604200000.0
14,DXCM,MRQ,2017-12-31,2017-12-31,2017-12-31,2021-07-30,-2600000.0,904100000.0,,744700000.0,159400000.0,,4.826,-17600000.0,441500000.0,441500000.0,67500000.0,-9400000.0,5.361,1.156,327600000.0,0.0,327600000.0,327600000.0,3200000.0,4200000.0,0.0,0.0,0.0,13300000.0,17500000.0,0.079,17500000.0,13300000.0,8600000.0,-0.11,-0.11,-0.11,419400000.0,,419400000.0,4909271492.0,-137.0,-249.202,23600000.0,0.272,1.0,153500000.0,0.695,12100000.0,4700000.0,639200000.0,,45200000.0,107100000.0,107100000.0,0.0,484700000.0,138900000.0,345800000.0,4987371492.0,39400000.0,0.0,100000.0,0.0,0.0,100000.0,-1100000.0,16500000.0,41200000.0,-800000.0,-9400000.0,-9400000.0,-9400000.0,0.0,0.0,-0.043,141500000.0,12000000.0,87200000.0,0.0,11.892,-99.35,-98.948,145600000.0,0.0,57.39,6.941,6.893,134300000.0,-671800000.0,221000000.0,221000000.0,48700000.0,,,,,24900000.0,92800000.0,1.0,86903145.0,86900000,86900000.0,2.543,892000000.0,0.0,18000000.0,0.0,10.265,605800000.0
15,DXCM,MRQ,2017-09-30,2017-09-30,2017-09-30,2021-07-30,-2200000.0,842900000.0,,692900000.0,150000000.0,,4.429,-13500000.0,402100000.0,402100000.0,57600000.0,-2000000.0,5.862,1.195,324000000.0,0.0,324000000.0,324000000.0,2300000.0,4300000.0,0.0,0.0,0.0,2000000.0,6300000.0,0.034,6300000.0,2000000.0,-2500000.0,-0.02,-0.02,-0.02,384000000.0,,384000000.0,4159594283.0,-75.0,-103.99,22700000.0,0.262,1.0,127000000.0,0.688,12000000.0,4500000.0,634600000.0,,43300000.0,123700000.0,123700000.0,0.0,458900000.0,118200000.0,340700000.0,4234994283.0,6200000.0,0.0,4300000.0,0.0,0.0,4300000.0,-36600000.0,-23100000.0,36200000.0,2300000.0,-2000000.0,-2000000.0,-2000000.0,0.0,0.0,-0.011,127500000.0,-500000.0,80600000.0,0.0,11.029,-87.863,-87.366,136100000.0,0.0,48.925,6.333,6.343,110500000.0,-662400000.0,184600000.0,184600000.0,43300000.0,,,,,25400000.0,84200000.0,1.0,86560946.0,86700000,86700000.0,2.129,830900000.0,0.0,-500000.0,0.0,9.584,574700000.0
16,DXCM,MRQ,2017-06-30,2017-06-30,2017-06-30,2021-07-30,-1600000.0,795600000.0,,656800000.0,138800000.0,,4.094,-12000000.0,395900000.0,395900000.0,53100000.0,2900000.0,6.249,1.249,320500000.0,0.0,320500000.0,320500000.0,1500000.0,3900000.0,0.0,0.0,0.0,-11300000.0,-7400000.0,-0.043,-7400000.0,-11300000.0,-14400000.0,0.03,0.03,0.03,353700000.0,,353700000.0,6239441873.0,-82.0,-102.961,2300000.0,0.027,1.0,117500000.0,0.689,11900000.0,3100000.0,603200000.0,,42800000.0,100700000.0,100700000.0,0.0,441900000.0,105100000.0,336800000.0,6317941873.0,242400000.0,0.0,400000.0,314000000.0,0.0,314400000.0,-85300000.0,-73300000.0,14300000.0,-1000000.0,2900000.0,2900000.0,2900000.0,0.0,0.0,0.017,131100000.0,-13600000.0,72200000.0,0.0,17.862,-97.199,-96.25,125000000.0,0.0,73.15,9.986,9.989,101700000.0,-660400000.0,170600000.0,170600000.0,45300000.0,,,,,25300000.0,85800000.0,1.0,86369677.0,86400000,87400000.0,1.975,783700000.0,0.0,-17300000.0,0.0,9.071,551700000.0
17,DXCM,MRQ,2017-03-31,2017-03-31,2017-03-31,2021-07-30,-1300000.0,467200000.0,,330500000.0,136700000.0,,3.261,-22900000.0,153500000.0,153500000.0,48200000.0,-41700000.0,1.925,0.682,75000000.0,75000000.0,0.0,75000000.0,1200000.0,3700000.0,0.0,0.0,0.0,-39800000.0,-36100000.0,-0.254,-36100000.0,-39800000.0,-40300000.0,-0.49,-0.49,-0.49,277800000.0,,277800000.0,7091878254.0,-84.0,-102.336,-22600000.0,-0.265,1.0,94100000.0,0.661,11400000.0,500000.0,205600000.0,,46500000.0,27600000.0,27600000.0,0.0,189400000.0,171700000.0,17700000.0,7186378254.0,59000000.0,0.0,5300000.0,75000000.0,0.0,80300000.0,-21400000.0,1500000.0,300000.0,-200000.0,-41700000.0,-41700000.0,-41700000.0,0.0,0.0,-0.293,134500000.0,-40400000.0,65400000.0,0.0,25.869,-81.571,-82.262,123400000.0,0.0,84.73,11.989,12.044,85900000.0,-663300000.0,142300000.0,142300000.0,48100000.0,,,,,30600000.0,86400000.0,1.0,84815039.0,85200000,85200000.0,1.67,455800000.0,0.0,1400000.0,0.0,5.35,158800000.0
18,DXCM,MRQ,2016-12-31,2016-12-31,2016-12-31,2021-07-30,-1000000.0,402800000.0,,280000000.0,122800000.0,,3.359,-17600000.0,94500000.0,94500000.0,54500000.0,-7400000.0,2.734,0.419,0.0,0.0,0.0,0.0,900000.0,3600000.0,0.0,0.0,0.0,-6400000.0,-2800000.0,-0.016,-2800000.0,-6400000.0,-7000000.0,-0.08,-0.08,-0.08,283800000.0,,283800000.0,4948393009.0,-77.0,-101.194,-4300000.0,-0.051,1.0,116700000.0,0.682,11300000.0,600000.0,194600000.0,,45400000.0,29200000.0,29200000.0,0.0,119000000.0,102400000.0,16600000.0,5046093009.0,-3200000.0,-100000.0,500000.0,2300000.0,0.0,500000.0,-17300000.0,400000.0,13300000.0,300000.0,-7400000.0,-7400000.0,-7400000.0,0.0,0.0,-0.043,122800000.0,-6100000.0,68100000.0,0.0,17.78,-76.922,-76.538,109400000.0,0.0,59.7,8.802,8.706,101700000.0,-621000000.0,171200000.0,171200000.0,43700000.0,,,,,29100000.0,79100000.0,1.0,84524171.0,84500000,84500000.0,2.026,391500000.0,0.0,400000.0,0.0,4.633,177600000.0
19,DXCM,MRQ,2016-09-30,2016-09-30,2016-09-30,2021-07-30,-700000.0,361900000.0,,258600000.0,103300000.0,,3.113,-16100000.0,97700000.0,97700000.0,47500000.0,-18800000.0,3.003,0.382,0.0,0.0,0.0,0.0,500000.0,4100000.0,0.0,0.0,0.0,-18400000.0,-14300000.0,-0.096,-14300000.0,-18400000.0,-18600000.0,-0.22,-0.22,-0.22,261800000.0,,261800000.0,7265737866.0,-130.0,-175.501,6900000.0,0.082,1.0,101100000.0,0.68,13400000.0,200000.0,164700000.0,,44700000.0,29600000.0,29600000.0,0.0,100100000.0,86100000.0,14000000.0,7353237866.0,10200000.0,0.0,5100000.0,0.0,0.0,5100000.0,-17800000.0,-1700000.0,23000000.0,-100000.0,-18800000.0,-18800000.0,-18800000.0,0.0,0.0,-0.127,119600000.0,-18500000.0,58600000.0,0.0,28.087,-129.687,-132.818,88400000.0,0.0,87.66,13.799,13.834,76800000.0,-613600000.0,148600000.0,148600000.0,43900000.0,,,,,29000000.0,75700000.0,1.0,83883617.0,84100000,84100000.0,1.767,348500000.0,0.0,200000.0,0.0,4.144,172500000.0
20,DXCM,MRQ,2016-06-30,2016-06-30,2016-06-30,2021-07-30,-700000.0,332800000.0,,241000000.0,91800000.0,,2.947,-10500000.0,87500000.0,87500000.0,51800000.0,-20200000.0,3.261,0.351,0.0,0.0,0.0,0.0,700000.0,3900000.0,0.0,0.0,0.0,-20000000.0,-16100000.0,-0.117,-16100000.0,-20000000.0,-20100000.0,-0.24,-0.24,-0.24,246400000.0,,246400000.0,6542454928.0,-82.0,-97.941,9600000.0,0.115,1.0,85500000.0,0.623,13600000.0,100000.0,157800000.0,,42900000.0,28100000.0,28100000.0,0.0,86400000.0,73900000.0,12500000.0,6618654928.0,9600000.0,400000.0,1000000.0,-1700000.0,0.0,-700000.0,-9600000.0,500000.0,20100000.0,-200000.0,-20200000.0,-20200000.0,-20200000.0,0.0,0.0,-0.147,105600000.0,-20100000.0,49900000.0,0.0,26.861,-82.322,-81.784,77000000.0,0.0,79.33,13.521,13.548,73800000.0,-594800000.0,137300000.0,137300000.0,36300000.0,,,,,27600000.0,69300000.0,1.0,83431929.0,83600000,83600000.0,1.642,319200000.0,0.0,100000.0,0.0,3.818,167100000.0
21,DXCM,MRQ,2016-03-31,2016-03-31,2016-03-31,2021-07-30,-300000.0,299400000.0,,227400000.0,72000000.0,,2.816,-11500000.0,77900000.0,77900000.0,41100000.0,-19200000.0,3.548,0.295,1700000.0,1700000.0,0.0,1700000.0,600000.0,3400000.0,0.0,0.0,0.0,-19100000.0,-15700000.0,-0.135,-15700000.0,-19100000.0,-19200000.0,-0.23,-0.23,-0.23,231200000.0,,231200000.0,5467219562.0,-86.0,-105.749,-11700000.0,-0.143,1.0,75100000.0,0.646,5700000.0,100000.0,153400000.0,,46100000.0,28600000.0,28600000.0,0.0,68200000.0,64100000.0,4100000.0,5551019562.0,-8200000.0,0.0,3800000.0,-600000.0,0.0,3200000.0,-11200000.0,300000.0,-200000.0,0.0,-19200000.0,-19200000.0,-19200000.0,0.0,0.0,-0.165,94300000.0,-19200000.0,45100000.0,0.0,24.01,-86.87,-87.064,65900000.0,0.0,67.91,12.463,12.518,67300000.0,-574600000.0,116200000.0,116200000.0,32200000.0,,,,,25100000.0,62100000.0,1.0,81740827.0,82100000,82100000.0,1.415,293700000.0,0.0,0.0,0.0,3.577,163300000.0
22,DXCM,MRQ,2015-12-31,2015-12-31,2015-12-31,2021-07-30,-300000.0,292000000.0,,231300000.0,60700000.0,,2.711,-11600000.0,86100000.0,86100000.0,39600000.0,1500000.0,3.457,0.32,2300000.0,2300000.0,0.0,2300000.0,800000.0,3100000.0,0.0,0.0,0.0,1600000.0,4700000.0,0.036,4700000.0,1600000.0,1600000.0,0.03,0.03,0.03,221200000.0,,221200000.0,6575655422.0,-115.0,-142.023,-300000.0,-0.004,1.0,91200000.0,0.697,5900000.0,0.0,135400000.0,,35200000.0,29100000.0,29100000.0,0.0,70800000.0,66900000.0,3900000.0,6658055422.0,800000.0,0.0,2800000.0,-600000.0,0.0,2200000.0,-12700000.0,-1100000.0,11300000.0,0.0,1500000.0,1500000.0,1500000.0,0.0,0.0,0.011,89600000.0,1600000.0,38900000.0,0.0,30.1,-115.591,-113.75,54700000.0,0.0,81.9,16.562,16.258,74100000.0,-555400000.0,130800000.0,130800000.0,28500000.0,,,,,23500000.0,61100000.0,1.0,81294938.0,81600000,81600000.0,1.603,286100000.0,0.0,100000.0,0.0,3.506,164400000.0
23,DXCM,MRQ,2015-09-30,2015-09-30,2015-09-30,2021-07-30,-300000.0,256700000.0,,203700000.0,53000000.0,,2.401,-7400000.0,85300000.0,85300000.0,30500000.0,-42500000.0,3.464,0.328,2900000.0,2500000.0,400000.0,2900000.0,1600000.0,2700000.0,0.0,0.0,0.0,-42400000.0,-39700000.0,-0.377,-39700000.0,-42400000.0,-42500000.0,-0.53,-0.53,-0.53,193300000.0,,193300000.0,6810901196.0,-119.0,-144.913,10500000.0,0.13,1.0,74700000.0,0.71,6100000.0,100000.0,109400000.0,,30600000.0,28000000.0,28000000.0,0.0,63400000.0,58800000.0,4600000.0,6875801196.0,17600000.0,0.0,5900000.0,-500000.0,0.0,5400000.0,-5700000.0,1700000.0,17900000.0,0.0,-42500000.0,-42500000.0,-42500000.0,0.0,0.0,-0.404,117100000.0,-42400000.0,34300000.0,0.0,35.571,-118.958,-117.616,46600000.0,0.0,85.86,19.341,19.442,55800000.0,-556900000.0,105200000.0,105200000.0,64800000.0,,,,,22600000.0,52300000.0,1.0,80081542.0,80500000,80500000.0,1.307,250600000.0,0.0,0.0,0.0,3.113,144900000.0
24,DXCM,MRQ,2015-06-30,2015-06-30,2015-06-30,2021-07-30,-300000.0,218400000.0,,170400000.0,48000000.0,,2.144,-6300000.0,68400000.0,68400000.0,27200000.0,-3700000.0,3.855,0.279,3500000.0,2400000.0,1100000.0,3500000.0,800000.0,2600000.0,0.0,0.0,0.0,-3600000.0,-1000000.0,-0.011,-1000000.0,-3600000.0,-3700000.0,-0.05,-0.05,-0.05,170700000.0,,170700000.0,6291104372.0,-319.0,-622.882,10100000.0,0.127,1.0,66000000.0,0.708,6200000.0,100000.0,103100000.0,,22400000.0,29800000.0,29800000.0,0.0,47700000.0,44200000.0,3500000.0,6342204372.0,13500000.0,-500000.0,4900000.0,-600000.0,0.0,4300000.0,-7200000.0,-400000.0,16400000.0,0.0,-3700000.0,-3700000.0,-3700000.0,0.0,0.0,-0.04,69600000.0,-3600000.0,24000000.0,0.0,37.154,-309.376,-296.222,40600000.0,0.0,79.98,19.863,19.939,45500000.0,-514400000.0,93200000.0,93200000.0,24400000.0,,,,,20700000.0,45200000.0,1.0,79297379.0,79600000,79600000.0,1.171,212200000.0,0.0,0.0,0.0,2.666,126200000.0
25,DXCM,MRQ,2015-03-31,2015-03-31,2015-03-31,2021-07-30,-300000.0,189300000.0,,146200000.0,43100000.0,,1.91,-8000000.0,55200000.0,55200000.0,26300000.0,-12900000.0,3.951,0.274,4100000.0,2400000.0,1700000.0,4100000.0,1300000.0,2400000.0,0.0,0.0,0.0,-12700000.0,-10300000.0,-0.141,-10300000.0,-12700000.0,-12900000.0,-0.17,-0.17,-0.17,148600000.0,,148600000.0,4764062346.0,-218.0,-366.466,-4600000.0,-0.059,1.0,46500000.0,0.639,5800000.0,200000.0,95400000.0,,18400000.0,29600000.0,29600000.0,0.0,40700000.0,37000000.0,3700000.0,4832262346.0,-17600000.0,0.0,5500000.0,-600000.0,0.0,4900000.0,-25900000.0,-17900000.0,3400000.0,0.0,-12900000.0,-12900000.0,-12900000.0,0.0,0.0,-0.177,59200000.0,-12700000.0,21200000.0,0.0,32.519,-211.941,-207.8,35700000.0,0.0,62.34,16.961,17.024,40200000.0,-510700000.0,72800000.0,72800000.0,19800000.0,,,,,15900000.0,39400000.0,1.0,77514635.0,77800000,77800000.0,0.936,183500000.0,0.0,0.0,0.0,2.359,109200000.0
26,DXCM,MRQ,2014-12-31,2014-12-31,2014-12-31,2021-07-30,-100000.0,184600000.0,,145900000.0,38700000.0,,1.828,-4600000.0,72800000.0,72800000.0,24900000.0,1300000.0,3.594,0.317,4600000.0,2300000.0,2300000.0,4600000.0,700000.0,2400000.0,0.0,0.0,0.0,1600000.0,4000000.0,0.047,4000000.0,1600000.0,1400000.0,0.02,0.03,0.02,140200000.0,,140200000.0,4155730833.0,-193.0,-317.231,3800000.0,0.05,1.0,59400000.0,0.705,5900000.0,200000.0,69900000.0,,16000000.0,11800000.0,11800000.0,0.0,44400000.0,40600000.0,3800000.0,4214730833.0,8600000.0,0.0,5500000.0,-600000.0,0.0,4900000.0,-4700000.0,-100000.0,8400000.0,0.0,1300000.0,1300000.0,1300000.0,0.0,0.0,0.015,57800000.0,1600000.0,20400000.0,0.0,30.062,-188.158,-183.5,31200000.0,0.0,55.05,16.261,15.971,42400000.0,-497800000.0,84300000.0,84300000.0,21600000.0,,,,,14300000.0,36200000.0,1.0,76561868.0,76700000,75800000.0,1.099,178700000.0,0.0,100000.0,0.0,2.33,105300000.0
27,DXCM,MRQ,2014-09-30,2014-09-30,2014-09-30,2021-07-30,-100000.0,159400000.0,,123400000.0,36000000.0,,1.517,-3700000.0,64200000.0,64200000.0,21800000.0,-5200000.0,3.039,0.386,5200000.0,2300000.0,2900000.0,5200000.0,600000.0,2200000.0,0.0,0.0,0.0,-5000000.0,-2800000.0,-0.041,-2800000.0,-5000000.0,-5200000.0,-0.07,-0.08,-0.07,115000000.0,,115000000.0,2973586680.0,-117.0,-169.919,7700000.0,0.102,1.0,47200000.0,0.684,6300000.0,200000.0,53500000.0,,14300000.0,11700000.0,11700000.0,0.0,44400000.0,40600000.0,3800000.0,3018286680.0,13700000.0,0.0,6600000.0,-500000.0,0.0,6100000.0,-3800000.0,-100000.0,11400000.0,0.0,-5200000.0,-5200000.0,-5200000.0,0.0,0.0,-0.075,52200000.0,-5000000.0,20900000.0,0.0,26.246,-114.764,-111.083,28000000.0,0.0,39.99,13.32,13.377,31400000.0,-499100000.0,69000000.0,69000000.0,18500000.0,,,,,13800000.0,33700000.0,1.0,75476036.0,75800000,76100000.0,0.91,153100000.0,0.0,0.0,0.0,2.02,82800000.0
28,DXCM,MRQ,2014-06-30,2014-06-30,2014-06-30,2021-07-30,-200000.0,139700000.0,,105500000.0,34200000.0,,1.328,-4000000.0,50500000.0,50500000.0,18900000.0,-6000000.0,2.963,0.403,5800000.0,2300000.0,3500000.0,5800000.0,300000.0,1900000.0,0.0,0.0,0.0,-5800000.0,-3900000.0,-0.066,-3900000.0,-5800000.0,-6000000.0,-0.08,-0.09,-0.08,99600000.0,,99600000.0,2930842209.0,-112.0,-155.896,2200000.0,0.029,1.0,39900000.0,0.679,6500000.0,200000.0,52900000.0,,11600000.0,11800000.0,11800000.0,0.0,40100000.0,35600000.0,4500000.0,2971242209.0,3800000.0,0.0,2200000.0,-600000.0,0.0,1600000.0,-4000000.0,0.0,6200000.0,0.0,-6000000.0,-6000000.0,-6000000.0,0.0,0.0,-0.102,45700000.0,-5800000.0,20000000.0,0.0,29.832,-109.64,-107.189,26000000.0,0.0,39.66,14.819,14.835,28600000.0,-493900000.0,58800000.0,58800000.0,14800000.0,,,,,13200000.0,30900000.0,1.0,74917857.0,75000000,75300000.0,0.784,133200000.0,0.0,0.0,0.0,1.776,69900000.0
29,DXCM,MRQ,2014-03-31,2014-03-31,2014-03-31,2021-07-30,-100000.0,124900000.0,,93600000.0,31300000.0,,1.228,-3900000.0,46700000.0,46700000.0,17300000.0,-12500000.0,3.152,0.388,6300000.0,2200000.0,4100000.0,6300000.0,600000.0,1900000.0,0.0,0.0,0.0,-12300000.0,-10400000.0,-0.221,-10400000.0,-12300000.0,-12500000.0,-0.17,-0.17,-0.17,90000000.0,,90000000.0,2974037979.0,-98.0,-128.191,-6300000.0,-0.086,1.0,29800000.0,0.633,6600000.0,200000.0,48200000.0,,8900000.0,11700000.0,11700000.0,0.0,34900000.0,29700000.0,5200000.0,3011437979.0,2500000.0,0.0,9700000.0,-500000.0,0.0,9200000.0,-4300000.0,-400000.0,-2400000.0,0.0,-12500000.0,-12500000.0,-12500000.0,0.0,0.0,-0.265,42100000.0,-12300000.0,15900000.0,0.0,33.46,-96.52,-96.186,22900000.0,0.0,41.36,16.966,17.08,23800000.0,-487900000.0,47100000.0,47100000.0,14500000.0,,,,,8700000.0,27600000.0,1.0,72810396.0,73300000,73300000.0,0.643,118300000.0,0.0,0.0,0.0,1.614,63900000.0
30,DXCM,MRQ,2013-12-31,2013-12-31,2013-12-31,2021-07-30,-100000.0,122500000.0,,93100000.0,29400000.0,,1.163,-2300000.0,44200000.0,44200000.0,17600000.0,-2600000.0,2.9,0.457,6800000.0,2200000.0,4600000.0,6800000.0,700000.0,1900000.0,0.0,0.0,0.0,-2300000.0,-400000.0,-0.008,-400000.0,-2300000.0,-2600000.0,-0.04,-0.04,-0.04,84100000.0,,84100000.0,2514460994.0,-87.0,-114.816,2100000.0,0.029,1.0,34100000.0,0.66,6800000.0,300000.0,46200000.0,,9000000.0,11400000.0,11400000.0,0.0,38400000.0,32100000.0,6300000.0,2541860994.0,9800000.0,0.0,5100000.0,-200000.0,0.0,4900000.0,500000.0,2800000.0,4400000.0,0.0,-2600000.0,-2600000.0,-2600000.0,0.0,0.0,-0.05,36400000.0,-2300000.0,14100000.0,0.0,30.224,-85.297,-84.31,20700000.0,0.0,35.41,15.887,15.735,26100000.0,-475400000.0,51700000.0,51700000.0,12600000.0,,,,,6600000.0,23800000.0,1.0,71783705.0,72300000,72300000.0,0.715,115700000.0,0.0,0.0,0.0,1.6,61000000.0
31,DXCM,MRQ,2013-09-30,2013-09-30,2013-09-30,2021-07-30,-100000.0,110100000.0,,81700000.0,28400000.0,,1.046,-2200000.0,34400000.0,34400000.0,15300000.0,-6000000.0,2.982,0.474,7000000.0,1800000.0,5200000.0,7000000.0,600000.0,1700000.0,0.0,0.0,0.0,-5800000.0,-4100000.0,-0.096,-4100000.0,-5800000.0,-6000000.0,-0.08,-0.08,-0.08,74700000.0,,74700000.0,1992042939.0,-57.0,-71.144,-600000.0,-0.008,1.0,27600000.0,0.643,6900000.0,200000.0,48400000.0,,10000000.0,14200000.0,14200000.0,0.0,35400000.0,27400000.0,8000000.0,2014242939.0,5200000.0,0.0,1900000.0,0.0,0.0,1900000.0,1700000.0,3900000.0,1600000.0,0.0,-6000000.0,-6000000.0,-6000000.0,0.0,0.0,-0.14,33400000.0,-5800000.0,12600000.0,0.0,26.964,-56.421,-56.44,19700000.0,0.0,28.22,14.225,14.23,21600000.0,-472800000.0,42900000.0,42900000.0,11800000.0,,,,,6600000.0,21600000.0,1.0,71376433.0,71400000,71400000.0,0.601,103200000.0,0.0,0.0,0.0,1.445,54300000.0
32,DXCM,MRQ,2013-06-30,2013-06-30,2013-06-30,2021-07-30,-100000.0,102300000.0,,74200000.0,28100000.0,,1.02,-2000000.0,29200000.0,29200000.0,13900000.0,-10100000.0,3.517,0.415,7000000.0,1200000.0,5800000.0,7000000.0,700000.0,1600000.0,0.0,0.0,0.0,-9900000.0,-8300000.0,-0.232,-8300000.0,-9900000.0,-10100000.0,-0.14,-0.14,-0.14,72300000.0,,72300000.0,1574302630.0,-34.0,-40.263,-1100000.0,-0.016,1.0,21900000.0,0.612,7100000.0,200000.0,51900000.0,,7300000.0,18200000.0,18200000.0,0.0,30000000.0,21100000.0,8900000.0,1587202630.0,9300000.0,0.0,2300000.0,0.0,0.0,2300000.0,6100000.0,8100000.0,900000.0,0.0,-10100000.0,-10100000.0,-10100000.0,0.0,0.0,-0.282,31800000.0,-9900000.0,9100000.0,0.0,21.953,-33.77,-33.507,19100000.0,0.0,22.45,13.031,13.068,17700000.0,-466800000.0,35800000.0,35800000.0,11100000.0,,,,,6400000.0,20700000.0,1.0,70699449.0,70900000,70900000.0,0.505,95200000.0,0.0,0.0,0.0,1.343,53100000.0
33,DXCM,MRQ,2013-03-31,2013-03-31,2013-03-31,2021-07-30,-100000.0,98800000.0,,71300000.0,27500000.0,,1.054,-1400000.0,19900000.0,19900000.0,13100000.0,-11100000.0,4.401,0.342,7000000.0,700000.0,6300000.0,7000000.0,800000.0,1800000.0,0.0,0.0,0.0,-10900000.0,-9100000.0,-0.307,-9100000.0,-10900000.0,-11100000.0,-0.16,-0.16,-0.16,73600000.0,,73600000.0,1161275660.0,-23.0,-26.393,-5900000.0,-0.085,1.0,16500000.0,0.557,7200000.0,200000.0,62500000.0,,7500000.0,26400000.0,26400000.0,0.0,25200000.0,16200000.0,9000000.0,1163375660.0,10800000.0,0.0,2700000.0,0.0,0.0,2700000.0,12600000.0,14000000.0,-4500000.0,0.0,-11100000.0,-11100000.0,-11100000.0,0.0,0.0,-0.375,27400000.0,-10900000.0,7500000.0,0.0,15.807,-22.546,-22.595,18300000.0,0.0,16.72,10.634,10.668,16300000.0,-456700000.0,29600000.0,29600000.0,9300000.0,,,,,5000000.0,18100000.0,1.0,69579884.0,69800000,69800000.0,0.424,91600000.0,0.0,0.0,0.0,1.312,55100000.0
34,DXCM,MRQ,2012-12-31,2012-12-31,2012-12-31,2021-07-30,-100000.0,106000000.0,,77600000.0,28400000.0,,1.111,-1400000.0,9100000.0,9100000.0,15700000.0,-8500000.0,3.979,0.377,7000000.0,200000.0,6800000.0,7000000.0,2000000.0,1800000.0,0.0,0.0,0.0,-8300000.0,-6500000.0,-0.195,-6500000.0,-8300000.0,-8500000.0,-0.12,-0.12,-0.12,77000000.0,,77000000.0,935820277.0,-17.0,-19.098,-12000000.0,-0.173,1.0,17600000.0,0.529,7400000.0,200000.0,77000000.0,,7400000.0,40600000.0,40600000.0,0.0,29000000.0,19500000.0,9500000.0,941603277.0,3300000.0,0.0,700000.0,6600000.0,0.0,7300000.0,6600000.0,8000000.0,-10600000.0,0.0,-8500000.0,-8500000.0,-8500000.0,0.0,0.0,-0.255,25900000.0,-8300000.0,8700000.0,0.0,12.229,-17.277,-17.203,18900000.0,0.0,13.59,9.425,9.346,19500000.0,-445600000.0,33300000.0,33300000.0,8600000.0,,,,,4500000.0,17300000.0,1.0,69286481.0,69300000,69300000.0,0.481,98600000.0,0.0,0.0,0.0,1.423,58100000.0
35,DXCM,MRQ,2012-09-30,2012-09-30,2012-09-30,2021-07-30,-93000.0,102796000.0,,75571000.0,27225000.0,,1.161,-2900000.0,5783000.0,5783000.0,14700000.0,-17300000.0,3.704,0.281,0.0,0.0,0.0,0.0,1791000.0,2100000.0,0.0,0.0,0.0,-17300000.0,-15200000.0,-0.658,-15200000.0,-17300000.0,-17300000.0,-0.25,-0.25,-0.25,80253000.0,,80253000.0,1030486184.0,-17.0,-19.186,-8900000.0,-0.129,1.0,8400000.0,0.364,7475000.0,0.0,69134000.0,,7141000.0,48641000.0,48641000.0,0.0,22543000.0,20404000.0,2139000.0,1037510184.0,-1200000.0,0.0,1300000.0,0.0,0.0,1300000.0,3500000.0,6400000.0,-6000000.0,0.0,-17300000.0,-17300000.0,-17300000.0,0.0,0.0,-0.749,25700000.0,-17300000.0,10520000.0,0.0,12.928,-17.795,-17.682,18613000.0,0.0,15.03,11.65,11.662,12357000.0,-437142000.0,23100000.0,23100000.0,10300000.0,,,,,4900000.0,15400000.0,1.0,69029287.0,69100000,69100000.0,0.334,95321000.0,0.0,0.0,0.0,1.379,55167000.0
36,DXCM,MRQ,2012-06-30,2012-06-30,2012-06-30,2021-07-30,-88000.0,110522000.0,,83993000.0,26529000.0,,1.331,-2900000.0,7024000.0,7024000.0,12200000.0,-14700000.0,4.952,0.21,0.0,0.0,0.0,0.0,2201000.0,1500000.0,0.0,0.0,0.0,-14700000.0,-13200000.0,-0.564,-13200000.0,-14700000.0,-14700000.0,-0.21,-0.21,-0.21,91308000.0,,91308000.0,882243766.0,-16.0,-17.37,-9200000.0,-0.134,1.0,11200000.0,0.479,7624000.0,0.0,78913000.0,,7378000.0,55203000.0,55203000.0,0.0,19214000.0,16961000.0,2253000.0,888401766.0,800000.0,0.0,500000.0,0.0,0.0,500000.0,6600000.0,9500000.0,-6300000.0,0.0,-14700000.0,-14700000.0,-14700000.0,0.0,0.0,-0.628,25900000.0,-14700000.0,7532000.0,0.0,9.73,-16.366,-16.2,17768000.0,0.0,12.96,10.55,10.558,12900000.0,-419879000.0,23400000.0,23400000.0,10000000.0,,,,,4900000.0,15900000.0,1.0,68549519.0,68600000,68600000.0,0.341,102898000.0,0.0,0.0,0.0,1.5,67032000.0
37,DXCM,MRQ,2012-03-31,2012-03-31,2012-03-31,2021-07-30,-103000.0,117962000.0,,92822000.0,25140000.0,,1.468,-2300000.0,6158000.0,6158000.0,10700000.0,-14100000.0,5.774,0.185,0.0,0.0,0.0,0.0,2679000.0,1200000.0,0.0,0.0,0.0,-15400000.0,-14200000.0,-0.706,-14200000.0,-15400000.0,-15400000.0,-0.21,-0.21,-0.21,99551000.0,,99551000.0,701890725.0,-15.0,-15.93,-12500000.0,-0.184,1.0,9400000.0,0.468,7772000.0,0.0,87956000.0,,8044000.0,65065000.0,65065000.0,0.0,18411000.0,16076000.0,2335000.0,705382725.0,2600000.0,0.0,1100000.0,0.0,0.0,1100000.0,11700000.0,14000000.0,-10200000.0,0.0,-14100000.0,-14100000.0,-14100000.0,0.0,0.0,-0.701,24800000.0,-15400000.0,7980000.0,0.0,7.086,-15.024,-14.9,16206000.0,0.0,10.43,8.579,8.6,12543000.0,-405188000.0,20100000.0,20100000.0,9400000.0,,,,,4100000.0,15400000.0,1.0,67630175.0,67800000,67800000.0,0.296,110190000.0,0.0,-1300000.0,0.0,1.625,76746000.0
38,DXCM,MRQ,2011-12-31,2011-12-31,2011-12-31,2021-07-30,-100000.0,120500000.0,,104500000.0,16000000.0,,1.544,-3543000.0,3500000.0,3500000.0,11706000.0,-12205000.0,7.109,0.153,0.0,0.0,0.0,0.0,1900000.0,1104000.0,0.0,0.0,0.0,-12215000.0,-11111000.0,-0.495,-11111000.0,-12215000.0,-12205000.0,-0.18,-0.18,-0.18,104500000.0,,104500000.0,610059303.0,-14.0,-14.916,-15087000.0,-0.223,1.0,10749000.0,0.479,0.0,-10000.0,102300000.0,,8200000.0,79400000.0,79400000.0,0.0,16000000.0,14700000.0,1300000.0,628521303.0,-14934000.0,0.0,38000.0,25000.0,0.0,63000.0,-3475000.0,68000.0,-11544000.0,22000.0,-12205000.0,-12205000.0,-12205000.0,0.0,0.0,-0.544,22982000.0,-12233000.0,6300000.0,0.0,6.015,-14.061,-13.691,15000000.0,0.0,9.31,8.238,8.004,12500000.0,-391100000.0,22455000.0,22455000.0,8085000.0,,,,,3567000.0,14897000.0,1.0,67510344.0,67670000,67670000.0,0.332,120500000.0,0.0,0.0,0.0,1.781,89800000.0
39,DXCM,MRQ,2011-09-30,2011-09-30,2011-09-30,2021-07-30,-94000.0,128793000.0,,115232000.0,13561000.0,,1.678,-1506000.0,18462000.0,18462000.0,10090000.0,-13278000.0,7.816,0.139,0.0,0.0,0.0,0.0,1737000.0,998000.0,0.0,0.0,0.0,-13277000.0,-12279000.0,-0.673,-12279000.0,-13277000.0,-13278000.0,-0.2,-0.2,-0.2,113065000.0,,113065000.0,772922740.0,-18.0,-19.825,-8247000.0,-0.122,1.0,8164000.0,0.447,0.0,1000.0,95588000.0,,6455000.0,79794000.0,79794000.0,0.0,15728000.0,14743000.0,985000.0,808000740.0,-16366000.0,0.0,1033000.0,-75000.0,0.0,958000.0,-10602000.0,-9096000.0,-6741000.0,19000.0,-13278000.0,-13278000.0,-13278000.0,0.0,0.0,-0.727,21472000.0,-13308000.0,6045000.0,0.0,7.146,-19.085,-18.182,12524000.0,0.0,12.0,11.634,11.645,9003000.0,-378873000.0,18254000.0,18254000.0,8231000.0,,,,,3728000.0,13241000.0,1.0,67333395.0,67397000,67397000.0,0.271,128793000.0,0.0,0.0,0.0,1.911,100489000.0
40,DXCM,MRQ,2011-06-30,2011-06-30,2011-06-30,2021-07-30,-101000.0,136369000.0,,123980000.0,12389000.0,,1.868,-1160000.0,35153000.0,35153000.0,9546000.0,-7367000.0,9.0,0.122,75000.0,75000.0,0.0,75000.0,2333000.0,892000.0,0.0,0.0,0.0,-7364000.0,-6472000.0,-0.302,-6472000.0,-7364000.0,-7367000.0,-0.11,-0.11,-0.11,121575000.0,,121575000.0,899188752.0,-21.0,-22.802,-3686000.0,-0.057,1.0,11871000.0,0.554,0.0,3000.0,87515000.0,,6258000.0,71139000.0,71139000.0,0.0,14794000.0,13776000.0,1018000.0,904182752.0,30084000.0,0.0,71941000.0,-225000.0,0.0,71716000.0,-39099000.0,-37939000.0,-2526000.0,-7000.0,-7367000.0,-7367000.0,-7367000.0,0.0,0.0,-0.344,19260000.0,-7389000.0,4965000.0,0.0,7.437,-21.296,-21.0,12016000.0,0.0,14.49,14.384,15.005,8694000.0,-365595000.0,21417000.0,21417000.0,7016000.0,,,,,3657000.0,12244000.0,1.0,62400466.0,65096000,65096000.0,0.329,136369000.0,0.0,0.0,0.0,2.095,110204000.0
41,DXCM,MRQ,2011-03-31,2011-03-31,2011-03-31,2021-07-30,-83000.0,66555000.0,,54432000.0,12123000.0,,0.858,-1791000.0,5294000.0,5294000.0,9058000.0,-11850000.0,4.694,0.247,300000.0,300000.0,0.0,300000.0,2929000.0,806000.0,0.0,0.0,0.0,-11844000.0,-11038000.0,-0.779,-11038000.0,-11844000.0,-11850000.0,-0.19,-0.19,-0.19,53362000.0,,53362000.0,959392628.0,-21.0,-21.872,-11080000.0,-0.178,1.0,5116000.0,0.361,0.0,6000.0,49966000.0,,6425000.0,33526000.0,33526000.0,0.0,13193000.0,11595000.0,1598000.0,965470628.0,-1084000.0,0.0,1688000.0,-225000.0,0.0,1463000.0,6776000.0,8567000.0,-9289000.0,-34000.0,-11850000.0,-11850000.0,-11850000.0,0.0,0.0,-0.836,16986000.0,-11870000.0,4234000.0,0.0,18.093,-20.64,-19.897,11748000.0,0.0,15.52,18.138,18.13,7158000.0,-358228000.0,14174000.0,14174000.0,6268000.0,,,,,2548000.0,10718000.0,1.0,62208159.0,62179000,62179000.0,0.228,66555000.0,0.0,0.0,0.0,1.07,42837000.0
42,DXCM,MRQ,2010-12-31,2010-12-31,2010-12-31,2021-07-30,-66000.0,77164000.0,,65361000.0,11803000.0,,1.008,-2366000.0,6603000.0,6603000.0,8659000.0,-9842000.0,4.32,0.265,525000.0,525000.0,0.0,525000.0,3524000.0,684000.0,0.0,0.0,0.0,-9882000.0,-9198000.0,-0.589,-9198000.0,-9882000.0,-9842000.0,-0.16,-0.16,-0.16,60993000.0,,60993000.0,794997374.0,-15.0,-15.497,-15854000.0,-0.262,1.0,6946000.0,0.445,0.0,-40000.0,55957000.0,,8112000.0,42224000.0,42224000.0,0.0,16171000.0,15129000.0,1042000.0,801715374.0,-652000.0,0.0,33439000.0,-225000.0,0.0,33214000.0,-20419000.0,-18053000.0,-13488000.0,41000.0,-9842000.0,-9842000.0,-9842000.0,0.0,0.0,-0.631,16842000.0,-9896000.0,5350000.0,0.0,13.144,-14.524,-14.072,10763000.0,0.0,13.65,16.496,15.981,6671000.0,-346378000.0,15605000.0,15605000.0,6875000.0,,,,,2037000.0,9967000.0,1.0,58733727.0,60479000,60479000.0,0.258,77164000.0,0.0,0.0,0.0,1.276,50232000.0
43,DXCM,MRQ,2010-09-30,2010-09-30,2010-09-30,2021-07-30,-39000.0,54105000.0,,44488000.0,9617000.0,,0.606,-2093000.0,7468000.0,7468000.0,8188000.0,-13398000.0,2.616,0.535,750000.0,750000.0,0.0,750000.0,4441000.0,628000.0,0.0,0.0,0.0,-13354000.0,-12726000.0,-1.091,-12726000.0,-13354000.0,-13398000.0,-0.23,-0.23,-0.23,35244000.0,,35244000.0,761690044.0,-14.0,-14.917,-11563000.0,-0.199,1.0,3476000.0,0.298,0.0,44000.0,30379000.0,,6353000.0,24380000.0,24380000.0,0.0,18861000.0,17008000.0,1853000.0,765761044.0,-561000.0,0.0,1850000.0,-225000.0,0.0,1625000.0,7327000.0,9420000.0,-9470000.0,-43000.0,-13398000.0,-13398000.0,-13398000.0,0.0,0.0,-1.149,16538000.0,-13062000.0,7075000.0,0.0,21.727,-13.461,-12.241,9240000.0,0.0,13.22,17.617,17.701,5102000.0,-336566000.0,11664000.0,11664000.0,6161000.0,,,,,2317000.0,10377000.0,1.0,57924436.0,58200000,58200000.0,0.2,54105000.0,0.0,0.0,0.0,0.93,27480000.0
44,DXCM,MRQ,2010-06-30,2010-06-30,2010-06-30,2021-07-30,-5000.0,60565000.0,,50443000.0,10122000.0,,0.713,-1483000.0,8254000.0,8254000.0,7267000.0,-11687000.0,3.251,0.477,4183000.0,900000.0,3283000.0,4183000.0,4047000.0,588000.0,0.0,0.0,0.0,-11490000.0,-10902000.0,-0.925,-10902000.0,-11490000.0,-11687000.0,-0.2,-0.2,-0.2,41018000.0,,41018000.0,656966234.0,-13.0,-13.344,-10788000.0,-0.187,1.0,4519000.0,0.383,0.0,197000.0,40980000.0,,4087000.0,33991000.0,33991000.0,0.0,19547000.0,15514000.0,4033000.0,663987234.0,-4610000.0,0.0,1397000.0,-225000.0,0.0,1172000.0,3513000.0,4996000.0,-9305000.0,10000.0,-11687000.0,-11687000.0,-11687000.0,0.0,0.0,-0.992,15787000.0,-11268000.0,5684000.0,0.0,16.188,-11.646,-10.14,7775000.0,0.0,11.56,16.999,17.033,4661000.0,-323168000.0,11786000.0,11786000.0,5425000.0,,,,,2771000.0,10362000.0,1.0,57438342.0,57554000,57554000.0,0.205,60565000.0,0.0,0.0,0.0,1.052,34929000.0
45,DXCM,MRQ,2010-03-31,2010-03-31,2010-03-31,2021-07-30,-40000.0,68314000.0,,59009000.0,9305000.0,,0.911,-958000.0,12889000.0,12889000.0,6086000.0,-20273000.0,3.728,0.462,5868000.0,900000.0,4968000.0,5868000.0,5768000.0,500000.0,0.0,0.0,0.0,-18974000.0,-18474000.0,-1.935,-18474000.0,-18974000.0,-20273000.0,-0.4,-0.4,-0.4,46727000.0,,46727000.0,554501755.0,-10.0,-10.869,-11395000.0,-0.222,1.0,3459000.0,0.362,0.0,1299000.0,45465000.0,,3851000.0,39221000.0,39221000.0,0.0,21587000.0,15828000.0,5759000.0,513835755.0,7123000.0,0.0,33814000.0,-225000.0,0.0,33589000.0,-16021000.0,-15063000.0,-10437000.0,-8000.0,-20273000.0,-20273000.0,-20273000.0,0.0,0.0,-2.124,14533000.0,-11074000.0,5112000.0,0.0,10.997,-8.471,-7.669,6880000.0,0.0,9.74,15.101,14.682,3801000.0,-311481000.0,9545000.0,9545000.0,4739000.0,,,,,2275000.0,9794000.0,1.0,52755211.0,51291000,51291000.0,0.186,68314000.0,0.0,0.0,0.0,1.332,43181000.0
46,DXCM,MRQ,2009-12-31,2009-12-31,2009-12-31,2021-07-30,-13000.0,46948000.0,,36920000.0,10028000.0,,-0.401,-161000.0,5991000.0,5991000.0,6364000.0,-11529000.0,1.964,-3.545,46657000.0,900000.0,45757000.0,46657000.0,7745000.0,470000.0,0.0,0.0,0.0,-9431000.0,-8961000.0,-0.856,-8961000.0,-9431000.0,-11529000.0,-0.25,-0.25,-0.25,-18445000.0,,-18445000.0,408058279.0,-9.0,-9.466,-9334000.0,-0.203,1.0,4107000.0,0.392,0.0,2098000.0,68818000.0,,2641000.0,24439000.0,24439000.0,0.0,65393000.0,18796000.0,46597000.0,371476279.0,-2785000.0,0.0,79000.0,-225000.0,0.0,-146000.0,6539000.0,6700000.0,-9173000.0,-5000.0,-11529000.0,-11529000.0,-11529000.0,0.0,0.0,-1.101,13569000.0,-9462000.0,5745000.0,0.0,-20.14,-6.94,-6.669,6422000.0,0.0,8.07,12.511,12.053,3490000.0,-291208000.0,10471000.0,10471000.0,4172000.0,,,,,2154000.0,9397000.0,1.0,46031757.0,45997000,45997000.0,0.228,46948000.0,0.0,0.0,0.0,1.021,18124000.0
47,DXCM,MRQ,2009-09-30,2009-09-30,2009-09-30,2021-07-30,36000.0,53956000.0,,43376000.0,10580000.0,,-0.198,-825000.0,9001000.0,9001000.0,6394000.0,-13523000.0,2.474,-6.929,45583000.0,900000.0,44683000.0,45583000.0,8702000.0,589000.0,0.0,0.0,0.0,-11486000.0,-10897000.0,-1.501,-10897000.0,-11486000.0,-13523000.0,-0.29,-0.29,-0.29,-9101000.0,,-9101000.0,401540761.0,-8.0,-8.739,-10633000.0,-0.232,1.0,865000.0,0.119,0.0,2037000.0,73003000.0,,1932000.0,31356000.0,31356000.0,0.0,63057000.0,17535000.0,45522000.0,364045761.0,2154000.0,0.0,343000.0,-569000.0,0.0,-226000.0,12183000.0,13008000.0,-9808000.0,5000.0,-13523000.0,-13523000.0,-13523000.0,0.0,0.0,-1.863,12444000.0,-11579000.0,4373000.0,0.0,-40.001,-6.45,-5.507,6731000.0,0.0,7.93,15.628,15.632,2487000.0,-279679000.0,7259000.0,7259000.0,3496000.0,,,,,2130000.0,8948000.0,1.0,45907410.0,45919000,45919000.0,0.158,53956000.0,0.0,0.0,0.0,1.175,25841000.0
48,DXCM,MRQ,2009-06-30,2009-06-30,2009-06-30,2021-07-30,63000.0,65101000.0,,54123000.0,10978000.0,,0.043,-754000.0,7416000.0,7416000.0,7799000.0,-15330000.0,3.256,31.929,44911000.0,1244000.0,43667000.0,44911000.0,10057000.0,662000.0,0.0,0.0,0.0,-13348000.0,-12686000.0,-1.879,-12686000.0,-13348000.0,-15330000.0,-0.33,-0.33,-0.33,1977000.0,,1977000.0,315482868.0,-6.0,-6.557,-11790000.0,-0.257,1.0,-1048000.0,-0.155,0.0,1982000.0,85972000.0,,1363000.0,44666000.0,44666000.0,0.0,63124000.0,16624000.0,46500000.0,284166868.0,-5068000.0,0.0,78000.0,-569000.0,0.0,-491000.0,6485000.0,7239000.0,-11036000.0,-26000.0,-15330000.0,-15330000.0,-15330000.0,0.0,0.0,-2.271,12407000.0,-13455000.0,4118000.0,0.0,143.736,-4.854,-3.685,6495000.0,0.0,6.19,15.826,15.8,2067000.0,-266156000.0,6751000.0,6751000.0,3455000.0,,,,,2041000.0,8952000.0,1.0,45907410.0,45832000,45832000.0,0.147,65101000.0,0.0,0.0,0.0,1.42,37499000.0
49,DXCM,MRQ,2009-03-31,2009-03-31,2009-03-31,2021-07-30,13000.0,77946000.0,,66506000.0,11440000.0,,0.383,-950000.0,12978000.0,12978000.0,5475000.0,-13142000.0,4.435,4.144,44294000.0,1588000.0,42706000.0,44294000.0,11621000.0,652000.0,0.0,0.0,0.0,-11214000.0,-10562000.0,-2.026,-10562000.0,-11214000.0,-13142000.0,-0.33,-0.33,-0.33,15154000.0,,15154000.0,236444959.0,-5.0,-4.939,-10322000.0,-0.261,1.0,-263000.0,-0.05,0.0,1928000.0,94265000.0,,2365000.0,52176000.0,52176000.0,0.0,62792000.0,14997000.0,47795000.0,190058959.0,-3424000.0,0.0,45810000.0,-568000.0,0.0,45242000.0,-39311000.0,-38361000.0,-9372000.0,17000.0,-13142000.0,-13142000.0,-13142000.0,0.0,0.0,-2.521,11074000.0,-11337000.0,3774000.0,0.0,12.542,-3.267,-2.226,6403000.0,0.0,4.14,14.413,12.423,1345000.0,-250826000.0,5212000.0,5212000.0,3171000.0,,,,,2041000.0,7903000.0,1.0,45907961.0,39569000,39569000.0,0.132,77946000.0,0.0,0.0,0.0,1.97,51509000.0
50,DXCM,MRQ,2008-12-31,2008-12-31,2008-12-31,2021-07-30,50000.0,43882000.0,,32058000.0,11824000.0,,-0.655,-431000.0,16970000.0,16970000.0,4891000.0,-14445000.0,2.138,-3.254,43727000.0,1931000.0,41796000.0,43727000.0,12020000.0,768000.0,0.0,0.0,0.0,-12571000.0,-11803000.0,-2.898,-11803000.0,-12571000.0,-14445000.0,-0.49,-0.49,-0.49,-19468000.0,,-19468000.0,136658069.0,-3.0,-2.816,2095000.0,0.071,1.0,-818000.0,-0.201,0.0,1874000.0,55643000.0,,2446000.0,14368000.0,14368000.0,0.0,63350000.0,14996000.0,48354000.0,82214069.0,8058000.0,0.0,66000.0,-569000.0,0.0,-503000.0,6034000.0,6465000.0,2526000.0,1000.0,-14445000.0,-14445000.0,-14445000.0,0.0,0.0,-3.547,11920000.0,-12738000.0,4599000.0,0.0,-4.223,-1.397,-1.38,6105000.0,0.0,2.76,8.357,8.272,1118000.0,-237684000.0,4073000.0,4073000.0,4571000.0,,,,,1976000.0,7349000.0,1.0,29787706.0,29703000,29703000.0,0.137,43882000.0,0.0,0.0,0.0,1.477,17062000.0
51,DXCM,MRQ,2008-09-30,2008-09-30,2008-09-30,2021-07-30,-81000.0,43075000.0,,29784000.0,13291000.0,,-0.921,-609000.0,9481000.0,9481000.0,3840000.0,-15631000.0,3.805,-2.578,63925000.0,2275000.0,61650000.0,63925000.0,379000.0,710000.0,0.0,0.0,0.0,-13775000.0,-13065000.0,-6.805,-13065000.0,-13775000.0,-15631000.0,-0.53,-0.53,-0.53,-27293000.0,,-27293000.0,237835261.0,-5.0,-5.054,-12226000.0,-0.413,1.0,-1920000.0,-1.0,0.0,1856000.0,89692000.0,,2590000.0,20741000.0,20741000.0,0.0,70368000.0,7827000.0,62541000.0,183712261.0,-321000.0,0.0,384000.0,-569000.0,0.0,-185000.0,11482000.0,12091000.0,-11617000.0,-1000.0,-15631000.0,-15631000.0,-15631000.0,0.0,0.0,-8.141,12070000.0,-13990000.0,2663000.0,0.0,-6.731,-3.102,-3.049,6442000.0,0.0,6.19,25.194,25.15,429000.0,-217986000.0,1920000.0,1920000.0,5418000.0,,,,,1787000.0,6652000.0,1.0,29678879.0,29627000,29627000.0,0.065,43075000.0,0.0,0.0,0.0,1.454,21957000.0
52,DXCM,MRQ,2008-06-30,2008-06-30,2008-06-30,2021-07-30,-45000.0,57053000.0,,42955000.0,14098000.0,,-0.5,-392000.0,10371000.0,10371000.0,3393000.0,-14966000.0,4.99,-4.879,64494000.0,2275000.0,62219000.0,64494000.0,421000.0,703000.0,0.0,0.0,0.0,-13148000.0,-12445000.0,-6.279,-12445000.0,-13148000.0,-14966000.0,-0.51,-0.51,-0.51,-14708000.0,,-14708000.0,213166050.0,-5.0,-4.862,-12293000.0,-0.418,1.0,-1411000.0,-0.712,0.0,1818000.0,102567000.0,,2771000.0,32896000.0,32896000.0,0.0,71761000.0,8609000.0,63152000.0,178032050.0,-18989000.0,0.0,259000.0,-569000.0,0.0,-310000.0,-6778000.0,-6386000.0,-11901000.0,0.0,-14966000.0,-14966000.0,-14966000.0,0.0,0.0,-7.551,12044000.0,-13455000.0,3736000.0,0.0,-12.104,-3.239,-3.179,6543000.0,0.0,6.04,26.991,26.91,568000.0,-203298000.0,1982000.0,1982000.0,4797000.0,,,,,1972000.0,7247000.0,1.0,29475505.0,29387000,29387000.0,0.067,57053000.0,0.0,0.0,0.0,1.941,34346000.0
53,DXCM,MRQ,2008-03-31,2008-03-31,2008-03-31,2021-07-30,53000.0,68962000.0,,53847000.0,15115000.0,,-0.099,-1060000.0,29929000.0,29929000.0,3242000.0,-13814000.0,6.65,-24.846,65063000.0,2275000.0,62788000.0,65063000.0,463000.0,855000.0,0.0,0.0,0.0,-12079000.0,-11224000.0,-6.028,-11224000.0,-12079000.0,-13814000.0,-0.47,-0.47,-0.47,-2892000.0,,-2892000.0,160667408.0,-4.0,-3.903,-17519000.0,-0.599,1.0,-1380000.0,-0.741,0.0,1735000.0,95999000.0,,1824000.0,26632000.0,26632000.0,0.0,71854000.0,8097000.0,63757000.0,122290408.0,837000.0,0.0,1053000.0,2657000.0,0.0,3710000.0,13586000.0,14646000.0,-16459000.0,0.0,-13814000.0,-13814000.0,-13814000.0,0.0,0.0,-7.419,11264000.0,-12644000.0,3245000.0,0.0,-42.286,-2.382,-2.313,6854000.0,0.0,4.14,22.328,22.093,321000.0,-189224000.0,1862000.0,1862000.0,4843000.0,,,,,1948000.0,6421000.0,1.0,29538746.0,29228000,29228000.0,0.064,68962000.0,0.0,0.0,0.0,2.359,45750000.0
54,DXCM,MRQ,2007-12-31,2007-12-31,2007-12-31,2021-07-30,13000.0,77259000.0,,67291000.0,9968000.0,,0.251,-2595000.0,24029000.0,24029000.0,3655000.0,-14805000.0,7.966,9.859,62406000.0,1375000.0,61031000.0,62406000.0,0.0,1004000.0,0.0,0.0,0.0,-11327000.0,-10323000.0,-6.756,-10323000.0,-11327000.0,-14805000.0,-0.52,-0.52,-0.52,7115000.0,,7115000.0,297425808.0,-7.0,-7.439,-9759000.0,-0.344,1.0,-2127000.0,-1.392,0.0,3478000.0,107189000.0,,1139000.0,41208000.0,41208000.0,0.0,70144000.0,8447000.0,61697000.0,249851808.0,7939000.0,0.0,207000.0,-411000.0,0.0,-204000.0,15307000.0,17902000.0,-7164000.0,0.0,-14805000.0,-14805000.0,-14805000.0,0.0,0.0,-9.689,10050000.0,-12177000.0,4535000.0,0.0,35.116,-5.156,-5.164,6649000.0,0.0,8.83,53.999,54.032,215000.0,-176252000.0,1528000.0,1528000.0,4397000.0,,,,,1877000.0,5653000.0,1.0,28295788.0,28403000,28403000.0,0.054,77259000.0,0.0,0.0,0.0,2.72,58844000.0
55,DXCM,MRQ,2007-09-30,2007-09-30,2007-09-30,2021-07-30,34000.0,85489000.0,,77083000.0,8406000.0,,0.612,-130000.0,15176000.0,15176000.0,3113000.0,-11384000.0,12.622,3.935,62750000.0,1375000.0,61375000.0,62750000.0,0.0,637000.0,0.0,0.0,0.0,-10489000.0,-9852000.0,-8.049,-9852000.0,-10489000.0,-11384000.0,-0.4,-0.4,-0.4,17324000.0,,17324000.0,320914740.0,-8.0,-8.111,-10136000.0,-0.358,1.0,-1889000.0,-1.543,0.0,895000.0,126956000.0,,1035000.0,59103000.0,59103000.0,0.0,68165000.0,6107000.0,62058000.0,283704740.0,-10708000.0,0.0,315000.0,-344000.0,0.0,-29000.0,-673000.0,-543000.0,-10006000.0,0.0,-11384000.0,-11384000.0,-11384000.0,0.0,0.0,-9.301,9614000.0,-11503000.0,2088000.0,0.0,16.376,-6.344,-6.329,5058000.0,0.0,10.0,72.116,72.001,171000.0,-164023000.0,1224000.0,1224000.0,3671000.0,,,,,1704000.0,5943000.0,1.0,28370474.0,28325000,28325000.0,0.043,85489000.0,0.0,0.0,0.0,3.018,70976000.0
56,DXCM,MRQ,2007-06-30,2007-06-30,2007-06-30,2021-07-30,-33000.0,96527000.0,,87519000.0,9008000.0,,0.943,-391000.0,25884000.0,25884000.0,2906000.0,-11336000.0,11.752,2.618,63094000.0,1375000.0,61719000.0,63094000.0,0.0,645000.0,0.0,0.0,0.0,-10414000.0,-9769000.0,-11.32,-9769000.0,-10414000.0,-11336000.0,-0.4,-0.4,-0.4,26677000.0,,26677000.0,239659694.0,-5.0,-5.632,-8018000.0,-0.283,1.0,-2043000.0,-2.367,0.0,922000.0,126290000.0,,1254000.0,58316000.0,58316000.0,0.0,69850000.0,7447000.0,62403000.0,232049694.0,-29944000.0,0.0,14000.0,-723000.0,0.0,-709000.0,-21608000.0,-21217000.0,-7627000.0,0.0,-11336000.0,-11336000.0,-11336000.0,0.0,0.0,-13.136,9497000.0,-11540000.0,3966000.0,0.0,8.698,-4.961,-4.934,5565000.0,0.0,8.19,65.348,65.269,126000.0,-152639000.0,863000.0,863000.0,4028000.0,,,,,1445000.0,5469000.0,1.0,28333296.0,28299000,28299000.0,0.03,96527000.0,0.0,0.0,0.0,3.411,80072000.0
57,DXCM,MRQ,2007-03-31,2007-03-31,2007-03-31,2021-07-30,8000.0,105461000.0,,96082000.0,9379000.0,,1.29,-327000.0,55828000.0,55828000.0,3062000.0,-10929000.0,14.786,1.897,63438000.0,1289000.0,62149000.0,63438000.0,0.0,626000.0,0.0,0.0,0.0,-10664000.0,-10038000.0,-9.919,-10038000.0,-10664000.0,-10929000.0,-0.39,-0.39,-0.39,36402000.0,,36402000.0,205723367.0,-4.0,-4.74,-8737000.0,-0.31,1.0,-2050000.0,-2.026,0.0,265000.0,106573000.0,,1457000.0,37348000.0,37348000.0,0.0,69059000.0,6498000.0,62561000.0,221943433.0,37661000.0,0.0,361000.0,47180000.0,0.0,47541000.0,-1470000.0,-1143000.0,-8410000.0,0.0,-10929000.0,-10929000.0,-10929000.0,0.0,0.0,-10.799,9406000.0,-11456000.0,3018000.0,0.0,6.097,-4.762,-4.707,5819000.0,0.0,7.86,70.08,70.045,198000.0,-141303000.0,1012000.0,1012000.0,4035000.0,,,,,1096000.0,5371000.0,1.0,28237078.0,28223000,28223000.0,0.036,105461000.0,0.0,0.0,0.0,3.737,89584000.0
58,DXCM,MRQ,2006-12-31,2006-12-31,2006-12-31,2021-07-30,12000.0,64553000.0,,57356000.0,7197000.0,,2.02,-511000.0,19246000.0,19246000.0,3398000.0,-11074000.0,10.967,0.136,3026000.0,908000.0,2118000.0,3026000.0,0.0,1071000.0,0.0,0.0,0.0,-10979000.0,-9908000.0,-11.866,-9908000.0,-10979000.0,-11074000.0,-0.39,-0.39,-0.39,56828000.0,,56828000.0,255686657.0,-5.0,-5.837,-10484000.0,-0.373,1.0,-2563000.0,-3.069,0.0,95000.0,43103000.0,,1413000.0,36341000.0,36341000.0,0.0,7725000.0,5230000.0,2495000.0,277103636.0,-5036000.0,0.0,57000.0,326000.0,0.0,383000.0,4554000.0,5065000.0,-9973000.0,0.0,-11074000.0,-11074000.0,-11074000.0,0.0,0.0,-13.262,9194000.0,-11757000.0,2764000.0,0.0,4.876,-5.947,-5.766,6118000.0,0.0,9.86,127.698,123.754,120000.0,-130374000.0,835000.0,835000.0,3930000.0,,,,,1490000.0,5264000.0,1.0,28103817.0,28128473,28128473.0,0.03,64553000.0,0.0,0.0,0.0,2.295,52126000.0
59,DXCM,MRQ,2006-09-30,2006-09-30,2006-09-30,2021-07-30,2386.0,75536126.0,,67943646.0,7592480.0,,2.364,-620000.0,24116979.0,24116979.0,3389000.0,-13438000.0,10.345,0.139,2700000.0,540000.0,2160000.0,2700000.0,0.0,599000.0,0.0,0.0,0.0,-13438000.0,-12839000.0,-15.266,-12839000.0,-13438000.0,-13438000.0,-0.48,-0.48,-0.48,66345618.0,,66345618.0,288921538.0,-6.0,-6.338,-9394000.0,-0.335,1.0,-2548000.0,-3.03,0.0,0.0,47551101.0,,1937111.0,41474292.0,41474292.0,0.0,9190508.0,6568046.0,2622462.0,312313410.0,-775000.0,0.0,272000.0,1200000.0,0.0,1472000.0,6527000.0,7147000.0,-8774000.0,0.0,-13438000.0,-13438000.0,-13438000.0,0.0,0.0,-15.979,11708000.0,-14256000.0,3064669.0,0.0,4.707,-6.562,-6.082,6678480.0,0.0,11.13,233.943,234.009,119221.0,-119300239.0,841000.0,841000.0,4634000.0,,,,,1439000.0,7074000.0,1.0,28060504.0,28068427,28068427.0,0.03,75536126.0,0.0,0.0,0.0,2.691,61375600.0
60,DXCM,MRQ,2006-06-30,2006-06-30,2006-06-30,2021-07-30,-62740.0,84622044.0,,77050841.0,7571203.0,,2.881,-1179000.0,24891872.0,24891872.0,2091000.0,-11168000.0,15.647,0.085,1500000.0,150000.0,1350000.0,1500000.0,0.0,547000.0,0.0,0.0,0.0,-11168000.0,-10621000.0,-22.173,-10621000.0,-11168000.0,-11168000.0,-0.41,-0.41,-0.41,78006745.0,,78006745.0,327968642.0,-8.0,-8.467,-14792000.0,-0.546,1.0,-1612000.0,-3.365,0.0,0.0,56305826.0,,3207629.0,48365007.0,48365007.0,0.0,6615299.0,4924346.0,1690953.0,348399151.0,3797000.0,0.0,47355000.0,1500000.0,0.0,48855000.0,-31445000.0,-30266000.0,-13613000.0,0.0,-11168000.0,-11168000.0,-11168000.0,0.0,0.0,-23.315,10292000.0,-11904000.0,2216212.0,0.0,4.466,-8.606,-8.488,6657203.0,0.0,13.58,705.261,744.429,91404.0,-105862468.0,479000.0,479000.0,5361000.0,,,,,1635000.0,4931000.0,1.0,25655313.0,27080115,27080115.0,0.018,84622044.0,0.0,0.0,0.0,3.125,72126495.0
61,DXCM,MRQ,2006-03-31,2006-03-31,2006-03-31,2021-07-30,-15882.0,47487683.0,,41161225.0,6326458.0,,1.576,-1042000.0,20430509.0,20430509.0,2081000.0,-10919000.0,5.907,0.179,0.0,0.0,0.0,0.0,0.0,480000.0,0.0,0.0,0.0,-10919000.0,-10439000.0,-695.933,-10439000.0,-10919000.0,-10919000.0,-0.43,-0.43,-0.43,40281834.0,,40281834.0,479831038.0,-13.0,-13.988,-12417000.0,-0.486,1.0,-2066000.0,-137.733,0.0,0.0,20089517.0,,1919521.0,18493781.0,18493781.0,0.0,7205849.0,6967657.0,238192.0,517328102.0,-17066000.0,0.0,504000.0,0.0,0.0,504000.0,-6195000.0,-5153000.0,-11375000.0,0.0,-10919000.0,-10919000.0,-10919000.0,0.0,0.0,-727.933,9336000.0,-11402000.0,4821490.0,0.0,12.843,-14.484,-13.696,6026458.0,0.0,20.27,34488.54,34535.635,0.0,-94693648.0,15000.0,15000.0,5494000.0,,,,,1289000.0,3842000.0,1.0,25521860.0,25556603,25556603.0,0.001,47487683.0,0.0,0.0,0.0,1.858,34193568.0
62,DXCM,MRQ,2005-12-31,2005-12-31,2005-12-31,2021-07-30,-11928.0,56726258.0,,51012767.0,5713491.0,,2.608,-2282185.0,37497064.0,37497064.0,0.0,-12068196.0,7.211,0.148,0.0,0.0,0.0,0.0,0.0,378758.0,0.0,0.0,0.0,-12068196.0,-11689438.0,,-11689438.0,-12068196.0,-12068196.0,-0.51,-0.51,-0.51,49412063.0,,49412063.0,336273645.0,-11.0,-11.321,-8941550.0,-0.472,1.0,0.0,,0.0,0.0,12155098.0,,0.0,13277688.0,13277688.0,0.0,7314195.0,7074096.0,240099.0,378642938.0,-4873085.0,0.0,16931.0,0.0,0.0,16931.0,1769349.0,4051534.0,-6659365.0,0.0,-12068196.0,-12067964.0,-12067964.0,0.0,0.0,,12605049.0,-12605049.0,6184734.0,0.0,7.663,-12.258,-9.153,5463491.0,-232.0,14.92,,,0.0,-83774591.0,0.0,0.0,10946362.0,,,,,316865.0,1658687.0,1.0,25378213.0,18944000,18944000.0,0.0,56726258.0,0.0,0.0,0.0,2.994,43938671.0
63,DXCM,MRQ,2005-09-30,2005-09-30,2005-09-30,2021-07-30,-21003.0,64277435.0,,60466970.0,3810465.0,,2.41,-1424312.0,42369293.0,42369293.0,0.0,-6329621.0,20.717,0.052,0.0,0.0,0.0,0.0,0.0,345936.0,0.0,0.0,0.0,-6329621.0,-5983685.0,,-5983685.0,-6329621.0,-6329621.0,-0.25,-0.25,-0.25,61116781.0,,61116781.0,243075371.0,-11.0,-11.232,-7021322.0,-0.277,1.0,0.0,,0.0,0.0,18989496.0,,0.0,17335007.0,17335007.0,0.0,3160654.0,2918646.0,242008.0,294815819.0,-9371155.0,0.0,-31033.0,0.0,0.0,-31033.0,-3743112.0,-2318800.0,-5597010.0,0.0,-6329621.0,-6329621.0,-6329621.0,0.0,0.0,,6861053.0,-6861053.0,1969243.0,0.0,4.824,-12.588,-2.381,3560465.0,0.0,11.62,,,0.0,-71706965.0,0.0,0.0,5042993.0,,,,,402841.0,1818060.0,1.0,25371413.0,25354432,25354432.0,0.0,64277435.0,0.0,0.0,0.0,2.535,57548324.0
64,DXCM,MRQ,2005-06-30,2005-06-30,2005-06-30,2021-07-30,-21456.0,70076599.0,,67344510.0,2732089.0,,3.029,-746177.0,51740448.0,51740448.0,0.0,-6384248.0,23.477,0.045,0.0,0.0,0.0,0.0,0.0,192700.0,0.0,0.0,0.0,-6384248.0,-6191548.0,,-6191548.0,-6384248.0,-6384248.0,-0.29,-0.29,-0.29,67061167.0,,67061167.0,309637197.0,-15.0,-16.007,-5935952.0,-0.268,1.0,0.0,,0.0,0.0,15467584.0,,0.0,15094016.0,15094016.0,0.0,3015432.0,2868567.0,146865.0,314481348.0,38859097.0,0.0,50576583.0,0.0,0.0,50968281.0,-6919409.0,-6173232.0,-5189775.0,0.0,-6384248.0,-6399490.0,-6399490.0,0.0,0.0,,6842226.0,-6842226.0,2136014.0,0.0,4.689,-14.47,-1.867,2482089.0,15242.0,12.4,,,0.0,-65377344.0,0.0,0.0,5345568.0,,,,,480574.0,1496658.0,1.0,25361399.0,22140149,22140149.0,0.0,70076599.0,0.0,0.0,0.0,3.165,64475943.0
65,DXCM,MRQ,2005-03-31,2005-03-31,2005-03-31,2021-07-30,-8634.0,25364787.0,,21909789.0,3454998.0,,-21.2,-224326.0,4844151.0,4844151.0,0.0,-5985935.0,7.831,-1.464,0.0,0.0,0.0,0.0,0.0,147606.0,0.0,,0.0,-5985935.0,-5838329.0,,-5838329.0,-5985935.0,-5985935.0,-2.36,-2.36,-2.36,-54647250.0,,-54647250.0,,,,-5332176.0,-2.069,1.0,0.0,,0.0,0.0,17722955.0,,0.0,17107586.0,17107586.0,0.0,80012037.0,2797681.0,77214356.0,,-14597857.0,0.0,178519.0,0.0,0.0,-213179.0,-9276828.0,-9052502.0,-5107850.0,0.0,-5985935.0,-6092925.0,-6092925.0,0.0,0.0,,6121672.0,-6121672.0,1202846.0,0.0,,,,1928612.0,106990.0,,,,0.0,-58977854.0,0.0,0.0,5435077.0,,,,,585720.0,686595.0,1.0,26616559.0,2577644,2577644.0,0.0,25364787.0,0.0,0.0,0.0,9.84,19112108.0
66,DXCM,MRQ,2004-12-31,2004-12-31,2004-12-31,2021-07-30,0.0,29357881.0,,27272989.0,2084892.0,,-21.266,-161764.0,27429208.0,27429208.0,0.0,-3789667.0,17.391,-1.595,0.0,0.0,0.0,0.0,0.0,161813.0,0.0,,0.0,-3789667.0,-3627854.0,,-3627854.0,-3789667.0,-3789667.0,-1.98,-1.98,-1.98,-49309930.0,,-49309930.0,,,,-3389930.0,-1.462,1.0,0.0,,0.0,0.0,360443.0,,0.0,0.0,0.0,0.0,78667811.0,1568230.0,77099581.0,,17993294.0,0.0,7267.0,0.0,0.0,21363161.0,-141701.0,0.0,-3228166.0,0.0,-3789667.0,-4598295.0,-4598295.0,0.0,0.0,,3800785.0,-3800785.0,1018879.0,0.0,,,,1851892.0,808628.0,,,,0.0,-52884929.0,0.0,0.0,3274862.0,,,,,304339.0,525923.0,1.0,26616559.0,2318693,2318693.0,0.0,29357881.0,0.0,0.0,0.0,12.661,25704759.0
67,DXCM,MRQ,2004-09-30,2004-09-30,2004-09-30,2021-07-30,,,,,,,,-387932.0,,,0.0,-3834431.0,,,,,,,,147720.0,,,0.0,-3834431.0,-3686711.0,,-3686711.0,-3834431.0,-3834431.0,-2.01,-2.01,-2.01,,,,,,,-4315299.0,-1.872,1.0,0.0,,,0.0,,,,,,,,,,,-4302122.0,0.0,13177.0,0.0,0.0,13177.0,-387932.0,0.0,-3927367.0,0.0,-3834431.0,-4643059.0,-4643059.0,0.0,0.0,,3870514.0,-3870514.0,,0.0,,,,,808628.0,,,,,,0.0,0.0,3520457.0,,,,,54489.0,350057.0,1.0,,2304972,2304972.0,0.0,,,0.0,,,
68,DXCM,MRQ,2004-06-30,2004-06-30,2004-06-30,2021-07-30,,,,,,,,-1112451.0,,,0.0,-3166246.0,,,,,,,,95678.0,,,0.0,-3166246.0,-3070568.0,,-3070568.0,-3166246.0,-3166246.0,-1.75,-1.75,-1.75,,,,,,,-3563836.0,-1.573,1.0,0.0,,,0.0,,,,,,,,,,,-3566731.0,0.0,-485.0,0.0,0.0,-485.0,-1114861.0,0.0,-2451385.0,0.0,-3166246.0,-3974874.0,-3974874.0,0.0,0.0,,3199314.0,-3199314.0,,0.0,,,,,808628.0,,,,,,0.0,0.0,2821741.0,,,,,43208.0,377573.0,1.0,,2265985,2265985.0,0.0,,,0.0,,,
69,DXCM,MRQ,2004-03-31,2004-03-31,2004-03-31,2021-07-30,,,,,,,,-95376.0,,,0.0,-3156120.0,,,,,,,,81594.0,,,0.0,-3156120.0,-3074526.0,,-3074526.0,-3156120.0,-3156120.0,-1.76,-1.76,-1.76,,,,,,,-2917079.0,-1.293,1.0,0.0,,,0.0,,,,,,,,,,,-2911419.0,0.0,3250.0,0.0,0.0,3250.0,-92966.0,0.0,-2821703.0,0.0,-3156120.0,-3964748.0,-3964748.0,0.0,0.0,,3196504.0,-3196504.0,,0.0,,,,,808628.0,,,,,,0.0,0.0,2852782.0,,,,,46653.0,343722.0,1.0,,2255306,2255306.0,0.0,,,0.0,,,
70,DXCM,MRQ,2003-12-31,2003-12-31,2003-12-31,2021-07-30,0.0,20766981.0,,20135839.0,631142.0,,-15.024,,20016186.0,20016186.0,,,20.465,-1.637,0.0,0.0,0.0,0.0,0.0,,0.0,,0.0,,,,,,,,,,-32600852.0,,-32600852.0,,,,,,1.0,,,0.0,,-233104.0,,0.0,0.0,0.0,0.0,53367833.0,983899.0,52383934.0,,,,,,,,,,,,,,,,,,,,692045.0,,,,,611079.0,,,,,0.0,-35703953.0,,,,,,,,,,1.0,,2169922,,,20766981.0,0.0,,0.0,9.57,19151940.0
0,DXCM,MRT,2021-06-30,2021-06-30,2021-06-30,2021-07-30,2800000.0,4503800000.0,4254325000.0,3474200000.0,1029600000.0,0.51,20.658,-308500000.0,1158800000.0,1158800000.0,669400000.0,530600000.0,5.784,1.255,1836600000.0,18800000.0,1817800000.0,1836600000.0,1800000.0,83200000.0,0.0,0.0,0.0,353300000.0,436500000.0,0.201,436500000.0,353300000.0,254300000.0,5.57,5.4,5.57,1997600000.0,1806650000.0,1997600000.0,42377907771.0,120.0,97.086,100500000.0,1.039,1.0,1500500000.0,0.692,19100000.0,99000000.0,4561800000.0,4609300000.0,319300000.0,1426100000.0,1426100000.0,0.0,2506200000.0,600700000.0,1905500000.0,41293407771.0,629100000.0,0.0,17300000.0,0.0,0.0,0.0,217700000.0,539200000.0,409000000.0,2400000.0,530600000.0,530600000.0,530600000.0,0.0,0.0,0.245,1155500000.0,345000000.0,482000000.0,0.0,20.672,77.824,76.661,770800000.0,0.0,427.0,19.03,19.029,483500000.0,-98900000.0,2169900000.0,2169900000.0,445400000.0,0.125,0.294,0.077,0.163,124400000.0,710100000.0,1.0,96705873.0,96700000,99600000.0,22.44,4484700000.0,216400000.0,-276300000.0,0.0,46.377,2873500000.0
1,DXCM,MRT,2021-03-31,2021-03-31,2021-03-31,2021-07-30,2900000.0,4389800000.0,4008825000.0,3445100000.0,944700000.0,0.506,19.763,-265500000.0,733800000.0,733800000.0,659100000.0,514000000.0,5.703,1.307,1818300000.0,18200000.0,1800100000.0,1818300000.0,1900000.0,75000000.0,0.0,0.0,0.0,317900000.0,392900000.0,0.194,392900000.0,317900000.0,223800000.0,5.41,5.25,5.41,1903200000.0,1645725000.0,1903200000.0,35533082489.0,112.0,90.438,236000000.0,2.451,1.0,1367500000.0,0.675,18900000.0,94100000.0,4851300000.0,4549000000.0,289700000.0,1898800000.0,1898800000.0,0.0,2486600000.0,604100000.0,1882500000.0,34565182489.0,149300000.0,0.0,17300000.0,906200000.0,0.0,906400000.0,-1260800000.0,-983900000.0,501500000.0,2200000.0,514000000.0,514000000.0,514000000.0,0.0,0.0,0.254,1055700000.0,311800000.0,502600000.0,0.0,18.162,67.247,66.431,688700000.0,0.0,359.39,17.056,17.077,443400000.0,-161800000.0,2026600000.0,2026600000.0,396200000.0,0.128,0.312,0.07,0.157,123500000.0,659500000.0,1.0,96177363.0,96300000,99400000.0,21.045,4370900000.0,216700000.0,-290200000.0,0.0,45.388,2841000000.0
2,DXCM,MRT,2020-12-31,2020-12-31,2020-12-31,2021-07-30,3200000.0,4290500000.0,3523350000.0,3424800000.0,865700000.0,0.547,19.349,-199000000.0,817600000.0,817600000.0,646600000.0,493600000.0,5.577,1.349,1785500000.0,16500000.0,1769000000.0,1785500000.0,2200000.0,67100000.0,0.0,0.0,0.0,309700000.0,376800000.0,0.196,376800000.0,309700000.0,225000000.0,5.23,5.06,5.23,1826500000.0,1403550000.0,1826500000.0,36594625381.0,118.0,97.119,276600000.0,2.93,1.0,1280100000.0,0.664,19300000.0,84700000.0,4625000000.0,4002700000.0,234700000.0,1890100000.0,1890100000.0,0.0,2464000000.0,614100000.0,1849900000.0,35503325381.0,371800000.0,0.0,15300000.0,906200000.0,0.0,912100000.0,-1018000000.0,-807700000.0,475600000.0,2100000.0,493600000.0,493600000.0,493600000.0,0.0,0.0,0.256,980600000.0,299500000.0,481100000.0,0.0,19.438,71.927,70.692,608600000.0,0.0,369.72,18.427,18.115,428500000.0,-202100000.0,1926700000.0,1926700000.0,359900000.0,0.14,0.352,0.077,0.161,119400000.0,620700000.0,1.0,96027603.0,94400000,97500000.0,20.41,4271200000.0,216400000.0,-268600000.0,0.0,45.246,2810700000.0
3,DXCM,MRT,2020-09-30,2020-09-30,2020-09-30,2021-07-30,2800000.0,3833200000.0,3049475000.0,3237100000.0,596100000.0,0.597,15.65,-182900000.0,673500000.0,673500000.0,630300000.0,231100000.0,6.392,1.557,1764800000.0,15800000.0,1749000000.0,1764800000.0,1500000.0,61000000.0,0.0,0.0,0.0,313400000.0,374400000.0,0.206,374400000.0,313400000.0,238000000.0,2.48,2.43,2.48,1499300000.0,1167575000.0,1499300000.0,40685409992.0,130.0,108.668,264400000.0,2.76,1.0,1190300000.0,0.654,19000000.0,75400000.0,4399100000.0,3525375000.0,200700000.0,1930300000.0,1930300000.0,0.0,2333900000.0,506400000.0,1827500000.0,39467809992.0,277700000.0,0.0,15300000.0,906200000.0,0.0,916900000.0,-1088300000.0,-894800000.0,447300000.0,1800000.0,231100000.0,231100000.0,231100000.0,0.0,0.0,0.127,893300000.0,297000000.0,397000000.0,0.0,26.324,170.782,166.222,556100000.0,0.0,412.23,21.678,21.692,370000000.0,-557300000.0,1820600000.0,1820600000.0,319500000.0,0.076,0.198,0.089,0.172,108900000.0,573800000.0,1.0,95742207.0,95800000,99500000.0,19.004,3814200000.0,0.0,6900000.0,0.0,39.814,2730700000.0
4,DXCM,MRT,2020-06-30,2020-06-30,2020-06-30,2021-07-30,3500000.0,3521800000.0,2637600000.0,3033000000.0,488800000.0,0.651,14.434,-185200000.0,530000000.0,530000000.0,619200000.0,204700000.0,7.581,1.601,1747600000.0,15100000.0,1732500000.0,1747600000.0,1700000.0,55500000.0,0.0,0.0,0.0,274800000.0,330300000.0,0.192,330300000.0,274800000.0,208700000.0,2.23,2.2,2.23,1353900000.0,983825000.0,1353900000.0,38016213541.0,138.0,115.096,209000000.0,2.228,1.0,1096800000.0,0.639,18700000.0,66100000.0,4320600000.0,3061975000.0,165300000.0,1978800000.0,1978800000.0,0.0,2167900000.0,400100000.0,1767800000.0,37436613541.0,-179800000.0,0.0,13500000.0,906200000.0,0.0,918400000.0,-1491800000.0,-1303800000.0,394200000.0,-600000.0,204700000.0,204700000.0,204700000.0,0.0,0.0,0.119,837900000.0,258900000.0,315900000.0,0.0,27.651,182.885,181.794,455900000.0,0.0,405.4,21.816,22.16,296500000.0,-629500000.0,1716000000.0,1716000000.0,298500000.0,0.078,0.208,0.09,0.16,102600000.0,539400000.0,1.0,92344878.0,93800000,97000000.0,18.294,3503100000.0,0.0,4000000.0,0.0,37.346,2632900000.0
5,DXCM,MRT,2020-03-31,2020-03-31,2020-03-31,2021-07-30,3700000.0,2447900000.0,2273625000.0,1995700000.0,452200000.0,0.704,10.18,-173900000.0,584600000.0,584600000.0,581400000.0,147900000.0,5.822,1.619,1164200000.0,14500000.0,1149700000.0,1164200000.0,1800000.0,51800000.0,0.0,0.0,0.0,214000000.0,265800000.0,0.166,265800000.0,214000000.0,153200000.0,1.62,1.6,1.62,934500000.0,817425000.0,934500000.0,25363054616.0,119.0,95.422,130700000.0,1.424,1.0,1019200000.0,0.637,18600000.0,60800000.0,2666100000.0,2515775000.0,141900000.0,925900000.0,925900000.0,0.0,1513400000.0,342800000.0,1170600000.0,24663554616.0,-700800000.0,0.0,13600000.0,0.0,0.0,12300000.0,-1015900000.0,-840400000.0,304600000.0,-1800000.0,147900000.0,147900000.0,147900000.0,0.0,0.0,0.092,828900000.0,190300000.0,267500000.0,0.0,26.392,166.758,166.216,419900000.0,0.0,269.27,15.409,15.444,300700000.0,-675800000.0,1600600000.0,1600600000.0,287600000.0,0.065,0.181,0.085,0.134,101600000.0,541300000.0,1.0,91594142.0,91800000,94100000.0,17.436,2429300000.0,0.0,5300000.0,0.0,26.463,1652900000.0
6,DXCM,MRT,2019-12-31,2019-12-31,2019-12-31,2021-07-30,2300000.0,2395000000.0,2155150000.0,1969400000.0,425600000.0,0.685,9.688,-180000000.0,446200000.0,446200000.0,544500000.0,101100000.0,5.468,1.714,1145700000.0,13600000.0,1132100000.0,1145700000.0,1700000.0,48700000.0,0.0,0.0,0.0,164500000.0,213200000.0,0.144,213200000.0,164500000.0,104200000.0,1.11,1.1,1.11,882600000.0,750950000.0,882600000.0,20721563339.0,126.0,97.193,134500000.0,1.476,1.0,931500000.0,0.631,18600000.0,60300000.0,2715700000.0,2224025000.0,119800000.0,1087100000.0,1087100000.0,0.0,1512400000.0,360200000.0,1152200000.0,20020963339.0,-690700000.0,0.0,11900000.0,0.0,0.0,10700000.0,-1015200000.0,-834000000.0,314500000.0,-700000.0,101100000.0,101100000.0,101100000.0,0.0,0.0,0.068,789200000.0,142300000.0,256400000.0,0.0,22.684,198.031,197.063,392800000.0,0.0,218.74,13.564,13.501,286300000.0,-695700000.0,1476000000.0,1476000000.0,273500000.0,0.047,0.135,0.074,0.111,102700000.0,515700000.0,1.0,91528588.0,91100000,92300000.0,16.202,2376400000.0,0.0,3100000.0,0.0,26.086,1609200000.0
7,DXCM,MRT,2019-09-30,2019-09-30,2019-09-30,2021-07-30,1000000.0,2185700000.0,2035400000.0,1815700000.0,370000000.0,0.664,8.371,-153600000.0,395600000.0,395600000.0,506200000.0,-171300000.0,5.632,1.86,1096200000.0,14800000.0,1081400000.0,1096200000.0,4300000.0,43000000.0,0.0,0.0,0.0,-113800000.0,-70800000.0,-0.052,-70800000.0,-113800000.0,-167000000.0,-1.96,-1.95,-1.96,764300000.0,696125000.0,764300000.0,13985396998.0,-123.0,-197.534,50900000.0,0.558,1.0,845000000.0,0.625,18400000.0,53200000.0,2545500000.0,1932150000.0,120400000.0,1034300000.0,1034300000.0,0.0,1421400000.0,322400000.0,1099000000.0,13608596998.0,28400000.0,0.0,95900000.0,617700000.0,0.0,712400000.0,-890000000.0,-734200000.0,204500000.0,1500000.0,-171300000.0,-171300000.0,-171300000.0,0.0,0.0,-0.127,968800000.0,-123800000.0,232400000.0,0.0,17.805,-79.443,-76.143,335600000.0,0.0,149.24,10.071,10.084,234900000.0,-788400000.0,1351200000.0,1351200000.0,252300000.0,-0.084,-0.246,-0.059,-0.084,103700000.0,498800000.0,1.0,91185989.0,91300000,92500000.0,14.8,2167300000.0,0.0,4300000.0,0.0,23.738,1493300000.0
8,DXCM,MRT,2019-06-30,2019-06-30,2019-06-30,2021-07-30,2000000.0,2065900000.0,1767550000.0,1744200000.0,321700000.0,0.691,7.555,-127700000.0,709200000.0,709200000.0,454900000.0,-170500000.0,6.052,2.001,1086000000.0,14100000.0,1071900000.0,1086000000.0,3500000.0,37900000.0,0.0,0.0,0.0,-125000000.0,-87100000.0,-0.071,-87100000.0,-125000000.0,-168000000.0,-1.93,-1.93,-1.93,688300000.0,645600000.0,688300000.0,13422092685.0,-107.0,-154.1,39100000.0,0.429,1.0,766700000.0,0.628,18700000.0,43000000.0,2135800000.0,1514125000.0,117900000.0,668300000.0,668300000.0,0.0,1377600000.0,288200000.0,1089400000.0,13642992685.0,409300000.0,-11300000.0,94500000.0,617700000.0,0.0,711800000.0,-472600000.0,-331400000.0,166800000.0,3300000.0,-170500000.0,-170500000.0,-170500000.0,0.0,0.0,-0.14,932600000.0,-165900000.0,196700000.0,0.0,19.821,-80.018,-77.637,289000000.0,0.0,149.84,11.168,11.174,217300000.0,-834200000.0,1221600000.0,1221600000.0,235700000.0,-0.096,-0.264,-0.083,-0.102,106400000.0,479200000.0,1.0,91050405.0,91100000,91100000.0,13.409,2047200000.0,0.0,2500000.0,0.0,22.472,1456000000.0
9,DXCM,MRT,2019-03-31,2019-03-31,2019-03-31,2021-07-30,1600000.0,1974000000.0,1502950000.0,1690800000.0,283200000.0,0.75,7.404,-91100000.0,1285100000.0,1285100000.0,413900000.0,-129800000.0,7.183,1.952,1064200000.0,12300000.0,1051900000.0,1064200000.0,2700000.0,33000000.0,0.0,0.0,0.0,-92900000.0,-59900000.0,-0.053,-59900000.0,-92900000.0,-129100000.0,-1.47,-1.47,-1.47,668600000.0,594050000.0,668600000.0,10592510450.0,-114.0,-176.837,52600000.0,0.583,1.0,713800000.0,0.633,18600000.0,36200000.0,1499100000.0,1195075000.0,101100000.0,72900000.0,72900000.0,0.0,1305400000.0,235400000.0,1070000000.0,10719210450.0,865000000.0,-11300000.0,95400000.0,617700000.0,0.0,711100000.0,6900000.0,110300000.0,143700000.0,3300000.0,-129800000.0,-129800000.0,-129800000.0,0.0,0.0,-0.115,883800000.0,-170000000.0,169100000.0,0.0,16.032,-82.583,-81.02,249100000.0,0.0,119.1,9.505,9.537,204700000.0,-823700000.0,1127700000.0,1127700000.0,213900000.0,-0.086,-0.219,-0.078,-0.082,102300000.0,452200000.0,1.0,90001767.0,90300000,90300000.0,12.488,1955400000.0,0.0,700000.0,0.0,21.654,1455400000.0
10,DXCM,MRT,2018-12-31,2018-12-31,2018-12-31,2021-07-30,1500000.0,1916000000.0,1233650000.0,1699500000.0,216500000.0,0.836,7.52,-67100000.0,1137000000.0,1137000000.0,367700000.0,-127100000.0,7.642,1.889,1010300000.0,0.0,1010300000.0,1010300000.0,2900000.0,29100000.0,0.0,0.0,0.0,-103800000.0,-74700000.0,-0.072,-74700000.0,-103800000.0,-126500000.0,-1.44,-1.44,-1.44,663300000.0,532325000.0,663300000.0,10614952531.0,-102.0,-142.101,56100000.0,0.636,1.0,663900000.0,0.644,18700000.0,22700000.0,1548200000.0,987875000.0,70700000.0,248600000.0,248600000.0,0.0,1252700000.0,222400000.0,1030300000.0,10643552531.0,695600000.0,-11300000.0,94600000.0,617700000.0,0.0,710400000.0,-139800000.0,-60400000.0,123200000.0,1800000.0,-127100000.0,-127100000.0,-127100000.0,0.0,0.0,-0.123,850200000.0,-186300000.0,147100000.0,0.0,16.046,-83.742,-83.194,183100000.0,0.0,119.8,10.318,10.243,226700000.0,-798900000.0,1031600000.0,1031600000.0,199700000.0,-0.103,-0.239,-0.105,-0.101,101900000.0,432800000.0,1.0,88844345.0,88200000,88200000.0,11.696,1897300000.0,0.0,600000.0,0.0,21.511,1477100000.0
11,DXCM,MRT,2018-09-30,2018-09-30,2018-09-30,2021-07-30,-300000.0,1114300000.0,980675000.0,914100000.0,200200000.0,0.933,6.353,-67000000.0,367400000.0,367400000.0,320000000.0,43200000.0,4.714,0.982,338800000.0,0.0,338800000.0,338800000.0,3500000.0,24700000.0,0.0,0.0,0.0,77500000.0,102200000.0,0.112,102200000.0,77500000.0,59000000.0,0.48,0.47,0.48,562200000.0,471350000.0,562200000.0,12673204048.0,164.0,124.004,63700000.0,0.72,1.0,594600000.0,0.65,18400000.0,18500000.0,873400000.0,760625000.0,55200000.0,301300000.0,301300000.0,0.0,552100000.0,193900000.0,358200000.0,12638404048.0,-34400000.0,-11300000.0,10700000.0,0.0,0.0,8900000.0,-171800000.0,-93500000.0,130700000.0,-2200000.0,43200000.0,43200000.0,43200000.0,0.0,0.0,0.047,604300000.0,-9700000.0,135400000.0,0.0,22.48,292.556,298.0,169600000.0,0.0,143.04,13.819,13.841,169800000.0,-619200000.0,914600000.0,914600000.0,190800000.0,0.044,0.092,0.102,0.085,102200000.0,413500000.0,1.0,88355733.0,88500000,90300000.0,10.334,1095900000.0,0.0,15800000.0,0.0,12.383,720200000.0
12,DXCM,MRT,2018-06-30,2018-06-30,2018-06-30,2021-07-30,-1300000.0,1007500000.0,912825000.0,836000000.0,171500000.0,0.912,5.466,-56700000.0,300200000.0,300200000.0,279500000.0,-5400000.0,4.895,1.09,335000000.0,0.0,335000000.0,335000000.0,6800000.0,21200000.0,0.0,0.0,0.0,29800000.0,51000000.0,0.061,51000000.0,29800000.0,11700000.0,-0.07,-0.07,-0.07,482100000.0,426800000.0,482100000.0,8277206936.0,278.0,162.298,53400000.0,0.605,1.0,553000000.0,0.664,11900000.0,18100000.0,859600000.0,700925000.0,46200000.0,305900000.0,305900000.0,0.0,525400000.0,170800000.0,354600000.0,8366306936.0,-95400000.0,0.0,9600000.0,0.0,0.0,7800000.0,-213000000.0,-156300000.0,110100000.0,-300000.0,-5400000.0,-5400000.0,-5400000.0,0.0,0.0,-0.006,577100000.0,-24100000.0,117900000.0,0.0,17.354,-1549.316,-1356.857,156800000.0,0.0,94.98,10.05,10.063,162000000.0,-665800000.0,832500000.0,832500000.0,184000000.0,-0.006,-0.013,0.043,0.036,100500000.0,393100000.0,1.0,88084933.0,88200000,89400000.0,9.439,995600000.0,0.0,17100000.0,0.0,11.288,665200000.0
13,DXCM,MRT,2018-03-31,2018-03-31,2018-03-31,2021-07-30,-4900000.0,896800000.0,859850000.0,729300000.0,167500000.0,0.885,4.83,-58400000.0,420400000.0,420400000.0,243700000.0,-32700000.0,5.83,1.127,331300000.0,0.0,331300000.0,331300000.0,2900000.0,18400000.0,0.0,0.0,0.0,-19300000.0,-900000.0,-0.001,-900000.0,-19300000.0,-32300000.0,-0.38,-0.38,-0.38,421700000.0,394700000.0,421700000.0,6337809237.0,-328.0,-7042.01,24600000.0,0.282,1.0,516900000.0,0.68,12300000.0,13000000.0,670300000.0,636825000.0,51600000.0,113500000.0,113500000.0,0.0,475100000.0,125100000.0,350000000.0,6451709237.0,267200000.0,0.0,9000000.0,314000000.0,0.0,323000000.0,-138400000.0,-80000000.0,83000000.0,-400000.0,-32700000.0,-32700000.0,-32700000.0,0.0,0.0,-0.043,549700000.0,-32800000.0,88000000.0,0.0,15.299,-197.3,-195.158,152400000.0,0.0,74.16,8.482,8.512,123900000.0,-696000000.0,760600000.0,760600000.0,182100000.0,-0.038,-0.083,-0.03,-0.025,100200000.0,367600000.0,1.0,86997158.0,87300000,87300000.0,8.712,884500000.0,0.0,400000.0,0.0,10.132,604200000.0
14,DXCM,MRT,2017-12-31,2017-12-31,2017-12-31,2021-07-30,-2600000.0,904100000.0,752450000.0,744700000.0,159400000.0,0.955,4.86,-66000000.0,441500000.0,441500000.0,226400000.0,-50200000.0,5.361,1.156,327600000.0,0.0,327600000.0,327600000.0,3200000.0,16100000.0,0.0,0.0,0.0,-35800000.0,-19700000.0,-0.027,-19700000.0,-35800000.0,-48600000.0,-0.58,-0.58,-0.58,419400000.0,358725000.0,419400000.0,4909271492.0,-137.0,-249.202,26000000.0,0.301,1.0,492100000.0,0.685,12100000.0,12800000.0,639200000.0,520650000.0,45200000.0,107100000.0,107100000.0,0.0,484700000.0,138900000.0,345800000.0,4987371492.0,347000000.0,0.0,10100000.0,389000000.0,0.0,399100000.0,-144400000.0,-78400000.0,92000000.0,300000.0,-50200000.0,-50200000.0,-50200000.0,0.0,0.0,-0.07,534600000.0,-42500000.0,87200000.0,0.0,11.892,-99.35,-98.948,145600000.0,0.0,57.39,6.941,6.893,134300000.0,-671800000.0,718500000.0,718500000.0,185400000.0,-0.067,-0.14,-0.069,-0.05,106200000.0,349200000.0,1.0,86903145.0,86300000,86300000.0,8.326,892000000.0,0.0,1600000.0,0.0,10.336,605800000.0
15,DXCM,MRT,2017-09-30,2017-09-30,2017-09-30,2021-07-30,-2200000.0,842900000.0,627125000.0,692900000.0,150000000.0,1.066,4.429,-66000000.0,402100000.0,402100000.0,213400000.0,-48200000.0,5.862,1.195,324000000.0,0.0,324000000.0,324000000.0,2300000.0,15500000.0,0.0,0.0,0.0,-55500000.0,-40000000.0,-0.06,-40000000.0,-55500000.0,-64200000.0,-0.56,-0.56,-0.56,384000000.0,324825000.0,384000000.0,4159594283.0,-75.0,-103.99,-1900000.0,-0.022,1.0,455300000.0,0.681,12000000.0,8700000.0,634600000.0,409500000.0,43300000.0,123700000.0,123700000.0,0.0,458900000.0,118200000.0,340700000.0,4234994283.0,304400000.0,-100000.0,10500000.0,391300000.0,0.0,399500000.0,-160600000.0,-94500000.0,64100000.0,1400000.0,-48200000.0,-48200000.0,-48200000.0,0.0,0.0,-0.072,515900000.0,-60600000.0,80600000.0,0.0,11.029,-87.863,-87.366,136100000.0,0.0,48.925,6.333,6.343,110500000.0,-662400000.0,668700000.0,668700000.0,180400000.0,-0.077,-0.148,-0.136,-0.083,110400000.0,335500000.0,1.0,86560946.0,86700000,86700000.0,7.713,830900000.0,0.0,-16000000.0,0.0,9.584,574700000.0
16,DXCM,MRT,2017-06-30,2017-06-30,2017-06-30,2021-07-30,-1600000.0,795600000.0,506875000.0,656800000.0,138800000.0,1.248,4.094,-68600000.0,395900000.0,395900000.0,203300000.0,-65000000.0,6.249,1.249,320500000.0,0.0,320500000.0,320500000.0,1500000.0,15300000.0,0.0,0.0,0.0,-75900000.0,-60600000.0,-0.096,-60600000.0,-75900000.0,-80300000.0,-0.76,-0.76,-0.76,353700000.0,294275000.0,353700000.0,6239441873.0,-82.0,-102.961,-17700000.0,-0.205,1.0,429400000.0,0.679,11900000.0,4400000.0,603200000.0,292025000.0,42800000.0,100700000.0,100700000.0,0.0,441900000.0,105100000.0,336800000.0,6317941873.0,308400000.0,-100000.0,11300000.0,391300000.0,0.0,400300000.0,-141800000.0,-73100000.0,50900000.0,-1000000.0,-65000000.0,-65000000.0,-65000000.0,0.0,0.0,-0.103,508000000.0,-78600000.0,72200000.0,0.0,17.862,-97.199,-96.25,125000000.0,0.0,73.15,9.986,9.989,101700000.0,-660400000.0,632700000.0,632700000.0,181000000.0,-0.128,-0.221,-0.26,-0.12,114000000.0,327000000.0,1.0,86369677.0,86400000,87400000.0,7.323,783700000.0,0.0,-15300000.0,0.0,9.071,551700000.0
17,DXCM,MRT,2017-03-31,2017-03-31,2017-03-31,2021-07-30,-1300000.0,467200000.0,391175000.0,330500000.0,136700000.0,1.532,3.261,-67100000.0,153500000.0,153500000.0,202000000.0,-88100000.0,1.925,0.682,75000000.0,75000000.0,0.0,75000000.0,1200000.0,15300000.0,0.0,0.0,0.0,-84600000.0,-69300000.0,-0.116,-69300000.0,-84600000.0,-86000000.0,-1.03,-1.03,-1.03,277800000.0,267450000.0,277800000.0,7091878254.0,-84.0,-102.336,-10400000.0,-0.122,1.0,397400000.0,0.663,11400000.0,1400000.0,205600000.0,180675000.0,46500000.0,27600000.0,27600000.0,0.0,189400000.0,171700000.0,17700000.0,7186378254.0,75600000.0,300000.0,11900000.0,75600000.0,0.0,85200000.0,-66100000.0,700000.0,56700000.0,-200000.0,-88100000.0,-88100000.0,-88100000.0,0.0,0.0,-0.147,482500000.0,-85100000.0,65400000.0,0.0,25.869,-81.571,-82.262,123400000.0,0.0,84.73,11.989,12.044,85900000.0,-663300000.0,599400000.0,599400000.0,172000000.0,-0.225,-0.329,-0.468,-0.141,116300000.0,310500000.0,1.0,84815039.0,85200000,85200000.0,7.035,455800000.0,0.0,2100000.0,0.0,5.35,158800000.0
18,DXCM,MRT,2016-12-31,2016-12-31,2016-12-31,2021-07-30,-1000000.0,402800000.0,349225000.0,280000000.0,122800000.0,1.642,3.395,-55700000.0,94500000.0,94500000.0,194900000.0,-65600000.0,2.734,0.419,0.0,0.0,0.0,0.0,900000.0,15000000.0,0.0,0.0,0.0,-63900000.0,-48900000.0,-0.085,-48900000.0,-63900000.0,-64900000.0,-0.78,-0.78,-0.78,283800000.0,255800000.0,283800000.0,4948393009.0,-77.0,-101.194,500000.0,0.006,1.0,378400000.0,0.66,11300000.0,1000000.0,194600000.0,167625000.0,45400000.0,29200000.0,29200000.0,0.0,119000000.0,102400000.0,16600000.0,5046093009.0,8400000.0,300000.0,10400000.0,0.0,0.0,8100000.0,-55900000.0,-500000.0,56200000.0,0.0,-65600000.0,-65600000.0,-65600000.0,0.0,0.0,-0.114,442300000.0,-63900000.0,68100000.0,0.0,17.78,-76.922,-76.538,109400000.0,0.0,59.7,8.802,8.706,101700000.0,-621000000.0,573300000.0,573300000.0,156100000.0,-0.188,-0.256,-0.381,-0.111,110800000.0,286200000.0,1.0,84524171.0,83600000,83600000.0,6.858,391500000.0,0.0,700000.0,0.0,4.683,177600000.0
19,DXCM,MRT,2016-09-30,2016-09-30,2016-09-30,2021-07-30,-700000.0,361900000.0,321525000.0,258600000.0,103300000.0,1.657,3.113,-49700000.0,97700000.0,97700000.0,180000000.0,-56700000.0,3.003,0.382,0.0,0.0,0.0,0.0,500000.0,14500000.0,0.0,0.0,0.0,-55900000.0,-41400000.0,-0.078,-41400000.0,-55900000.0,-56300000.0,-0.66,-0.66,-0.66,261800000.0,240150000.0,261800000.0,7265737866.0,-130.0,-175.501,4500000.0,0.054,1.0,352900000.0,0.662,13400000.0,400000.0,164700000.0,152825000.0,44700000.0,29600000.0,29600000.0,0.0,100100000.0,86100000.0,14000000.0,7353237866.0,12400000.0,400000.0,12700000.0,-2900000.0,0.0,9800000.0,-51300000.0,-2000000.0,54200000.0,-300000.0,-56700000.0,-56700000.0,-56700000.0,0.0,0.0,-0.106,409100000.0,-56200000.0,58600000.0,0.0,28.087,-129.687,-132.818,88400000.0,0.0,87.66,13.799,13.834,76800000.0,-613600000.0,532900000.0,532900000.0,140900000.0,-0.176,-0.236,-0.366,-0.105,105200000.0,268200000.0,1.0,83883617.0,84100000,84100000.0,6.337,348500000.0,0.0,400000.0,0.0,4.144,172500000.0
20,DXCM,MRT,2016-06-30,2016-06-30,2016-06-30,2021-07-30,-700000.0,332800000.0,295225000.0,241000000.0,91800000.0,1.658,2.947,-41000000.0,87500000.0,87500000.0,163000000.0,-80400000.0,3.261,0.351,0.0,0.0,0.0,0.0,700000.0,13100000.0,0.0,0.0,0.0,-79900000.0,-66800000.0,-0.136,-66800000.0,-79900000.0,-80200000.0,-0.97,-0.97,-0.97,246400000.0,223025000.0,246400000.0,6542454928.0,-82.0,-97.941,8100000.0,0.097,1.0,326500000.0,0.667,13600000.0,300000.0,157800000.0,139000000.0,42900000.0,28100000.0,28100000.0,0.0,86400000.0,73900000.0,12500000.0,6618654928.0,19800000.0,400000.0,13500000.0,-3400000.0,0.0,10100000.0,-39200000.0,1400000.0,49100000.0,-200000.0,-80400000.0,-80400000.0,-80400000.0,0.0,0.0,-0.164,406600000.0,-80100000.0,49900000.0,0.0,26.861,-82.322,-81.784,77000000.0,0.0,79.33,13.521,13.548,73800000.0,-594800000.0,489500000.0,489500000.0,161800000.0,-0.272,-0.36,-0.575,-0.163,98800000.0,244800000.0,1.0,83431929.0,83600000,83600000.0,5.855,319200000.0,0.0,200000.0,0.0,3.818,167100000.0
21,DXCM,MRT,2016-03-31,2016-03-31,2016-03-31,2021-07-30,-300000.0,299400000.0,266625000.0,227400000.0,72000000.0,1.671,2.816,-36800000.0,77900000.0,77900000.0,138400000.0,-63900000.0,3.548,0.295,1700000.0,1700000.0,0.0,1700000.0,600000.0,11800000.0,0.0,0.0,0.0,-63500000.0,-51700000.0,-0.116,-51700000.0,-63500000.0,-63800000.0,-0.78,-0.78,-0.78,231200000.0,204100000.0,231200000.0,5467219562.0,-86.0,-105.749,8600000.0,0.105,1.0,307000000.0,0.689,5700000.0,300000.0,153400000.0,125325000.0,46100000.0,28600000.0,28600000.0,0.0,68200000.0,64100000.0,4100000.0,5551019562.0,23700000.0,-500000.0,17400000.0,-2300000.0,0.0,15100000.0,-36800000.0,500000.0,45400000.0,0.0,-63900000.0,-63900000.0,-63900000.0,0.0,0.0,-0.143,370600000.0,-63600000.0,45100000.0,0.0,24.01,-86.87,-87.064,65900000.0,0.0,67.91,12.463,12.518,67300000.0,-574600000.0,445400000.0,445400000.0,149900000.0,-0.24,-0.313,-0.507,-0.143,91900000.0,220700000.0,1.0,81740827.0,82100000,82100000.0,5.425,293700000.0,0.0,100000.0,0.0,3.577,163300000.0
22,DXCM,MRT,2015-12-31,2015-12-31,2015-12-31,2021-07-30,-300000.0,292000000.0,239100000.0,231300000.0,60700000.0,1.681,2.772,-33300000.0,86100000.0,86100000.0,123600000.0,-57600000.0,3.457,0.32,2300000.0,2300000.0,0.0,2300000.0,800000.0,10800000.0,0.0,0.0,0.0,-57100000.0,-46300000.0,-0.115,-46300000.0,-57100000.0,-57500000.0,-0.72,-0.72,-0.72,221200000.0,183450000.0,221200000.0,6575655422.0,-115.0,-142.023,15700000.0,0.197,1.0,278400000.0,0.693,5900000.0,400000.0,135400000.0,110825000.0,35200000.0,29100000.0,29100000.0,0.0,70800000.0,66900000.0,3900000.0,6658055422.0,14300000.0,-500000.0,19100000.0,-2300000.0,0.0,16800000.0,-51500000.0,-17700000.0,49000000.0,0.0,-57600000.0,-57600000.0,-57600000.0,0.0,0.0,-0.143,335500000.0,-57100000.0,38900000.0,0.0,30.1,-115.591,-113.75,54700000.0,0.0,81.9,16.562,16.258,74100000.0,-555400000.0,402000000.0,402000000.0,137500000.0,-0.241,-0.314,-0.515,-0.142,82700000.0,198000000.0,1.0,81294938.0,79800000,79800000.0,5.038,286100000.0,0.0,100000.0,0.0,3.585,164400000.0
23,DXCM,MRT,2015-09-30,2015-09-30,2015-09-30,2021-07-30,-300000.0,256700000.0,212250000.0,203700000.0,53000000.0,1.675,2.401,-26300000.0,85300000.0,85300000.0,108900000.0,-57800000.0,3.464,0.328,2900000.0,2500000.0,400000.0,2900000.0,1600000.0,10100000.0,0.0,0.0,0.0,-57100000.0,-47000000.0,-0.132,-47000000.0,-57100000.0,-57700000.0,-0.73,-0.72,-0.73,193300000.0,163200000.0,193300000.0,6810901196.0,-119.0,-144.913,19800000.0,0.246,1.0,246600000.0,0.694,6100000.0,600000.0,109400000.0,94450000.0,30600000.0,28000000.0,28000000.0,0.0,63400000.0,58800000.0,4600000.0,6875801196.0,22100000.0,-500000.0,21800000.0,-2300000.0,0.0,19500000.0,-43500000.0,-16700000.0,46100000.0,0.0,-57800000.0,-57800000.0,-57800000.0,0.0,0.0,-0.163,303700000.0,-57100000.0,34300000.0,0.0,35.571,-118.958,-117.616,46600000.0,0.0,85.86,19.341,19.442,55800000.0,-556900000.0,355500000.0,355500000.0,130600000.0,-0.272,-0.354,-0.605,-0.161,73500000.0,173100000.0,1.0,80081542.0,80500000,80500000.0,4.416,250600000.0,0.0,100000.0,0.0,3.113,144900000.0
24,DXCM,MRT,2015-06-30,2015-06-30,2015-06-30,2021-07-30,-300000.0,218400000.0,187925000.0,170400000.0,48000000.0,1.699,2.144,-22600000.0,68400000.0,68400000.0,100200000.0,-20500000.0,3.855,0.279,3500000.0,2400000.0,1100000.0,3500000.0,800000.0,9600000.0,0.0,0.0,0.0,-19700000.0,-10100000.0,-0.032,-10100000.0,-19700000.0,-20400000.0,-0.27,-0.27,-0.27,170700000.0,143625000.0,170700000.0,6291104372.0,-319.0,-622.882,17000000.0,0.214,1.0,219100000.0,0.686,6200000.0,700000.0,103100000.0,80475000.0,22400000.0,29800000.0,29800000.0,0.0,47700000.0,44200000.0,3500000.0,6342204372.0,18200000.0,-500000.0,22500000.0,-2300000.0,0.0,20200000.0,-41600000.0,-18500000.0,39600000.0,0.0,-20500000.0,-20500000.0,-20500000.0,0.0,0.0,-0.064,238800000.0,-19700000.0,24000000.0,0.0,37.154,-309.376,-296.222,40600000.0,0.0,79.98,19.863,19.939,45500000.0,-514400000.0,319300000.0,319300000.0,84300000.0,-0.109,-0.143,-0.245,-0.062,64700000.0,154500000.0,1.0,79297379.0,79600000,79600000.0,4.011,212200000.0,0.0,100000.0,0.0,2.666,126200000.0
25,DXCM,MRT,2015-03-31,2015-03-31,2015-03-31,2021-07-30,-300000.0,189300000.0,168250000.0,146200000.0,43100000.0,1.693,1.91,-20300000.0,55200000.0,55200000.0,91900000.0,-22800000.0,3.951,0.274,4100000.0,2400000.0,1700000.0,4100000.0,1300000.0,8900000.0,0.0,0.0,0.0,-21900000.0,-13000000.0,-0.046,-13000000.0,-21900000.0,-22700000.0,-0.3,-0.31,-0.3,148600000.0,125850000.0,148600000.0,4764062346.0,-218.0,-366.466,9100000.0,0.117,1.0,193000000.0,0.677,5800000.0,800000.0,95400000.0,67925000.0,18400000.0,29600000.0,29600000.0,0.0,40700000.0,37000000.0,3700000.0,4832262346.0,8500000.0,0.0,19800000.0,-2300000.0,0.0,17500000.0,-38400000.0,-18100000.0,29400000.0,0.0,-22800000.0,-22800000.0,-22800000.0,0.0,0.0,-0.08,214900000.0,-21900000.0,21200000.0,0.0,32.519,-211.941,-207.8,35700000.0,0.0,62.34,16.961,17.024,40200000.0,-510700000.0,284900000.0,284900000.0,74700000.0,-0.136,-0.181,-0.322,-0.077,57200000.0,140200000.0,1.0,77514635.0,77800000,77800000.0,3.662,183500000.0,0.0,100000.0,0.0,2.359,109200000.0
26,DXCM,MRT,2014-12-31,2014-12-31,2014-12-31,2021-07-30,-100000.0,184600000.0,152150000.0,145900000.0,38700000.0,1.704,1.864,-16200000.0,72800000.0,72800000.0,82900000.0,-22400000.0,3.594,0.317,4600000.0,2300000.0,2300000.0,4600000.0,700000.0,8400000.0,0.0,0.0,0.0,-21500000.0,-13100000.0,-0.051,-13100000.0,-21500000.0,-22300000.0,-0.3,-0.3,-0.3,140200000.0,111200000.0,140200000.0,4155730833.0,-193.0,-317.231,7400000.0,0.098,1.0,176300000.0,0.68,5900000.0,800000.0,69900000.0,56125000.0,16000000.0,11800000.0,11800000.0,0.0,44400000.0,40600000.0,3800000.0,4214730833.0,28600000.0,0.0,24000000.0,-2200000.0,0.0,21800000.0,-16800000.0,-600000.0,23600000.0,0.0,-22400000.0,-22400000.0,-22400000.0,0.0,0.0,-0.086,197800000.0,-21500000.0,20400000.0,0.0,30.062,-188.158,-183.5,31200000.0,0.0,55.05,16.261,15.971,42400000.0,-497800000.0,259200000.0,259200000.0,69400000.0,-0.147,-0.201,-0.383,-0.083,50000000.0,128400000.0,1.0,76561868.0,75200000,75200000.0,3.447,178700000.0,0.0,100000.0,0.0,2.376,105300000.0
27,DXCM,MRT,2014-09-30,2014-09-30,2014-09-30,2021-07-30,-100000.0,159400000.0,136625000.0,123400000.0,36000000.0,1.659,1.517,-13900000.0,64200000.0,64200000.0,75600000.0,-26300000.0,3.039,0.386,5200000.0,2300000.0,2900000.0,5200000.0,600000.0,7900000.0,0.0,0.0,0.0,-25400000.0,-17500000.0,-0.077,-17500000.0,-25400000.0,-26300000.0,-0.36,-0.38,-0.36,115000000.0,97175000.0,115000000.0,2973586680.0,-117.0,-169.919,5700000.0,0.075,1.0,151000000.0,0.666,6300000.0,900000.0,53500000.0,50200000.0,14300000.0,11700000.0,11700000.0,0.0,44400000.0,40600000.0,3800000.0,3018286680.0,29800000.0,0.0,23600000.0,-1800000.0,0.0,21800000.0,-11600000.0,2300000.0,19600000.0,0.0,-26300000.0,-26300000.0,-26300000.0,0.0,0.0,-0.116,176400000.0,-25400000.0,20900000.0,0.0,26.246,-114.764,-111.083,28000000.0,0.0,39.99,13.32,13.377,31400000.0,-499100000.0,226600000.0,226600000.0,60400000.0,-0.192,-0.271,-0.506,-0.112,42300000.0,116000000.0,1.0,75476036.0,75800000,76100000.0,2.989,153100000.0,0.0,0.0,0.0,2.02,82800000.0
28,DXCM,MRT,2014-06-30,2014-06-30,2014-06-30,2021-07-30,-200000.0,139700000.0,124300000.0,105500000.0,34200000.0,1.613,1.328,-12400000.0,50500000.0,50500000.0,69100000.0,-27100000.0,2.963,0.403,5800000.0,2300000.0,3500000.0,5800000.0,300000.0,7400000.0,0.0,0.0,0.0,-26200000.0,-18800000.0,-0.094,-18800000.0,-26200000.0,-27100000.0,-0.37,-0.38,-0.37,99600000.0,87100000.0,99600000.0,2930842209.0,-112.0,-155.896,-2600000.0,-0.035,1.0,131400000.0,0.655,6500000.0,900000.0,52900000.0,48925000.0,11600000.0,11800000.0,11800000.0,0.0,40100000.0,35600000.0,4500000.0,2971242209.0,21300000.0,0.0,18900000.0,-1300000.0,0.0,17600000.0,-6100000.0,6300000.0,9800000.0,0.0,-27100000.0,-27100000.0,-27100000.0,0.0,0.0,-0.135,157600000.0,-26200000.0,20000000.0,0.0,29.832,-109.64,-107.189,26000000.0,0.0,39.66,14.819,14.835,28600000.0,-493900000.0,200500000.0,200500000.0,53700000.0,-0.218,-0.311,-0.536,-0.131,35100000.0,103900000.0,1.0,74917857.0,75000000,75300000.0,2.673,133200000.0,0.0,0.0,0.0,1.776,69900000.0
29,DXCM,MRT,2014-03-31,2014-03-31,2014-03-31,2021-07-30,-100000.0,124900000.0,114950000.0,93600000.0,31300000.0,1.544,1.228,-10400000.0,46700000.0,46700000.0,64100000.0,-31200000.0,3.152,0.388,6300000.0,2200000.0,4100000.0,6300000.0,600000.0,7100000.0,0.0,0.0,0.0,-30300000.0,-23200000.0,-0.131,-23200000.0,-30300000.0,-31200000.0,-0.43,-0.43,-0.43,90000000.0,80275000.0,90000000.0,2974037979.0,-98.0,-128.191,-5900000.0,-0.08,1.0,113400000.0,0.639,6600000.0,900000.0,48200000.0,48675000.0,8900000.0,11700000.0,11700000.0,0.0,34900000.0,29700000.0,5200000.0,3011437979.0,26800000.0,0.0,19000000.0,-700000.0,0.0,18300000.0,4000000.0,14400000.0,4500000.0,0.0,-31200000.0,-31200000.0,-31200000.0,0.0,0.0,-0.176,143700000.0,-30300000.0,15900000.0,0.0,33.46,-96.52,-96.186,22900000.0,0.0,41.36,16.966,17.08,23800000.0,-487900000.0,177500000.0,177500000.0,50000000.0,-0.271,-0.389,-0.622,-0.171,28300000.0,93700000.0,1.0,72810396.0,73300000,73300000.0,2.422,118300000.0,0.0,0.0,0.0,1.614,63900000.0
30,DXCM,MRT,2013-12-31,2013-12-31,2013-12-31,2021-07-30,-100000.0,122500000.0,108425000.0,93100000.0,29400000.0,1.476,1.183,-7900000.0,44200000.0,44200000.0,59900000.0,-29800000.0,2.9,0.457,6800000.0,2200000.0,4600000.0,6800000.0,700000.0,7000000.0,0.0,0.0,0.0,-28900000.0,-21900000.0,-0.137,-21900000.0,-28900000.0,-29800000.0,-0.42,-0.42,-0.42,84100000.0,76175000.0,84100000.0,2514460994.0,-87.0,-114.816,-5500000.0,-0.077,1.0,100100000.0,0.626,6800000.0,900000.0,46200000.0,52250000.0,9000000.0,11400000.0,11400000.0,0.0,38400000.0,32100000.0,6300000.0,2541860994.0,35100000.0,0.0,12000000.0,-200000.0,0.0,11800000.0,20900000.0,28800000.0,2400000.0,0.0,-29800000.0,-29800000.0,-29800000.0,0.0,0.0,-0.186,129000000.0,-28900000.0,14100000.0,0.0,30.224,-85.297,-84.31,20700000.0,0.0,35.41,15.887,15.735,26100000.0,-475400000.0,160000000.0,160000000.0,44800000.0,-0.275,-0.391,-0.553,-0.181,24600000.0,84200000.0,1.0,71783705.0,71100000,71100000.0,2.25,115700000.0,0.0,0.0,0.0,1.627,61000000.0
31,DXCM,MRT,2013-09-30,2013-09-30,2013-09-30,2021-07-30,-100000.0,110100000.0,104300000.0,81700000.0,28400000.0,1.358,1.046,-7000000.0,34400000.0,34400000.0,58000000.0,-35700000.0,2.982,0.474,7000000.0,1800000.0,5200000.0,7000000.0,600000.0,6900000.0,0.0,0.0,0.0,-34900000.0,-28000000.0,-0.198,-28000000.0,-34900000.0,-35700000.0,-0.5,-0.5,-0.5,74700000.0,74400000.0,74700000.0,1992042939.0,-57.0,-71.144,-19600000.0,-0.275,1.0,83600000.0,0.59,6900000.0,800000.0,48400000.0,59950000.0,10000000.0,14200000.0,14200000.0,0.0,35400000.0,27400000.0,8000000.0,2014242939.0,28600000.0,0.0,7600000.0,6600000.0,0.0,14200000.0,27000000.0,34000000.0,-12600000.0,0.0,-35700000.0,-35700000.0,-35700000.0,0.0,0.0,-0.252,118500000.0,-34900000.0,12600000.0,0.0,26.964,-56.421,-56.44,19700000.0,0.0,28.22,14.225,14.23,21600000.0,-472800000.0,141600000.0,141600000.0,40800000.0,-0.342,-0.48,-0.582,-0.246,22500000.0,77700000.0,1.0,71376433.0,71400000,71400000.0,1.983,103200000.0,0.0,0.0,0.0,1.445,54300000.0
32,DXCM,MRT,2013-06-30,2013-06-30,2013-06-30,2021-07-30,-100000.0,102300000.0,102474000.0,74200000.0,28100000.0,1.189,1.02,-7700000.0,29200000.0,29200000.0,57400000.0,-47000000.0,3.517,0.415,7000000.0,1200000.0,5800000.0,7000000.0,700000.0,7300000.0,0.0,0.0,0.0,-46400000.0,-39100000.0,-0.321,-39100000.0,-46400000.0,-47000000.0,-0.67,-0.67,-0.67,72300000.0,75788250.0,72300000.0,1574302630.0,-34.0,-40.263,-27900000.0,-0.394,1.0,64400000.0,0.529,7100000.0,600000.0,51900000.0,65133500.0,7300000.0,18200000.0,18200000.0,0.0,30000000.0,21100000.0,8900000.0,1587202630.0,22200000.0,0.0,7000000.0,6600000.0,0.0,13600000.0,28800000.0,36500000.0,-20200000.0,0.0,-47000000.0,-47000000.0,-47000000.0,0.0,0.0,-0.386,110800000.0,-46400000.0,9100000.0,0.0,21.953,-33.77,-33.507,19100000.0,0.0,22.45,13.031,13.068,17700000.0,-466800000.0,121800000.0,121800000.0,39300000.0,-0.459,-0.62,-0.712,-0.381,20800000.0,71500000.0,1.0,70699449.0,70900000,70900000.0,1.718,95200000.0,0.0,0.0,0.0,1.343,53100000.0
33,DXCM,MRT,2013-03-31,2013-03-31,2013-03-31,2021-07-30,-100000.0,98800000.0,104529500.0,71300000.0,27500000.0,1.047,1.054,-8600000.0,19900000.0,19900000.0,55700000.0,-51600000.0,4.401,0.342,7000000.0,700000.0,6300000.0,7000000.0,800000.0,7200000.0,0.0,0.0,0.0,-51200000.0,-44000000.0,-0.402,-44000000.0,-51200000.0,-51600000.0,-0.74,-0.74,-0.74,73600000.0,80540250.0,73600000.0,1161275660.0,-23.0,-26.393,-36000000.0,-0.516,1.0,53700000.0,0.491,7200000.0,400000.0,62500000.0,71886750.0,7500000.0,26400000.0,26400000.0,0.0,25200000.0,16200000.0,9000000.0,1163375660.0,13700000.0,0.0,5200000.0,6600000.0,0.0,11800000.0,29300000.0,37900000.0,-27400000.0,0.0,-51600000.0,-51600000.0,-51600000.0,0.0,0.0,-0.472,104900000.0,-51200000.0,7500000.0,0.0,15.807,-22.546,-22.595,18300000.0,0.0,16.72,10.634,10.668,16300000.0,-456700000.0,109400000.0,109400000.0,38200000.0,-0.494,-0.641,-0.712,-0.468,19300000.0,66700000.0,1.0,69579884.0,69800000,69800000.0,1.567,91600000.0,0.0,0.0,0.0,1.312,55100000.0
34,DXCM,MRT,2012-12-31,2012-12-31,2012-12-31,2021-07-30,-100000.0,106000000.0,109320000.0,77600000.0,28400000.0,0.914,1.121,-9500000.0,9100000.0,9100000.0,53300000.0,-54500000.0,3.979,0.377,7000000.0,200000.0,6800000.0,7000000.0,2000000.0,6600000.0,0.0,0.0,0.0,-55600000.0,-49000000.0,-0.49,-49000000.0,-55600000.0,-55800000.0,-0.79,-0.79,-0.79,77000000.0,87028000.0,77000000.0,935820277.0,-17.0,-19.098,-42600000.0,-0.62,1.0,46600000.0,0.466,7400000.0,200000.0,77000000.0,78250750.0,7400000.0,40600000.0,40600000.0,0.0,29000000.0,19500000.0,9500000.0,941603277.0,5500000.0,0.0,3600000.0,6600000.0,0.0,10200000.0,28400000.0,37900000.0,-33100000.0,0.0,-54500000.0,-54500000.0,-54500000.0,0.0,0.0,-0.546,102300000.0,-55700000.0,8700000.0,0.0,12.229,-17.277,-17.203,18900000.0,0.0,13.59,9.425,9.346,19500000.0,-445600000.0,99900000.0,99900000.0,38300000.0,-0.499,-0.626,-0.711,-0.557,18400000.0,64000000.0,1.0,69286481.0,68700000,68700000.0,1.454,98600000.0,0.0,-1300000.0,0.0,1.435,58100000.0
35,DXCM,MRT,2012-09-30,2012-09-30,2012-09-30,2021-07-30,-93000.0,102796000.0,112945000.0,75571000.0,27225000.0,0.788,1.161,-11643000.0,5783000.0,5783000.0,49306000.0,-58305000.0,3.704,0.281,0.0,0.0,0.0,0.0,1791000.0,5904000.0,0.0,0.0,0.0,-59615000.0,-53711000.0,-0.603,-53711000.0,-59615000.0,-59605000.0,-0.85,-0.85,-0.85,80253000.0,93903000.0,80253000.0,1030486184.0,-17.0,-19.186,-45687000.0,-0.661,1.0,39749000.0,0.446,7475000.0,-10000.0,69134000.0,84575750.0,7141000.0,48641000.0,48641000.0,0.0,22543000.0,20404000.0,2139000.0,1037510184.0,-12734000.0,0.0,2938000.0,25000.0,0.0,2963000.0,18325000.0,29968000.0,-34044000.0,22000.0,-58305000.0,-58305000.0,-58305000.0,0.0,0.0,-0.655,99382000.0,-59633000.0,10520000.0,0.0,12.928,-17.795,-17.682,18613000.0,0.0,15.03,11.65,11.662,12357000.0,-437142000.0,89055000.0,89055000.0,37785000.0,-0.516,-0.621,-0.705,-0.669,17467000.0,61597000.0,1.0,69029287.0,69100000,69100000.0,1.289,95321000.0,0.0,-1300000.0,0.0,1.379,55167000.0
36,DXCM,MRT,2012-06-30,2012-06-30,2012-06-30,2021-07-30,-88000.0,110522000.0,119444250.0,83993000.0,26529000.0,0.705,1.331,-10249000.0,7024000.0,7024000.0,44696000.0,-54283000.0,4.952,0.21,0.0,0.0,0.0,0.0,2201000.0,4802000.0,0.0,0.0,0.0,-55592000.0,-50790000.0,-0.603,-50790000.0,-55592000.0,-55583000.0,-0.8,-0.8,-0.8,91308000.0,102106000.0,91308000.0,882243766.0,-16.0,-17.37,-45034000.0,-0.656,1.0,39513000.0,0.469,7624000.0,-9000.0,78913000.0,91189250.0,7378000.0,55203000.0,55203000.0,0.0,19214000.0,16961000.0,2253000.0,888401766.0,-27900000.0,0.0,2671000.0,-50000.0,0.0,2621000.0,4223000.0,14472000.0,-34785000.0,41000.0,-54283000.0,-54283000.0,-54283000.0,0.0,0.0,-0.645,95154000.0,-55641000.0,7532000.0,0.0,9.73,-16.366,-16.2,17768000.0,0.0,12.96,10.55,10.558,12900000.0,-419879000.0,84209000.0,84209000.0,35716000.0,-0.454,-0.532,-0.61,-0.66,16295000.0,59438000.0,1.0,68549519.0,68600000,68600000.0,1.228,102898000.0,0.0,-1300000.0,0.0,1.5,67032000.0
37,DXCM,MRT,2012-03-31,2012-03-31,2012-03-31,2021-07-30,-103000.0,117962000.0,125906000.0,92822000.0,25140000.0,0.653,1.468,-8509000.0,6158000.0,6158000.0,42042000.0,-46950000.0,5.774,0.185,0.0,0.0,0.0,0.0,2679000.0,4194000.0,0.0,0.0,0.0,-48256000.0,-44062000.0,-0.536,-44062000.0,-48256000.0,-48250000.0,-0.7,-0.7,-0.7,99551000.0,109672750.0,99551000.0,701890725.0,-15.0,-15.93,-39520000.0,-0.583,1.0,40184000.0,0.489,7772000.0,-6000.0,87956000.0,93339750.0,8044000.0,65065000.0,65065000.0,0.0,18411000.0,16076000.0,2335000.0,705382725.0,1384000.0,0.0,74112000.0,-275000.0,0.0,73837000.0,-41476000.0,-32967000.0,-31011000.0,34000.0,-46950000.0,-46950000.0,-46950000.0,0.0,0.0,-0.571,88514000.0,-48330000.0,7980000.0,0.0,7.086,-15.024,-14.9,16206000.0,0.0,10.43,8.579,8.6,12543000.0,-405188000.0,82226000.0,82226000.0,32732000.0,-0.373,-0.428,-0.517,-0.587,15052000.0,55782000.0,1.0,67630175.0,67800000,67800000.0,1.213,110190000.0,0.0,-1300000.0,0.0,1.625,76746000.0
38,DXCM,MRT,2011-12-31,2011-12-31,2011-12-31,2021-07-30,-100000.0,120500000.0,113054250.0,104500000.0,16000000.0,0.675,1.593,-8000000.0,3500000.0,3500000.0,40400000.0,-44700000.0,7.109,0.153,0.0,0.0,0.0,0.0,1900000.0,3800000.0,0.0,0.0,0.0,-44700000.0,-40900000.0,-0.536,-40900000.0,-44700000.0,-44700000.0,-0.68,-0.68,-0.68,104500000.0,98125500.0,104500000.0,610059303.0,-14.0,-14.916,-38100000.0,-0.581,1.0,35900000.0,0.471,0.0,0.0,102300000.0,83842250.0,8200000.0,79400000.0,79400000.0,0.0,16000000.0,14700000.0,1300000.0,628521303.0,-2300000.0,0.0,74700000.0,-500000.0,0.0,74200000.0,-46400000.0,-38400000.0,-30100000.0,0.0,-44700000.0,-44700000.0,-44700000.0,0.0,0.0,-0.586,80700000.0,-44800000.0,6300000.0,0.0,6.015,-14.061,-13.691,15000000.0,0.0,9.31,8.238,8.004,12500000.0,-391100000.0,76300000.0,76300000.0,29600000.0,-0.395,-0.456,-0.533,-0.586,13500000.0,51100000.0,1.0,67510344.0,65600000,65600000.0,1.163,120500000.0,0.0,0.0,0.0,1.837,89800000.0
39,DXCM,MRT,2011-09-30,2011-09-30,2011-09-30,2021-07-30,-94000.0,128793000.0,102220250.0,115232000.0,13561000.0,0.679,1.678,-6823000.0,18462000.0,18462000.0,37353000.0,-42337000.0,7.816,0.139,0.0,0.0,0.0,0.0,1737000.0,3380000.0,0.0,0.0,0.0,-42367000.0,-38987000.0,-0.561,-38987000.0,-42367000.0,-42337000.0,-0.66,-0.66,-0.66,113065000.0,87248750.0,113065000.0,772922740.0,-18.0,-19.825,-38867000.0,-0.577,1.0,32097000.0,0.462,0.0,-30000.0,95588000.0,72256500.0,6455000.0,79794000.0,79794000.0,0.0,15728000.0,14743000.0,985000.0,808000740.0,11982000.0,0.0,108101000.0,-750000.0,0.0,107351000.0,-63344000.0,-56521000.0,-32044000.0,19000.0,-42337000.0,-42337000.0,-42337000.0,0.0,0.0,-0.61,74560000.0,-42463000.0,6045000.0,0.0,7.146,-19.085,-18.182,12524000.0,0.0,12.0,11.634,11.645,9003000.0,-378873000.0,69450000.0,69450000.0,28390000.0,-0.414,-0.485,-0.586,-0.61,11970000.0,46170000.0,1.0,67333395.0,67397000,67397000.0,1.03,128793000.0,0.0,0.0,0.0,1.911,100489000.0
40,DXCM,MRT,2011-06-30,2011-06-30,2011-06-30,2021-07-30,-101000.0,136369000.0,83548250.0,123980000.0,12389000.0,0.752,1.868,-7410000.0,35153000.0,35153000.0,35451000.0,-42457000.0,9.0,0.122,75000.0,75000.0,0.0,75000.0,2333000.0,3010000.0,0.0,0.0,0.0,-42444000.0,-39434000.0,-0.627,-39434000.0,-42444000.0,-42457000.0,-0.69,-0.69,-0.69,121575000.0,67793500.0,121575000.0,899188752.0,-21.0,-22.802,-42183000.0,-0.648,1.0,27409000.0,0.436,0.0,13000.0,87515000.0,55954250.0,6258000.0,71139000.0,71139000.0,0.0,14794000.0,13776000.0,1018000.0,904182752.0,27787000.0,0.0,108918000.0,-900000.0,0.0,108018000.0,-45415000.0,-38005000.0,-34773000.0,-43000.0,-42457000.0,-42457000.0,-42457000.0,0.0,0.0,-0.675,69626000.0,-42217000.0,4965000.0,0.0,7.437,-21.296,-21.0,12016000.0,0.0,14.49,14.384,15.005,8694000.0,-365595000.0,62860000.0,62860000.0,26320000.0,-0.508,-0.626,-0.759,-0.675,10559000.0,43306000.0,1.0,62400466.0,65096000,65096000.0,0.966,136369000.0,0.0,0.0,0.0,2.095,110204000.0
41,DXCM,MRT,2011-03-31,2011-03-31,2011-03-31,2021-07-30,-83000.0,66555000.0,64597250.0,54432000.0,12123000.0,0.824,0.858,-7733000.0,5294000.0,5294000.0,33172000.0,-46777000.0,4.694,0.247,300000.0,300000.0,0.0,300000.0,2929000.0,2706000.0,0.0,0.0,0.0,-46570000.0,-43864000.0,-0.824,-43864000.0,-46570000.0,-46777000.0,-0.78,-0.78,-0.78,53362000.0,47654250.0,53362000.0,959392628.0,-21.0,-21.872,-49285000.0,-0.793,1.0,20057000.0,0.377,0.0,207000.0,49966000.0,44320500.0,6425000.0,33526000.0,33526000.0,0.0,13193000.0,11595000.0,1598000.0,965470628.0,-6907000.0,0.0,38374000.0,-900000.0,0.0,37474000.0,-2803000.0,4930000.0,-41552000.0,-26000.0,-46777000.0,-46777000.0,-46777000.0,0.0,0.0,-0.879,66153000.0,-46096000.0,4234000.0,0.0,18.093,-20.64,-19.897,11748000.0,0.0,15.52,18.138,18.13,7158000.0,-358228000.0,53229000.0,53229000.0,24729000.0,-0.724,-0.982,-1.051,-0.875,9673000.0,41424000.0,1.0,62208159.0,62179000,62179000.0,0.856,66555000.0,0.0,0.0,0.0,1.07,42837000.0
42,DXCM,MRT,2010-12-31,2010-12-31,2010-12-31,2021-07-30,-66000.0,77164000.0,65037000.0,65361000.0,11803000.0,0.747,1.072,-6900000.0,6603000.0,6603000.0,30200000.0,-55200000.0,4.32,0.265,525000.0,525000.0,0.0,525000.0,3524000.0,2400000.0,0.0,0.0,0.0,-53700000.0,-51300000.0,-1.056,-51300000.0,-53700000.0,-55200000.0,-0.97,-0.97,-0.97,60993000.0,45995500.0,60993000.0,794997374.0,-15.0,-15.497,-49600000.0,-0.872,1.0,18400000.0,0.379,0.0,1500000.0,55957000.0,43195250.0,8112000.0,42224000.0,42224000.0,0.0,16171000.0,15129000.0,1042000.0,801715374.0,1300000.0,0.0,70500000.0,-900000.0,0.0,69600000.0,-25600000.0,-18700000.0,-42700000.0,0.0,-55200000.0,-55200000.0,-55200000.0,0.0,0.0,-1.136,63700000.0,-45300000.0,5350000.0,0.0,13.144,-14.524,-14.072,10763000.0,0.0,13.65,16.496,15.981,6671000.0,-346378000.0,48600000.0,48600000.0,23200000.0,-0.849,-1.2,-1.243,-1.105,9400000.0,40500000.0,1.0,58733727.0,56900000,56900000.0,0.854,77164000.0,0.0,0.0,0.0,1.356,50232000.0
43,DXCM,MRT,2010-09-30,2010-09-30,2010-09-30,2021-07-30,-39000.0,54105000.0,57483000.0,44488000.0,9617000.0,0.756,0.606,-4695000.0,7468000.0,7468000.0,27905000.0,-56887000.0,2.616,0.535,750000.0,750000.0,0.0,750000.0,4441000.0,2186000.0,0.0,0.0,0.0,-53249000.0,-51063000.0,-1.175,-51063000.0,-53249000.0,-56887000.0,-1.08,-1.08,-1.08,35244000.0,26136000.0,35244000.0,761690044.0,-14.0,-14.917,-43080000.0,-0.74,1.0,15561000.0,0.358,0.0,3638000.0,30379000.0,46410500.0,6353000.0,24380000.0,24380000.0,0.0,18861000.0,17008000.0,1853000.0,765761044.0,-833000.0,0.0,37140000.0,-900000.0,0.0,36240000.0,1358000.0,6053000.0,-38385000.0,-46000.0,-56887000.0,-56887000.0,-56887000.0,0.0,0.0,-1.309,60427000.0,-44866000.0,7075000.0,0.0,21.727,-13.461,-12.241,9240000.0,0.0,13.22,17.617,17.701,5102000.0,-336566000.0,43466000.0,43466000.0,20497000.0,-0.99,-2.177,-1.147,-1.225,9517000.0,39930000.0,1.0,57924436.0,58200000,58200000.0,0.747,54105000.0,0.0,0.0,0.0,0.93,27480000.0
44,DXCM,MRT,2010-06-30,2010-06-30,2010-06-30,2021-07-30,-5000.0,60565000.0,57445750.0,50443000.0,10122000.0,0.68,0.713,-3427000.0,8254000.0,8254000.0,26111000.0,-57012000.0,3.251,0.477,4183000.0,900000.0,3283000.0,4183000.0,4047000.0,2147000.0,0.0,0.0,0.0,-51381000.0,-49234000.0,-1.26,-49234000.0,-51381000.0,-57012000.0,-1.14,-1.14,-1.14,41018000.0,15049750.0,41018000.0,656966234.0,-13.0,-13.344,-42150000.0,-0.732,1.0,12950000.0,0.332,0.0,5631000.0,40980000.0,57066500.0,4087000.0,33991000.0,33991000.0,0.0,19547000.0,15514000.0,4033000.0,663987234.0,1882000.0,0.0,35633000.0,-1244000.0,0.0,34389000.0,6214000.0,9641000.0,-38723000.0,2000.0,-57012000.0,-57012000.0,-57012000.0,0.0,0.0,-1.46,56333000.0,-43383000.0,5684000.0,0.0,16.188,-11.646,-10.14,7775000.0,0.0,11.56,16.999,17.033,4661000.0,-323168000.0,39061000.0,39061000.0,17832000.0,-0.992,-3.788,-0.9,-1.315,9330000.0,38501000.0,1.0,57438342.0,57554000,57554000.0,0.679,60565000.0,0.0,0.0,0.0,1.052,34929000.0
45,DXCM,MRT,2010-03-31,2010-03-31,2010-03-31,2021-07-30,-40000.0,68314000.0,58579750.0,59009000.0,9305000.0,0.581,0.911,-2698000.0,12889000.0,12889000.0,26643000.0,-60655000.0,3.728,0.462,5868000.0,900000.0,4968000.0,5868000.0,5768000.0,2221000.0,0.0,0.0,0.0,-53239000.0,-51018000.0,-1.499,-51018000.0,-53239000.0,-60655000.0,-1.27,-1.27,-1.27,46727000.0,5289500.0,46727000.0,554501755.0,-10.0,-10.869,-43152000.0,-0.841,1.0,7383000.0,0.217,0.0,7416000.0,45465000.0,68314500.0,3851000.0,39221000.0,39221000.0,0.0,21587000.0,15828000.0,5759000.0,513835755.0,1424000.0,0.0,34314000.0,-1588000.0,0.0,32726000.0,9186000.0,11884000.0,-40454000.0,-34000.0,-60655000.0,-60655000.0,-60655000.0,0.0,0.0,-1.783,52953000.0,-45570000.0,5112000.0,0.0,10.997,-8.471,-7.669,6880000.0,0.0,9.74,15.101,14.682,3801000.0,-311481000.0,34026000.0,34026000.0,15862000.0,-1.035,-11.467,-0.779,-1.565,8600000.0,37091000.0,1.0,52755211.0,51291000,51291000.0,0.663,68314000.0,0.0,0.0,0.0,1.332,43181000.0
46,DXCM,MRT,2009-12-31,2009-12-31,2009-12-31,2021-07-30,-13000.0,46948000.0,60987750.0,36920000.0,10028000.0,0.487,-0.416,-2690000.0,5991000.0,5991000.0,26032000.0,-53524000.0,1.964,-3.545,46657000.0,900000.0,45757000.0,46657000.0,7745000.0,2373000.0,0.0,0.0,0.0,-45479000.0,-43106000.0,-1.452,-43106000.0,-45479000.0,-53524000.0,-1.21,-1.21,-1.21,-18445000.0,-2603750.0,-18445000.0,408058279.0,-9.0,-9.466,-42079000.0,-0.949,1.0,3661000.0,0.123,0.0,8045000.0,68818000.0,80514500.0,2641000.0,24439000.0,24439000.0,0.0,65393000.0,18796000.0,46597000.0,371476279.0,-9123000.0,0.0,46310000.0,-1931000.0,0.0,44379000.0,-14104000.0,-11414000.0,-39389000.0,-9000.0,-53524000.0,-53524000.0,-53524000.0,0.0,0.0,-1.803,49494000.0,-45833000.0,5745000.0,0.0,-20.14,-6.94,-6.669,6422000.0,0.0,8.07,12.511,12.053,3490000.0,-291208000.0,29693000.0,29693000.0,14294000.0,-0.878,20.557,-0.565,-1.532,8366000.0,35200000.0,1.0,46031757.0,44347000,44347000.0,0.67,46948000.0,0.0,0.0,0.0,1.059,18124000.0
47,DXCM,MRT,2009-09-30,2009-09-30,2009-09-30,2021-07-30,36000.0,53956000.0,60221250.0,43376000.0,10580000.0,0.387,-0.198,-2960000.0,9001000.0,9001000.0,24559000.0,-56440000.0,2.474,-6.929,45583000.0,900000.0,44683000.0,45583000.0,8702000.0,2671000.0,0.0,0.0,0.0,-48619000.0,-45948000.0,-1.972,-45948000.0,-48619000.0,-56440000.0,-1.44,-1.44,-1.44,-9101000.0,-2859500.0,-9101000.0,401540761.0,-8.0,-8.739,-30650000.0,-0.667,1.0,-1264000.0,-0.054,0.0,7821000.0,73003000.0,77220750.0,1932000.0,31356000.0,31356000.0,0.0,63057000.0,17535000.0,45522000.0,364045761.0,1720000.0,0.0,46297000.0,-2275000.0,0.0,44022000.0,-14609000.0,-11649000.0,-27690000.0,-3000.0,-56440000.0,-56440000.0,-56440000.0,0.0,0.0,-2.423,47845000.0,-49109000.0,4373000.0,0.0,-40.001,-6.45,-5.507,6731000.0,0.0,7.93,15.628,15.632,2487000.0,-279679000.0,23295000.0,23295000.0,14693000.0,-0.937,19.738,-0.63,-2.087,8188000.0,33152000.0,1.0,45907410.0,45919000,45919000.0,0.507,53956000.0,0.0,0.0,0.0,1.175,25841000.0
48,DXCM,MRT,2009-06-30,2009-06-30,2009-06-30,2021-07-30,63000.0,65101000.0,57501000.0,54123000.0,10978000.0,0.312,0.043,-2744000.0,7416000.0,7416000.0,22005000.0,-58548000.0,3.256,31.929,44911000.0,1244000.0,43667000.0,44911000.0,10057000.0,2792000.0,0.0,0.0,0.0,-50908000.0,-48116000.0,-2.68,-48116000.0,-50908000.0,-58548000.0,-1.68,-1.68,-1.68,1977000.0,-7407500.0,1977000.0,315482868.0,-6.0,-6.557,-32243000.0,-0.704,1.0,-4049000.0,-0.225,0.0,7640000.0,85972000.0,81393000.0,1363000.0,44666000.0,44666000.0,0.0,63124000.0,16624000.0,46500000.0,284166868.0,-755000.0,0.0,46338000.0,-2275000.0,0.0,44063000.0,-15310000.0,-12566000.0,-29499000.0,-9000.0,-58548000.0,-58548000.0,-58548000.0,0.0,0.0,-3.261,47471000.0,-51520000.0,4118000.0,0.0,143.736,-4.854,-3.685,6495000.0,0.0,6.19,15.826,15.8,2067000.0,-266156000.0,17956000.0,17956000.0,16615000.0,-1.018,7.904,-0.625,-2.835,7845000.0,30856000.0,1.0,45907410.0,45832000,45832000.0,0.392,65101000.0,0.0,0.0,0.0,1.42,37499000.0
49,DXCM,MRT,2009-03-31,2009-03-31,2009-03-31,2021-07-30,13000.0,77946000.0,55489000.0,66506000.0,11440000.0,0.238,0.383,-2382000.0,12978000.0,12978000.0,17599000.0,-58184000.0,4.435,4.144,44294000.0,1588000.0,42706000.0,44294000.0,11621000.0,2833000.0,0.0,0.0,0.0,-50708000.0,-47875000.0,-3.63,-47875000.0,-50708000.0,-58184000.0,-1.86,-1.86,-1.86,15154000.0,-11578750.0,15154000.0,236444959.0,-5.0,-4.939,-32746000.0,-0.828,1.0,-4412000.0,-0.335,0.0,7476000.0,94265000.0,85541750.0,2365000.0,52176000.0,52176000.0,0.0,62792000.0,14997000.0,47795000.0,190058959.0,-14676000.0,0.0,46519000.0,-2275000.0,0.0,44244000.0,-28573000.0,-26191000.0,-30364000.0,17000.0,-58184000.0,-58184000.0,-58184000.0,0.0,0.0,-4.412,47108000.0,-51520000.0,3774000.0,0.0,12.542,-3.267,-2.226,6403000.0,0.0,4.14,14.413,12.423,1345000.0,-250826000.0,13187000.0,13187000.0,17957000.0,-1.049,5.025,-0.593,-3.845,7776000.0,29151000.0,1.0,45907961.0,39569000,39569000.0,0.333,77946000.0,0.0,0.0,0.0,1.97,51509000.0
50,DXCM,MRT,2008-12-31,2008-12-31,2008-12-31,2021-07-30,50000.0,43882000.0,53243000.0,32058000.0,11824000.0,0.185,-0.66,-2492000.0,16970000.0,16970000.0,15367000.0,-58856000.0,2.138,-3.254,43727000.0,1931000.0,41796000.0,43727000.0,12020000.0,3036000.0,0.0,0.0,0.0,-51573000.0,-48537000.0,-4.934,-48537000.0,-51573000.0,-58856000.0,-2.0,-2.0,-2.0,-19468000.0,-16090250.0,-19468000.0,136658069.0,-3.0,-2.816,-39943000.0,-1.355,1.0,-5529000.0,-0.562,0.0,7283000.0,55643000.0,85975250.0,2446000.0,14368000.0,14368000.0,0.0,63350000.0,14996000.0,48354000.0,82214069.0,-10415000.0,0.0,1762000.0,950000.0,0.0,2712000.0,24324000.0,26816000.0,-37451000.0,0.0,-58856000.0,-58856000.0,-58856000.0,0.0,0.0,-5.983,47298000.0,-52827000.0,4599000.0,0.0,-4.223,-1.397,-1.38,6105000.0,0.0,2.76,8.357,8.272,1118000.0,-237684000.0,9838000.0,9838000.0,19629000.0,-1.105,3.658,-0.6,-5.242,7683000.0,27669000.0,1.0,29787706.0,29487000,29487000.0,0.334,43882000.0,0.0,0.0,0.0,1.488,17062000.0
51,DXCM,MRT,2008-09-30,2008-09-30,2008-09-30,2021-07-30,-81000.0,43075000.0,61587250.0,29784000.0,13291000.0,0.118,-0.921,-4656000.0,9481000.0,9481000.0,14130000.0,-59216000.0,3.805,-2.578,63925000.0,2275000.0,61650000.0,63925000.0,379000.0,3272000.0,0.0,0.0,0.0,-50329000.0,-47057000.0,-6.453,-47057000.0,-50329000.0,-59216000.0,-2.03,-2.03,-2.03,-27293000.0,-9444500.0,-27293000.0,237835261.0,-5.0,-5.054,-51797000.0,-1.748,1.0,-6838000.0,-0.938,0.0,8887000.0,89692000.0,98861750.0,2590000.0,20741000.0,20741000.0,0.0,70368000.0,7827000.0,62541000.0,183712261.0,-10534000.0,0.0,1903000.0,1108000.0,0.0,3011000.0,33597000.0,38253000.0,-47141000.0,-1000.0,-59216000.0,-59216000.0,-59216000.0,0.0,0.0,-8.121,45428000.0,-52266000.0,2663000.0,0.0,-6.731,-3.102,-3.049,6442000.0,0.0,6.19,25.194,25.15,429000.0,-217986000.0,7292000.0,7292000.0,19455000.0,-0.961,6.27,-0.509,-6.902,7584000.0,25973000.0,1.0,29678879.0,29627000,29627000.0,0.246,43075000.0,0.0,0.0,0.0,1.454,21957000.0
52,DXCM,MRT,2008-06-30,2008-06-30,2008-06-30,2021-07-30,-45000.0,57053000.0,72190750.0,42955000.0,14098000.0,0.091,-0.5,-4177000.0,10371000.0,10371000.0,13403000.0,-54969000.0,4.99,-4.879,64494000.0,2275000.0,62219000.0,64494000.0,421000.0,3199000.0,0.0,0.0,0.0,-47043000.0,-43844000.0,-6.647,-43844000.0,-47043000.0,-54969000.0,-1.9,-1.9,-1.9,-14708000.0,1709750.0,-14708000.0,213166050.0,-5.0,-4.862,-49707000.0,-1.691,1.0,-6807000.0,-1.032,0.0,7926000.0,102567000.0,108177750.0,2771000.0,32896000.0,32896000.0,0.0,71761000.0,8609000.0,63152000.0,178032050.0,-20921000.0,0.0,1834000.0,1333000.0,0.0,3167000.0,21442000.0,25619000.0,-45530000.0,0.0,-54969000.0,-54969000.0,-54969000.0,0.0,0.0,-8.334,42972000.0,-49779000.0,3736000.0,0.0,-12.104,-3.239,-3.179,6543000.0,0.0,6.04,26.991,26.91,568000.0,-203298000.0,6596000.0,6596000.0,17708000.0,-0.761,-32.15,-0.435,-7.132,7501000.0,25264000.0,1.0,29475505.0,29387000,29387000.0,0.224,57053000.0,0.0,0.0,0.0,1.941,34346000.0
53,DXCM,MRT,2008-03-31,2008-03-31,2008-03-31,2021-07-30,53000.0,68962000.0,82059250.0,53847000.0,15115000.0,0.067,-0.099,-4176000.0,29929000.0,29929000.0,12916000.0,-51339000.0,6.65,-24.846,65063000.0,2275000.0,62788000.0,65063000.0,463000.0,3141000.0,0.0,0.0,0.0,-44309000.0,-41168000.0,-7.517,-41168000.0,-44309000.0,-51339000.0,-1.79,-1.79,-1.79,-2892000.0,12056000.0,-2892000.0,160667408.0,-4.0,-3.903,-45432000.0,-1.554,1.0,-7439000.0,-1.358,0.0,7030000.0,95999000.0,114108500.0,1824000.0,26632000.0,26632000.0,0.0,71854000.0,8097000.0,63757000.0,122290408.0,-31876000.0,0.0,1589000.0,1179000.0,0.0,2768000.0,6612000.0,10788000.0,-41256000.0,0.0,-51339000.0,-51339000.0,-51339000.0,0.0,0.0,-9.374,40425000.0,-47864000.0,3245000.0,0.0,-42.286,-2.382,-2.313,6854000.0,0.0,4.14,22.328,22.093,321000.0,-189224000.0,5477000.0,5477000.0,16939000.0,-0.626,-4.258,-0.388,-8.09,6974000.0,23486000.0,1.0,29538746.0,29228000,29228000.0,0.187,68962000.0,0.0,0.0,0.0,2.359,45750000.0
54,DXCM,MRT,2007-12-31,2007-12-31,2007-12-31,2021-07-30,13000.0,77259000.0,91184000.0,67291000.0,9968000.0,0.051,0.251,-3443000.0,24029000.0,24029000.0,12736000.0,-48454000.0,7.966,9.859,62406000.0,1375000.0,61031000.0,62406000.0,0.0,2912000.0,0.0,0.0,0.0,-42894000.0,-39982000.0,-8.641,-39982000.0,-42894000.0,-48454000.0,-1.71,-1.71,-1.71,7115000.0,21879500.0,7115000.0,297425808.0,-7.0,-7.439,-36650000.0,-1.294,1.0,-8109000.0,-1.753,0.0,5560000.0,107189000.0,116752000.0,1139000.0,41208000.0,41208000.0,0.0,70144000.0,8447000.0,61697000.0,249851808.0,4948000.0,0.0,897000.0,45702000.0,0.0,46599000.0,-8444000.0,-5001000.0,-33207000.0,0.0,-48454000.0,-48454000.0,-48454000.0,0.0,0.0,-10.472,38567000.0,-46676000.0,4535000.0,0.0,35.116,-5.156,-5.164,6649000.0,0.0,8.83,53.999,54.032,215000.0,-176252000.0,4627000.0,4627000.0,16131000.0,-0.531,-2.215,-0.367,-9.27,6122000.0,22436000.0,1.0,28295788.0,28313000,28313000.0,0.163,77259000.0,0.0,0.0,0.0,2.729,58844000.0
55,DXCM,MRT,2007-09-30,2007-09-30,2007-09-30,2021-07-30,34000.0,85489000.0,88007500.0,77083000.0,8406000.0,0.045,0.612,-1359000.0,15176000.0,15176000.0,12479000.0,-44723000.0,12.622,3.935,62750000.0,1375000.0,61375000.0,62750000.0,0.0,2979000.0,0.0,0.0,0.0,-42546000.0,-39567000.0,-10.058,-39567000.0,-42546000.0,-44723000.0,-1.58,-1.58,-1.58,17324000.0,34307750.0,17324000.0,320914740.0,-8.0,-8.111,-37375000.0,-1.32,1.0,-8545000.0,-2.172,0.0,2177000.0,126956000.0,100730500.0,1035000.0,59103000.0,59103000.0,0.0,68165000.0,6107000.0,62058000.0,283704740.0,-8027000.0,0.0,747000.0,46439000.0,0.0,47186000.0,-19197000.0,-17838000.0,-36016000.0,0.0,-44723000.0,-44723000.0,-44723000.0,0.0,0.0,-11.368,37711000.0,-46256000.0,2088000.0,0.0,16.376,-6.344,-6.329,5058000.0,0.0,10.0,72.116,72.001,171000.0,-164023000.0,3934000.0,3934000.0,15664000.0,-0.508,-1.304,-0.422,-10.815,5735000.0,22047000.0,1.0,28370474.0,28325000,28325000.0,0.139,85489000.0,0.0,0.0,0.0,3.018,70976000.0
56,DXCM,MRT,2007-06-30,2007-06-30,2007-06-30,2021-07-30,-33000.0,96527000.0,85519282.0,87519000.0,9008000.0,0.042,0.943,-1849000.0,25884000.0,25884000.0,12755000.0,-46777000.0,11.752,2.618,63094000.0,1375000.0,61719000.0,63094000.0,0.0,2941000.0,0.0,0.0,0.0,-45495000.0,-42554000.0,-11.984,-42554000.0,-45495000.0,-46777000.0,-1.66,-1.66,-1.66,26677000.0,46563154.0,26677000.0,239659694.0,-5.0,-5.632,-36633000.0,-1.294,1.0,-9204000.0,-2.592,0.0,1282000.0,126290000.0,80879275.0,1254000.0,58316000.0,58316000.0,0.0,69850000.0,7447000.0,62403000.0,232049694.0,1906000.0,0.0,704000.0,47983000.0,0.0,48687000.0,-11997000.0,-10148000.0,-34784000.0,0.0,-46777000.0,-46777000.0,-46777000.0,0.0,0.0,-13.173,39805000.0,-49009000.0,3966000.0,0.0,8.698,-4.961,-4.934,5565000.0,0.0,8.19,65.348,65.269,126000.0,-152639000.0,3551000.0,3551000.0,16627000.0,-0.547,-1.005,-0.563,-12.812,5470000.0,23178000.0,1.0,28333296.0,28299000,28299000.0,0.125,96527000.0,0.0,0.0,0.0,3.411,80072000.0
57,DXCM,MRT,2007-03-31,2007-03-31,2007-03-31,2021-07-30,8000.0,105461000.0,82543042.0,96082000.0,9379000.0,0.038,1.29,-2637000.0,55828000.0,55828000.0,11940000.0,-46609000.0,14.786,1.897,63438000.0,1289000.0,62149000.0,63438000.0,0.0,2843000.0,0.0,0.0,0.0,-46249000.0,-43406000.0,-13.706,-43406000.0,-46249000.0,-46609000.0,-1.67,-1.67,-1.67,36402000.0,59395591.0,36402000.0,205723367.0,-4.0,-4.74,-43407000.0,-1.538,1.0,-8773000.0,-2.77,0.0,360000.0,106573000.0,63383232.0,1457000.0,37348000.0,37348000.0,0.0,69059000.0,6498000.0,62561000.0,221943433.0,35647000.0,0.0,48045000.0,50206000.0,0.0,98251000.0,-21834000.0,-19197000.0,-40770000.0,0.0,-46609000.0,-46609000.0,-46609000.0,0.0,0.0,-14.717,40600000.0,-49373000.0,3018000.0,0.0,6.097,-4.762,-4.707,5819000.0,0.0,7.86,70.08,70.045,198000.0,-141303000.0,3167000.0,3167000.0,17960000.0,-0.565,-0.785,-0.73,-14.603,5660000.0,22640000.0,1.0,28237078.0,28223000,28223000.0,0.112,105461000.0,0.0,0.0,0.0,3.737,89584000.0
58,DXCM,MRT,2006-12-31,2006-12-31,2006-12-31,2021-07-30,12000.0,64553000.0,68049713.0,57356000.0,7197000.0,0.032,2.087,-3352000.0,19246000.0,19246000.0,10959000.0,-46599000.0,10.967,0.136,3026000.0,908000.0,2118000.0,3026000.0,0.0,2697000.0,0.0,0.0,0.0,-46504000.0,-43807000.0,-20.188,-43807000.0,-46504000.0,-46599000.0,-1.71,-1.71,-1.71,56828000.0,60365549.0,56828000.0,255686657.0,-5.0,-5.837,-47087000.0,-1.729,1.0,-8789000.0,-4.05,0.0,95000.0,43103000.0,41762361.0,1413000.0,36341000.0,36341000.0,0.0,7725000.0,5230000.0,2495000.0,277103636.0,-19080000.0,0.0,48188000.0,3026000.0,0.0,51214000.0,-26559000.0,-23207000.0,-43735000.0,0.0,-46599000.0,-46599000.0,-46599000.0,0.0,0.0,-21.474,40530000.0,-49319000.0,2764000.0,0.0,4.876,-5.947,-5.766,6118000.0,0.0,9.86,127.698,123.754,120000.0,-130374000.0,2170000.0,2170000.0,19419000.0,-0.685,-0.772,-1.114,-21.43,5853000.0,21111000.0,1.0,28103817.0,27236000,27236000.0,0.08,64553000.0,0.0,0.0,0.0,2.37,52126000.0
59,DXCM,MRT,2006-09-30,2006-09-30,2006-09-30,2021-07-30,2386.0,75536126.0,66093028.0,67943646.0,7592480.0,0.02,2.364,-5123185.0,24116979.0,24116979.0,7561000.0,-47593196.0,10.345,0.139,2700000.0,540000.0,2160000.0,2700000.0,0.0,2004758.0,0.0,0.0,0.0,-47593196.0,-45588438.0,-34.149,-45588438.0,-47593196.0,-47593196.0,-1.83,-1.83,-1.83,66345618.0,58511565.0,66345618.0,288921538.0,-6.0,-6.338,-45544550.0,-1.623,1.0,-6226000.0,-4.664,0.0,0.0,47551101.0,34025386.0,1937111.0,41474292.0,41474292.0,0.0,9190508.0,6568046.0,2622462.0,312313410.0,-18917085.0,0.0,48147931.0,2700000.0,0.0,50847931.0,-29343651.0,-24220466.0,-40421365.0,0.0,-47593196.0,-47592964.0,-47592964.0,0.0,0.0,-35.65,43941049.0,-50167049.0,3064669.0,0.0,4.707,-6.562,-6.082,6678480.0,-232.0,11.13,233.943,234.009,119221.0,-119300239.0,1335000.0,1335000.0,26435362.0,-0.72,-0.813,-1.399,-35.65,4679865.0,17505687.0,1.0,28060504.0,28068427,28068427.0,0.048,75536126.0,0.0,0.0,0.0,2.691,61375600.0
60,DXCM,MRT,2006-06-30,2006-06-30,2006-06-30,2021-07-30,-62740.0,84622044.0,63278355.0,77050841.0,7571203.0,0.008,2.881,-5927497.0,24891872.0,24891872.0,4172000.0,-40484817.0,15.647,0.085,1500000.0,150000.0,1350000.0,1500000.0,0.0,1751694.0,0.0,0.0,0.0,-40484817.0,-38733123.0,-78.407,-38733123.0,-40484817.0,-40484817.0,-1.6,-1.6,-1.6,78006745.0,57204356.0,78006745.0,327968642.0,-8.0,-8.467,-43171872.0,-1.594,1.0,-3678000.0,-7.445,0.0,0.0,56305826.0,26884984.0,3207629.0,48365007.0,48365007.0,0.0,6615299.0,4924346.0,1690953.0,348399151.0,-27513240.0,0.0,47844898.0,1500000.0,0.0,49344898.0,-39613763.0,-33686266.0,-37244375.0,0.0,-40484817.0,-40484585.0,-40484585.0,0.0,0.0,-81.953,39094102.0,-42772102.0,2216212.0,0.0,4.466,-8.606,-8.488,6657203.0,-232.0,13.58,705.261,744.429,91404.0,-105862468.0,494000.0,494000.0,26844355.0,-0.64,-0.708,-1.506,-81.953,3643706.0,12249747.0,1.0,25655313.0,27080115,27080115.0,0.018,84622044.0,0.0,0.0,0.0,3.125,72126495.0
61,DXCM,MRT,2006-03-31,2006-03-31,2006-03-31,2021-07-30,-15882.0,47487683.0,59641994.0,41161225.0,6326458.0,0.0,1.576,-5494674.0,20430509.0,20430509.0,2081000.0,-35701065.0,5.907,0.179,0.0,0.0,0.0,0.0,0.0,1397394.0,0.0,0.0,0.0,-35701065.0,-34303671.0,-2286.911,-34303671.0,-35701065.0,-35701065.0,-1.48,-1.48,-1.48,40281834.0,54467961.0,40281834.0,479831038.0,-13.0,-13.988,-34315824.0,-1.343,1.0,-2066000.0,-137.733,0.0,0.0,20089517.0,16675424.0,1919521.0,18493781.0,18493781.0,0.0,7205849.0,6967657.0,238192.0,517328102.0,7548857.0,0.0,51066481.0,0.0,0.0,51458179.0,-15088172.0,-9593498.0,-28821150.0,0.0,-35701065.0,-35716075.0,-35716075.0,0.0,0.0,-2381.072,35644328.0,-37710328.0,4821490.0,0.0,12.843,-14.484,-13.696,6026458.0,15010.0,20.27,34488.54,34535.635,0.0,-94693648.0,15000.0,15000.0,26828923.0,-0.599,-0.656,-2.141,-2380.071,2489280.0,8815405.0,1.0,25521860.0,25556603,25556603.0,0.001,47487683.0,0.0,0.0,0.0,1.858,34193568.0
62,DXCM,MRT,2005-12-31,2005-12-31,2005-12-31,2021-07-30,-11928.0,56726258.0,54111270.0,51012767.0,5713491.0,0.0,2.608,-4677000.0,37497064.0,37497064.0,0.0,-30768000.0,7.211,0.148,0.0,0.0,0.0,0.0,0.0,1065000.0,0.0,0.0,0.0,-30768000.0,-29703000.0,,-29703000.0,-30768000.0,-30768000.0,-1.63,-1.63,-1.63,49412063.0,30735690.0,49412063.0,336273645.0,-11.0,-11.321,-27231000.0,-1.437,1.0,0.0,,0.0,0.0,12155098.0,16083783.0,0.0,13277688.0,13277688.0,0.0,7314195.0,7074096.0,240099.0,378642938.0,10017000.0,0.0,50741000.0,0.0,0.0,50741000.0,-18170000.0,-13493000.0,-22554000.0,0.0,-30768000.0,-30890000.0,-30890000.0,0.0,0.0,,32430000.0,-32430000.0,6184734.0,0.0,7.663,-12.258,-9.153,5463491.0,122000.0,14.92,,,0.0,-83774591.0,0.0,0.0,26770000.0,-0.571,-1.005,-1.913,,1786000.0,5660000.0,1.0,25378213.0,18944000,18944000.0,0.0,56726258.0,0.0,0.0,0.0,2.994,43938671.0
63,DXCM,MRT,2005-09-30,2005-09-30,2005-09-30,2021-07-30,-21003.0,64277435.0,47269176.0,60466970.0,3810465.0,0.0,2.41,-2556579.0,42369293.0,42369293.0,0.0,-22489471.0,20.717,0.052,0.0,0.0,0.0,0.0,0.0,848055.0,0.0,0.0,0.0,-22489471.0,-21641416.0,,-21641416.0,-22489471.0,-22489471.0,-4.88,-4.88,-4.88,61116781.0,6055192.0,61116781.0,243075371.0,-11.0,-11.232,-21679380.0,-0.855,1.0,0.0,,0.0,0.0,18989496.0,13135120.0,0.0,17335007.0,17335007.0,0.0,3160654.0,2918646.0,242008.0,294815819.0,32883379.0,0.0,50731336.0,0.0,0.0,72087230.0,-20081050.0,-17544534.0,-19122801.0,0.0,-22489471.0,-23420331.0,-23420331.0,0.0,0.0,,23625736.0,-23625736.0,1969243.0,0.0,4.824,-12.588,-2.381,3560465.0,930860.0,11.62,,,0.0,-71706965.0,0.0,0.0,19098500.0,-0.495,-3.868,-1.712,,1773474.0,4527236.0,1.0,25371413.0,25354432,25354432.0,0.0,64277435.0,0.0,0.0,0.0,2.535,57548324.0
64,DXCM,MRT,2005-06-30,2005-06-30,2005-06-30,2021-07-30,-21456.0,70076599.0,,67344510.0,2732089.0,,3.029,-1520199.0,51740448.0,51740448.0,0.0,-19994281.0,23.477,0.045,0.0,0.0,0.0,0.0,0.0,649839.0,0.0,0.0,0.0,-19994281.0,-19344442.0,,-19344442.0,-19994281.0,-19994281.0,-6.64,-6.64,-6.64,67061167.0,,67061167.0,309637197.0,-15.0,-16.007,-18973357.0,-0.857,1.0,0.0,,0.0,0.0,15467584.0,,0.0,15094016.0,15094016.0,0.0,3015432.0,2868567.0,146865.0,314481348.0,37952412.0,0.0,50775546.0,0.0,0.0,72131440.0,-16725870.0,-15225734.0,-17453158.0,0.0,-19994281.0,-21733769.0,-21733769.0,0.0,0.0,,20635197.0,-20635197.0,2136014.0,0.0,4.689,-14.47,-1.867,2482089.0,1739488.0,12.4,,,0.0,-65377344.0,0.0,0.0,17575964.0,,,,,1425122.0,3059233.0,1.0,25361399.0,22140149,22140149.0,0.0,70076599.0,0.0,0.0,0.0,3.165,64475943.0
65,DXCM,MRT,2005-03-31,2005-03-31,2005-03-31,2021-07-30,-8634.0,25364787.0,,21909789.0,3454998.0,,-21.2,-1886473.0,4844151.0,4844151.0,0.0,-16776279.0,7.831,-1.464,0.0,0.0,0.0,0.0,0.0,552817.0,0.0,,0.0,-16776279.0,-16223462.0,,-16223462.0,-16776279.0,-16776279.0,-8.1,-8.1,-8.1,-54647250.0,,-54647250.0,,,,-16601241.0,-6.44,1.0,0.0,,0.0,0.0,17722955.0,,0.0,17107586.0,17107586.0,0.0,80012037.0,2797681.0,77214356.0,,-4473416.0,0.0,198478.0,0.0,0.0,21162674.0,-10921322.0,-9052502.0,-14714768.0,0.0,-16776279.0,-19309153.0,-19309153.0,0.0,0.0,,16992285.0,-16992285.0,1202846.0,0.0,,,,1928612.0,2532874.0,,,,0.0,-58977854.0,0.0,0.0,15052137.0,,,,,987756.0,1940148.0,1.0,26616559.0,2577644,2577644.0,0.0,25364787.0,0.0,0.0,0.0,9.84,19112108.0
66,DXCM,MRT,2004-12-31,2004-12-31,2004-12-31,2021-07-30,0.0,29357881.0,25062431.0,27272989.0,2084892.0,0.0,-21.567,-1757523.0,27429208.0,27429208.0,0.0,-13946464.0,17.391,-1.595,0.0,0.0,0.0,0.0,0.0,486805.0,0.0,,0.0,-13946464.0,-13459659.0,,-13459659.0,-13946464.0,-13946464.0,-7.51,-7.51,-7.51,-49309930.0,-40955391.0,-49309930.0,,,,-14186144.0,-6.205,1.0,0.0,,0.0,0.0,360443.0,63670.0,0.0,0.0,0.0,0.0,78667811.0,1568230.0,77099581.0,,7213022.0,0.0,23209.0,0.0,0.0,21379103.0,-1737460.0,0.0,-12428621.0,0.0,-13946464.0,-17180976.0,-17180976.0,0.0,0.0,,14067117.0,-14067117.0,1018879.0,0.0,,,,1851892.0,3234512.0,,,,0.0,-52884929.0,0.0,0.0,12469842.0,-0.686,0.42,-219.045,,448689.0,1597275.0,1.0,26616559.0,2286320,2286320.0,0.0,29357881.0,0.0,0.0,0.0,12.841,25704759.0
67,DXCM,MRT,2004-09-30,2004-09-30,2004-09-30,2021-07-30,,,,,,,,,,,,,,,,,,,,,,,0.0,,,,,,,,,,,,,,,,,,1.0,,,,,,,,,,,,,,,,,,,,,,,,,,,,,,,,,,,,,,,,,,,,,,,,,,,,,,1.0,,2304972,,,,,,,,
68,DXCM,MRT,2004-06-30,2004-06-30,2004-06-30,2021-07-30,,,,,,,,,,,,,,,,,,,,,,,0.0,,,,,,,,,,,,,,,,,,1.0,,,,,,,,,,,,,,,,,,,,,,,,,,,,,,,,,,,,,,,,,,,,,,,,,,,,,,1.0,,2265985,,,,,,,,
69,DXCM,MRT,2004-03-31,2004-03-31,2004-03-31,2021-07-30,,,,,,,,,,,,,,,,,,,,,,,0.0,,,,,,,,,,,,,,,,,,1.0,,,,,,,,,,,,,,,,,,,,,,,,,,,,,,,,,,,,,,,,,,,,,,,,,,,,,,1.0,,2255306,,,,,,,,
70,DXCM,MRT,2003-12-31,2003-12-31,2003-12-31,2021-07-30,0.0,20766981.0,,20135839.0,631142.0,,-15.024,-408609.0,20016186.0,20016186.0,0.0,-9914591.0,20.465,-1.637,0.0,0.0,0.0,0.0,0.0,353550.0,0.0,,0.0,-9914591.0,-9561041.0,,-9561041.0,-9914591.0,-9914591.0,-6.06,-6.06,-6.06,-32600852.0,,-32600852.0,,,,-9870344.0,-4.549,1.0,0.0,,0.0,0.0,-233104.0,,0.0,0.0,0.0,0.0,53367833.0,983899.0,52383934.0,,-2062559.0,0.0,33440.0,0.0,0.0,33440.0,7365736.0,7765280.0,-9461735.0,0.0,-9914591.0,-13149103.0,-13149103.0,0.0,0.0,,10184591.0,-10184591.0,692045.0,0.0,,,,611079.0,3234512.0,,,,0.0,-35703953.0,0.0,0.0,8934631.0,,,,,0.0,1249960.0,1.0,,2169922,2169922.0,0.0,20766981.0,0.0,0.0,0.0,9.57,19151940.0
71,DXCM,MRT,2002-12-31,2002-12-31,2002-12-31,2021-07-30,,,,,,,,-261602.0,,,0.0,-7708029.0,,,,,,,,388686.0,,,0.0,-7708029.0,-7319343.0,,-7319343.0,-7708029.0,-7708029.0,-4.96,-4.96,-4.96,,,,,,,-7288753.0,-3.562,1.0,0.0,,,0.0,,,,,,,,,,,14301302.0,0.0,23969.0,0.0,0.0,29313632.0,-7985179.0,-7765280.0,-7027151.0,0.0,-7708029.0,-10159097.0,-10159097.0,0.0,0.0,,8171459.0,-8171459.0,,0.0,,,,,2451068.0,,,,,,0.0,0.0,6310907.0,,,,,0.0,1860552.0,1.0,,2046208,2046208.0,0.0,,,0.0,,,
