None,ticker,dimension,calendardate,datekey,reportperiod,lastupdated,accoci,assets,assetsavg,assetsc,assetsnc,assetturnover,bvps,capex,cashneq,cashnequsd,cor,consolinc,currentratio,de,debt,debtc,debtnc,debtusd,deferredrev,depamor,deposits,divyield,dps,ebit,ebitda,ebitdamargin,ebitdausd,ebitusd,ebt,eps,epsdil,epsusd,equity,equityavg,equityusd,ev,evebit,evebitda,fcf,fcfps,fxusd,gp,grossmargin,intangibles,intexp,invcap,invcapavg,inventory,investments,investmentsc,investmentsnc,liabilities,liabilitiesc,liabilitiesnc,marketcap,ncf,ncfbus,ncfcommon,ncfdebt,ncfdiv,ncff,ncfi,ncfinv,ncfo,ncfx,netinc,netinccmn,netinccmnusd,netincdis,netincnci,netmargin,opex,opinc,payables,payoutratio,pb,pe,pe1,ppnenet,prefdivis,price,ps,ps1,receivables,retearn,revenue,revenueusd,rnd,roa,roe,roic,ros,sbcomp,sgna,sharefactor,sharesbas,shareswa,shareswadil,sps,tangibles,taxassets,taxexp,taxliabilities,tbvps,workingcapital
0,DXCM,ARY,2020-12-31,2021-02-11,2020-12-31,2021-07-30,3200000,4290500000,3523350000.0,3424800000,865700000,0.547,19.349,-199000000.0,817600000,817600000,646600000.0,493600000.0,5.577,1.349,1785500000,16500000,1769000000,1785500000,2200000,67100000.0,0,0.0,0.0,309700000.0,376800000.0,0.196,376800000.0,309700000.0,225000000.0,5.23,5.06,5.23,1826500000,1403550000.0,1826500000,40419854303.0,131.0,107.271,276600000.0,2.93,1.0,1280100000.0,0.664,19300000,84700000.0,4625000000,4002700000.0,234700000,1890100000,1890100000,0,2464000000,614100000,1849900000,39451954303.0,371800000.0,0.0,15300000.0,906200000.0,0.0,912100000.0,-1018000000.0,-807700000.0,475600000.0,2100000.0,493600000.0,493600000.0,493600000.0,0.0,0.0,0.256,980600000.0,299500000.0,481100000,0.0,21.6,79.927,78.432,608600000,0.0,410.2,20.476,20.098,428500000,-202100000,1926700000.0,1926700000.0,359900000.0,0.14,0.352,0.077,0.161,119400000.0,620700000.0,1.0,96177363,94400000,97500000.0,20.41,4271200000,216400000,-268600000.0,0,45.246,2810700000
1,DXCM,ARY,2019-12-31,2020-02-13,2019-12-31,2021-07-30,2300000,2395000000,2155150000.0,1969400000,425600000,0.685,9.688,-180000000.0,446200000,446200000,544500000.0,101100000.0,5.468,1.714,1145700000,13600000,1132100000,1145700000,1700000,48700000.0,0,0.0,0.0,164500000.0,213200000.0,0.144,213200000.0,164500000.0,104200000.0,1.11,1.1,1.11,882600000,750950000.0,882600000,23800458554.0,145.0,111.634,134500000.0,1.476,1.0,931500000.0,0.631,18600000,60300000.0,2715700000,2224025000.0,119800000,1087100000,1087100000,0,1512400000,360200000,1152200000,23100958554.0,-690700000.0,0.0,11900000.0,0.0,0.0,10700000.0,-1015200000.0,-835200000.0,314500000.0,-700000.0,101100000.0,101100000.0,101100000.0,0.0,0.0,0.068,789200000.0,142300000.0,256400000,0.0,26.174,228.496,227.216,392800000,0.0,252.21,15.651,15.567,286300000,-695700000,1476000000.0,1476000000.0,273500000.0,0.047,0.135,0.074,0.111,102700000.0,515700000.0,1.0,91594142,91100000,92300000.0,16.202,2376400000,0,3100000.0,0,26.086,1609200000
2,DXCM,ARY,2018-12-31,2019-02-21,2018-12-31,2021-07-30,1500000,1916000000,1233650000.0,1699500000,216500000,0.836,7.52,-67100000.0,1137000000,1137000000,367700000.0,-127100000.0,7.642,1.889,1010300000,0,1010300000,1010300000,2900000,29100000.0,0,0.0,0.0,-106200000.0,-77100000.0,-0.075,-77100000.0,-106200000.0,-126500000.0,-1.44,-1.44,-1.44,663300000,532325000.0,663300000,13036058424.0,-123.0,-169.08,56100000.0,0.636,1.0,663900000.0,0.644,18700000,20300000.0,1548200000,987875000.0,70700000,248600000,248600000,0,1252700000,222400000,1030300000,13162758424.0,695600000.0,-11300000.0,94600000.0,617700000.0,0.0,710400000.0,-139800000.0,-61400000.0,123200000.0,1800000.0,-127100000.0,-127100000.0,-127100000.0,0.0,0.0,-0.123,850200000.0,-186300000.0,147100000,0.0,19.844,-103.562,-101.562,183100000,0.0,146.25,12.76,12.504,226700000,-798900000,1031600000.0,1031600000.0,199700000.0,-0.103,-0.239,-0.108,-0.103,101900000.0,432800000.0,1.0,90001767,88200000,88200000.0,11.696,1897300000,0,600000.0,0,21.511,1477100000
3,DXCM,ARY,2017-12-31,2018-02-27,2017-12-31,2021-07-30,-2600000,904100000,752450000.0,744700000,159400000,0.955,4.86,-66000000.0,441500000,441500000,226400000.0,-50200000.0,5.361,1.156,327600000,0,327600000,327600000,3200000,16100000.0,0,0.0,0.0,-35800000.0,-19700000.0,-0.027,-19700000.0,-35800000.0,-48600000.0,-0.58,-0.58,-0.58,419400000,358725000.0,419400000,4733581644.0,-132.0,-240.283,26000000.0,0.301,1.0,492100000.0,0.685,12100000,12800000.0,639200000,520650000.0,45200000,107100000,107100000,0,484700000,138900000,345800000,4847481644.0,347000000.0,0.0,10100000.0,389000000.0,0.0,399100000.0,-144400000.0,-78400000.0,92000000.0,300000.0,-50200000.0,-50200000.0,-50200000.0,0.0,0.0,-0.07,534600000.0,-42500000.0,87200000,0.0,11.558,-96.563,-96.069,145600000,0.0,55.72,6.747,6.693,134300000,-671800000,718500000.0,718500000.0,185400000.0,-0.067,-0.14,-0.069,-0.05,106200000.0,349200000.0,1.0,86997158,86300000,86300000.0,8.326,892000000,0,1600000.0,0,10.336,605800000
4,DXCM,ARY,2016-12-31,2017-02-28,2016-12-31,2021-07-30,-1000000,402800000,349225000.0,280000000,122800000,1.642,3.395,-55700000.0,94500000,94500000,194900000.0,-65600000.0,2.734,0.419,0,0,0,0,900000,15000000.0,0,0.0,0.0,-64200000.0,-49200000.0,-0.086,-49200000.0,-64200000.0,-64900000.0,-0.78,-0.78,-0.78,283800000,255800000.0,283800000,6534643448.0,-102.0,-132.818,500000.0,0.006,1.0,378400000.0,0.66,11500000,700000.0,194400000,167575000.0,45400000,29200000,29200000,0,119000000,102400000,16600000,6629143448.0,8400000.0,300000.0,10400000.0,-2300000.0,0.0,8100000.0,-55900000.0,-500000.0,56200000.0,0.0,-65600000.0,-65600000.0,-65600000.0,0.0,0.0,-0.114,443000000.0,-64600000.0,68100000,0.0,23.359,-101.054,-100.205,109400000,0.0,78.16,11.563,11.397,101700000,-621000000,573300000.0,573300000.0,156100000.0,-0.188,-0.256,-0.383,-0.112,110800000.0,286200000.0,1.0,84815039,83600000,83600000.0,6.858,391300000,0,700000.0,0,4.681,177600000
5,DXCM,ARY,2015-12-31,2016-02-23,2015-12-31,2021-07-30,-300000,292000000,239100000.0,231300000,60700000,1.681,2.772,-33300000.0,86100000,86100000,123600000.0,-57600000.0,3.457,0.32,2300000,2300000,0,2300000,800000,10800000.0,0,0.0,0.0,-57100000.0,-46300000.0,-0.115,-46300000.0,-57100000.0,-57500000.0,-0.72,-0.72,-0.72,221200000,183450000.0,221200000,5087942124.0,-89.0,-109.891,15700000.0,0.197,1.0,278400000.0,0.693,5900000,400000.0,135400000,110825000.0,35200000,29100000,29100000,0,70800000,66900000,3900000,5171742124.0,14300000.0,-500000.0,19100000.0,-2300000.0,0.0,16800000.0,-51500000.0,-17700000.0,49000000.0,0.0,-57600000.0,-57600000.0,-57600000.0,0.0,0.0,-0.143,335500000.0,-57100000.0,38900000,0.0,23.38,-89.787,-87.875,54700000,0.0,63.27,12.865,12.56,74100000,-555400000,402000000.0,402000000.0,137500000.0,-0.241,-0.314,-0.515,-0.142,82700000.0,198000000.0,1.0,81740827,79800000,79800000.0,5.038,286100000,0,100000.0,0,3.585,164400000
6,DXCM,ARY,2014-12-31,2015-02-25,2014-12-31,2021-07-30,-100000,184600000,152150000.0,145900000,38700000,1.704,1.864,-16200000.0,72800000,72800000,82900000.0,-22400000.0,3.594,0.317,4600000,2300000,2300000,4600000,700000,8400000.0,0,0.0,0.0,-21500000.0,-13100000.0,-0.051,-13100000.0,-21500000.0,-22300000.0,-0.3,-0.3,-0.3,140200000,111200000.0,140200000,4841576981.0,-225.0,-369.586,7400000.0,0.098,1.0,176300000.0,0.68,5900000,800000.0,69900000,56125000.0,16000000,11800000,11800000,0,44400000,40600000,3800000,4909776981.0,28600000.0,0.0,24000000.0,-2200000.0,0.0,21800000.0,-16800000.0,-600000.0,23600000.0,0.0,-22400000.0,-22400000.0,-22400000.0,0.0,0.0,-0.086,197800000.0,-21500000.0,20400000,0.0,35.02,-219.186,-211.133,31200000,0.0,63.34,18.942,18.376,42400000,-497800000,259200000.0,259200000.0,69400000.0,-0.147,-0.201,-0.383,-0.083,50000000.0,128400000.0,1.0,77514635,75200000,75200000.0,3.447,178700000,0,100000.0,0,2.376,105300000
7,DXCM,ARY,2013-12-31,2014-02-20,2013-12-31,2021-07-30,-100000,122500000,108425000.0,93100000,29400000,1.476,1.183,-7900000.0,44200000,44200000,59900000.0,-29800000.0,2.9,0.457,6800000,2200000,4600000,6800000,700000,7000000.0,0,0.0,0.0,-28900000.0,-21900000.0,-0.137,-21900000.0,-28900000.0,-29800000.0,-0.42,-0.42,-0.42,84100000,76175000.0,84100000,3124755498.0,-108.0,-142.683,-5500000.0,-0.077,1.0,100100000.0,0.626,6800000,900000.0,46200000,52250000.0,9000000,11400000,11400000,0,38400000,32100000,6300000,3162155498.0,35100000.0,0.0,12000000.0,-200000.0,0.0,11800000.0,20900000.0,28800000.0,2400000.0,0.0,-29800000.0,-29800000.0,-29800000.0,0.0,0.0,-0.186,129000000.0,-28900000.0,14100000,0.0,37.6,-106.113,-103.405,20700000,0.0,43.43,19.763,19.299,26100000,-475400000,160000000.0,160000000.0,44800000.0,-0.275,-0.391,-0.553,-0.181,24600000.0,84200000.0,1.0,72810396,71100000,71100000.0,2.25,115700000,0,0.0,0,1.627,61000000
8,DXCM,ARY,2012-12-31,2013-02-21,2012-12-31,2021-07-30,-100000,106000000,109320000.0,77600000,28400000,0.914,1.121,-9500000.0,9100000,9100000,53300000.0,-54500000.0,3.979,0.377,7000000,200000,6800000,7000000,2000000,6600000.0,0,0.0,0.0,-55600000.0,-49000000.0,-0.49,-49000000.0,-55600000.0,-55800000.0,-0.79,-0.79,-0.79,77000000,87028000.0,77000000,981063761.0,-18.0,-20.022,-42600000.0,-0.62,1.0,46600000.0,0.466,7400000,200000.0,77000000,78250750.0,7400000,40600000,40600000,0,29000000,19500000,9500000,983163761.0,5500000.0,0.0,3600000.0,6600000.0,0.0,10200000.0,28400000.0,37900000.0,-33100000.0,0.0,-54500000.0,-54500000.0,-54500000.0,0.0,0.0,-0.546,102300000.0,-55700000.0,8700000,0.0,12.768,-18.04,-17.886,18900000,0.0,14.13,9.841,9.717,19500000,-445600000,99900000.0,99900000.0,39500000.0,-0.499,-0.626,-0.711,-0.557,18400000.0,62800000.0,1.0,69579884,68700000,68700000.0,1.454,98600000,0,-1300000.0,0,1.435,58100000
9,DXCM,ARY,2011-12-31,2012-02-23,2011-12-31,2021-07-30,-80000,120475000,113048000.0,104410000,16065000,0.675,1.594,-8002000.0,3492000,3492000,40422000.0,-44746000.0,7.083,0.153,0,0,0,0,1872000,3759000.0,0,0.0,0.0,-44735000.0,-40976000.0,-0.537,-40976000.0,-44735000.0,-44746000.0,-0.68,-0.68,-0.68,104490000,98123000.0,104490000,753289658.0,-17.0,-18.384,-38128000.0,-0.582,1.0,35844000.0,0.47,0,11000.0,102242000,83827750.0,8171000,79358000,79358000,0,15985000,14741000,1244000,756781658.0,-2336000.0,0.0,74709000.0,-525000.0,0.0,74184000.0,-46371000.0,-38369000.0,-30126000.0,-23000.0,-44746000.0,-44746000.0,-44746000.0,0.0,0.0,-0.587,80687000.0,-44843000.0,6346000,0.0,7.243,-16.913,-16.456,15019000,0.0,11.19,9.923,9.62,12547000,-391124000,76266000.0,76266000.0,30747000.0,-0.396,-0.456,-0.534,-0.587,13513000.0,49940000.0,1.0,67630175,65564000,65564000.0,1.163,120475000,0,0.0,0,1.838,89669000
10,DXCM,ARY,2010-12-31,2011-03-03,2010-12-31,2021-07-30,-66000,77164000,65037000.0,66025000,11139000,0.748,1.072,-6854000.0,6603000,6603000,30188000.0,-55170000.0,4.364,0.265,525000,525000,0,525000,3524000,2437000.0,0,0.0,0.0,-53622000.0,-51185000.0,-1.053,-51185000.0,-53622000.0,-55170000.0,-0.97,-0.97,-0.97,60993000,45995500.0,60993000,900916958.0,-17.0,-17.601,-49530000.0,-0.871,1.0,18443000.0,0.379,0,1548000.0,55957000,43195250.0,8112000,42224000,42224000,0,16171000,15129000,1042000,906994958.0,1312000.0,0.0,70546000.0,-900000.0,0.0,69646000.0,-25610000.0,-18756000.0,-42676000.0,-48000.0,-55170000.0,-55170000.0,-55170000.0,0.0,0.0,-1.134,63733000.0,-45290000.0,5350000,0.0,14.87,-16.44,-15.031,10763000,0.0,14.58,18.651,17.053,6671000,-346378000,48631000.0,48631000.0,23227000.0,-0.848,-1.199,-1.241,-1.103,9441000.0,40506000.0,1.0,62208159,56881000,56881000.0,0.855,77164000,0,0.0,0,1.357,50896000
11,DXCM,ARY,2009-12-31,2010-03-09,2009-12-31,2021-07-30,-13000,46948000,60987750.0,36920000,10028000,0.487,-0.416,-2690000.0,5991000,5991000,26032000.0,-53524000.0,1.964,-3.545,46657000,900000,45757000,46657000,7745000,2373000.0,0,0.0,0.0,-45479000.0,-43106000.0,-1.452,-43106000.0,-45479000.0,-53524000.0,-1.21,-1.21,-1.21,-18445000,-2603750.0,-18445000,551863995.0,-12.0,-12.802,-42079000.0,-0.949,1.0,3661000.0,0.123,0,8045000.0,68818000,80514500.0,2641000,24439000,24439000,0,65393000,18796000,46597000,511197995.0,-9123000.0,0.0,46310000.0,-1931000.0,0.0,44379000.0,-14104000.0,-11414000.0,-39389000.0,-9000.0,-53524000.0,-53524000.0,-53524000.0,0.0,0.0,-1.803,49494000.0,-45833000.0,5745000,0.0,-27.715,-9.551,-8.008,6422000,0.0,9.69,17.216,14.472,3490000,-291208000,29693000.0,29693000.0,14294000.0,-0.878,20.557,-0.565,-1.532,8366000.0,35200000.0,1.0,52755211,44347000,44347000.0,0.67,46948000,0,0.0,0,1.059,18124000
12,DXCM,ARY,2008-12-31,2009-03-05,2008-12-31,2021-07-30,50000,44366000,53364000.0,32058000,12308000,0.184,-1.309,-2492000.0,16970000,16970000,15367000.0,-55184000.0,2.138,-2.149,63356000,1931000,61425000,63356000,12020000,3036000.0,0,0.0,0.0,-51573000.0,-48537000.0,-4.934,-48537000.0,-51573000.0,-55184000.0,-1.87,-1.87,-1.87,-38613000,-20876500.0,-38613000,196505032.0,-4.0,-4.049,-39943000.0,-1.355,1.0,-5529000.0,-0.562,0,3611000.0,75756000,91003500.0,2446000,14368000,14368000,0,82979000,14996000,67983000,150119032.0,-10415000.0,0.0,1762000.0,950000.0,0.0,2712000.0,24324000.0,26816000.0,-37451000.0,0.0,-55184000.0,-55184000.0,-55184000.0,0.0,0.0,-5.609,47298000.0,-52827000.0,4599000,0.0,-3.888,-2.72,-1.749,6105000,0.0,3.27,15.259,9.801,1118000,-231436000,9838000.0,9838000.0,19629000.0,-1.034,2.643,-0.567,-5.242,7683000.0,27669000.0,1.0,45907961,29487000,29487000.0,0.334,44366000,0,0.0,0,1.505,17062000
13,DXCM,ARY,2007-12-31,2008-03-11,2007-12-31,2021-07-30,13000,77259000,91184000.0,67291000,9968000,0.051,0.251,-3443000.0,24029000,24029000,12736000.0,-45878000.0,7.966,9.859,62406000,1375000,61031000,62406000,0,2912000.0,0,0.0,0.0,-45878000.0,-42966000.0,-9.286,-42966000.0,-45878000.0,-45878000.0,-1.62,-1.62,-1.62,7115000,21879500.0,7115000,206157077.0,-4.0,-4.798,-36650000.0,-1.294,1.0,-8109000.0,-1.753,0,0.0,107189000,116752000.0,1139000,41208000,41208000,0,70144000,8447000,61697000,167780077.0,4948000.0,0.0,897000.0,45702000.0,0.0,46599000.0,-8444000.0,-5001000.0,-33207000.0,0.0,-45878000.0,-45878000.0,-45878000.0,0.0,0.0,-9.915,38567000.0,-46676000.0,4535000,0.0,23.581,-3.657,-3.506,6649000,0.0,5.68,36.261,34.756,215000,-176252000,4627000.0,4627000.0,16131000.0,-0.503,-2.097,-0.393,-9.915,6122000.0,22436000.0,1.0,29538746,28313000,28313000.0,0.163,77259000,0,0.0,0,2.729,58844000
14,DXCM,ARY,2006-12-31,2007-02-27,2006-12-31,2021-07-30,11923,64552608,68049615.0,57355923,7196685,0.032,2.087,-3352106.0,19246066,19246066,10958953.0,-46599291.0,10.969,0.136,3026000,907800,2118200,3026000,0,2697912.0,0,0.0,0.0,-46599291.0,-43901379.0,-20.233,-43901379.0,-46599291.0,-46599291.0,-1.71,-1.71,-1.71,56828267,60365616.0,56828267,223230355.0,-5.0,-5.085,-47086946.0,-1.729,1.0,-8789163.0,-4.051,0,0.0,43103864,41762577.0,1413024,36341449,36341449,0,7724341,5228678,2495663,239450421.0,-19079998.0,0.0,48188743.0,3026000.0,0.0,51214743.0,-26559901.0,-23207795.0,-43734840.0,0.0,-46599291.0,-46599291.0,-46599291.0,0.0,0.0,-21.476,40530875.0,-49320038.0,2763300,0.0,4.214,-5.138,-4.959,6117685,0.0,8.48,110.356,106.443,120477,-130373882,2169790.0,2169790.0,19419550.0,-0.685,-0.772,-1.116,-21.476,5852901.0,21111325.0,1.0,28237078,27235704,27235704.0,0.08,64552608,0,0.0,0,2.37,52127245
15,DXCM,ARY,2005-12-31,2006-04-26,2005-12-31,2021-07-30,-11928,56726258,54111270.0,51012767,5713491,0.0,2.608,-4676606.0,37497064,37497064,0.0,-30767430.0,7.211,0.148,0,0,0,0,0,1065007.0,0,0.0,0.0,-30767430.0,-29702423.0,,-29702423.0,-30767430.0,-30767430.0,-1.63,-1.63,-1.63,49412063,30735690.0,49412063,624456758.0,-20.0,-21.024,-27230391.0,-1.437,1.0,0.0,,0,0.0,12155098,16083783.0,0,13277688,13277688,0,7314195,7074096,240099,661953822.0,10017856.0,0.0,50741282.0,0.0,0.0,50741282.0,-18169641.0,-13493035.0,-22553785.0,0.0,-30767430.0,-30889662.0,-30889662.0,0.0,0.0,,32429474.0,-32429474.0,6008194,0.0,13.397,-21.43,-15.258,5463491,122232.0,24.87,,,0,-83774591,0.0,0.0,26769514.0,-0.571,-1.005,-1.913,,1785729.0,5659960.0,1.0,26616559,18944208,18944208.0,0.0,56726258,0,0.0,0,2.994,43938671
16,DXCM,ARY,2005-12-31,2006-04-11,2005-12-31,2021-07-30,-11928,56726258,54111270.0,51012767,5713491,0.0,2.608,-4676606.0,37497064,37497064,0.0,-30767430.0,7.211,0.148,0,0,0,0,0,1065007.0,0,0.0,0.0,-30767430.0,-29702423.0,,-29702423.0,-30767430.0,-30767430.0,-1.63,-1.63,-1.63,49412063,30735690.0,49412063,476202525.0,-15.0,-16.032,-27230391.0,-1.437,1.0,0.0,,0,0.0,12155098,16083783.0,0,13277688,13277688,0,7314195,7074096,240099,513699589.0,10017856.0,0.0,50741282.0,0.0,0.0,50741282.0,-18169641.0,-13493035.0,-22553785.0,0.0,-30767430.0,-30889662.0,-30889662.0,0.0,0.0,,32429474.0,-32429474.0,6008194,0.0,10.396,-16.63,-11.84,5463491,122232.0,19.3,,,0,-83774591,0.0,0.0,26769514.0,-0.571,-1.005,-1.913,,1785729.0,5659960.0,1.0,26616559,18944208,18944208.0,0.0,56726258,0,0.0,0,2.994,43938671
17,DXCM,ARY,2005-12-31,2006-02-27,2005-12-31,2021-07-30,-11928,56726258,54111270.0,51012767,5713491,0.0,2.608,-4676606.0,37497064,37497064,0.0,-30767430.0,7.211,0.148,0,0,0,0,0,1065007.0,0,0.0,0.0,-30767430.0,-29702423.0,,-29702423.0,-30767430.0,-30767430.0,-1.63,-1.63,-1.63,49412063,30735690.0,49412063,396119337.0,-13.0,-13.336,-27230391.0,-1.437,1.0,0.0,,0,0.0,12155098,16083783.0,0,13277688,13277688,0,7314195,7074096,240099,433616401.0,10017856.0,0.0,50741282.0,0.0,0.0,50741282.0,-18169641.0,-13493035.0,-22553785.0,0.0,-30767430.0,-30889662.0,-30889662.0,0.0,0.0,,32429474.0,-32429474.0,6008194,0.0,8.776,-14.038,-10.423,5463491,122232.0,16.99,,,0,-83774591,0.0,0.0,26769514.0,-0.571,-1.005,-1.913,,1785729.0,5659960.0,1.0,25521860,18944208,18944208.0,0.0,56726258,0,0.0,0,2.994,43938671
18,DXCM,ARY,2004-12-31,2005-03-24,2004-12-31,2021-07-30,0,29357881,,27272989,2084892,,-21.567,-1757523.0,27429208,27429208,0.0,-13946464.0,17.391,-1.595,0,0,0,0,0,486805.0,0,,0.0,-13946464.0,-13459659.0,,-13459659.0,-13946464.0,-13946464.0,-7.51,-7.51,-7.51,-49309930,,-49309930,,,,-14186144.0,-6.205,1.0,0.0,,0,0.0,360443,,0,0,0,0,78667811,1568230,77099581,,7213022.0,0.0,23209.0,0.0,0.0,21379103.0,-1737460.0,0.0,-12428621.0,0.0,-13946464.0,-17180976.0,-17180976.0,0.0,0.0,,14067117.0,-14067117.0,1018879,0.0,,,,1851892,3234512.0,,,,0,-52884929,0.0,0.0,12469842.0,,,,,448689.0,1597275.0,1.0,26616559,2286320,2286320.0,0.0,29357881,0,0.0,0,12.841,25704759
0,DXCM,ARQ,2021-06-30,2021-07-29,2021-06-30,2021-07-30,2800000,4503800000,,3474200000,1029600000,,20.658,-101200000.0,1158800000,1158800000,178000000.0,62900000.0,5.784,1.255,1836600000,18800000,1817800000,1836600000,1800000,23500000.0,0,0.0,0.0,101900000.0,125400000.0,0.211,125400000.0,101900000.0,76700000.0,0.65,0.63,0.65,1997600000,,1997600000,44800136301.0,127.0,102.635,-39600000.0,-0.41,1.0,417100000.0,0.701,19100000,25200000.0,4561800000,,319300000,1426100000,1426100000,0,2506200000,600700000,1905500000,44122336301.0,424900000.0,0.0,0.0,0.0,0.0,-400000.0,363200000.0,468400000.0,61600000.0,500000.0,62900000.0,62900000.0,62900000.0,0.0,0.0,0.106,316100000.0,101000000.0,482000000,0.0,22.088,83.156,81.876,770800000,0.0,456.05,20.334,20.324,483500000,-98900000,595100000.0,595100000.0,129100000.0,,,,,31600000.0,187000000.0,1.0,96748901,96700000,99600000.0,6.154,4484700000,216400000,13800000.0,0,46.377,2873500000
1,DXCM,ARQ,2021-03-31,2021-04-29,2021-03-31,2021-07-30,2900000,4389800000,,3445100000,944700000,,19.763,-99700000.0,733800000,733800000,161100000.0,40300000.0,5.703,1.307,1818300000,18200000,1800100000,1818300000,1900000,20900000.0,0,0.0,0.0,46000000.0,66900000.0,0.132,66900000.0,46000000.0,21200000.0,0.42,0.41,0.42,1903200000,,1903200000,41865366644.0,132.0,106.555,-71900000.0,-0.747,1.0,343900000.0,0.681,18900000,24800000.0,4851300000,,289700000,1898800000,1898800000,0,2486600000,604100000,1882500000,40780866644.0,-84000000.0,0.0,8700000.0,0.0,0.0,800000.0,-112200000.0,-12000000.0,27800000.0,-400000.0,40300000.0,40300000.0,40300000.0,0.0,0.0,0.08,298000000.0,45900000.0,502600000,0.0,21.428,79.34,77.948,688700000,0.0,421.7,20.123,20.038,443400000,-161800000,505000000.0,505000000.0,109400000.0,,,,,28000000.0,188600000.0,1.0,96705873,96300000,99400000.0,5.244,4370900000,216700000,-19100000.0,0,45.388,2841000000
2,DXCM,ARQ,2020-12-31,2021-02-11,2020-12-31,2021-07-30,3200000,4290500000,,3424800000,865700000,,18.986,-60200000.0,817600000,817600000,169800000.0,355200000.0,5.577,1.349,1785500000,16500000,1769000000,1785500000,2200000,20400000.0,0,0.0,0.0,105900000.0,126300000.0,0.222,126300000.0,105900000.0,81300000.0,3.75,3.63,3.75,1826500000,,1826500000,40419854303.0,131.0,107.271,111800000.0,1.162,1.0,399100000.0,0.702,19300000,24600000.0,4625000000,,234700000,1890100000,1890100000,0,2464000000,614100000,1849900000,39451954303.0,144400000.0,0.0,0.0,0.0,0.0,-4900000.0,-24000000.0,36900000.0,172000000.0,1300000.0,355200000.0,355200000.0,355200000.0,0.0,0.0,0.624,295100000.0,104000000.0,481100000,0.0,21.6,79.927,78.432,608600000,0.0,410.2,20.476,20.098,428500000,-202100000,568900000.0,568900000.0,119200000.0,,,,,34100000.0,175900000.0,1.0,96177363,96200000,99300000.0,5.914,4271200000,216400000,-273900000.0,0,44.399,2810700000
3,DXCM,ARQ,2020-09-30,2020-10-27,2020-09-30,2021-07-30,2800000,3833200000,,3237100000,596100000,,15.65,-47400000.0,673500000,673500000,160500000.0,72200000.0,6.392,1.557,1764800000,15800000,1749000000,1764800000,1500000,18400000.0,0,0.0,0.0,99500000.0,117900000.0,0.235,117900000.0,99500000.0,75100000.0,0.75,0.73,0.75,1499300000,,1499300000,37642286530.0,120.0,100.54,100200000.0,1.046,1.0,340400000.0,0.68,19000000,24400000.0,4399100000,,200700000,1930300000,1930300000,0,2333900000,506400000,1827500000,36550986530.0,143800000.0,0.0,8600000.0,0.0,0.0,4500000.0,-9300000.0,45900000.0,147600000.0,1000000.0,72200000.0,72200000.0,72200000.0,0.0,0.0,0.144,246300000.0,94100000.0,397000000,0.0,24.379,158.161,153.48,556100000,0.0,380.63,20.076,20.029,370000000,-557300000,500900000.0,500900000.0,87700000.0,,,,,30700000.0,158600000.0,1.0,96027603,95800000,99500000.0,5.229,3814200000,0,2900000.0,0,39.814,2730700000
4,DXCM,ARQ,2020-06-30,2020-07-28,2020-06-30,2021-07-30,3500000,3521800000,,3033000000,488800000,,14.434,-58200000.0,530000000,530000000,167700000.0,46300000.0,7.581,1.601,1747600000,15100000,1732500000,1747600000,1700000,15300000.0,0,0.0,0.0,66500000.0,81800000.0,0.181,81800000.0,66500000.0,46200000.0,0.49,0.48,0.49,1353900000,,1353900000,41217736663.0,150.0,124.789,95900000.0,1.022,1.0,284100000.0,0.629,18700000,20300000.0,4320600000,,165300000,1978800000,1978800000,0,2167900000,400100000,1767800000,40000136663.0,-54900000.0,0.0,0.0,906200000.0,0.0,906000000.0,-1115300000.0,-1054700000.0,154100000.0,300000.0,46300000.0,46300000.0,46300000.0,0.0,0.0,0.102,216300000.0,67800000.0,315900000,0.0,29.544,195.409,187.35,455900000,0.0,417.79,23.31,22.837,296500000,-629500000,451800000.0,451800000.0,79900000.0,,,,,30700000.0,136400000.0,1.0,95742207,93800000,97000000.0,4.817,3503100000,0,-100000.0,0,37.346,2632900000
5,DXCM,ARQ,2020-03-31,2020-04-28,2020-03-31,2021-07-30,3700000,2447900000,,1995700000,452200000,,10.18,-33200000.0,584600000,584600000,148600000.0,19900000.0,5.822,1.619,1164200000,14500000,1149700000,1164200000,1800000,13000000.0,0,0.0,0.0,37800000.0,50800000.0,0.125,50800000.0,37800000.0,22400000.0,0.22,0.21,0.22,934500000,,934500000,29532489599.0,142.0,113.893,-31300000.0,-0.341,1.0,256500000.0,0.633,18600000,15400000.0,2666100000,,141900000,925900000,925900000,0,1513400000,342800000,1170600000,28952889599.0,138500000.0,0.0,6700000.0,0.0,0.0,6500000.0,130600000.0,164200000.0,1900000.0,-500000.0,19900000.0,19900000.0,19900000.0,0.0,0.0,0.049,222900000.0,33600000.0,267500000,0.0,30.982,195.76,193.537,419900000,0.0,313.53,18.089,17.982,300700000,-675800000,405100000.0,405100000.0,73100000.0,,,,,23900000.0,149800000.0,1.0,92344878,91800000,94100000.0,4.413,2429300000,0,2500000.0,0,26.463,1652900000
6,DXCM,ARQ,2019-12-31,2020-02-13,2019-12-31,2021-07-30,2300000,2395000000,,1969400000,425600000,,9.625,-44100000.0,446200000,446200000,153500000.0,92700000.0,5.468,1.714,1145700000,13600000,1132100000,1145700000,1700000,14300000.0,0,0.0,0.0,109600000.0,123900000.0,0.268,123900000.0,109600000.0,94300000.0,1.02,1.01,1.02,882600000,,882600000,23800458554.0,145.0,111.634,99600000.0,1.086,1.0,309300000.0,0.668,18600000,15300000.0,2715700000,,119800000,1087100000,1087100000,0,1512400000,360200000,1152200000,23100958554.0,50300000.0,0.0,0.0,0.0,0.0,-100000.0,-94300000.0,-50200000.0,143700000.0,1000000.0,92700000.0,92700000.0,92700000.0,0.0,0.0,0.2,207800000.0,101500000.0,256400000,0.0,26.174,228.496,227.216,392800000,0.0,252.21,15.651,15.567,286300000,-695700000,462800000.0,462800000.0,78800000.0,,,,,23600000.0,129000000.0,1.0,91594142,91700000,92600000.0,5.047,2376400000,0,1600000.0,0,25.915,1609200000
7,DXCM,ARQ,2019-09-30,2019-11-06,2019-09-30,2021-07-30,1000000,2185700000,,1815700000,370000000,,8.371,-49700000.0,395600000,395600000,149400000.0,45800000.0,5.632,1.86,1096200000,14800000,1081400000,1096200000,4300000,12900000.0,0,0.0,0.0,60900000.0,73800000.0,0.186,73800000.0,60900000.0,45800000.0,0.5,0.5,0.5,764300000,,764300000,14715457395.0,-114.0,-169.924,44800000.0,0.491,1.0,246900000.0,0.623,18400000,15100000.0,2545500000,,120400000,1034300000,1034300000,0,1421400000,322400000,1099000000,14014857395.0,-313700000.0,0.0,6800000.0,0.0,0.0,6000000.0,-412800000.0,-363100000.0,94500000.0,-1400000.0,45800000.0,45800000.0,45800000.0,0.0,0.0,0.116,190900000.0,56000000.0,232400000,0.0,18.337,-81.815,-78.122,335600000,0.0,153.12,10.372,10.346,234900000,-788400000,396300000.0,396300000.0,66700000.0,,,,,24400000.0,124200000.0,1.0,91528588,91300000,92500000.0,4.341,2167300000,0,0.0,0,23.738,1493300000
8,DXCM,ARQ,2019-06-30,2019-07-31,2019-06-30,2021-07-30,2000000,2065900000,,1744200000,321700000,,7.555,-46900000.0,709200000,709200000,129900000.0,-10500000.0,6.052,2.001,1086000000,14100000,1071900000,1086000000,3500000,11600000.0,0,0.0,0.0,-800000.0,10800000.0,0.032,10800000.0,-800000.0,-9300000.0,-0.12,-0.12,-0.12,688300000,,688300000,14681146094.0,-104.0,-142.674,17600000.0,0.193,1.0,206500000.0,0.614,18700000,8500000.0,2135800000,,117900000,668300000,668300000,0,1377600000,288200000,1089400000,14304346094.0,-575900000.0,0.0,100000.0,0.0,0.0,-100000.0,-639400000.0,-592500000.0,64500000.0,-900000.0,-10500000.0,-10500000.0,-10500000.0,0.0,0.0,-0.031,207300000.0,-800000.0,196700000,0.0,20.782,-83.896,-81.28,289000000,0.0,156.87,11.71,11.698,217300000,-834200000,336400000.0,336400000.0,69000000.0,,,,,29700000.0,138300000.0,1.0,91185989,91100000,91100000.0,3.693,2047200000,0,1200000.0,0,22.472,1456000000
9,DXCM,ARQ,2019-03-31,2019-05-01,2019-03-31,2021-07-30,1600000,1974000000,,1690800000,283200000,,7.404,-39300000.0,1285100000,1285100000,111700000.0,-26900000.0,7.183,1.952,1064200000,12300000,1051900000,1064200000,2700000,9900000.0,0,0.0,0.0,-18600000.0,-8700000.0,-0.031,-8700000.0,-18600000.0,-26600000.0,-0.3,-0.3,-0.3,668600000,,668600000,10579499041.0,-100.0,-145.723,-27500000.0,-0.305,1.0,168800000.0,0.602,18600000,8000000.0,1499100000,,101100000,72900000,72900000,0,1305400000,235400000,1070000000,10800399041.0,148600000.0,0.0,5000000.0,0.0,0.0,4900000.0,131300000.0,170600000.0,11800000.0,600000.0,-26900000.0,-26900000.0,-26900000.0,0.0,0.0,-0.096,183200000.0,-14400000.0,169100000,0.0,16.154,-83.208,-80.694,249100000,0.0,118.62,9.577,9.498,204700000,-823700000,280500000.0,280500000.0,59000000.0,,,,,25000000.0,124200000.0,1.0,91050405,90300000,90300000.0,3.106,1955400000,0,300000.0,0,21.654,1455400000
10,DXCM,ARQ,2018-12-31,2019-02-21,2018-12-31,2021-07-30,1500000,1916000000,,1699500000,216500000,,7.47,-17700000.0,1137000000,1137000000,115200000.0,-179700000.0,7.642,1.889,1010300000,0,1010300000,1010300000,2900000,8600000.0,0,0.0,0.0,-171100000.0,-162500000.0,-0.481,-162500000.0,-171100000.0,-176900000.0,-2.04,-2.03,-2.04,663300000,,663300000,13036058424.0,-123.0,-169.08,16000000.0,0.18,1.0,222800000.0,0.659,18700000,5800000.0,1548200000,,70700000,248600000,248600000,0,1252700000,222400000,1030300000,13162758424.0,769400000.0,0.0,84000000.0,617700000.0,0.0,701600000.0,30900000.0,48600000.0,33700000.0,3200000.0,-179700000.0,-179700000.0,-179700000.0,0.0,0.0,-0.532,387400000.0,-164600000.0,147100000,0.0,19.844,-103.562,-101.562,183100000,0.0,146.25,12.76,12.504,226700000,-798900000,338000000.0,338000000.0,57600000.0,,,,,24600000.0,112100000.0,1.0,90001767,88800000,84900000.0,3.806,1897300000,0,2800000.0,0,21.366,1477100000
11,DXCM,ARQ,2018-09-30,2018-11-06,2018-09-30,2021-07-30,-300000,1114300000,,914100000,200200000,,6.353,-23800000.0,367400000,367400000,98100000.0,46600000.0,4.714,0.982,338800000,0,338800000,338800000,3500000,7800000.0,0,0.0,0.0,49700000.0,57500000.0,0.216,57500000.0,49700000.0,44800000.0,0.53,0.52,0.53,562200000,,562200000,11780590337.0,151.0,114.486,33000000.0,0.373,1.0,168600000.0,0.632,18400000,4900000.0,873400000,,55200000,301300000,301300000,0,552100000,193900000,358200000,11809190337.0,67200000.0,-11300000.0,5400000.0,0.0,0.0,5400000.0,4600000.0,39700000.0,56800000.0,400000.0,46600000.0,46600000.0,46600000.0,0.0,0.0,0.175,154700000.0,13900000.0,135400000,0.0,21.005,273.361,276.917,169600000,0.0,132.92,12.912,12.862,169800000,-619200000,266700000.0,266700000.0,50100000.0,,,,,27100000.0,104600000.0,1.0,88844345,88500000,90300000.0,3.014,1095900000,0,-1800000.0,0,12.383,720200000
12,DXCM,ARQ,2018-06-30,2018-08-01,2018-06-30,2021-07-30,-1300000,1007500000,,836000000,171500000,,5.466,-10300000.0,300200000,300200000,88900000.0,30200000.0,4.895,1.09,335000000,0,335000000,335000000,6800000,6700000.0,0,0.0,0.0,34400000.0,41100000.0,0.169,41100000.0,34400000.0,29600000.0,0.34,0.34,0.34,482100000,,482100000,8467471158.0,278.0,163.781,31100000.0,0.353,1.0,153600000.0,0.633,11900000,4800000.0,859600000,,46200000,305900000,305900000,0,525400000,170800000,354600000,8432671158.0,-120200000.0,0.0,1000000.0,0.0,0.0,-800000.0,-159900000.0,-149600000.0,41400000.0,-900000.0,30200000.0,30200000.0,30200000.0,0.0,0.0,0.125,158500000.0,-4900000.0,117900000,0.0,17.492,-1561.606,-1363.429,156800000,0.0,95.44,10.129,10.111,162000000,-665800000,242500000.0,242500000.0,47200000.0,,,,,25600000.0,111300000.0,1.0,88355733,88200000,89400000.0,2.749,995600000,0,-600000.0,0,11.288,665200000
13,DXCM,ARQ,2018-03-31,2018-05-02,2018-03-31,2021-07-30,-4900000,896800000,,729300000,167500000,,4.83,-15300000.0,420400000,420400000,65500000.0,-24200000.0,5.83,1.127,331300000,0,331300000,331300000,2900000,6000000.0,0,0.0,0.0,-19200000.0,-13200000.0,-0.072,-13200000.0,-19200000.0,-24000000.0,-0.28,-0.28,-0.28,421700000,,421700000,6456491371.0,-425.0,2017.654,-24000000.0,-0.275,1.0,118900000.0,0.645,12300000,4800000.0,670300000,,51600000,113500000,113500000,0,475100000,125100000,350000000,6545591371.0,-20800000.0,0.0,4200000.0,0.0,0.0,4200000.0,-15400000.0,-100000.0,-8700000.0,-900000.0,-24200000.0,-24200000.0,-24200000.0,0.0,0.0,-0.131,149600000.0,-30700000.0,88000000,0.0,15.522,-200.171,-195.553,152400000,0.0,74.31,8.606,8.529,123900000,-696000000,184400000.0,184400000.0,44800000.0,,,,,24600000.0,104800000.0,1.0,88084933,87300000,87300000.0,2.112,884500000,0,200000.0,0,10.132,604200000
14,DXCM,ARQ,2017-12-31,2018-02-27,2017-12-31,2021-07-30,-2600000,904100000,,744700000,159400000,,4.826,-17600000.0,441500000,441500000,67500000.0,-9400000.0,5.361,1.156,327600000,0,327600000,327600000,3200000,4200000.0,0,0.0,0.0,13300000.0,17500000.0,0.079,17500000.0,13300000.0,8600000.0,-0.11,-0.11,-0.11,419400000,,419400000,4733581644.0,-132.0,-240.283,23600000.0,0.272,1.0,153500000.0,0.695,12100000,4700000.0,639200000,,45200000,107100000,107100000,0,484700000,138900000,345800000,4847481644.0,39400000.0,0.0,100000.0,0.0,0.0,100000.0,-1100000.0,16500000.0,41200000.0,-800000.0,-9400000.0,-9400000.0,-9400000.0,0.0,0.0,-0.043,141500000.0,12000000.0,87200000,0.0,11.558,-96.563,-96.069,145600000,0.0,55.72,6.747,6.693,134300000,-671800000,221000000.0,221000000.0,48700000.0,,,,,24900000.0,92800000.0,1.0,86997158,86900000,86900000.0,2.543,892000000,0,18000000.0,0,10.265,605800000
15,DXCM,ARQ,2017-09-30,2017-11-01,2017-09-30,2021-07-30,-2200000,842900000,,692900000,150000000,,4.429,-13500000.0,402100000,402100000,57600000.0,-2000000.0,5.862,1.195,324000000,0,324000000,324000000,2300000,4300000.0,0,0.0,0.0,2000000.0,6300000.0,0.034,6300000.0,2000000.0,-2500000.0,-0.02,-0.02,-0.02,384000000,,384000000,3820375085.0,-68.0,-94.798,22700000.0,0.262,1.0,127000000.0,0.688,12000000,4500000.0,634600000,,43300000,123700000,123700000,0,458900000,118200000,340700000,3898475085.0,6200000.0,0.0,4300000.0,0.0,0.0,4300000.0,-36600000.0,-23100000.0,36200000.0,2300000.0,-2000000.0,-2000000.0,-2000000.0,0.0,0.0,-0.011,127500000.0,-500000.0,80600000,0.0,10.152,-80.881,-80.107,136100000,0.0,44.86,5.83,5.816,110500000,-662400000,184600000.0,184600000.0,43300000.0,,,,,25400000.0,84200000.0,1.0,86903145,86700000,86700000.0,2.129,830900000,0,-500000.0,0,9.584,574700000
16,DXCM,ARQ,2017-06-30,2017-08-01,2017-06-30,2021-07-30,-1600000,795600000,,656800000,138800000,,4.094,-12000000.0,395900000,395900000,53100000.0,2900000.0,6.249,1.249,320500000,0,320500000,320500000,1500000,3900000.0,0,0.0,0.0,-11300000.0,-7400000.0,-0.043,-7400000.0,-11300000.0,-14400000.0,0.03,0.03,0.03,353700000,,353700000,5710333631.0,-75.0,-93.766,2300000.0,0.027,1.0,117500000.0,0.689,11900000,3100000.0,603200000,,42800000,100700000,100700000,0,441900000,105100000,336800000,5785733631.0,242400000.0,0.0,400000.0,314000000.0,0.0,314400000.0,-85300000.0,-73300000.0,14300000.0,-1000000.0,2900000.0,2900000.0,2900000.0,0.0,0.0,0.017,131100000.0,-13600000.0,72200000,0.0,16.358,-89.011,-87.947,125000000,0.0,66.84,9.145,9.128,101700000,-660400000,170600000.0,170600000.0,45300000.0,,,,,25300000.0,85800000.0,1.0,86560946,86400000,87400000.0,1.975,783700000,0,-17300000.0,0,9.071,551700000
17,DXCM,ARQ,2017-03-31,2017-05-02,2017-03-31,2021-07-30,-1300000,467200000,,330500000,136700000,,3.261,-22900000.0,153500000,153500000,48200000.0,-41700000.0,1.925,0.682,75000000,75000000,0,75000000,1200000,3700000.0,0,0.0,0.0,-39800000.0,-36100000.0,-0.254,-36100000.0,-39800000.0,-40300000.0,-0.49,-0.49,-0.49,277800000,,277800000,6973584127.0,-82.0,-100.195,-22600000.0,-0.265,1.0,94100000.0,0.661,11400000,500000.0,205600000,,46500000,27600000,27600000,0,189400000,171700000,17700000,7052084127.0,59000000.0,0.0,5300000.0,75000000.0,0.0,80300000.0,-21400000.0,1500000.0,300000.0,-200000.0,-41700000.0,-41700000.0,-41700000.0,0.0,0.0,-0.293,134500000.0,-40400000.0,65400000,0.0,25.385,-80.046,-79.272,123400000,0.0,81.65,11.765,11.606,85900000,-663300000,142300000.0,142300000.0,48100000.0,,,,,30600000.0,86400000.0,1.0,86369677,85200000,85200000.0,1.67,455800000,0,1400000.0,0,5.35,158800000
18,DXCM,ARQ,2016-12-31,2017-02-28,2016-12-31,2021-07-30,-1000000,402800000,,280000000,122800000,,3.359,-17600000.0,94500000,94500000,54500000.0,-7400000.0,2.734,0.419,0,0,0,0,900000,3600000.0,0,0.0,0.0,-6700000.0,-3100000.0,-0.018,-3100000.0,-6700000.0,-7000000.0,-0.08,-0.08,-0.08,283800000,,283800000,6534643448.0,-102.0,-132.818,-4300000.0,-0.051,1.0,116700000.0,0.682,11500000,300000.0,194400000,,45400000,29200000,29200000,0,119000000,102400000,16600000,6629143448.0,-3200000.0,-100000.0,500000.0,0.0,0.0,500000.0,-17300000.0,400000.0,13300000.0,300000.0,-7400000.0,-7400000.0,-7400000.0,0.0,0.0,-0.043,123500000.0,-6800000.0,68100000,0.0,23.359,-101.054,-100.205,109400000,0.0,78.16,11.563,11.397,101700000,-621000000,171200000.0,171200000.0,43700000.0,,,,,29100000.0,79100000.0,1.0,84815039,84500000,84500000.0,2.026,391300000,0,400000.0,0,4.631,177600000
19,DXCM,ARQ,2016-09-30,2016-11-01,2016-09-30,2021-07-30,-700000,361900000,,258600000,103300000,,3.113,-16100000.0,97700000,97700000,47500000.0,-18800000.0,3.003,0.382,0,0,0,0,500000,4100000.0,0,0.0,0.0,-18400000.0,-14300000.0,-0.096,-14300000.0,-18400000.0,-18600000.0,-0.22,-0.22,-0.22,261800000,,261800000,6488423404.0,-116.0,-156.725,6900000.0,0.082,1.0,101100000.0,0.68,13400000,200000.0,164700000,,44700000,29600000,29600000,0,100100000,86100000,14000000,6586123404.0,10200000.0,0.0,5100000.0,0.0,0.0,5100000.0,-17800000.0,-1700000.0,23000000.0,-100000.0,-18800000.0,-18800000.0,-18800000.0,0.0,0.0,-0.127,119600000.0,-18500000.0,58600000,0.0,25.157,-116.157,-118.061,88400000,0.0,77.92,12.359,12.297,76800000,-613600000,148600000.0,148600000.0,43900000.0,,,,,29000000.0,75700000.0,1.0,84524171,84100000,84100000.0,1.767,348500000,0,200000.0,0,4.144,172500000
20,DXCM,ARQ,2016-06-30,2016-08-02,2016-06-30,2021-07-30,-700000,332800000,,241000000,91800000,,2.947,-10500000.0,87500000,87500000,51800000.0,-20200000.0,3.261,0.351,0,0,0,0,700000,3900000.0,0,0.0,0.0,-20000000.0,-16100000.0,-0.117,-16100000.0,-20000000.0,-20100000.0,-0.24,-0.24,-0.24,246400000,,246400000,7695221985.0,-96.0,-115.198,9600000.0,0.115,1.0,85500000.0,0.623,13600000,100000.0,157800000,,42900000,28100000,28100000,0,86400000,73900000,12500000,7782721985.0,9600000.0,400000.0,1000000.0,-1700000.0,0.0,-700000.0,-9600000.0,500000.0,20100000.0,-200000.0,-20200000.0,-20200000.0,-20200000.0,0.0,0.0,-0.147,105600000.0,-20100000.0,49900000,0.0,31.586,-96.8,-95.649,77000000,0.0,92.78,15.899,15.846,73800000,-594800000,137300000.0,137300000.0,36300000.0,,,,,27600000.0,69300000.0,1.0,83883617,83600000,83600000.0,1.642,319200000,0,100000.0,0,3.818,167100000
21,DXCM,ARQ,2016-03-31,2016-04-27,2016-03-31,2021-07-30,-300000,299400000,,227400000,72000000,,2.816,-11500000.0,77900000,77900000,41100000.0,-19200000.0,3.548,0.295,1700000,1700000,0,1700000,600000,3400000.0,0,0.0,0.0,-19100000.0,-15700000.0,-0.135,-15700000.0,-19100000.0,-19200000.0,-0.23,-0.23,-0.23,231200000,,231200000,5631378263.0,-89.0,-108.924,-11700000.0,-0.143,1.0,75100000.0,0.646,5700000,100000.0,153400000,,46100000,28600000,28600000,0,68200000,64100000,4100000,5707578263.0,-8200000.0,0.0,3800000.0,-600000.0,0.0,3200000.0,-11200000.0,300000.0,-200000.0,0.0,-19200000.0,-19200000.0,-19200000.0,0.0,0.0,-0.165,94300000.0,-19200000.0,45100000,0.0,24.687,-89.32,-87.705,65900000,0.0,68.41,12.814,12.61,67300000,-574600000,116200000.0,116200000.0,32200000.0,,,,,25100000.0,62100000.0,1.0,83431929,82100000,82100000.0,1.415,293700000,0,0.0,0,3.577,163300000
22,DXCM,ARQ,2015-12-31,2016-02-23,2015-12-31,2021-07-30,-300000,292000000,,231300000,60700000,,2.711,-11600000.0,86100000,86100000,39600000.0,1500000.0,3.457,0.32,2300000,2300000,0,2300000,800000,3100000.0,0,0.0,0.0,1600000.0,4700000.0,0.036,4700000.0,1600000.0,1600000.0,0.03,0.03,0.03,221200000,,221200000,5087942124.0,-89.0,-109.891,-300000.0,-0.004,1.0,91200000.0,0.697,5900000,0.0,135400000,,35200000,29100000,29100000,0,70800000,66900000,3900000,5171742124.0,800000.0,0.0,2800000.0,-600000.0,0.0,2200000.0,-12700000.0,-1100000.0,11300000.0,0.0,1500000.0,1500000.0,1500000.0,0.0,0.0,0.011,89600000.0,1600000.0,38900000,0.0,23.38,-89.787,-87.875,54700000,0.0,63.27,12.865,12.56,74100000,-555400000,130800000.0,130800000.0,28500000.0,,,,,23500000.0,61100000.0,1.0,81740827,81600000,81600000.0,1.603,286100000,0,100000.0,0,3.506,164400000
23,DXCM,ARQ,2015-09-30,2015-11-04,2015-09-30,2021-07-30,-300000,256700000,,203700000,53000000,,2.401,-7400000.0,85300000,85300000,30500000.0,-42500000.0,3.464,0.328,2900000,2500000,400000,2900000,1600000,2700000.0,0,0.0,0.0,-42400000.0,-39700000.0,-0.377,-39700000.0,-42400000.0,-42500000.0,-0.53,-0.53,-0.53,193300000,,193300000,6994324353.0,-122.0,-148.815,10500000.0,0.13,1.0,74700000.0,0.71,6100000,100000.0,109400000,,30600000,28000000,28000000,0,63400000,58800000,4600000,7076724353.0,17600000.0,0.0,5900000.0,-500000.0,0.0,5400000.0,-5700000.0,1700000.0,17900000.0,0.0,-42500000.0,-42500000.0,-42500000.0,0.0,0.0,-0.404,117100000.0,-42400000.0,34300000,0.0,36.61,-122.435,-119.247,46600000,0.0,87.05,19.906,19.712,55800000,-556900000,105200000.0,105200000.0,64800000.0,,,,,22600000.0,52300000.0,1.0,81294938,80500000,80500000.0,1.307,250600000,0,0.0,0,3.113,144900000
24,DXCM,ARQ,2015-06-30,2015-08-05,2015-06-30,2021-07-30,-300000,218400000,,170400000,48000000,,2.144,-6300000.0,68400000,68400000,27200000.0,-3700000.0,3.855,0.279,3500000,2400000,1100000,3500000,800000,2600000.0,0,0.0,0.0,-3600000.0,-1000000.0,-0.011,-1000000.0,-3600000.0,-3700000.0,-0.05,-0.05,-0.05,170700000,,170700000,6818108535.0,-346.0,-675.06,10100000.0,0.127,1.0,66000000.0,0.708,6200000,100000.0,103100000,,22400000,29800000,29800000,0,47700000,44200000,3500000,6883008535.0,13500000.0,-500000.0,4900000.0,-600000.0,0.0,4300000.0,-7200000.0,-400000.0,16400000.0,0.0,-3700000.0,-3700000.0,-3700000.0,0.0,0.0,-0.04,69600000.0,-3600000.0,24000000,0.0,40.322,-335.757,-318.333,40600000,0.0,85.95,21.557,21.427,45500000,-514400000,93200000.0,93200000.0,24400000.0,,,,,20700000.0,45200000.0,1.0,80081542,79600000,79600000.0,1.171,212200000,0,0.0,0,2.666,126200000
25,DXCM,ARQ,2015-03-31,2015-04-29,2015-03-31,2021-07-30,-300000,189300000,,146200000,43100000,,1.91,-8000000.0,55200000,55200000,26300000.0,-12900000.0,3.951,0.274,4100000,2400000,1700000,4100000,1300000,2400000.0,0,0.0,0.0,-12700000.0,-10300000.0,-0.141,-10300000.0,-12700000.0,-12900000.0,-0.17,-0.17,-0.17,148600000,,148600000,5272133052.0,-241.0,-405.549,-4600000.0,-0.059,1.0,46500000.0,0.639,5800000,200000.0,95400000,,18400000,29600000,29600000,0,40700000,37000000,3700000,5323233052.0,-17600000.0,0.0,5500000.0,-600000.0,0.0,4900000.0,-25900000.0,-17900000.0,3400000.0,0.0,-12900000.0,-12900000.0,-12900000.0,0.0,0.0,-0.177,59200000.0,-12700000.0,21200000,0.0,35.823,-233.475,-223.767,35700000,0.0,67.13,18.685,18.332,40200000,-510700000,72800000.0,72800000.0,19800000.0,,,,,15900000.0,39400000.0,1.0,79297379,77800000,77800000.0,0.936,183500000,0,0.0,0,2.359,109200000
26,DXCM,ARQ,2014-12-31,2015-02-25,2014-12-31,2021-07-30,-100000,184600000,,145900000,38700000,,1.828,-4600000.0,72800000,72800000,24900000.0,1300000.0,3.594,0.317,4600000,2300000,2300000,4600000,700000,2400000.0,0,0.0,0.0,1600000.0,4000000.0,0.047,4000000.0,1600000.0,1400000.0,0.02,0.03,0.02,140200000,,140200000,4841576981.0,-225.0,-369.586,3800000.0,0.05,1.0,59400000.0,0.705,5900000,200000.0,69900000,,16000000,11800000,11800000,0,44400000,40600000,3800000,4909776981.0,8600000.0,0.0,5500000.0,-600000.0,0.0,4900000.0,-4700000.0,-100000.0,8400000.0,0.0,1300000.0,1300000.0,1300000.0,0.0,0.0,0.015,57800000.0,1600000.0,20400000,0.0,35.02,-219.186,-211.133,31200000,0.0,63.34,18.942,18.376,42400000,-497800000,84300000.0,84300000.0,21600000.0,,,,,14300000.0,36200000.0,1.0,77514635,76700000,75800000.0,1.099,178700000,0,100000.0,0,2.33,105300000
27,DXCM,ARQ,2014-09-30,2014-11-06,2014-09-30,2021-07-30,-100000,159400000,,123400000,36000000,,1.517,-3700000.0,64200000,64200000,21800000.0,-5200000.0,3.039,0.386,5200000,2300000,2900000,5200000,600000,2200000.0,0,0.0,0.0,-5000000.0,-2800000.0,-0.041,-2800000.0,-5000000.0,-5200000.0,-0.07,-0.08,-0.07,115000000,,115000000,3357956169.0,-132.0,-191.883,7700000.0,0.102,1.0,47200000.0,0.684,6300000,200000.0,53500000,,14300000,11700000,11700000,0,44400000,40600000,3800000,3416956169.0,13700000.0,0.0,6600000.0,-500000.0,0.0,6100000.0,-3800000.0,-100000.0,11400000.0,0.0,-5200000.0,-5200000.0,-5200000.0,0.0,0.0,-0.075,52200000.0,-5000000.0,20900000,0.0,29.713,-129.922,-123.972,28000000,0.0,44.63,15.079,14.929,31400000,-499100000,69000000.0,69000000.0,18500000.0,,,,,13800000.0,33700000.0,1.0,76561868,75800000,76100000.0,0.91,153100000,0,0.0,0,2.02,82800000
28,DXCM,ARQ,2014-06-30,2014-08-06,2014-06-30,2021-07-30,-200000,139700000,,105500000,34200000,,1.328,-4000000.0,50500000,50500000,18900000.0,-6000000.0,2.963,0.403,5800000,2300000,3500000,5800000,300000,1900000.0,0,0.0,0.0,-5800000.0,-3900000.0,-0.066,-3900000.0,-5800000.0,-6000000.0,-0.08,-0.09,-0.08,99600000,,99600000,2839239336.0,-108.0,-151.023,2200000.0,0.029,1.0,39900000.0,0.679,6500000,200000.0,52900000,,11600000,11800000,11800000,0,40100000,35600000,4500000,2883939336.0,3800000.0,0.0,2200000.0,-600000.0,0.0,1600000.0,-4000000.0,0.0,6200000.0,0.0,-6000000.0,-6000000.0,-6000000.0,0.0,0.0,-0.102,45700000.0,-5800000.0,20000000,0.0,28.955,-106.418,-103.27,26000000,0.0,38.21,14.384,14.293,28600000,-493900000,58800000.0,58800000.0,14800000.0,,,,,13200000.0,30900000.0,1.0,75476036,75000000,75300000.0,0.784,133200000,0,0.0,0,1.776,69900000
29,DXCM,ARQ,2014-03-31,2014-05-01,2014-03-31,2021-07-30,-100000,124900000,,93600000,31300000,,1.228,-3900000.0,46700000,46700000,17300000.0,-12500000.0,3.152,0.388,6300000,2200000,4100000,6300000,600000,1900000.0,0,0.0,0.0,-12300000.0,-10400000.0,-0.221,-10400000.0,-12300000.0,-12500000.0,-0.17,-0.17,-0.17,90000000,,90000000,2413159817.0,-80.0,-104.016,-6300000.0,-0.086,1.0,29800000.0,0.633,6600000,200000.0,48200000,,8900000,11700000,11700000,0,34900000,29700000,5200000,2453559817.0,2500000.0,0.0,9700000.0,-500000.0,0.0,9200000.0,-4300000.0,-400000.0,-2400000.0,0.0,-12500000.0,-12500000.0,-12500000.0,0.0,0.0,-0.265,42100000.0,-12300000.0,15900000,0.0,27.262,-78.64,-76.163,22900000,0.0,32.75,13.823,13.524,23800000,-487900000,47100000.0,47100000.0,14500000.0,,,,,8700000.0,27600000.0,1.0,74917857,73300000,73300000.0,0.643,118300000,0,0.0,0,1.614,63900000
30,DXCM,ARQ,2013-12-31,2014-02-20,2013-12-31,2021-07-30,-100000,122500000,,93100000,29400000,,1.163,-2300000.0,44200000,44200000,17600000.0,-2600000.0,2.9,0.457,6800000,2200000,4600000,6800000,700000,1900000.0,0,0.0,0.0,-2300000.0,-400000.0,-0.008,-400000.0,-2300000.0,-2600000.0,-0.04,-0.04,-0.04,84100000,,84100000,3124755498.0,-108.0,-142.683,2100000.0,0.029,1.0,34100000.0,0.66,6800000,300000.0,46200000,,9000000,11400000,11400000,0,38400000,32100000,6300000,3162155498.0,9800000.0,0.0,5100000.0,-200000.0,0.0,4900000.0,500000.0,2800000.0,4400000.0,0.0,-2600000.0,-2600000.0,-2600000.0,0.0,0.0,-0.05,36400000.0,-2300000.0,14100000,0.0,37.6,-106.113,-103.405,20700000,0.0,43.43,19.763,19.299,26100000,-475400000,51700000.0,51700000.0,12600000.0,,,,,6600000.0,23800000.0,1.0,72810396,72300000,72300000.0,0.715,115700000,0,0.0,0,1.6,61000000
31,DXCM,ARQ,2013-09-30,2013-11-06,2013-09-30,2021-07-30,-100000,110100000,,81700000,28400000,,1.046,-2200000.0,34400000,34400000,15300000.0,-6000000.0,2.982,0.474,7000000,1800000,5200000,7000000,600000,1700000.0,0,0.0,0.0,-5800000.0,-4100000.0,-0.096,-4100000.0,-5800000.0,-6000000.0,-0.08,-0.08,-0.08,74700000,,74700000,1927988124.0,-55.0,-68.744,-600000.0,-0.008,1.0,27600000.0,0.643,6900000,200000.0,48400000,,10000000,14200000,14200000,0,35400000,27400000,8000000,1955388124.0,5200000.0,0.0,1900000.0,0.0,0.0,1900000.0,1700000.0,3900000.0,1600000.0,0.0,-6000000.0,-6000000.0,-6000000.0,0.0,0.0,-0.14,33400000.0,-5800000.0,12600000,0.0,26.177,-54.8,-54.48,19700000,0.0,27.24,13.813,13.739,21600000,-472800000,42900000.0,42900000.0,11800000.0,,,,,6600000.0,21600000.0,1.0,71783705,71400000,71400000.0,0.601,103200000,0,0.0,0,1.445,54300000
32,DXCM,ARQ,2013-06-30,2013-08-07,2013-06-30,2021-07-30,-100000,102300000,,74200000,28100000,,1.02,-2000000.0,29200000,29200000,13900000.0,-10100000.0,3.517,0.415,7000000,1200000,5800000,7000000,700000,1600000.0,0,0.0,0.0,-9900000.0,-8300000.0,-0.232,-8300000.0,-9900000.0,-10100000.0,-0.14,-0.14,-0.14,72300000,,72300000,1546653997.0,-33.0,-39.605,-1100000.0,-0.016,1.0,21900000.0,0.612,7100000,200000.0,51900000,,7300000,18200000,18200000,0,30000000,21100000,8900000,1568853997.0,9300000.0,0.0,2300000.0,0.0,0.0,2300000.0,6100000.0,8100000.0,900000.0,0.0,-10100000.0,-10100000.0,-10100000.0,0.0,0.0,-0.282,31800000.0,-9900000.0,9100000,0.0,21.699,-33.419,-32.806,19100000,0.0,21.98,12.885,12.799,17700000,-466800000,35800000.0,35800000.0,11100000.0,,,,,6400000.0,20700000.0,1.0,71376433,70900000,70900000.0,0.505,95200000,0,0.0,0,1.343,53100000
33,DXCM,ARQ,2013-03-31,2013-05-01,2013-03-31,2021-07-30,-100000,98800000,,71300000,27500000,,1.054,-1400000.0,19900000,19900000,13100000.0,-11100000.0,4.401,0.342,7000000,700000,6300000,7000000,800000,1800000.0,0,0.0,0.0,-10900000.0,-9100000.0,-0.307,-9100000.0,-10900000.0,-11100000.0,-0.16,-0.16,-0.16,73600000,,73600000,1181920688.0,-23.0,-26.917,-5900000.0,-0.085,1.0,16500000.0,0.557,7200000,200000.0,62500000,,7500000,26400000,26400000,0,25200000,16200000,9000000,1194820688.0,10800000.0,0.0,2700000.0,0.0,0.0,2700000.0,12600000.0,14000000.0,-4500000.0,0.0,-11100000.0,-11100000.0,-11100000.0,0.0,0.0,-0.375,27400000.0,-10900000.0,7500000,0.0,16.234,-23.184,-22.838,18300000,0.0,16.9,10.921,10.782,16300000,-456700000,29600000.0,29600000.0,9300000.0,,,,,5000000.0,18100000.0,1.0,70699449,69800000,69800000.0,0.424,91600000,0,0.0,0,1.312,55100000
34,DXCM,ARQ,2012-12-31,2013-02-21,2012-12-31,2021-07-30,-100000,106000000,,77600000,28400000,,1.111,-1404000.0,9100000,9100000,15698000.0,-8482000.0,3.979,0.377,7000000,200000,6800000,7000000,2000000,1751000.0,0,0.0,0.0,-8297000.0,-6546000.0,-0.197,-6546000.0,-8297000.0,-8495000.0,-0.12,-0.12,-0.12,77000000,,77000000,981063761.0,-18.0,-20.022,-11961000.0,-0.173,1.0,17568000.0,0.528,7400000,198000.0,77000000,,7400000,40600000,40600000,0,29000000,19500000,9500000,983163761.0,3309000.0,0.0,694000.0,6600000.0,0.0,7294000.0,6553000.0,7957000.0,-10557000.0,19000.0,-8482000.0,-8482000.0,-8482000.0,0.0,0.0,-0.255,25900000.0,-8332000.0,8700000,0.0,12.768,-18.04,-17.886,18900000,0.0,14.13,9.841,9.717,19500000,-445600000,33266000.0,33266000.0,8705000.0,,,,,4542000.0,17195000.0,1.0,69579884,69318000,69318000.0,0.48,98600000,0,-13000.0,0,1.422,58100000
35,DXCM,ARQ,2012-09-30,2012-11-01,2012-09-30,2021-07-30,-93000,102796000,,75571000,27225000,,1.162,-2894000.0,5783000,5783000,14687000.0,-17263000.0,3.704,0.281,0,0,0,0,1791000,2199000.0,0,0.0,0.0,-17305000.0,-15106000.0,-0.654,-15106000.0,-17305000.0,-17306000.0,-0.25,-0.25,-0.25,80253000,,80253000,899791307.0,-15.0,-16.774,-8944000.0,-0.13,1.0,8402000.0,0.364,7475000,1000.0,69134000,,7141000,48641000,48641000,0,22543000,20404000,2139000,905574307.0,-1241000.0,0.0,1334000.0,0.0,0.0,1334000.0,3494000.0,6388000.0,-6050000.0,-19000.0,-17263000.0,-17263000.0,-17263000.0,0.0,0.0,-0.748,25724000.0,-17322000.0,10520000,0.0,11.284,-15.541,-15.376,18613000,0.0,13.07,10.169,10.134,12357000,-437142000,23089000.0,23089000.0,10582000.0,,,,,4879000.0,15142000.0,1.0,69286481,69052000,69052000.0,0.334,95321000,0,-43000.0,0,1.38,55167000
36,DXCM,ARQ,2012-06-30,2012-08-06,2012-06-30,2021-07-30,-88000,110522000,,83993000,26529000,,1.33,-2882000.0,7024000,7024000,12207000.0,-14691000.0,4.952,0.21,0,0,0,0,2201000,1468000.0,0,0.0,0.0,-14626000.0,-13158000.0,-0.561,-13158000.0,-14626000.0,-14627000.0,-0.21,-0.21,-0.21,91308000,,91308000,812353637.0,-15.0,-15.987,-9211000.0,-0.134,1.0,11243000.0,0.479,7624000,1000.0,78913000,,7378000,55203000,55203000,0,19214000,16961000,2253000,819377637.0,866000.0,0.0,452000.0,0.0,0.0,452000.0,6722000.0,9604000.0,-6329000.0,21000.0,-14691000.0,-14691000.0,-14691000.0,0.0,0.0,-0.626,25892000.0,-14649000.0,7532000,0.0,8.974,-15.094,-14.838,17768000,0.0,11.87,9.729,9.673,12900000,-419879000,23450000.0,23450000.0,10498000.0,,,,,4833000.0,15394000.0,1.0,69029287,68635000,68635000.0,0.342,102898000,0,64000.0,0,1.499,67032000
37,DXCM,ARQ,2012-03-31,2012-05-02,2012-03-31,2021-07-30,-103000,117962000,,92822000,25140000,,1.469,-2320000.0,6158000,6158000,10708000.0,-14064000.0,5.774,0.185,0,0,0,0,2679000,1182000.0,0,0.0,0.0,-15372000.0,-14190000.0,-0.706,-14190000.0,-15372000.0,-15372000.0,-0.21,-0.21,-0.21,99551000,,99551000,686877637.0,-14.0,-15.566,-12484000.0,-0.184,1.0,9387000.0,0.467,7772000,0.0,87956000,,8044000,65065000,65065000,0,18411000,16076000,2335000,693035637.0,2566000.0,0.0,1120000.0,0.0,0.0,1120000.0,11631000.0,13951000.0,-10164000.0,-21000.0,-14064000.0,-14064000.0,-14064000.0,0.0,0.0,-0.7,24784000.0,-15397000.0,7980000,0.0,6.962,-14.758,-14.443,16206000,0.0,10.11,8.432,8.339,12543000,-405188000,20095000.0,20095000.0,9715000.0,,,,,4146000.0,15069000.0,1.0,68549519,67790000,67790000.0,0.296,110190000,0,-1308000.0,0,1.625,76746000
38,DXCM,ARQ,2011-12-31,2012-02-23,2011-12-31,2021-07-30,-80000,120475000,,104410000,16065000,,1.547,-3545000.0,3492000,3492000,11728000.0,-12251000.0,7.083,0.153,0,0,0,0,1872000,1063000.0,0,0.0,0.0,-12250000.0,-11187000.0,-0.499,-11187000.0,-12250000.0,-12251000.0,-0.18,-0.18,-0.18,104490000,,104490000,753289658.0,-17.0,-18.384,-15115000.0,-0.224,1.0,10693000.0,0.477,0,1000.0,102242000,,8171000,79358000,79358000,0,15985000,14741000,1244000,756781658.0,-14970000.0,0.0,47000.0,0.0,0.0,47000.0,-3446000.0,99000.0,-11570000.0,-1000.0,-12251000.0,-12251000.0,-12251000.0,0.0,0.0,-0.546,22969000.0,-12276000.0,6346000,0.0,7.243,-16.913,-16.456,15019000,0.0,11.19,9.923,9.62,12547000,-391124000,22421000.0,22421000.0,9232000.0,,,,,3580000.0,13737000.0,1.0,67630175,67526000,67526000.0,0.332,120475000,0,0.0,0,1.784,89669000
39,DXCM,ARQ,2011-09-30,2011-11-02,2011-09-30,2021-07-30,-94000,128793000,,115232000,13561000,,1.678,-1506000.0,18462000,18462000,10090000.0,-13278000.0,7.816,0.139,0,0,0,0,1737000,998000.0,0,0.0,0.0,-13277000.0,-12279000.0,-0.673,-12279000.0,-13277000.0,-13278000.0,-0.2,-0.2,-0.2,113065000,,113065000,643139371.0,-15.0,-16.545,-8247000.0,-0.122,1.0,8164000.0,0.447,0,1000.0,95588000,,6455000,79794000,79794000,0,15728000,14743000,985000,661601371.0,-16366000.0,0.0,1033000.0,-75000.0,0.0,958000.0,-10602000.0,-9096000.0,-6741000.0,19000.0,-13278000.0,-13278000.0,-13278000.0,0.0,0.0,-0.727,21472000.0,-13308000.0,6045000,0.0,5.852,-15.638,-14.848,12524000,0.0,9.8,9.522,9.506,9003000,-378873000,18254000.0,18254000.0,8231000.0,,,,,3728000.0,13241000.0,1.0,67510344,67397000,67397000.0,0.271,128793000,0,0.0,0,1.911,100489000
40,DXCM,ARQ,2011-06-30,2011-08-03,2011-06-30,2021-07-30,-101000,136369000,,123980000,12389000,,1.868,-1160000.0,35153000,35153000,9546000.0,-7367000.0,9.0,0.122,75000,75000,0,75000,2333000,892000.0,0,0.0,0.0,-7364000.0,-6472000.0,-0.302,-6472000.0,-7364000.0,-7367000.0,-0.11,-0.11,-0.11,121575000,,121575000,866516159.0,-20.0,-22.038,-3686000.0,-0.057,1.0,11871000.0,0.554,0,3000.0,87515000,,6258000,71139000,71139000,0,14794000,13776000,1018000,901594159.0,30084000.0,0.0,71941000.0,-225000.0,0.0,71716000.0,-39099000.0,-37939000.0,-2526000.0,-7000.0,-7367000.0,-7367000.0,-7367000.0,0.0,0.0,-0.344,19260000.0,-7389000.0,4965000,0.0,7.416,-21.25,-19.406,12016000,0.0,13.39,14.336,13.859,8694000,-365595000,21417000.0,21417000.0,7016000.0,,,,,3657000.0,12244000.0,1.0,67333395,65096000,65096000.0,0.329,136369000,0,0.0,0,2.095,110204000
41,DXCM,ARQ,2011-03-31,2011-05-03,2011-03-31,2021-07-30,-83000,66555000,,54432000,12123000,,0.858,-1791000.0,5294000,5294000,9058000.0,-11850000.0,4.694,0.247,300000,300000,0,300000,2929000,806000.0,0,0.0,0.0,-11844000.0,-11038000.0,-0.779,-11038000.0,-11844000.0,-11850000.0,-0.19,-0.19,-0.19,53362000,,53362000,1024613689.0,-22.0,-23.42,-11080000.0,-0.178,1.0,5116000.0,0.361,0,6000.0,49966000,,6425000,33526000,33526000,0,13193000,11595000,1598000,1029607689.0,-1084000.0,0.0,1688000.0,-225000.0,0.0,1463000.0,6776000.0,8567000.0,-9289000.0,-34000.0,-11850000.0,-11850000.0,-11850000.0,0.0,0.0,-0.836,16986000.0,-11870000.0,4234000,0.0,19.295,-22.025,-21.154,11748000,0.0,16.5,19.332,19.263,7158000,-358228000,14174000.0,14174000.0,6268000.0,,,,,2548000.0,10718000.0,1.0,62400466,62179000,62179000.0,0.228,66555000,0,0.0,0,1.07,42837000
42,DXCM,ARQ,2010-12-31,2011-03-03,2010-12-31,2021-07-30,-66000,77164000,,66025000,11139000,,1.01,-2320000.0,6603000,6603000,8647000.0,-9812000.0,4.364,0.265,525000,525000,0,525000,3524000,721000.0,0,0.0,0.0,-9804000.0,-9083000.0,-0.581,-9083000.0,-9804000.0,-9812000.0,-0.16,-0.16,-0.16,60993000,,60993000,900916958.0,-17.0,-17.601,-15784000.0,-0.261,1.0,6989000.0,0.447,0,8000.0,55957000,,8112000,42224000,42224000,0,16171000,15129000,1042000,906994958.0,-640000.0,0.0,33485000.0,-225000.0,0.0,33260000.0,-20429000.0,-18109000.0,-13464000.0,-7000.0,-9812000.0,-9812000.0,-9812000.0,0.0,0.0,-0.628,16875000.0,-9886000.0,5350000,0.0,14.87,-16.44,-15.031,10763000,0.0,14.58,18.651,17.053,6671000,-346378000,15636000.0,15636000.0,6902000.0,,,,,2078000.0,9973000.0,1.0,62208159,60403000,60403000.0,0.259,77164000,0,0.0,0,1.277,50896000
43,DXCM,ARQ,2010-09-30,2010-11-04,2010-09-30,2021-07-30,-39000,54105000,,44488000,9617000,,0.606,-2093000.0,7468000,7468000,8188000.0,-13398000.0,2.616,0.535,750000,750000,0,750000,4441000,628000.0,0,0.0,0.0,-13354000.0,-12726000.0,-1.091,-12726000.0,-13354000.0,-13398000.0,-0.23,-0.23,-0.23,35244000,,35244000,810268143.0,-15.0,-15.868,-11563000.0,-0.199,1.0,3476000.0,0.298,0,44000.0,30379000,,6353000,24380000,24380000,0,18861000,17008000,1853000,816986143.0,-561000.0,0.0,1850000.0,-225000.0,0.0,1625000.0,7327000.0,9420000.0,-9470000.0,-43000.0,-13398000.0,-13398000.0,-13398000.0,0.0,0.0,-1.149,16538000.0,-13062000.0,7075000,0.0,23.181,-14.362,-12.88,9240000,0.0,13.91,18.796,18.625,5102000,-336566000,11664000.0,11664000.0,6161000.0,,,,,2317000.0,10377000.0,1.0,58733727,58200000,58200000.0,0.2,54105000,0,0.0,0,0.93,27480000
44,DXCM,ARQ,2010-06-30,2010-08-03,2010-06-30,2021-07-30,-5000,60565000,,50443000,10122000,,0.713,-1483000.0,8254000,8254000,7267000.0,-11687000.0,3.251,0.477,4183000,900000,3283000,4183000,4047000,588000.0,0,0.0,0.0,-11490000.0,-10902000.0,-0.925,-10902000.0,-11490000.0,-11687000.0,-0.2,-0.2,-0.2,41018000,,41018000,674803390.0,-13.0,-13.706,-10788000.0,-0.187,1.0,4519000.0,0.383,0,197000.0,40980000,,4087000,33991000,33991000,0,19547000,15514000,4033000,678874390.0,-4610000.0,0.0,1397000.0,-225000.0,0.0,1172000.0,3513000.0,4996000.0,-9305000.0,10000.0,-11687000.0,-11687000.0,-11687000.0,0.0,0.0,-0.992,15787000.0,-11268000.0,5684000,0.0,16.551,-11.908,-10.281,7775000,0.0,11.72,17.38,17.269,4661000,-323168000,11786000.0,11786000.0,5425000.0,,,,,2771000.0,10362000.0,1.0,57924436,57554000,57554000.0,0.205,60565000,0,0.0,0,1.052,34929000
45,DXCM,ARQ,2010-03-31,2010-05-05,2010-03-31,2021-07-30,-40000,68314000,,59009000,9305000,,0.911,-958000.0,12889000,12889000,6086000.0,-20273000.0,3.728,0.462,5868000,900000,4968000,5868000,5768000,500000.0,0,0.0,0.0,-18974000.0,-18474000.0,-1.935,-18474000.0,-18974000.0,-20273000.0,-0.4,-0.4,-0.4,46727000,,46727000,597230358.0,-11.0,-11.706,-11395000.0,-0.222,1.0,3459000.0,0.362,0,1299000.0,45465000,,3851000,39221000,39221000,0,21587000,15828000,5759000,604251358.0,7123000.0,0.0,33814000.0,-225000.0,0.0,33589000.0,-16021000.0,-15063000.0,-10437000.0,-8000.0,-20273000.0,-20273000.0,-20273000.0,0.0,0.0,-2.124,14533000.0,-11074000.0,5112000,0.0,12.932,-9.962,-8.283,6880000,0.0,10.52,17.759,15.858,3801000,-311481000,9545000.0,9545000.0,4739000.0,,,,,2275000.0,9794000.0,1.0,57438342,51291000,51291000.0,0.186,68314000,0,0.0,0,1.332,43181000
46,DXCM,ARQ,2009-12-31,2010-03-09,2009-12-31,2021-07-30,-13000,46948000,,36920000,10028000,,-0.401,-161000.0,5991000,5991000,6364000.0,-11529000.0,1.964,-3.545,46657000,900000,45757000,46657000,7745000,470000.0,0,0.0,0.0,-9431000.0,-8961000.0,-0.856,-8961000.0,-9431000.0,-11529000.0,-0.25,-0.25,-0.25,-18445000,,-18445000,551863995.0,-12.0,-12.802,-9334000.0,-0.203,1.0,4107000.0,0.392,0,2098000.0,68818000,,2641000,24439000,24439000,0,65393000,18796000,46597000,511197995.0,-2785000.0,0.0,79000.0,-225000.0,0.0,-146000.0,6539000.0,6700000.0,-9173000.0,-5000.0,-11529000.0,-11529000.0,-11529000.0,0.0,0.0,-1.101,13569000.0,-9462000.0,5745000,0.0,-27.715,-9.551,-8.008,6422000,0.0,9.69,17.216,14.472,3490000,-291208000,10471000.0,10471000.0,4172000.0,,,,,2154000.0,9397000.0,1.0,52755211,45997000,45997000.0,0.228,46948000,0,0.0,0,1.021,18124000
47,DXCM,ARQ,2009-09-30,2009-11-04,2009-09-30,2021-07-30,36000,53956000,,43376000,10580000,,-0.198,-825000.0,9001000,9001000,6394000.0,-13523000.0,2.474,-6.929,45583000,900000,44683000,45583000,8702000,589000.0,0,0.0,0.0,-11486000.0,-10897000.0,-1.501,-10897000.0,-11486000.0,-13523000.0,-0.29,-0.29,-0.29,-9101000,,-9101000,356042394.0,-7.0,-7.749,-10633000.0,-0.232,1.0,865000.0,0.119,0,2037000.0,73003000,,1932000,31356000,31356000,0,63057000,17535000,45522000,319460394.0,2154000.0,0.0,343000.0,-569000.0,0.0,-226000.0,12183000.0,13008000.0,-9808000.0,5000.0,-13523000.0,-13523000.0,-13523000.0,0.0,0.0,-1.863,12444000.0,-11579000.0,4373000,0.0,-35.102,-5.762,-4.957,6731000,0.0,6.94,13.714,13.68,2487000,-279679000,7259000.0,7259000.0,3496000.0,,,,,2130000.0,8948000.0,1.0,46031757,45919000,45919000.0,0.158,53956000,0,0.0,0,1.175,25841000
48,DXCM,ARQ,2009-06-30,2009-08-03,2009-06-30,2021-07-30,63000,65101000,,54123000,10978000,,0.043,-754000.0,7416000,7416000,7799000.0,-15330000.0,3.256,31.929,44911000,1244000,43667000,44911000,10057000,662000.0,0,0.0,0.0,-13348000.0,-12686000.0,-1.879,-12686000.0,-13348000.0,-15330000.0,-0.33,-0.33,-0.33,1977000,,1977000,344156499.0,-7.0,-7.153,-11790000.0,-0.257,1.0,-1048000.0,-0.155,0,1982000.0,85972000,,1363000,44666000,44666000,0,63124000,16624000,46500000,306661499.0,-5068000.0,0.0,78000.0,-569000.0,0.0,-491000.0,6485000.0,7239000.0,-11036000.0,-26000.0,-15330000.0,-15330000.0,-15330000.0,0.0,0.0,-2.271,12407000.0,-13455000.0,4118000,0.0,155.115,-5.417,-4.149,6495000,0.0,6.68,17.078,17.05,2067000,-266156000,6751000.0,6751000.0,3455000.0,,,,,2041000.0,8952000.0,1.0,45907410,45832000,45832000.0,0.147,65101000,0,0.0,0,1.42,37499000
49,DXCM,ARQ,2009-03-31,2009-05-06,2009-03-31,2021-07-30,13000,77946000,,66506000,11440000,,0.383,-950000.0,12978000,12978000,5475000.0,-13142000.0,4.435,4.144,44294000,1588000,42706000,44294000,11621000,652000.0,0,0.0,0.0,-11214000.0,-10562000.0,-2.026,-10562000.0,-11214000.0,-13142000.0,-0.33,-0.33,-0.33,15154000,,15154000,218159159.0,-4.0,-4.557,-10322000.0,-0.261,1.0,-263000.0,-0.05,0,1928000.0,94265000,,2365000,52176000,52176000,0,62792000,14997000,47795000,186843159.0,-3424000.0,0.0,45810000.0,-568000.0,0.0,45242000.0,-39311000.0,-38361000.0,-9372000.0,17000.0,-13142000.0,-13142000.0,-13142000.0,0.0,0.0,-2.521,11074000.0,-11337000.0,3774000,0.0,12.33,-3.375,-2.312,6403000,0.0,4.07,14.169,12.212,1345000,-250826000,5212000.0,5212000.0,3171000.0,,,,,2041000.0,7903000.0,1.0,45907410,39569000,39569000.0,0.132,77946000,0,0.0,0,1.97,51509000
50,DXCM,ARQ,2008-12-31,2009-03-05,2008-12-31,2021-07-30,50000,44366000,,32058000,12308000,,-1.3,-431000.0,16970000,16970000,4891000.0,-13450000.0,2.138,-2.149,63356000,1931000,61425000,63356000,12020000,768000.0,0,0.0,0.0,-12571000.0,-11803000.0,-2.898,-11803000.0,-12571000.0,-13450000.0,-0.45,-0.45,-0.45,-38613000,,-38613000,196505032.0,-4.0,-4.049,2095000.0,0.071,1.0,-818000.0,-0.201,0,879000.0,75756000,,2446000,14368000,14368000,0,82979000,14996000,67983000,150119032.0,8058000.0,0.0,66000.0,-569000.0,0.0,-503000.0,6034000.0,6465000.0,2526000.0,1000.0,-13450000.0,-13450000.0,-13450000.0,0.0,0.0,-3.302,11920000.0,-12738000.0,4599000,0.0,-3.888,-2.72,-1.749,6105000,0.0,3.27,15.259,9.801,1118000,-231436000,4073000.0,4073000.0,4571000.0,,,,,1976000.0,7349000.0,1.0,45907961,29703000,29703000.0,0.137,44366000,0,0.0,0,1.494,17062000
51,DXCM,ARQ,2008-09-30,2008-11-10,2008-09-30,2021-07-30,-81000,43075000,,29784000,13291000,,-0.921,-609000.0,9481000,9481000,3840000.0,-14688000.0,3.805,-2.578,63925000,2275000,61650000,63925000,379000,710000.0,0,0.0,0.0,-13775000.0,-13065000.0,-6.805,-13065000.0,-13775000.0,-14688000.0,-0.5,-0.5,-0.5,-27293000,,-27293000,161083987.0,-3.0,-3.359,-12226000.0,-0.413,1.0,-1920000.0,-1.0,0,913000.0,89692000,,2590000,20741000,20741000,0,70368000,7827000,62541000,106639987.0,-321000.0,0.0,384000.0,-569000.0,0.0,-185000.0,11482000.0,12091000.0,-11617000.0,-1000.0,-14688000.0,-14688000.0,-14688000.0,0.0,0.0,-7.65,12070000.0,-13990000.0,2663000,0.0,-3.907,-1.976,-1.935,6442000,0.0,3.58,14.624,14.545,429000,-217986000,1920000.0,1920000.0,5418000.0,,,,,1787000.0,6652000.0,1.0,29787706,29627000,29627000.0,0.065,43075000,0,0.0,0,1.454,21957000
52,DXCM,ARQ,2008-06-30,2008-08-05,2008-06-30,2021-07-30,-45000,57053000,,42955000,14098000,,-0.5,-392000.0,10371000,10371000,3393000.0,-14074000.0,4.99,-4.879,64494000,2275000,62219000,64494000,421000,703000.0,0,0.0,0.0,-13148000.0,-12445000.0,-6.279,-12445000.0,-13148000.0,-14074000.0,-0.48,-0.48,-0.48,-14708000,,-14708000,267810929.0,-5.0,-5.868,-12293000.0,-0.418,1.0,-1411000.0,-0.712,0,926000.0,102567000,,2771000,32896000,32896000,0,71761000,8609000,63152000,213687929.0,-18989000.0,0.0,259000.0,-569000.0,0.0,-310000.0,-6778000.0,-6386000.0,-11901000.0,0.0,-14074000.0,-14074000.0,-14074000.0,0.0,0.0,-7.101,12044000.0,-13455000.0,3736000,0.0,-14.529,-4.218,-4.114,6543000,0.0,7.2,32.397,32.078,568000,-203298000,1982000.0,1982000.0,4797000.0,,,,,1972000.0,7247000.0,1.0,29678879,29387000,29387000.0,0.067,57053000,0,0.0,0,1.941,34346000
53,DXCM,ARQ,2008-03-31,2008-05-08,2008-03-31,2021-07-30,53000,68962000,,53847000,15115000,,-0.099,-1060000.0,29929000,29929000,3242000.0,-12972000.0,6.65,-24.846,65063000,2275000,62788000,65063000,463000,855000.0,0,0.0,0.0,-12079000.0,-11224000.0,-6.028,-11224000.0,-12079000.0,-12972000.0,-0.44,-0.44,-0.44,-2892000,,-2892000,237041209.0,-5.0,-5.401,-17519000.0,-0.599,1.0,-1380000.0,-0.741,0,893000.0,95999000,,1824000,26632000,26632000,0,71854000,8097000,63757000,201907209.0,837000.0,0.0,1053000.0,2657000.0,0.0,3710000.0,13586000.0,14646000.0,-16459000.0,0.0,-12972000.0,-12972000.0,-12972000.0,0.0,0.0,-6.967,11264000.0,-12644000.0,3245000,0.0,-69.816,-4.213,-4.102,6854000,0.0,6.85,36.865,36.555,321000,-189224000,1862000.0,1862000.0,4843000.0,,,,,1948000.0,6421000.0,1.0,29475505,29228000,29228000.0,0.064,68962000,0,0.0,0,2.359,45750000
54,DXCM,ARQ,2007-12-31,2008-03-11,2007-12-31,2021-07-30,13000,77259000,,67291000,9968000,,0.25,-2595000.0,24029000,24029000,3655000.0,-12229000.0,7.966,9.859,62406000,1375000,61031000,62406000,0,1004000.0,0,0.0,0.0,-12229000.0,-11225000.0,-7.346,-11225000.0,-12229000.0,-12229000.0,-0.43,-0.43,-0.43,7115000,,7115000,206157077.0,-4.0,-4.798,-9759000.0,-0.344,1.0,-2127000.0,-1.392,0,0.0,107189000,,1139000,41208000,41208000,0,70144000,8447000,61697000,167780077.0,7939000.0,0.0,207000.0,-411000.0,0.0,-204000.0,15307000.0,17902000.0,-7164000.0,0.0,-12229000.0,-12229000.0,-12229000.0,0.0,0.0,-8.003,10050000.0,-12177000.0,4535000,0.0,23.581,-3.657,-3.506,6649000,0.0,5.68,36.261,34.756,215000,-176252000,1528000.0,1528000.0,4397000.0,,,,,1877000.0,5653000.0,1.0,29538746,28404041,28404041.0,0.054,77259000,0,0.0,0,2.72,58844000
55,DXCM,ARQ,2007-09-30,2007-10-30,2007-09-30,2021-07-30,34000,85489000,,77083000,8406000,,0.612,-130000.0,15176000,15176000,3113000.0,-11384000.0,12.622,3.935,62750000,1375000,61375000,62750000,0,637000.0,0,0.0,0.0,-11384000.0,-10747000.0,-8.78,-10747000.0,-11384000.0,-11384000.0,-0.4,-0.4,-0.4,17324000,,17324000,277335799.0,-6.0,-6.644,-10136000.0,-0.358,1.0,-1889000.0,-1.543,0,0.0,126956000,,1035000,59103000,59103000,0,68165000,6107000,62058000,229761799.0,-10708000.0,0.0,315000.0,-344000.0,0.0,-29000.0,-673000.0,-543000.0,-10006000.0,0.0,-11384000.0,-11384000.0,-11384000.0,0.0,0.0,-9.301,9614000.0,-11503000.0,2088000,0.0,13.263,-5.137,-5.139,5058000,0.0,8.12,58.405,58.465,171000,-164023000,1224000.0,1224000.0,3671000.0,,,,,1704000.0,5943000.0,1.0,28295788,28324661,28324661.0,0.043,85489000,0,0.0,0,3.018,70976000
56,DXCM,ARQ,2007-06-30,2007-07-30,2007-06-30,2021-07-30,-33000,96527000,,87519000,9008000,,0.943,-391000.0,25884000,25884000,2906000.0,-11336000.0,11.752,2.618,63094000,1375000,61719000,63094000,0,645000.0,0,0.0,0.0,-11336000.0,-10691000.0,-12.388,-10691000.0,-11336000.0,-11336000.0,-0.4,-0.4,-0.4,26677000,,26677000,272684934.0,-6.0,-6.221,-8018000.0,-0.283,1.0,-2043000.0,-2.367,0,0.0,126290000,,1254000,58316000,58316000,0,69850000,7447000,62403000,235474934.0,-29944000.0,0.0,14000.0,-723000.0,0.0,-709000.0,-21608000.0,-21217000.0,-7627000.0,0.0,-11336000.0,-11336000.0,-11336000.0,0.0,0.0,-13.136,9497000.0,-11540000.0,3966000,0.0,8.827,-5.034,-5.0,5565000,0.0,8.3,66.313,66.146,126000,-152639000,863000.0,863000.0,4028000.0,,,,,1445000.0,5469000.0,1.0,28370474,28298731,28298731.0,0.03,96527000,0,0.0,0,3.411,80072000
57,DXCM,ARQ,2007-03-31,2007-05-09,2007-03-31,2021-07-30,8000,105461000,,96082000,9379000,,1.29,-327000.0,55828000,55828000,3062000.0,-10929000.0,14.786,1.897,63438000,1289000,62149000,63438000,0,626000.0,0,0.0,0.0,-10929000.0,-10303000.0,-10.181,-10303000.0,-10929000.0,-10929000.0,-0.39,-0.39,-0.39,36402000,,36402000,220959719.0,-5.0,-5.049,-8737000.0,-0.31,1.0,-2050000.0,-2.026,0,0.0,106573000,,1457000,37348000,37348000,0,69059000,6498000,62561000,213349719.0,37661000.0,0.0,361000.0,47180000.0,0.0,47541000.0,-1470000.0,-1143000.0,-8410000.0,0.0,-10929000.0,-10929000.0,-10929000.0,0.0,0.0,-10.799,9406000.0,-11456000.0,3018000,0.0,5.861,-4.577,-4.509,5819000,0.0,7.53,67.366,67.105,198000,-141303000,1012000.0,1012000.0,4035000.0,,,,,1096000.0,5371000.0,1.0,28333296,28223454,28223454.0,0.036,105461000,0,0.0,0,3.737,89584000
58,DXCM,ARQ,2006-12-31,2007-02-27,2006-12-31,2021-07-30,11923,64552608,,57355923,7196685,,2.02,-510996.0,19246066,19246066,3398514.0,-11073643.0,10.969,0.136,3026000,907800,2118200,3026000,0,1071791.0,0,0.0,0.0,-11073643.0,-10001852.0,-11.979,-10001852.0,-11073643.0,-11073643.0,-0.39,-0.39,-0.39,56828267,,56828267,223230355.0,-5.0,-5.085,-10483389.0,-0.373,1.0,-2563597.0,-3.07,0,0.0,43103864,,1413024,36341449,36341449,0,7724341,5228678,2495663,239450421.0,-5035913.0,0.0,57391.0,326000.0,0.0,383391.0,4553089.0,5064085.0,-9972393.0,0.0,-11073643.0,-11073643.0,-11073643.0,0.0,0.0,-13.263,9193646.0,-11757243.0,2763300,0.0,4.214,-5.138,-4.959,6117685,0.0,8.48,110.356,106.443,120477,-130373882,834917.0,834917.0,3929888.0,,,,,1489364.0,5263758.0,1.0,28237078,28127289,28127289.0,0.03,64552608,0,0.0,0,2.295,52127245
59,DXCM,ARQ,2006-09-30,2006-10-23,2006-09-30,2021-07-30,2386,75536126,,67943646,7592480,,2.364,-620398.0,24116979,24116979,3388675.0,-13437771.0,10.345,0.139,2700000,540000,2160000,2700000,0,599121.0,0,0.0,0.0,-13437771.0,-12838650.0,-15.266,-12838650.0,-13437771.0,-13437771.0,-0.48,-0.48,-0.48,66345618,,66345618,253719389.0,-5.0,-5.565,-9393569.0,-0.335,1.0,-2547655.0,-3.029,0,0.0,47551101,,1937111,41474292,41474292,0,9190508,6568046,2622462,275136368.0,-774893.0,0.0,271617.0,1200000.0,0.0,1471617.0,6526661.0,7147059.0,-8773171.0,0.0,-13437771.0,-13437771.0,-13437771.0,0.0,0.0,-15.978,11707925.0,-14255580.0,3064669,0.0,4.147,-5.781,-5.35,6678480,0.0,9.79,206.114,205.855,119221,-119300239,841020.0,841020.0,4634157.0,,,,,1439901.0,7073768.0,1.0,28103817,28068427,28068427.0,0.03,75536126,0,0.0,0,2.691,61375600
60,DXCM,ARQ,2006-06-30,2006-07-21,2006-06-30,2021-07-30,-62740,84622044,,77050841,7571203,,2.881,-1178042.0,24891872,24891872,2090544.0,-11168820.0,15.647,0.085,1500000,150000,1350000,1500000,0,547297.0,0,0.0,0.0,-11168820.0,-10621523.0,-22.171,-10621523.0,-11168820.0,-11168820.0,-0.41,-0.41,-0.41,78006745,,78006745,293130613.0,-7.0,-7.568,-14792083.0,-0.546,1.0,-1611466.0,-3.364,0,0.0,56305826,,3207629,48365007,48365007,0,6615299,4924346,1690953,316522485.0,3797363.0,0.0,47355721.0,1500000.0,0.0,48855721.0,-31444317.0,-30266275.0,-13614041.0,0.0,-11168820.0,-11168820.0,-11168820.0,0.0,0.0,-23.313,10293778.0,-11905244.0,2216212,0.0,4.058,-7.818,-7.05,6657203,0.0,11.28,640.924,618.532,91404,-105862468,479078.0,479078.0,5361419.0,,,,,1634868.0,4932359.0,1.0,28060504,27080115,27080115.0,0.018,84622044,0,0.0,0,3.125,72126495
61,DXCM,ARQ,2006-03-31,2006-05-15,2006-03-31,2021-07-30,-15882,47487683,,41161225,6326458,,1.576,-1042670.0,20430509,20430509,2081220.0,-10919057.0,5.907,0.179,0,0,0,0,0,479703.0,0,0.0,0.0,-10919057.0,-10439354.0,-706.555,-10439354.0,-10919057.0,-10919057.0,-0.43,-0.43,-0.43,40281834,,40281834,539111868.0,-15.0,-15.716,-12417905.0,-0.486,1.0,-2066445.0,-139.861,0,0.0,20089517,,1919521,18493781,18493781,0,7205849,6967657,238192,559542377.0,-17066555.0,0.0,504014.0,0.0,0.0,504014.0,-6195334.0,-5152664.0,-11375235.0,0.0,-10919057.0,-10919057.0,-10919057.0,0.0,0.0,-739.022,9335526.0,-11401971.0,4821490,0.0,13.891,-15.667,-14.736,6026458,0.0,21.81,37870.888,37725.079,0,-94693648,14775.0,14775.0,5494086.0,,,,,1288768.0,3841440.0,1.0,25655313,25556603,25556603.0,0.001,47487683,0,0.0,0,1.858,34193568
62,DXCM,ARQ,2005-12-31,2006-04-26,2005-12-31,2021-07-30,-11928,56726258,,51012767,5713491,,2.608,-2281791.0,37497064,37497064,0.0,-12067626.0,7.211,0.148,0,0,0,0,0,378765.0,0,0.0,0.0,-12067626.0,-11688861.0,,-11688861.0,-12067626.0,-12067626.0,-0.51,-0.51,-0.51,49412063,,49412063,624456758.0,-20.0,-21.024,-8940941.0,-0.472,1.0,0.0,,0,0.0,12155098,,0,13277688,13277688,0,7314195,7074096,240099,661953822.0,-4872229.0,0.0,17213.0,0.0,0.0,17213.0,1769708.0,4051499.0,-6659150.0,0.0,-12067626.0,-12067626.0,-12067626.0,0.0,0.0,,12604523.0,-12604523.0,6008194,0.0,13.397,-21.43,-15.258,5463491,0.0,24.87,,,0,-83774591,0.0,0.0,10945876.0,,,,,316594.0,1658647.0,1.0,26616559,18944208,18944208.0,0.0,56726258,0,0.0,0,2.994,43938671
63,DXCM,ARQ,2005-12-31,2006-04-11,2005-12-31,2021-07-30,-11928,56726258,,51012767,5713491,,2.608,-2281791.0,37497064,37497064,0.0,-12067626.0,7.211,0.148,0,0,0,0,0,378765.0,0,0.0,0.0,-12067626.0,-11688861.0,,-11688861.0,-12067626.0,-12067626.0,-0.51,-0.51,-0.51,49412063,,49412063,476202525.0,-15.0,-16.032,-8940941.0,-0.472,1.0,0.0,,0,0.0,12155098,,0,13277688,13277688,0,7314195,7074096,240099,513699589.0,-4872229.0,0.0,17213.0,0.0,0.0,17213.0,1769708.0,4051499.0,-6659150.0,0.0,-12067626.0,-12067626.0,-12067626.0,0.0,0.0,,12604523.0,-12604523.0,6008194,0.0,10.396,-16.63,-11.84,5463491,0.0,19.3,,,0,-83774591,0.0,0.0,10945876.0,,,,,316594.0,1658647.0,1.0,26616559,18944208,18944208.0,0.0,56726258,0,0.0,0,2.994,43938671
64,DXCM,ARQ,2005-12-31,2006-02-27,2005-12-31,2021-07-30,-11928,56726258,,51012767,5713491,,2.608,-2281791.0,37497064,37497064,0.0,-12067626.0,7.211,0.148,0,0,0,0,0,378765.0,0,0.0,0.0,-12067626.0,-11688861.0,,-11688861.0,-12067626.0,-12067626.0,-0.51,-0.51,-0.51,49412063,,49412063,396119337.0,-13.0,-13.336,-8940941.0,-0.472,1.0,0.0,,0,0.0,12155098,,0,13277688,13277688,0,7314195,7074096,240099,433616401.0,-4872229.0,0.0,17213.0,0.0,0.0,17213.0,1769708.0,4051499.0,-6659150.0,0.0,-12067626.0,-12067626.0,-12067626.0,0.0,0.0,,12604523.0,-12604523.0,6008194,0.0,8.776,-14.038,-10.423,5463491,0.0,16.99,,,0,-83774591,0.0,0.0,10945876.0,,,,,316594.0,1658647.0,1.0,25521860,18944208,18944208.0,0.0,56726258,0,0.0,0,2.994,43938671
65,DXCM,ARQ,2005-09-30,2005-11-01,2005-09-30,2021-07-30,-21003,64277435,,60466970,3810465,,2.41,-1424312.0,42369293,42369293,0.0,-6329621.0,20.717,0.052,0,0,0,0,0,345936.0,0,0.0,0.0,-6329621.0,-5983685.0,,-5983685.0,-6329621.0,-6329621.0,-0.25,-0.25,-0.25,61116781,,61116781,298967672.0,,,-7021322.0,-0.277,1.0,0.0,,0,0.0,18989496,,0,17335007,17335007,0,3160654,2918646,242008,341336965.0,-9371155.0,0.0,-31033.0,0.0,0.0,-31033.0,-3743112.0,-2318800.0,-5597010.0,0.0,-6329621.0,-6329621.0,-6329621.0,0.0,0.0,,6861053.0,-6861053.0,1969243,0.0,5.585,,,3560465,0.0,13.45,,,0,-71706965,0.0,0.0,5042993.0,,,,,402841.0,1818060.0,1.0,25378213,25354432,25354432.0,0.0,64277435,0,0.0,0,2.535,57548324
66,DXCM,ARQ,2005-06-30,2005-08-02,2005-06-30,2021-07-30,-21456,70076599,,67344510,2732089,,3.029,-746177.0,51740448,51740448,0.0,-6384248.0,23.477,0.045,0,0,0,0,0,192700.0,0,0.0,0.0,-6384248.0,-6191548.0,,-6191548.0,-6384248.0,-6384248.0,-0.29,-0.29,-0.29,67061167,,67061167,245866226.0,,,-5935952.0,-0.268,1.0,0.0,,0,0.0,15467584,,0,15094016,15094016,0,3015432,2868567,146865,297606674.0,46846297.0,0.0,50576583.0,0.0,0.0,50968281.0,1067791.0,1813968.0,-5189775.0,0.0,-6384248.0,-6399490.0,-6399490.0,0.0,0.0,,6842226.0,-6842226.0,2136014,0.0,4.438,,,2482089,15242.0,11.73,,,0,-65377344,0.0,0.0,5345568.0,,,,,480574.0,1496658.0,1.0,25371413,22140149,22140149.0,0.0,70076599,0,0.0,0,3.165,64475943
67,DXCM,ARQ,2005-03-31,2005-05-04,2005-03-31,2021-07-30,-8634,25364787,,21909789,3454998,,-21.2,-224326.0,4844151,4844151,0.0,-5985935.0,7.831,-1.464,0,0,0,0,0,147606.0,0,0.0,0.0,-5985935.0,-5838329.0,,-5838329.0,-5985935.0,-5985935.0,-2.36,-2.36,-2.36,-54647250,,-54647250,251305979.0,,,-5332176.0,-2.069,1.0,0.0,,0,0.0,17722955,,0,17107586,17107586,0,80012037,2797681,77214356,256150130.0,-22585057.0,0.0,178519.0,0.0,0.0,-213179.0,-17264028.0,-17039702.0,-5107850.0,0.0,-5985935.0,-6092925.0,-6092925.0,0.0,0.0,,6121672.0,-6121672.0,1202846,0.0,-4.687,,,1928612,106990.0,10.1,,,0,-58977854,0.0,0.0,5435077.0,,,,,585720.0,686595.0,1.0,25361399,2577644,2577644.0,0.0,25364787,0,0.0,0,9.84,19112108
68,DXCM,ARQ,2004-12-31,2005-03-24,2004-12-31,2021-07-30,0,29357881,,27272989,2084892,,-21.567,,27429208,27429208,,,17.391,-1.595,0,0,0,0,0,,0,,0.0,,,,,,,,,,-49309930,,-49309930,,,,,,1.0,,,0,,360443,,0,0,0,0,78667811,1568230,77099581,,,,,,,,,,,,,,,,,,,,1018879,,,,,1851892,,,,,0,-52884929,,,,,,,,,,1.0,26616559,2286320,,,29357881,0,,0,12.841,25704759
0,DXCM,ART,2021-06-30,2021-07-29,2021-06-30,2021-07-30,2800000,4503800000,4254325000.0,3474200000,1029600000,0.51,20.658,-308500000.0,1158800000,1158800000,669400000.0,530600000.0,5.784,1.255,1836600000,18800000,1817800000,1836600000,1800000,83200000.0,0,0.0,0.0,353300000.0,436500000.0,0.201,436500000.0,353300000.0,254300000.0,5.57,5.4,5.57,1997600000,1806650000.0,1997600000,44800136301.0,127.0,102.635,100500000.0,1.039,1.0,1500500000.0,0.692,19100000,99000000.0,4561800000,4609300000.0,319300000,1426100000,1426100000,0,2506200000,600700000,1905500000,44122336301.0,629100000.0,0.0,17300000.0,0.0,0.0,0.0,217700000.0,539200000.0,409000000.0,2400000.0,530600000.0,530600000.0,530600000.0,0.0,0.0,0.245,1155500000.0,345000000.0,482000000,0.0,22.088,83.156,81.876,770800000,0.0,456.05,20.334,20.324,483500000,-98900000,2169900000.0,2169900000.0,445400000.0,0.125,0.294,0.077,0.163,124400000.0,710100000.0,1.0,96748901,96700000,99600000.0,22.44,4484700000,216400000,-276300000.0,0,46.377,2873500000
1,DXCM,ART,2021-03-31,2021-04-29,2021-03-31,2021-07-30,2900000,4389800000,4008825000.0,3445100000,944700000,0.506,19.763,-265500000.0,733800000,733800000,659100000.0,514000000.0,5.703,1.307,1818300000,18200000,1800100000,1818300000,1900000,75000000.0,0,0.0,0.0,317900000.0,392900000.0,0.194,392900000.0,317900000.0,223800000.0,5.41,5.25,5.41,1903200000,1645725000.0,1903200000,41865366644.0,132.0,106.555,236000000.0,2.451,1.0,1367500000.0,0.675,18900000,94100000.0,4851300000,4549000000.0,289700000,1898800000,1898800000,0,2486600000,604100000,1882500000,40780866644.0,149300000.0,0.0,17300000.0,906200000.0,0.0,906400000.0,-1260800000.0,-983900000.0,501500000.0,2200000.0,514000000.0,514000000.0,514000000.0,0.0,0.0,0.254,1055700000.0,311800000.0,502600000,0.0,21.428,79.34,77.948,688700000,0.0,421.7,20.123,20.038,443400000,-161800000,2026600000.0,2026600000.0,396200000.0,0.128,0.312,0.07,0.157,123500000.0,659500000.0,1.0,96705873,96300000,99400000.0,21.045,4370900000,216700000,-290200000.0,0,45.388,2841000000
2,DXCM,ART,2020-12-31,2021-02-11,2020-12-31,2021-07-30,3200000,4290500000,3523350000.0,3424800000,865700000,0.547,19.349,-199000000.0,817600000,817600000,646600000.0,493600000.0,5.577,1.349,1785500000,16500000,1769000000,1785500000,2200000,67100000.0,0,0.0,0.0,309700000.0,376800000.0,0.196,376800000.0,309700000.0,225000000.0,5.23,5.06,5.23,1826500000,1403550000.0,1826500000,40419854303.0,131.0,107.271,276600000.0,2.93,1.0,1280100000.0,0.664,19300000,84700000.0,4625000000,4002700000.0,234700000,1890100000,1890100000,0,2464000000,614100000,1849900000,39451954303.0,371800000.0,0.0,15300000.0,906200000.0,0.0,912100000.0,-1018000000.0,-807700000.0,475600000.0,2100000.0,493600000.0,493600000.0,493600000.0,0.0,0.0,0.256,980600000.0,299500000.0,481100000,0.0,21.6,79.927,78.432,608600000,0.0,410.2,20.476,20.098,428500000,-202100000,1926700000.0,1926700000.0,359900000.0,0.14,0.352,0.077,0.161,119400000.0,620700000.0,1.0,96177363,94400000,97500000.0,20.41,4271200000,216400000,-268600000.0,0,45.246,2810700000
3,DXCM,ART,2020-09-30,2020-10-27,2020-09-30,2021-07-30,2800000,3833200000,3049475000.0,3237100000,596100000,0.597,15.65,-182900000.0,673500000,673500000,630300000.0,231100000.0,6.392,1.557,1764800000,15800000,1749000000,1764800000,1500000,61000000.0,0,0.0,0.0,313400000.0,374400000.0,0.206,374400000.0,313400000.0,238000000.0,2.48,2.43,2.48,1499300000,1167575000.0,1499300000,37642286530.0,120.0,100.54,264400000.0,2.76,1.0,1190300000.0,0.654,19000000,75400000.0,4399100000,3525375000.0,200700000,1930300000,1930300000,0,2333900000,506400000,1827500000,36550986530.0,277700000.0,0.0,15300000.0,906200000.0,0.0,916900000.0,-1088300000.0,-894800000.0,447300000.0,1800000.0,231100000.0,231100000.0,231100000.0,0.0,0.0,0.127,893300000.0,297000000.0,397000000,0.0,24.379,158.161,153.48,556100000,0.0,380.63,20.076,20.029,370000000,-557300000,1820600000.0,1820600000.0,319500000.0,0.076,0.198,0.089,0.172,108900000.0,573800000.0,1.0,96027603,95800000,99500000.0,19.004,3814200000,0,6900000.0,0,39.814,2730700000
4,DXCM,ART,2020-06-30,2020-07-28,2020-06-30,2021-07-30,3500000,3521800000,2637600000.0,3033000000,488800000,0.651,14.434,-185200000.0,530000000,530000000,619200000.0,204700000.0,7.581,1.601,1747600000,15100000,1732500000,1747600000,1700000,55500000.0,0,0.0,0.0,274800000.0,330300000.0,0.192,330300000.0,274800000.0,208700000.0,2.23,2.2,2.23,1353900000,983825000.0,1353900000,41217736663.0,150.0,124.789,209000000.0,2.228,1.0,1096800000.0,0.639,18700000,66100000.0,4320600000,3061975000.0,165300000,1978800000,1978800000,0,2167900000,400100000,1767800000,40000136663.0,-179800000.0,0.0,13500000.0,906200000.0,0.0,918400000.0,-1491800000.0,-1303800000.0,394200000.0,-600000.0,204700000.0,204700000.0,204700000.0,0.0,0.0,0.119,837900000.0,258900000.0,315900000,0.0,29.544,195.409,187.35,455900000,0.0,417.79,23.31,22.837,296500000,-629500000,1716000000.0,1716000000.0,298500000.0,0.078,0.208,0.09,0.16,102600000.0,539400000.0,1.0,95742207,93800000,97000000.0,18.294,3503100000,0,4000000.0,0,37.346,2632900000
5,DXCM,ART,2020-03-31,2020-04-28,2020-03-31,2021-07-30,3700000,2447900000,2273625000.0,1995700000,452200000,0.704,10.18,-173900000.0,584600000,584600000,581400000.0,147900000.0,5.822,1.619,1164200000,14500000,1149700000,1164200000,1800000,51800000.0,0,0.0,0.0,207500000.0,259300000.0,0.162,259300000.0,207500000.0,153200000.0,1.62,1.6,1.62,934500000,817425000.0,934500000,29532489599.0,142.0,113.893,130700000.0,1.424,1.0,1019200000.0,0.637,18600000,54300000.0,2666100000,2515775000.0,141900000,925900000,925900000,0,1513400000,342800000,1170600000,28952889599.0,-700800000.0,0.0,13600000.0,0.0,0.0,12300000.0,-1015900000.0,-841600000.0,304600000.0,-1800000.0,147900000.0,147900000.0,147900000.0,0.0,0.0,0.092,828900000.0,190300000.0,267500000,0.0,30.982,195.76,193.537,419900000,0.0,313.53,18.089,17.982,300700000,-675800000,1600600000.0,1600600000.0,287600000.0,0.065,0.181,0.082,0.13,101600000.0,541300000.0,1.0,92344878,91800000,94100000.0,17.436,2429300000,0,5300000.0,0,26.463,1652900000
6,DXCM,ART,2019-12-31,2020-02-13,2019-12-31,2021-07-30,2300000,2395000000,2155150000.0,1969400000,425600000,0.685,9.688,-180000000.0,446200000,446200000,544500000.0,101100000.0,5.468,1.714,1145700000,13600000,1132100000,1145700000,1700000,48700000.0,0,0.0,0.0,164500000.0,213200000.0,0.144,213200000.0,164500000.0,104200000.0,1.11,1.1,1.11,882600000,750950000.0,882600000,23800458554.0,145.0,111.634,134500000.0,1.476,1.0,931500000.0,0.631,18600000,60300000.0,2715700000,2224025000.0,119800000,1087100000,1087100000,0,1512400000,360200000,1152200000,23100958554.0,-690700000.0,0.0,11900000.0,0.0,0.0,10700000.0,-1015200000.0,-835200000.0,314500000.0,-700000.0,101100000.0,101100000.0,101100000.0,0.0,0.0,0.068,789200000.0,142300000.0,256400000,0.0,26.174,228.496,227.216,392800000,0.0,252.21,15.651,15.567,286300000,-695700000,1476000000.0,1476000000.0,273500000.0,0.047,0.135,0.074,0.111,102700000.0,515700000.0,1.0,91594142,91100000,92300000.0,16.202,2376400000,0,3100000.0,0,26.086,1609200000
7,DXCM,ART,2019-09-30,2019-11-06,2019-09-30,2021-07-30,1000000,2185700000,2035400000.0,1815700000,370000000,0.664,8.371,-153600000.0,395600000,395600000,506200000.0,-171300000.0,5.632,1.86,1096200000,14800000,1081400000,1096200000,4300000,43000000.0,0,0.0,0.0,-129600000.0,-86600000.0,-0.064,-86600000.0,-129600000.0,-167000000.0,-1.96,-1.95,-1.96,764300000,696125000.0,764300000,14715457395.0,-114.0,-169.924,50900000.0,0.558,1.0,845000000.0,0.625,18400000,37400000.0,2545500000,1932150000.0,120400000,1034300000,1034300000,0,1421400000,322400000,1099000000,14014857395.0,28400000.0,0.0,95900000.0,617700000.0,0.0,712400000.0,-890000000.0,-736400000.0,204500000.0,1500000.0,-171300000.0,-171300000.0,-171300000.0,0.0,0.0,-0.127,968800000.0,-123800000.0,232400000,0.0,18.337,-81.815,-78.122,335600000,0.0,153.12,10.372,10.346,234900000,-788400000,1351200000.0,1351200000.0,252300000.0,-0.084,-0.246,-0.067,-0.096,103700000.0,498800000.0,1.0,91528588,91300000,92500000.0,14.8,2167300000,0,4300000.0,0,23.738,1493300000
8,DXCM,ART,2019-06-30,2019-07-31,2019-06-30,2021-07-30,2000000,2065900000,1767550000.0,1744200000,321700000,0.691,7.555,-127700000.0,709200000,709200000,454900000.0,-170500000.0,6.052,2.001,1086000000,14100000,1071900000,1086000000,3500000,37900000.0,0,0.0,0.0,-140800000.0,-102900000.0,-0.084,-102900000.0,-140800000.0,-168000000.0,-1.93,-1.93,-1.93,688300000,645600000.0,688300000,14681146094.0,-104.0,-142.674,39100000.0,0.429,1.0,766700000.0,0.628,18700000,27200000.0,2135800000,1514125000.0,117900000,668300000,668300000,0,1377600000,288200000,1089400000,14304346094.0,409300000.0,-11300000.0,94500000.0,617700000.0,0.0,711800000.0,-472600000.0,-333600000.0,166800000.0,3300000.0,-170500000.0,-170500000.0,-170500000.0,0.0,0.0,-0.14,932600000.0,-165900000.0,196700000,0.0,20.782,-83.896,-81.28,289000000,0.0,156.87,11.71,11.698,217300000,-834200000,1221600000.0,1221600000.0,235700000.0,-0.096,-0.264,-0.093,-0.115,106400000.0,479200000.0,1.0,91185989,91100000,91100000.0,13.409,2047200000,0,2500000.0,0,22.472,1456000000
9,DXCM,ART,2019-03-31,2019-05-01,2019-03-31,2021-07-30,1600000,1974000000,1502950000.0,1690800000,283200000,0.75,7.404,-91100000.0,1285100000,1285100000,413900000.0,-129800000.0,7.183,1.952,1064200000,12300000,1051900000,1064200000,2700000,33000000.0,0,0.0,0.0,-105600000.0,-72600000.0,-0.064,-72600000.0,-105600000.0,-129100000.0,-1.47,-1.47,-1.47,668600000,594050000.0,668600000,10579499041.0,-100.0,-145.723,52600000.0,0.583,1.0,713800000.0,0.633,18600000,23500000.0,1499100000,1195075000.0,101100000,72900000,72900000,0,1305400000,235400000,1070000000,10800399041.0,865000000.0,-11300000.0,95400000.0,617700000.0,0.0,711100000.0,6900000.0,109300000.0,143700000.0,3300000.0,-129800000.0,-129800000.0,-129800000.0,0.0,0.0,-0.115,883800000.0,-170000000.0,169100000,0.0,16.154,-83.208,-80.694,249100000,0.0,118.62,9.577,9.498,204700000,-823700000,1127700000.0,1127700000.0,213900000.0,-0.086,-0.219,-0.088,-0.094,102300000.0,452200000.0,1.0,91050405,90300000,90300000.0,12.488,1955400000,0,700000.0,0,21.654,1455400000
10,DXCM,ART,2018-12-31,2019-02-21,2018-12-31,2021-07-30,1500000,1916000000,1233650000.0,1699500000,216500000,0.836,7.52,-67100000.0,1137000000,1137000000,367700000.0,-127100000.0,7.642,1.889,1010300000,0,1010300000,1010300000,2900000,29100000.0,0,0.0,0.0,-106200000.0,-77100000.0,-0.075,-77100000.0,-106200000.0,-126500000.0,-1.44,-1.44,-1.44,663300000,532325000.0,663300000,13036058424.0,-123.0,-169.08,56100000.0,0.636,1.0,663900000.0,0.644,18700000,20300000.0,1548200000,987875000.0,70700000,248600000,248600000,0,1252700000,222400000,1030300000,13162758424.0,695600000.0,-11300000.0,94600000.0,617700000.0,0.0,710400000.0,-139800000.0,-61400000.0,123200000.0,1800000.0,-127100000.0,-127100000.0,-127100000.0,0.0,0.0,-0.123,850200000.0,-186300000.0,147100000,0.0,19.844,-103.562,-101.562,183100000,0.0,146.25,12.76,12.504,226700000,-798900000,1031600000.0,1031600000.0,199700000.0,-0.103,-0.239,-0.108,-0.103,101900000.0,432800000.0,1.0,90001767,88200000,88200000.0,11.696,1897300000,0,600000.0,0,21.511,1477100000
11,DXCM,ART,2018-09-30,2018-11-06,2018-09-30,2021-07-30,-300000,1114300000,980675000.0,914100000,200200000,0.933,6.353,-67000000.0,367400000,367400000,320000000.0,43200000.0,4.714,0.982,338800000,0,338800000,338800000,3500000,24700000.0,0,0.0,0.0,78200000.0,102900000.0,0.113,102900000.0,78200000.0,59000000.0,0.48,0.47,0.48,562200000,471350000.0,562200000,11780590337.0,151.0,114.486,63700000.0,0.72,1.0,594600000.0,0.65,18400000,19200000.0,873400000,760625000.0,55200000,301300000,301300000,0,552100000,193900000,358200000,11809190337.0,-34400000.0,-11300000.0,10700000.0,0.0,0.0,8900000.0,-171800000.0,-93500000.0,130700000.0,-2200000.0,43200000.0,43200000.0,43200000.0,0.0,0.0,0.047,604300000.0,-9700000.0,135400000,0.0,21.005,273.361,276.917,169600000,0.0,132.92,12.912,12.862,169800000,-619200000,914600000.0,914600000.0,190800000.0,0.044,0.092,0.103,0.086,102200000.0,413500000.0,1.0,88844345,88500000,90300000.0,10.334,1095900000,0,15800000.0,0,12.383,720200000
12,DXCM,ART,2018-06-30,2018-08-01,2018-06-30,2021-07-30,-1300000,1007500000,912825000.0,836000000,171500000,0.912,5.466,-56700000.0,300200000,300200000,279500000.0,-5400000.0,4.895,1.09,335000000,0,335000000,335000000,6800000,21200000.0,0,0.0,0.0,30500000.0,51700000.0,0.062,51700000.0,30500000.0,11700000.0,-0.07,-0.07,-0.07,482100000,426800000.0,482100000,8467471158.0,278.0,163.781,53400000.0,0.605,1.0,553000000.0,0.664,11900000,18800000.0,859600000,700925000.0,46200000,305900000,305900000,0,525400000,170800000,354600000,8432671158.0,-95400000.0,0.0,9600000.0,0.0,0.0,7800000.0,-213000000.0,-156300000.0,110100000.0,-300000.0,-5400000.0,-5400000.0,-5400000.0,0.0,0.0,-0.006,577100000.0,-24100000.0,117900000,0.0,17.492,-1561.606,-1363.429,156800000,0.0,95.44,10.129,10.111,162000000,-665800000,832500000.0,832500000.0,184000000.0,-0.006,-0.013,0.044,0.037,100500000.0,393100000.0,1.0,88355733,88200000,89400000.0,9.439,995600000,0,17100000.0,0,11.288,665200000
13,DXCM,ART,2018-03-31,2018-05-02,2018-03-31,2021-07-30,-4900000,896800000,859850000.0,729300000,167500000,0.885,4.83,-58400000.0,420400000,420400000,243700000.0,-32700000.0,5.83,1.127,331300000,0,331300000,331300000,2900000,18400000.0,0,0.0,0.0,-15200000.0,3200000.0,0.004,3200000.0,-15200000.0,-32300000.0,-0.38,-0.38,-0.38,421700000,394700000.0,421700000,6456491371.0,-425.0,2017.654,24600000.0,0.282,1.0,516900000.0,0.68,12300000,17100000.0,670300000,636825000.0,51600000,113500000,113500000,0,475100000,125100000,350000000,6545591371.0,267200000.0,0.0,9000000.0,314000000.0,0.0,323000000.0,-138400000.0,-80000000.0,83000000.0,-400000.0,-32700000.0,-32700000.0,-32700000.0,0.0,0.0,-0.043,549700000.0,-32800000.0,88000000,0.0,15.522,-200.171,-195.553,152400000,0.0,74.31,8.606,8.529,123900000,-696000000,760600000.0,760600000.0,182100000.0,-0.038,-0.083,-0.024,-0.02,100200000.0,367600000.0,1.0,88084933,87300000,87300000.0,8.712,884500000,0,400000.0,0,10.132,604200000
14,DXCM,ART,2017-12-31,2018-02-27,2017-12-31,2021-07-30,-2600000,904100000,752450000.0,744700000,159400000,0.955,4.86,-66000000.0,441500000,441500000,226400000.0,-50200000.0,5.361,1.156,327600000,0,327600000,327600000,3200000,16100000.0,0,0.0,0.0,-35800000.0,-19700000.0,-0.027,-19700000.0,-35800000.0,-48600000.0,-0.58,-0.58,-0.58,419400000,358725000.0,419400000,4733581644.0,-132.0,-240.283,26000000.0,0.301,1.0,492100000.0,0.685,12100000,12800000.0,639200000,520650000.0,45200000,107100000,107100000,0,484700000,138900000,345800000,4847481644.0,347000000.0,0.0,10100000.0,389000000.0,0.0,399100000.0,-144400000.0,-78400000.0,92000000.0,300000.0,-50200000.0,-50200000.0,-50200000.0,0.0,0.0,-0.07,534600000.0,-42500000.0,87200000,0.0,11.558,-96.563,-96.069,145600000,0.0,55.72,6.747,6.693,134300000,-671800000,718500000.0,718500000.0,185400000.0,-0.067,-0.14,-0.069,-0.05,106200000.0,349200000.0,1.0,86997158,86300000,86300000.0,8.326,892000000,0,1600000.0,0,10.336,605800000
15,DXCM,ART,2017-09-30,2017-11-01,2017-09-30,2021-07-30,-2200000,842900000,627125000.0,692900000,150000000,1.066,4.429,-66000000.0,402100000,402100000,213400000.0,-48200000.0,5.862,1.195,324000000,0,324000000,324000000,2300000,15500000.0,0,0.0,0.0,-55800000.0,-40300000.0,-0.06,-40300000.0,-55800000.0,-64200000.0,-0.56,-0.56,-0.56,384000000,324825000.0,384000000,3820375085.0,-68.0,-94.798,-1900000.0,-0.022,1.0,455300000.0,0.681,12000000,8400000.0,634600000,409450000.0,43300000,123700000,123700000,0,458900000,118200000,340700000,3898475085.0,304400000.0,-100000.0,10500000.0,389000000.0,0.0,399500000.0,-160600000.0,-94500000.0,64100000.0,1400000.0,-48200000.0,-48200000.0,-48200000.0,0.0,0.0,-0.072,516600000.0,-61300000.0,80600000,0.0,10.152,-80.881,-80.107,136100000,0.0,44.86,5.83,5.816,110500000,-662400000,668700000.0,668700000.0,180400000.0,-0.077,-0.148,-0.136,-0.083,110400000.0,335500000.0,1.0,86903145,86700000,86700000.0,7.713,830900000,0,-16000000.0,0,9.584,574700000
16,DXCM,ART,2017-06-30,2017-08-01,2017-06-30,2021-07-30,-1600000,795600000,506875000.0,656800000,138800000,1.248,4.094,-68600000.0,395900000,395900000,203300000.0,-65000000.0,6.249,1.249,320500000,0,320500000,320500000,1500000,15300000.0,0,0.0,0.0,-76200000.0,-60900000.0,-0.096,-60900000.0,-76200000.0,-80300000.0,-0.76,-0.76,-0.76,353700000,294275000.0,353700000,5710333631.0,-75.0,-93.766,-17700000.0,-0.205,1.0,429400000.0,0.679,11900000,4100000.0,603200000,291975000.0,42800000,100700000,100700000,0,441900000,105100000,336800000,5785733631.0,308400000.0,-100000.0,11300000.0,389000000.0,0.0,400300000.0,-141800000.0,-73100000.0,50900000.0,-1000000.0,-65000000.0,-65000000.0,-65000000.0,0.0,0.0,-0.103,508700000.0,-79300000.0,72200000,0.0,16.358,-89.011,-87.947,125000000,0.0,66.84,9.145,9.128,101700000,-660400000,632700000.0,632700000.0,181000000.0,-0.128,-0.221,-0.261,-0.12,114000000.0,327000000.0,1.0,86560946,86400000,87400000.0,7.323,783700000,0,-15300000.0,0,9.071,551700000
17,DXCM,ART,2017-03-31,2017-05-02,2017-03-31,2021-07-30,-1300000,467200000,391175000.0,330500000,136700000,1.532,3.261,-67100000.0,153500000,153500000,202000000.0,-88100000.0,1.925,0.682,75000000,75000000,0,75000000,1200000,15300000.0,0,0.0,0.0,-84900000.0,-69600000.0,-0.116,-69600000.0,-84900000.0,-86000000.0,-1.03,-1.03,-1.03,277800000,267450000.0,277800000,6973584127.0,-82.0,-100.195,-10400000.0,-0.122,1.0,397400000.0,0.663,11400000,1100000.0,205600000,180625000.0,46500000,27600000,27600000,0,189400000,171700000,17700000,7052084127.0,75600000.0,300000.0,11900000.0,73300000.0,0.0,85200000.0,-66100000.0,700000.0,56700000.0,-200000.0,-88100000.0,-88100000.0,-88100000.0,0.0,0.0,-0.147,483200000.0,-85800000.0,65400000,0.0,25.385,-80.046,-79.272,123400000,0.0,81.65,11.765,11.606,85900000,-663300000,599400000.0,599400000.0,172000000.0,-0.225,-0.329,-0.47,-0.142,116300000.0,310500000.0,1.0,86369677,85200000,85200000.0,7.035,455800000,0,2100000.0,0,5.35,158800000
18,DXCM,ART,2016-12-31,2017-02-28,2016-12-31,2021-07-30,-1000000,402800000,349225000.0,280000000,122800000,1.642,3.395,-55700000.0,94500000,94500000,194900000.0,-65600000.0,2.734,0.419,0,0,0,0,900000,15000000.0,0,0.0,0.0,-64200000.0,-49200000.0,-0.086,-49200000.0,-64200000.0,-64900000.0,-0.78,-0.78,-0.78,283800000,255800000.0,283800000,6534643448.0,-102.0,-132.818,500000.0,0.006,1.0,378400000.0,0.66,11500000,700000.0,194400000,167575000.0,45400000,29200000,29200000,0,119000000,102400000,16600000,6629143448.0,8400000.0,300000.0,10400000.0,-2300000.0,0.0,8100000.0,-55900000.0,-500000.0,56200000.0,0.0,-65600000.0,-65600000.0,-65600000.0,0.0,0.0,-0.114,443000000.0,-64600000.0,68100000,0.0,23.359,-101.054,-100.205,109400000,0.0,78.16,11.563,11.397,101700000,-621000000,573300000.0,573300000.0,156100000.0,-0.188,-0.256,-0.383,-0.112,110800000.0,286200000.0,1.0,84815039,83600000,83600000.0,6.858,391300000,0,700000.0,0,4.681,177600000
19,DXCM,ART,2016-09-30,2016-11-01,2016-09-30,2021-07-30,-700000,361900000,321525000.0,258600000,103300000,1.657,3.113,-49700000.0,97700000,97700000,180000000.0,-56700000.0,3.003,0.382,0,0,0,0,500000,14500000.0,0,0.0,0.0,-55900000.0,-41400000.0,-0.078,-41400000.0,-55900000.0,-56300000.0,-0.66,-0.66,-0.66,261800000,240150000.0,261800000,6488423404.0,-116.0,-156.725,4500000.0,0.054,1.0,352900000.0,0.662,13400000,400000.0,164700000,152825000.0,44700000,29600000,29600000,0,100100000,86100000,14000000,6586123404.0,12400000.0,400000.0,12700000.0,-2900000.0,0.0,9800000.0,-51300000.0,-2000000.0,54200000.0,-300000.0,-56700000.0,-56700000.0,-56700000.0,0.0,0.0,-0.106,409100000.0,-56200000.0,58600000,0.0,25.157,-116.157,-118.061,88400000,0.0,77.92,12.359,12.297,76800000,-613600000,532900000.0,532900000.0,140900000.0,-0.176,-0.236,-0.366,-0.105,105200000.0,268200000.0,1.0,84524171,84100000,84100000.0,6.337,348500000,0,400000.0,0,4.144,172500000
20,DXCM,ART,2016-06-30,2016-08-02,2016-06-30,2021-07-30,-700000,332800000,295225000.0,241000000,91800000,1.658,2.947,-41000000.0,87500000,87500000,163000000.0,-80400000.0,3.261,0.351,0,0,0,0,700000,13100000.0,0,0.0,0.0,-79900000.0,-66800000.0,-0.136,-66800000.0,-79900000.0,-80200000.0,-0.97,-0.97,-0.97,246400000,223025000.0,246400000,7695221985.0,-96.0,-115.198,8100000.0,0.097,1.0,326500000.0,0.667,13600000,300000.0,157800000,139000000.0,42900000,28100000,28100000,0,86400000,73900000,12500000,7782721985.0,19800000.0,400000.0,13500000.0,-3400000.0,0.0,10100000.0,-39200000.0,1400000.0,49100000.0,-200000.0,-80400000.0,-80400000.0,-80400000.0,0.0,0.0,-0.164,406600000.0,-80100000.0,49900000,0.0,31.586,-96.8,-95.649,77000000,0.0,92.78,15.899,15.846,73800000,-594800000,489500000.0,489500000.0,161800000.0,-0.272,-0.36,-0.575,-0.163,98800000.0,244800000.0,1.0,83883617,83600000,83600000.0,5.855,319200000,0,200000.0,0,3.818,167100000
21,DXCM,ART,2016-03-31,2016-04-27,2016-03-31,2021-07-30,-300000,299400000,266625000.0,227400000,72000000,1.671,2.816,-36800000.0,77900000,77900000,138400000.0,-63900000.0,3.548,0.295,1700000,1700000,0,1700000,600000,11800000.0,0,0.0,0.0,-63500000.0,-51700000.0,-0.116,-51700000.0,-63500000.0,-63800000.0,-0.78,-0.78,-0.78,231200000,204100000.0,231200000,5631378263.0,-89.0,-108.924,8600000.0,0.105,1.0,307000000.0,0.689,5700000,300000.0,153400000,125325000.0,46100000,28600000,28600000,0,68200000,64100000,4100000,5707578263.0,23700000.0,-500000.0,17400000.0,-2300000.0,0.0,15100000.0,-36800000.0,500000.0,45400000.0,0.0,-63900000.0,-63900000.0,-63900000.0,0.0,0.0,-0.143,370600000.0,-63600000.0,45100000,0.0,24.687,-89.32,-87.705,65900000,0.0,68.41,12.814,12.61,67300000,-574600000,445400000.0,445400000.0,149900000.0,-0.24,-0.313,-0.507,-0.143,91900000.0,220700000.0,1.0,83431929,82100000,82100000.0,5.425,293700000,0,100000.0,0,3.577,163300000
22,DXCM,ART,2015-12-31,2016-02-23,2015-12-31,2021-07-30,-300000,292000000,239100000.0,231300000,60700000,1.681,2.772,-33300000.0,86100000,86100000,123600000.0,-57600000.0,3.457,0.32,2300000,2300000,0,2300000,800000,10800000.0,0,0.0,0.0,-57100000.0,-46300000.0,-0.115,-46300000.0,-57100000.0,-57500000.0,-0.72,-0.72,-0.72,221200000,183450000.0,221200000,5087942124.0,-89.0,-109.891,15700000.0,0.197,1.0,278400000.0,0.693,5900000,400000.0,135400000,110825000.0,35200000,29100000,29100000,0,70800000,66900000,3900000,5171742124.0,14300000.0,-500000.0,19100000.0,-2300000.0,0.0,16800000.0,-51500000.0,-17700000.0,49000000.0,0.0,-57600000.0,-57600000.0,-57600000.0,0.0,0.0,-0.143,335500000.0,-57100000.0,38900000,0.0,23.38,-89.787,-87.875,54700000,0.0,63.27,12.865,12.56,74100000,-555400000,402000000.0,402000000.0,137500000.0,-0.241,-0.314,-0.515,-0.142,82700000.0,198000000.0,1.0,81740827,79800000,79800000.0,5.038,286100000,0,100000.0,0,3.585,164400000
23,DXCM,ART,2015-09-30,2015-11-04,2015-09-30,2021-07-30,-300000,256700000,212250000.0,203700000,53000000,1.675,2.401,-26300000.0,85300000,85300000,108900000.0,-57800000.0,3.464,0.328,2900000,2500000,400000,2900000,1600000,10100000.0,0,0.0,0.0,-57100000.0,-47000000.0,-0.132,-47000000.0,-57100000.0,-57700000.0,-0.73,-0.72,-0.73,193300000,163200000.0,193300000,6994324353.0,-122.0,-148.815,19800000.0,0.246,1.0,246600000.0,0.694,6100000,600000.0,109400000,94450000.0,30600000,28000000,28000000,0,63400000,58800000,4600000,7076724353.0,22100000.0,-500000.0,21800000.0,-2300000.0,0.0,19500000.0,-43500000.0,-16700000.0,46100000.0,0.0,-57800000.0,-57800000.0,-57800000.0,0.0,0.0,-0.163,303700000.0,-57100000.0,34300000,0.0,36.61,-122.435,-119.247,46600000,0.0,87.05,19.906,19.712,55800000,-556900000,355500000.0,355500000.0,130600000.0,-0.272,-0.354,-0.605,-0.161,73500000.0,173100000.0,1.0,81294938,80500000,80500000.0,4.416,250600000,0,100000.0,0,3.113,144900000
24,DXCM,ART,2015-06-30,2015-08-05,2015-06-30,2021-07-30,-300000,218400000,187925000.0,170400000,48000000,1.699,2.144,-22600000.0,68400000,68400000,100200000.0,-20500000.0,3.855,0.279,3500000,2400000,1100000,3500000,800000,9600000.0,0,0.0,0.0,-19700000.0,-10100000.0,-0.032,-10100000.0,-19700000.0,-20400000.0,-0.27,-0.27,-0.27,170700000,143625000.0,170700000,6818108535.0,-346.0,-675.06,17000000.0,0.214,1.0,219100000.0,0.686,6200000,700000.0,103100000,80475000.0,22400000,29800000,29800000,0,47700000,44200000,3500000,6883008535.0,18200000.0,-500000.0,22500000.0,-2300000.0,0.0,20200000.0,-41600000.0,-18500000.0,39600000.0,0.0,-20500000.0,-20500000.0,-20500000.0,0.0,0.0,-0.064,238800000.0,-19700000.0,24000000,0.0,40.322,-335.757,-318.333,40600000,0.0,85.95,21.557,21.427,45500000,-514400000,319300000.0,319300000.0,84300000.0,-0.109,-0.143,-0.245,-0.062,64700000.0,154500000.0,1.0,80081542,79600000,79600000.0,4.011,212200000,0,100000.0,0,2.666,126200000
25,DXCM,ART,2015-03-31,2015-04-29,2015-03-31,2021-07-30,-300000,189300000,168250000.0,146200000,43100000,1.693,1.91,-20300000.0,55200000,55200000,91900000.0,-22800000.0,3.951,0.274,4100000,2400000,1700000,4100000,1300000,8900000.0,0,0.0,0.0,-21900000.0,-13000000.0,-0.046,-13000000.0,-21900000.0,-22700000.0,-0.3,-0.31,-0.3,148600000,125850000.0,148600000,5272133052.0,-241.0,-405.549,9100000.0,0.117,1.0,193000000.0,0.677,5800000,800000.0,95400000,67925000.0,18400000,29600000,29600000,0,40700000,37000000,3700000,5323233052.0,8500000.0,0.0,19800000.0,-2300000.0,0.0,17500000.0,-38400000.0,-18100000.0,29400000.0,0.0,-22800000.0,-22800000.0,-22800000.0,0.0,0.0,-0.08,214900000.0,-21900000.0,21200000,0.0,35.823,-233.475,-223.767,35700000,0.0,67.13,18.685,18.332,40200000,-510700000,284900000.0,284900000.0,74700000.0,-0.136,-0.181,-0.322,-0.077,57200000.0,140200000.0,1.0,79297379,77800000,77800000.0,3.662,183500000,0,100000.0,0,2.359,109200000
26,DXCM,ART,2014-12-31,2015-02-25,2014-12-31,2021-07-30,-100000,184600000,152150000.0,145900000,38700000,1.704,1.864,-16200000.0,72800000,72800000,82900000.0,-22400000.0,3.594,0.317,4600000,2300000,2300000,4600000,700000,8400000.0,0,0.0,0.0,-21500000.0,-13100000.0,-0.051,-13100000.0,-21500000.0,-22300000.0,-0.3,-0.3,-0.3,140200000,111200000.0,140200000,4841576981.0,-225.0,-369.586,7400000.0,0.098,1.0,176300000.0,0.68,5900000,800000.0,69900000,56125000.0,16000000,11800000,11800000,0,44400000,40600000,3800000,4909776981.0,28600000.0,0.0,24000000.0,-2200000.0,0.0,21800000.0,-16800000.0,-600000.0,23600000.0,0.0,-22400000.0,-22400000.0,-22400000.0,0.0,0.0,-0.086,197800000.0,-21500000.0,20400000,0.0,35.02,-219.186,-211.133,31200000,0.0,63.34,18.942,18.376,42400000,-497800000,259200000.0,259200000.0,69400000.0,-0.147,-0.201,-0.383,-0.083,50000000.0,128400000.0,1.0,77514635,75200000,75200000.0,3.447,178700000,0,100000.0,0,2.376,105300000
27,DXCM,ART,2014-09-30,2014-11-06,2014-09-30,2021-07-30,-100000,159400000,136625000.0,123400000,36000000,1.659,1.517,-13900000.0,64200000,64200000,75600000.0,-26300000.0,3.039,0.386,5200000,2300000,2900000,5200000,600000,7900000.0,0,0.0,0.0,-25400000.0,-17500000.0,-0.077,-17500000.0,-25400000.0,-26300000.0,-0.36,-0.38,-0.36,115000000,97175000.0,115000000,3357956169.0,-132.0,-191.883,5700000.0,0.075,1.0,151000000.0,0.666,6300000,900000.0,53500000,50200000.0,14300000,11700000,11700000,0,44400000,40600000,3800000,3416956169.0,29800000.0,0.0,23600000.0,-1800000.0,0.0,21800000.0,-11600000.0,2300000.0,19600000.0,0.0,-26300000.0,-26300000.0,-26300000.0,0.0,0.0,-0.116,176400000.0,-25400000.0,20900000,0.0,29.713,-129.922,-123.972,28000000,0.0,44.63,15.079,14.929,31400000,-499100000,226600000.0,226600000.0,60400000.0,-0.192,-0.271,-0.506,-0.112,42300000.0,116000000.0,1.0,76561868,75800000,76100000.0,2.989,153100000,0,0.0,0,2.02,82800000
28,DXCM,ART,2014-06-30,2014-08-06,2014-06-30,2021-07-30,-200000,139700000,124300000.0,105500000,34200000,1.613,1.328,-12400000.0,50500000,50500000,69100000.0,-27100000.0,2.963,0.403,5800000,2300000,3500000,5800000,300000,7400000.0,0,0.0,0.0,-26200000.0,-18800000.0,-0.094,-18800000.0,-26200000.0,-27100000.0,-0.37,-0.38,-0.37,99600000,87100000.0,99600000,2839239336.0,-108.0,-151.023,-2600000.0,-0.035,1.0,131400000.0,0.655,6500000,900000.0,52900000,48925000.0,11600000,11800000,11800000,0,40100000,35600000,4500000,2883939336.0,21300000.0,0.0,18900000.0,-1300000.0,0.0,17600000.0,-6100000.0,6300000.0,9800000.0,0.0,-27100000.0,-27100000.0,-27100000.0,0.0,0.0,-0.135,157600000.0,-26200000.0,20000000,0.0,28.955,-106.418,-103.27,26000000,0.0,38.21,14.384,14.293,28600000,-493900000,200500000.0,200500000.0,53700000.0,-0.218,-0.311,-0.536,-0.131,35100000.0,103900000.0,1.0,75476036,75000000,75300000.0,2.673,133200000,0,0.0,0,1.776,69900000
29,DXCM,ART,2014-03-31,2014-05-01,2014-03-31,2021-07-30,-100000,124900000,114950000.0,93600000,31300000,1.544,1.228,-10400000.0,46700000,46700000,64100000.0,-31200000.0,3.152,0.388,6300000,2200000,4100000,6300000,600000,7100000.0,0,0.0,0.0,-30300000.0,-23200000.0,-0.131,-23200000.0,-30300000.0,-31200000.0,-0.43,-0.43,-0.43,90000000,80275000.0,90000000,2413159817.0,-80.0,-104.016,-5900000.0,-0.08,1.0,113400000.0,0.639,6600000,900000.0,48200000,48675000.0,8900000,11700000,11700000,0,34900000,29700000,5200000,2453559817.0,26800000.0,0.0,19000000.0,-700000.0,0.0,18300000.0,4000000.0,14400000.0,4500000.0,0.0,-31200000.0,-31200000.0,-31200000.0,0.0,0.0,-0.176,143700000.0,-30300000.0,15900000,0.0,27.262,-78.64,-76.163,22900000,0.0,32.75,13.823,13.524,23800000,-487900000,177500000.0,177500000.0,50000000.0,-0.271,-0.389,-0.622,-0.171,28300000.0,93700000.0,1.0,74917857,73300000,73300000.0,2.422,118300000,0,0.0,0,1.614,63900000
30,DXCM,ART,2013-12-31,2014-02-20,2013-12-31,2021-07-30,-100000,122500000,108425000.0,93100000,29400000,1.476,1.183,-7900000.0,44200000,44200000,59900000.0,-29800000.0,2.9,0.457,6800000,2200000,4600000,6800000,700000,7000000.0,0,0.0,0.0,-28900000.0,-21900000.0,-0.137,-21900000.0,-28900000.0,-29800000.0,-0.42,-0.42,-0.42,84100000,76175000.0,84100000,3124755498.0,-108.0,-142.683,-5500000.0,-0.077,1.0,100100000.0,0.626,6800000,900000.0,46200000,52250000.0,9000000,11400000,11400000,0,38400000,32100000,6300000,3162155498.0,35100000.0,0.0,12000000.0,-200000.0,0.0,11800000.0,20900000.0,28800000.0,2400000.0,0.0,-29800000.0,-29800000.0,-29800000.0,0.0,0.0,-0.186,129000000.0,-28900000.0,14100000,0.0,37.6,-106.113,-103.405,20700000,0.0,43.43,19.763,19.299,26100000,-475400000,160000000.0,160000000.0,44800000.0,-0.275,-0.391,-0.553,-0.181,24600000.0,84200000.0,1.0,72810396,71100000,71100000.0,2.25,115700000,0,0.0,0,1.627,61000000
31,DXCM,ART,2013-09-30,2013-11-06,2013-09-30,2021-07-30,-100000,110100000,104300000.0,81700000,28400000,1.357,1.046,-7004000.0,34400000,34400000,57998000.0,-35682000.0,2.982,0.474,7000000,1800000,5200000,7000000,600000,6851000.0,0,0.0,0.0,-34897000.0,-28046000.0,-0.198,-28046000.0,-34897000.0,-35695000.0,-0.5,-0.5,-0.5,74700000,74400000.0,74700000,1927988124.0,-55.0,-68.744,-19561000.0,-0.274,1.0,83568000.0,0.59,6900000,798000.0,48400000,59950000.0,10000000,14200000,14200000,0,35400000,27400000,8000000,1955388124.0,28609000.0,0.0,7594000.0,6600000.0,0.0,14194000.0,26953000.0,33957000.0,-12557000.0,19000.0,-35682000.0,-35682000.0,-35682000.0,0.0,0.0,-0.252,118500000.0,-34932000.0,12600000,0.0,26.177,-54.8,-54.48,19700000,0.0,27.24,13.813,13.739,21600000,-472800000,141566000.0,141566000.0,40905000.0,-0.342,-0.48,-0.582,-0.247,22542000.0,77595000.0,1.0,71783705,71400000,71400000.0,1.983,103200000,0,-13000.0,0,1.445,54300000
32,DXCM,ART,2013-06-30,2013-08-07,2013-06-30,2021-07-30,-100000,102300000,102474000.0,74200000,28100000,1.188,1.02,-7698000.0,29200000,29200000,57385000.0,-46945000.0,3.517,0.415,7000000,1200000,5800000,7000000,700000,7350000.0,0,0.0,0.0,-46402000.0,-39052000.0,-0.321,-39052000.0,-46402000.0,-47001000.0,-0.67,-0.67,-0.67,72300000,75788250.0,72300000,1546653997.0,-33.0,-39.605,-27905000.0,-0.394,1.0,64370000.0,0.529,7100000,599000.0,51900000,65133500.0,7300000,18200000,18200000,0,30000000,21100000,8900000,1568853997.0,22168000.0,0.0,7028000.0,6600000.0,0.0,13628000.0,28747000.0,36445000.0,-20207000.0,0.0,-46945000.0,-46945000.0,-46945000.0,0.0,0.0,-0.386,110824000.0,-46454000.0,9100000,0.0,21.699,-33.419,-32.806,19100000,0.0,21.98,12.885,12.799,17700000,-466800000,121755000.0,121755000.0,39687000.0,-0.458,-0.619,-0.712,-0.381,20821000.0,71137000.0,1.0,71376433,70900000,70900000.0,1.717,95200000,0,-56000.0,0,1.343,53100000
33,DXCM,ART,2013-03-31,2013-05-01,2013-03-31,2021-07-30,-100000,98800000,104529500.0,71300000,27500000,1.047,1.054,-8580000.0,19900000,19900000,55692000.0,-51536000.0,4.401,0.342,7000000,700000,6300000,7000000,800000,7218000.0,0,0.0,0.0,-51128000.0,-43910000.0,-0.401,-43910000.0,-51128000.0,-51528000.0,-0.74,-0.74,-0.74,73600000,80540250.0,73600000,1181920688.0,-23.0,-26.917,-36016000.0,-0.516,1.0,53713000.0,0.491,7200000,400000.0,62500000,71886750.0,7500000,26400000,26400000,0,25200000,16200000,9000000,1194820688.0,13734000.0,0.0,5180000.0,6600000.0,0.0,11780000.0,29369000.0,37949000.0,-27436000.0,21000.0,-51536000.0,-51536000.0,-51536000.0,0.0,0.0,-0.471,104916000.0,-51203000.0,7500000,0.0,16.234,-23.184,-22.838,18300000,0.0,16.9,10.921,10.782,16300000,-456700000,109405000.0,109405000.0,39085000.0,-0.493,-0.64,-0.711,-0.467,19254000.0,65831000.0,1.0,70699449,69800000,69800000.0,1.567,91600000,0,8000.0,0,1.312,55100000
34,DXCM,ART,2012-12-31,2013-02-21,2012-12-31,2021-07-30,-100000,106000000,109320000.0,77600000,28400000,0.914,1.121,-9500000.0,9100000,9100000,53300000.0,-54500000.0,3.979,0.377,7000000,200000,6800000,7000000,2000000,6600000.0,0,0.0,0.0,-55600000.0,-49000000.0,-0.49,-49000000.0,-55600000.0,-55800000.0,-0.79,-0.79,-0.79,77000000,87028000.0,77000000,981063761.0,-18.0,-20.022,-42600000.0,-0.62,1.0,46600000.0,0.466,7400000,200000.0,77000000,78250750.0,7400000,40600000,40600000,0,29000000,19500000,9500000,983163761.0,5500000.0,0.0,3600000.0,6600000.0,0.0,10200000.0,28400000.0,37900000.0,-33100000.0,0.0,-54500000.0,-54500000.0,-54500000.0,0.0,0.0,-0.546,102300000.0,-55700000.0,8700000,0.0,12.768,-18.04,-17.886,18900000,0.0,14.13,9.841,9.717,19500000,-445600000,99900000.0,99900000.0,39500000.0,-0.499,-0.626,-0.711,-0.557,18400000.0,62800000.0,1.0,69579884,68700000,68700000.0,1.454,98600000,0,-1300000.0,0,1.435,58100000
35,DXCM,ART,2012-09-30,2012-11-01,2012-09-30,2021-07-30,-93000,102796000,112938750.0,75571000,27225000,0.789,1.162,-11641000.0,5783000,5783000,49330000.0,-58269000.0,3.704,0.281,0,0,0,0,1791000,5912000.0,0,0.0,0.0,-59553000.0,-53641000.0,-0.602,-53641000.0,-59553000.0,-59556000.0,-0.85,-0.85,-0.85,80253000,93900500.0,80253000,899791307.0,-15.0,-16.774,-45754000.0,-0.663,1.0,39725000.0,0.446,7475000,3000.0,69134000,84561250.0,7141000,48641000,48641000,0,22543000,20404000,2139000,905574307.0,-12779000.0,0.0,2953000.0,0.0,0.0,2953000.0,18401000.0,30042000.0,-34113000.0,-20000.0,-58269000.0,-58269000.0,-58269000.0,0.0,0.0,-0.654,99369000.0,-59644000.0,10520000,0.0,11.284,-15.541,-15.376,18613000,0.0,13.07,10.169,10.134,12357000,-437142000,89055000.0,89055000.0,40027000.0,-0.516,-0.621,-0.704,-0.669,17438000.0,59342000.0,1.0,69286481,69052000,69052000.0,1.29,95321000,0,-1287000.0,0,1.38,55167000
36,DXCM,ART,2012-06-30,2012-08-06,2012-06-30,2021-07-30,-88000,110522000,119438000.0,83993000,26529000,0.705,1.33,-10253000.0,7024000,7024000,44733000.0,-54284000.0,4.952,0.21,0,0,0,0,2201000,4711000.0,0,0.0,0.0,-55525000.0,-50814000.0,-0.603,-50814000.0,-55525000.0,-55528000.0,-0.8,-0.8,-0.8,91308000,102103500.0,91308000,812353637.0,-15.0,-15.987,-45057000.0,-0.656,1.0,39487000.0,0.469,7624000,3000.0,78913000,91174750.0,7378000,55203000,55203000,0,19214000,16961000,2253000,819377637.0,-27904000.0,0.0,2652000.0,-75000.0,0.0,2577000.0,4305000.0,14558000.0,-34804000.0,18000.0,-54284000.0,-54284000.0,-54284000.0,0.0,0.0,-0.645,95117000.0,-55630000.0,7532000,0.0,8.974,-15.094,-14.838,17768000,0.0,11.87,9.729,9.673,12900000,-419879000,84220000.0,84220000.0,37676000.0,-0.454,-0.532,-0.609,-0.659,16287000.0,57441000.0,1.0,69029287,68635000,68635000.0,1.227,102898000,0,-1244000.0,0,1.499,67032000
37,DXCM,ART,2012-03-31,2012-05-02,2012-03-31,2021-07-30,-103000,117962000,125899750.0,92822000,25140000,0.653,1.469,-8531000.0,6158000,6158000,42072000.0,-46960000.0,5.774,0.185,0,0,0,0,2679000,4135000.0,0,0.0,0.0,-48263000.0,-44128000.0,-0.537,-44128000.0,-48263000.0,-48268000.0,-0.7,-0.7,-0.7,99551000,109670250.0,99551000,686877637.0,-14.0,-15.566,-39532000.0,-0.583,1.0,40115000.0,0.488,7772000,5000.0,87956000,93325250.0,8044000,65065000,65065000,0,18411000,16076000,2335000,693035637.0,1314000.0,0.0,74141000.0,-300000.0,0.0,73841000.0,-41516000.0,-32985000.0,-31001000.0,-10000.0,-46960000.0,-46960000.0,-46960000.0,0.0,0.0,-0.571,88485000.0,-48370000.0,7980000,0.0,6.962,-14.758,-14.443,16206000,0.0,10.11,8.432,8.339,12543000,-405188000,82187000.0,82187000.0,34194000.0,-0.373,-0.428,-0.517,-0.587,15111000.0,54291000.0,1.0,68549519,67790000,67790000.0,1.212,110190000,0,-1308000.0,0,1.625,76746000
38,DXCM,ART,2011-12-31,2012-02-23,2011-12-31,2021-07-30,-80000,120475000,113048000.0,104410000,16065000,0.675,1.594,-8002000.0,3492000,3492000,40422000.0,-44746000.0,7.083,0.153,0,0,0,0,1872000,3759000.0,0,0.0,0.0,-44735000.0,-40976000.0,-0.537,-40976000.0,-44735000.0,-44746000.0,-0.68,-0.68,-0.68,104490000,98123000.0,104490000,753289658.0,-17.0,-18.384,-38128000.0,-0.582,1.0,35844000.0,0.47,0,11000.0,102242000,83827750.0,8171000,79358000,79358000,0,15985000,14741000,1244000,756781658.0,-2336000.0,0.0,74709000.0,-525000.0,0.0,74184000.0,-46371000.0,-38369000.0,-30126000.0,-23000.0,-44746000.0,-44746000.0,-44746000.0,0.0,0.0,-0.587,80687000.0,-44843000.0,6346000,0.0,7.243,-16.913,-16.456,15019000,0.0,11.19,9.923,9.62,12547000,-391124000,76266000.0,76266000.0,30747000.0,-0.396,-0.456,-0.534,-0.587,13513000.0,49940000.0,1.0,67630175,65564000,65564000.0,1.163,120475000,0,0.0,0,1.838,89669000
39,DXCM,ART,2011-09-30,2011-11-02,2011-09-30,2021-07-30,-94000,128793000,102220250.0,115232000,13561000,0.68,1.678,-6777000.0,18462000,18462000,37341000.0,-42307000.0,7.816,0.139,0,0,0,0,1737000,3417000.0,0,0.0,0.0,-42289000.0,-38872000.0,-0.559,-38872000.0,-42289000.0,-42307000.0,-0.66,-0.66,-0.66,113065000,87248750.0,113065000,643139371.0,-15.0,-16.545,-38797000.0,-0.576,1.0,32140000.0,0.463,0,18000.0,95588000,72256500.0,6455000,79794000,79794000,0,15728000,14743000,985000,661601371.0,11994000.0,0.0,108147000.0,-750000.0,0.0,107397000.0,-63354000.0,-56577000.0,-32020000.0,-29000.0,-42307000.0,-42307000.0,-42307000.0,0.0,0.0,-0.609,74593000.0,-42453000.0,6045000,0.0,5.852,-15.638,-14.848,12524000,0.0,9.8,9.522,9.506,9003000,-378873000,69481000.0,69481000.0,28417000.0,-0.414,-0.485,-0.585,-0.609,12011000.0,46176000.0,1.0,67510344,67397000,67397000.0,1.031,128793000,0,0.0,0,1.911,100489000
40,DXCM,ART,2011-06-30,2011-08-03,2011-06-30,2021-07-30,-101000,136369000,83548250.0,123980000,12389000,0.753,1.868,-7364000.0,35153000,35153000,35439000.0,-42427000.0,9.0,0.122,75000,75000,0,75000,2333000,3047000.0,0,0.0,0.0,-42366000.0,-39319000.0,-0.625,-39319000.0,-42366000.0,-42427000.0,-0.69,-0.69,-0.69,121575000,67793500.0,121575000,866516159.0,-20.0,-22.038,-42113000.0,-0.647,1.0,27452000.0,0.437,0,61000.0,87515000,55954250.0,6258000,71139000,71139000,0,14794000,13776000,1018000,901594159.0,27799000.0,0.0,108964000.0,-900000.0,0.0,108064000.0,-45425000.0,-38061000.0,-34749000.0,-91000.0,-42427000.0,-42427000.0,-42427000.0,0.0,0.0,-0.675,69659000.0,-42207000.0,4965000,0.0,7.416,-21.25,-19.406,12016000,0.0,13.39,14.336,13.859,8694000,-365595000,62891000.0,62891000.0,26347000.0,-0.508,-0.626,-0.757,-0.674,10600000.0,43312000.0,1.0,67333395,65096000,65096000.0,0.966,136369000,0,0.0,0,2.095,110204000
41,DXCM,ART,2011-03-31,2011-05-03,2011-03-31,2021-07-30,-83000,66555000,64597250.0,54432000,12123000,0.824,0.858,-7687000.0,5294000,5294000,33160000.0,-46747000.0,4.694,0.247,300000,300000,0,300000,2929000,2743000.0,0,0.0,0.0,-46492000.0,-43749000.0,-0.821,-43749000.0,-46492000.0,-46747000.0,-0.78,-0.78,-0.78,53362000,47654250.0,53362000,1024613689.0,-22.0,-23.42,-49215000.0,-0.792,1.0,20100000.0,0.377,0,255000.0,49966000,44320500.0,6425000,33526000,33526000,0,13193000,11595000,1598000,1029607689.0,-6895000.0,0.0,38420000.0,-900000.0,0.0,37520000.0,-2813000.0,4874000.0,-41528000.0,-74000.0,-46747000.0,-46747000.0,-46747000.0,0.0,0.0,-0.878,66186000.0,-46086000.0,4234000,0.0,19.295,-22.025,-21.154,11748000,0.0,16.5,19.332,19.263,7158000,-358228000,53260000.0,53260000.0,24756000.0,-0.724,-0.981,-1.049,-0.873,9714000.0,41430000.0,1.0,62400466,62179000,62179000.0,0.857,66555000,0,0.0,0,1.07,42837000
42,DXCM,ART,2010-12-31,2011-03-03,2010-12-31,2021-07-30,-66000,77164000,65037000.0,66025000,11139000,0.748,1.072,-6854000.0,6603000,6603000,30188000.0,-55170000.0,4.364,0.265,525000,525000,0,525000,3524000,2437000.0,0,0.0,0.0,-53622000.0,-51185000.0,-1.053,-51185000.0,-53622000.0,-55170000.0,-0.97,-0.97,-0.97,60993000,45995500.0,60993000,900916958.0,-17.0,-17.601,-49530000.0,-0.871,1.0,18443000.0,0.379,0,1548000.0,55957000,43195250.0,8112000,42224000,42224000,0,16171000,15129000,1042000,906994958.0,1312000.0,0.0,70546000.0,-900000.0,0.0,69646000.0,-25610000.0,-18756000.0,-42676000.0,-48000.0,-55170000.0,-55170000.0,-55170000.0,0.0,0.0,-1.134,63733000.0,-45290000.0,5350000,0.0,14.87,-16.44,-15.031,10763000,0.0,14.58,18.651,17.053,6671000,-346378000,48631000.0,48631000.0,23227000.0,-0.848,-1.199,-1.241,-1.103,9441000.0,40506000.0,1.0,62208159,56881000,56881000.0,0.855,77164000,0,0.0,0,1.357,50896000
43,DXCM,ART,2010-09-30,2010-11-04,2010-09-30,2021-07-30,-39000,54105000,57483000.0,44488000,9617000,0.756,0.606,-4695000.0,7468000,7468000,27905000.0,-56887000.0,2.616,0.535,750000,750000,0,750000,4441000,2186000.0,0,0.0,0.0,-53249000.0,-51063000.0,-1.175,-51063000.0,-53249000.0,-56887000.0,-1.08,-1.08,-1.08,35244000,26136000.0,35244000,810268143.0,-15.0,-15.868,-43080000.0,-0.74,1.0,15561000.0,0.358,0,3638000.0,30379000,46410500.0,6353000,24380000,24380000,0,18861000,17008000,1853000,816986143.0,-833000.0,0.0,37140000.0,-900000.0,0.0,36240000.0,1358000.0,6053000.0,-38385000.0,-46000.0,-56887000.0,-56887000.0,-56887000.0,0.0,0.0,-1.309,60427000.0,-44866000.0,7075000,0.0,23.181,-14.362,-12.88,9240000,0.0,13.91,18.796,18.625,5102000,-336566000,43466000.0,43466000.0,20497000.0,-0.99,-2.177,-1.147,-1.225,9517000.0,39930000.0,1.0,58733727,58200000,58200000.0,0.747,54105000,0,0.0,0,0.93,27480000
44,DXCM,ART,2010-06-30,2010-08-03,2010-06-30,2021-07-30,-5000,60565000,57445750.0,50443000,10122000,0.68,0.713,-3427000.0,8254000,8254000,26111000.0,-57012000.0,3.251,0.477,4183000,900000,3283000,4183000,4047000,2147000.0,0,0.0,0.0,-51381000.0,-49234000.0,-1.26,-49234000.0,-51381000.0,-57012000.0,-1.14,-1.14,-1.14,41018000,15049750.0,41018000,674803390.0,-13.0,-13.706,-42150000.0,-0.732,1.0,12950000.0,0.332,0,5631000.0,40980000,57066500.0,4087000,33991000,33991000,0,19547000,15514000,4033000,678874390.0,1882000.0,0.0,35633000.0,-1244000.0,0.0,34389000.0,6214000.0,9641000.0,-38723000.0,2000.0,-57012000.0,-57012000.0,-57012000.0,0.0,0.0,-1.46,56333000.0,-43383000.0,5684000,0.0,16.551,-11.908,-10.281,7775000,0.0,11.72,17.38,17.269,4661000,-323168000,39061000.0,39061000.0,17832000.0,-0.992,-3.788,-0.9,-1.315,9330000.0,38501000.0,1.0,57924436,57554000,57554000.0,0.679,60565000,0,0.0,0,1.052,34929000
45,DXCM,ART,2010-03-31,2010-05-05,2010-03-31,2021-07-30,-40000,68314000,58579750.0,59009000,9305000,0.581,0.911,-2698000.0,12889000,12889000,26643000.0,-60655000.0,3.728,0.462,5868000,900000,4968000,5868000,5768000,2221000.0,0,0.0,0.0,-53239000.0,-51018000.0,-1.499,-51018000.0,-53239000.0,-60655000.0,-1.27,-1.27,-1.27,46727000,5289500.0,46727000,597230358.0,-11.0,-11.706,-43152000.0,-0.841,1.0,7383000.0,0.217,0,7416000.0,45465000,68314500.0,3851000,39221000,39221000,0,21587000,15828000,5759000,604251358.0,1424000.0,0.0,34314000.0,-1588000.0,0.0,32726000.0,9186000.0,11884000.0,-40454000.0,-34000.0,-60655000.0,-60655000.0,-60655000.0,0.0,0.0,-1.783,52953000.0,-45570000.0,5112000,0.0,12.932,-9.962,-8.283,6880000,0.0,10.52,17.759,15.858,3801000,-311481000,34026000.0,34026000.0,15862000.0,-1.035,-11.467,-0.779,-1.565,8600000.0,37091000.0,1.0,57438342,51291000,51291000.0,0.663,68314000,0,0.0,0,1.332,43181000
46,DXCM,ART,2009-12-31,2010-03-09,2009-12-31,2021-07-30,-13000,46948000,60987750.0,36920000,10028000,0.487,-0.416,-2690000.0,5991000,5991000,26032000.0,-53524000.0,1.964,-3.545,46657000,900000,45757000,46657000,7745000,2373000.0,0,0.0,0.0,-45479000.0,-43106000.0,-1.452,-43106000.0,-45479000.0,-53524000.0,-1.21,-1.21,-1.21,-18445000,-2603750.0,-18445000,551863995.0,-12.0,-12.802,-42079000.0,-0.949,1.0,3661000.0,0.123,0,8045000.0,68818000,80514500.0,2641000,24439000,24439000,0,65393000,18796000,46597000,511197995.0,-9123000.0,0.0,46310000.0,-1931000.0,0.0,44379000.0,-14104000.0,-11414000.0,-39389000.0,-9000.0,-53524000.0,-53524000.0,-53524000.0,0.0,0.0,-1.803,49494000.0,-45833000.0,5745000,0.0,-27.715,-9.551,-8.008,6422000,0.0,9.69,17.216,14.472,3490000,-291208000,29693000.0,29693000.0,14294000.0,-0.878,20.557,-0.565,-1.532,8366000.0,35200000.0,1.0,52755211,44347000,44347000.0,0.67,46948000,0,0.0,0,1.059,18124000
47,DXCM,ART,2009-09-30,2009-11-04,2009-09-30,2021-07-30,36000,53956000,60342250.0,43376000,10580000,0.386,-0.198,-2960000.0,9001000,9001000,24559000.0,-55445000.0,2.474,-6.929,45583000,900000,44683000,45583000,8702000,2671000.0,0,0.0,0.0,-48619000.0,-45948000.0,-1.972,-45948000.0,-48619000.0,-55445000.0,-1.4,-1.4,-1.4,-9101000,-7645750.0,-9101000,356042394.0,-7.0,-7.749,-30650000.0,-0.667,1.0,-1264000.0,-0.054,0,6826000.0,73003000,82249000.0,1932000,31356000,31356000,0,63057000,17535000,45522000,319460394.0,1720000.0,0.0,46297000.0,-2275000.0,0.0,44022000.0,-14609000.0,-11649000.0,-27690000.0,-3000.0,-55445000.0,-55445000.0,-55445000.0,0.0,0.0,-2.38,47845000.0,-49109000.0,4373000,0.0,-35.102,-5.762,-4.957,6731000,0.0,6.94,13.714,13.68,2487000,-279679000,23295000.0,23295000.0,14693000.0,-0.919,7.252,-0.591,-2.087,8188000.0,33152000.0,1.0,46031757,45919000,45919000.0,0.507,53956000,0,0.0,0,1.175,25841000
48,DXCM,ART,2009-06-30,2009-08-03,2009-06-30,2021-07-30,63000,65101000,57622000.0,54123000,10978000,0.312,0.043,-2744000.0,7416000,7416000,22005000.0,-56610000.0,3.256,31.929,44911000,1244000,43667000,44911000,10057000,2792000.0,0,0.0,0.0,-50908000.0,-48116000.0,-2.68,-48116000.0,-50908000.0,-56610000.0,-1.61,-1.61,-1.61,1977000,-12193750.0,1977000,344156499.0,-7.0,-7.153,-32243000.0,-0.704,1.0,-4049000.0,-0.225,0,5702000.0,85972000,86421250.0,1363000,44666000,44666000,0,63124000,16624000,46500000,306661499.0,-755000.0,0.0,46338000.0,-2275000.0,0.0,44063000.0,-15310000.0,-12566000.0,-29499000.0,-9000.0,-56610000.0,-56610000.0,-56610000.0,0.0,0.0,-3.153,47471000.0,-51520000.0,4118000,0.0,155.115,-5.417,-4.149,6495000,0.0,6.68,17.078,17.05,2067000,-266156000,17956000.0,17956000.0,16615000.0,-0.982,4.643,-0.589,-2.835,7845000.0,30856000.0,1.0,45907410,45832000,45832000.0,0.392,65101000,0,0.0,0,1.42,37499000
49,DXCM,ART,2009-03-31,2009-05-06,2009-03-31,2021-07-30,13000,77946000,55610000.0,66506000,11440000,0.237,0.383,-2382000.0,12978000,12978000,17599000.0,-55354000.0,4.435,4.144,44294000,1588000,42706000,44294000,11621000,2833000.0,0,0.0,0.0,-50708000.0,-47875000.0,-3.63,-47875000.0,-50708000.0,-55354000.0,-1.76,-1.76,-1.76,15154000,-16365000.0,15154000,218159159.0,-4.0,-4.557,-32746000.0,-0.828,1.0,-4412000.0,-0.335,0,4646000.0,94265000,90570000.0,2365000,52176000,52176000,0,62792000,14997000,47795000,186843159.0,-14676000.0,0.0,46519000.0,-2275000.0,0.0,44244000.0,-28573000.0,-26191000.0,-30364000.0,17000.0,-55354000.0,-55354000.0,-55354000.0,0.0,0.0,-4.198,47108000.0,-51520000.0,3774000,0.0,12.33,-3.375,-2.312,6403000,0.0,4.07,14.169,12.212,1345000,-250826000,13187000.0,13187000.0,17957000.0,-0.995,3.382,-0.56,-3.845,7776000.0,29151000.0,1.0,45907410,39569000,39569000.0,0.333,77946000,0,0.0,0,1.97,51509000
50,DXCM,ART,2008-12-31,2009-03-05,2008-12-31,2021-07-30,50000,44366000,53364000.0,32058000,12308000,0.184,-1.309,-2492000.0,16970000,16970000,15367000.0,-55184000.0,2.138,-2.149,63356000,1931000,61425000,63356000,12020000,3036000.0,0,0.0,0.0,-51573000.0,-48537000.0,-4.934,-48537000.0,-51573000.0,-55184000.0,-1.87,-1.87,-1.87,-38613000,-20876500.0,-38613000,196505032.0,-4.0,-4.049,-39943000.0,-1.355,1.0,-5529000.0,-0.562,0,3611000.0,75756000,91003500.0,2446000,14368000,14368000,0,82979000,14996000,67983000,150119032.0,-10415000.0,0.0,1762000.0,950000.0,0.0,2712000.0,24324000.0,26816000.0,-37451000.0,0.0,-55184000.0,-55184000.0,-55184000.0,0.0,0.0,-5.609,47298000.0,-52827000.0,4599000,0.0,-3.888,-2.72,-1.749,6105000,0.0,3.27,15.259,9.801,1118000,-231436000,9838000.0,9838000.0,19629000.0,-1.034,2.643,-0.567,-5.242,7683000.0,27669000.0,1.0,45907961,29487000,29487000.0,0.334,44366000,0,0.0,0,1.505,17062000
51,DXCM,ART,2008-09-30,2008-11-10,2008-09-30,2021-07-30,-81000,43075000,61587250.0,29784000,13291000,0.118,-0.921,-4656000.0,9481000,9481000,14130000.0,-53963000.0,3.805,-2.578,63925000,2275000,61650000,63925000,379000,3272000.0,0,0.0,0.0,-51231000.0,-47959000.0,-6.577,-47959000.0,-51231000.0,-53963000.0,-1.85,-1.85,-1.85,-27293000,-9444500.0,-27293000,161083987.0,-3.0,-3.359,-51797000.0,-1.748,1.0,-6838000.0,-0.938,0,2732000.0,89692000,98861750.0,2590000,20741000,20741000,0,70368000,7827000,62541000,106639987.0,-10534000.0,0.0,1903000.0,1108000.0,0.0,3011000.0,33597000.0,38253000.0,-47141000.0,-1000.0,-53963000.0,-53963000.0,-53963000.0,0.0,0.0,-7.4,45428000.0,-52266000.0,2663000,0.0,-3.907,-1.976,-1.935,6442000,0.0,3.58,14.624,14.545,429000,-217986000,7292000.0,7292000.0,19455000.0,-0.876,5.714,-0.518,-7.026,7584000.0,25973000.0,1.0,29787706,29627000,29627000.0,0.246,43075000,0,0.0,0,1.454,21957000
52,DXCM,ART,2008-06-30,2008-08-05,2008-06-30,2021-07-30,-45000,57053000,72190750.0,42955000,14098000,0.091,-0.5,-4177000.0,10371000,10371000,13403000.0,-50659000.0,4.99,-4.879,64494000,2275000,62219000,64494000,421000,3199000.0,0,0.0,0.0,-48840000.0,-45641000.0,-6.919,-45641000.0,-48840000.0,-50659000.0,-1.75,-1.75,-1.75,-14708000,1709750.0,-14708000,267810929.0,-5.0,-5.868,-49707000.0,-1.691,1.0,-6807000.0,-1.032,0,1819000.0,102567000,108177750.0,2771000,32896000,32896000,0,71761000,8609000,63152000,213687929.0,-20921000.0,0.0,1834000.0,1333000.0,0.0,3167000.0,21442000.0,25619000.0,-45530000.0,0.0,-50659000.0,-50659000.0,-50659000.0,0.0,0.0,-7.68,42972000.0,-49779000.0,3736000,0.0,-14.529,-4.218,-4.114,6543000,0.0,7.2,32.397,32.078,568000,-203298000,6596000.0,6596000.0,17708000.0,-0.702,-29.629,-0.451,-7.404,7501000.0,25264000.0,1.0,29678879,29387000,29387000.0,0.224,57053000,0,0.0,0,1.941,34346000
53,DXCM,ART,2008-03-31,2008-05-08,2008-03-31,2021-07-30,53000,68962000,82059250.0,53847000,15115000,0.067,-0.099,-4176000.0,29929000,29929000,12916000.0,-47921000.0,6.65,-24.846,65063000,2275000,62788000,65063000,463000,3141000.0,0,0.0,0.0,-47028000.0,-43887000.0,-8.013,-43887000.0,-47028000.0,-47921000.0,-1.67,-1.67,-1.67,-2892000,12056000.0,-2892000,237041209.0,-5.0,-5.401,-45432000.0,-1.554,1.0,-7439000.0,-1.358,0,893000.0,95999000,114108500.0,1824000,26632000,26632000,0,71854000,8097000,63757000,201907209.0,-31876000.0,0.0,1589000.0,1179000.0,0.0,2768000.0,6612000.0,10788000.0,-41256000.0,0.0,-47921000.0,-47921000.0,-47921000.0,0.0,0.0,-8.749,40425000.0,-47864000.0,3245000,0.0,-69.816,-4.213,-4.102,6854000,0.0,6.85,36.865,36.555,321000,-189224000,5477000.0,5477000.0,16939000.0,-0.584,-3.975,-0.412,-8.586,6974000.0,23486000.0,1.0,29475505,29228000,29228000.0,0.187,68962000,0,0.0,0,2.359,45750000
54,DXCM,ART,2007-12-31,2008-03-11,2007-12-31,2021-07-30,13000,77259000,91184000.0,67291000,9968000,0.051,0.251,-3443000.0,24029000,24029000,12736000.0,-45878000.0,7.966,9.859,62406000,1375000,61031000,62406000,0,2912000.0,0,0.0,0.0,-45878000.0,-42966000.0,-9.286,-42966000.0,-45878000.0,-45878000.0,-1.62,-1.62,-1.62,7115000,21879500.0,7115000,206157077.0,-4.0,-4.798,-36650000.0,-1.294,1.0,-8109000.0,-1.753,0,0.0,107189000,116752000.0,1139000,41208000,41208000,0,70144000,8447000,61697000,167780077.0,4948000.0,0.0,897000.0,45702000.0,0.0,46599000.0,-8444000.0,-5001000.0,-33207000.0,0.0,-45878000.0,-45878000.0,-45878000.0,0.0,0.0,-9.915,38567000.0,-46676000.0,4535000,0.0,23.581,-3.657,-3.506,6649000,0.0,5.68,36.261,34.756,215000,-176252000,4627000.0,4627000.0,16131000.0,-0.503,-2.097,-0.393,-9.915,6122000.0,22436000.0,1.0,29538746,28313000,28313000.0,0.163,77259000,0,0.0,0,2.729,58844000
55,DXCM,ART,2007-09-30,2007-10-30,2007-09-30,2021-07-30,34000,85489000,88007402.0,77083000,8406000,0.045,0.612,-1358996.0,15176000,15176000,12479514.0,-44722643.0,12.622,3.935,62750000,1375000,61375000,62750000,0,2979791.0,0,0.0,0.0,-44722643.0,-41742852.0,-10.611,-41742852.0,-44722643.0,-44722643.0,-1.58,-1.58,-1.58,17324000,34307817.0,17324000,277335799.0,-6.0,-6.644,-37374389.0,-1.319,1.0,-8545597.0,-2.172,0,0.0,126956000,100730716.0,1035000,59103000,59103000,0,68165000,6107000,62058000,229761799.0,-8026913.0,0.0,747391.0,46439000.0,0.0,47186391.0,-19197911.0,-17838915.0,-36015393.0,0.0,-44722643.0,-44722643.0,-44722643.0,0.0,0.0,-11.368,37710646.0,-46256243.0,2088000,0.0,13.263,-5.137,-5.139,5058000,0.0,8.12,58.405,58.465,171000,-164023000,3933917.0,3933917.0,15663888.0,-0.508,-1.304,-0.444,-11.368,5734364.0,22046758.0,1.0,28295788,28324661,28324661.0,0.139,85489000,0,0.0,0,3.018,70976000
56,DXCM,ART,2007-06-30,2007-07-30,2007-06-30,2021-07-30,-33000,96527000,85519184.0,87519000,9008000,0.042,0.943,-1849394.0,25884000,25884000,12755189.0,-46776414.0,11.752,2.618,63094000,1375000,61719000,63094000,0,2941912.0,0,0.0,0.0,-46776414.0,-43834502.0,-12.344,-43834502.0,-46776414.0,-46776414.0,-1.66,-1.66,-1.66,26677000,46563221.0,26677000,272684934.0,-6.0,-6.221,-36631958.0,-1.294,1.0,-9204252.0,-2.592,0,0.0,126290000,80879491.0,1254000,58316000,58316000,0,69850000,7447000,62403000,235474934.0,1906194.0,0.0,704008.0,47983000.0,0.0,48687008.0,-11998250.0,-10148856.0,-34782564.0,0.0,-46776414.0,-46776414.0,-46776414.0,0.0,0.0,-13.173,39804571.0,-49008823.0,3966000,0.0,8.827,-5.034,-5.0,5565000,0.0,8.3,66.313,66.146,126000,-152639000,3550937.0,3550937.0,16627045.0,-0.547,-1.005,-0.578,-13.173,5470265.0,23177526.0,1.0,28370474,28298731,28298731.0,0.125,96527000,0,0.0,0,3.411,80072000
57,DXCM,ART,2007-03-31,2007-05-09,2007-03-31,2021-07-30,8000,105461000,82542944.0,96082000,9379000,0.038,1.29,-2636436.0,55828000,55828000,11939733.0,-46609234.0,14.786,1.897,63438000,1289000,62149000,63438000,0,2844209.0,0,0.0,0.0,-46609234.0,-43765025.0,-13.819,-43765025.0,-46609234.0,-46609234.0,-1.67,-1.67,-1.67,36402000,59395658.0,36402000,220959719.0,-5.0,-5.049,-43406041.0,-1.538,1.0,-8772718.0,-2.77,0,0.0,106573000,63383448.0,1457000,37348000,37348000,0,69059000,6498000,62561000,213349719.0,35647557.0,0.0,48045729.0,50206000.0,0.0,98251729.0,-21834567.0,-19198131.0,-40769605.0,0.0,-46609234.0,-46609234.0,-46609234.0,0.0,0.0,-14.717,40601349.0,-49374067.0,3018000,0.0,5.861,-4.577,-4.509,5819000,0.0,7.53,67.366,67.105,198000,-141303000,3167015.0,3167015.0,17960464.0,-0.565,-0.785,-0.735,-14.717,5660133.0,22640885.0,1.0,28333296,28223454,28223454.0,0.112,105461000,0,0.0,0,3.737,89584000
58,DXCM,ART,2006-12-31,2007-02-27,2006-12-31,2021-07-30,11923,64552608,68049615.0,57355923,7196685,0.032,2.087,-3352106.0,19246066,19246066,10958953.0,-46599291.0,10.969,0.136,3026000,907800,2118200,3026000,0,2697912.0,0,0.0,0.0,-46599291.0,-43901379.0,-20.233,-43901379.0,-46599291.0,-46599291.0,-1.71,-1.71,-1.71,56828267,60365616.0,56828267,223230355.0,-5.0,-5.085,-47086946.0,-1.729,1.0,-8789163.0,-4.051,0,0.0,43103864,41762577.0,1413024,36341449,36341449,0,7724341,5228678,2495663,239450421.0,-19079998.0,0.0,48188743.0,3026000.0,0.0,51214743.0,-26559901.0,-23207795.0,-43734840.0,0.0,-46599291.0,-46599291.0,-46599291.0,0.0,0.0,-21.476,40530875.0,-49320038.0,2763300,0.0,4.214,-5.138,-4.959,6117685,0.0,8.48,110.356,106.443,120477,-130373882,2169790.0,2169790.0,19419550.0,-0.685,-0.772,-1.116,-21.476,5852901.0,21111325.0,1.0,28237078,27235704,27235704.0,0.08,64552608,0,0.0,0,2.37,52127245
59,DXCM,ART,2006-09-30,2006-10-23,2006-09-30,2021-07-30,2386,75536126,66093028.0,67943646,7592480,0.02,2.364,-5122901.0,24116979,24116979,7560439.0,-47593274.0,10.345,0.139,2700000,540000,2160000,2700000,0,2004886.0,0,0.0,0.0,-47593274.0,-45588388.0,-34.152,-45588388.0,-47593274.0,-47593274.0,-1.83,-1.83,-1.83,66345618,58511565.0,66345618,253719389.0,-5.0,-5.565,-45544498.0,-1.623,1.0,-6225566.0,-4.664,0,0.0,47551101,34025386.0,1937111,41474292,41474292,0,9190508,6568046,2622462,275136368.0,-18916314.0,0.0,48148565.0,2700000.0,0.0,50848565.0,-29343282.0,-24220381.0,-40421597.0,0.0,-47593274.0,-47593274.0,-47593274.0,0.0,0.0,-35.654,43941752.0,-50167318.0,3064669,0.0,4.147,-5.781,-5.35,6678480,0.0,9.79,206.114,205.855,119221,-119300239,1334873.0,1334873.0,26435538.0,-0.72,-0.813,-1.399,-35.654,4680131.0,17506214.0,1.0,28103817,28068427,28068427.0,0.048,75536126,0,0.0,0,2.691,61375600
60,DXCM,ART,2006-06-30,2006-07-21,2006-06-30,2021-07-30,-62740,84622044,63278355.0,77050841,7571203,0.008,2.881,-5926815.0,24891872,24891872,4171764.0,-40485124.0,15.647,0.085,1500000,150000,1350000,1500000,0,1751701.0,0,0.0,0.0,-40485124.0,-38733423.0,-78.431,-38733423.0,-40485124.0,-40485124.0,-1.6,-1.6,-1.6,78006745,57204356.0,78006745,293130613.0,-7.0,-7.568,-43172251.0,-1.594,1.0,-3677911.0,-7.447,0,0.0,56305826,26884984.0,3207629,48365007,48365007,0,6615299,4924346,1690953,316522485.0,-27512576.0,0.0,47845915.0,1500000.0,0.0,49345915.0,-39613055.0,-33686240.0,-37245436.0,0.0,-40485124.0,-40485124.0,-40485124.0,0.0,0.0,-81.978,39094880.0,-42772791.0,2216212,0.0,4.058,-7.818,-7.05,6657203,0.0,11.28,640.924,618.532,91404,-105862468,493853.0,493853.0,26844374.0,-0.64,-0.708,-1.506,-81.978,3643071.0,12250506.0,1.0,28060504,27080115,27080115.0,0.018,84622044,0,0.0,0,3.125,72126495
61,DXCM,ART,2006-03-31,2006-05-15,2006-03-31,2021-07-30,-15882,47487683,59641994.0,41161225,6326458,0.0,1.576,-5494950.0,20430509,20430509,2081220.0,-35700552.0,5.907,0.179,0,0,0,0,0,1397104.0,0,0.0,0.0,-35700552.0,-34303448.0,-2321.722,-34303448.0,-35700552.0,-35700552.0,-1.48,-1.48,-1.48,40281834,54467961.0,40281834,539111868.0,-15.0,-15.716,-34316120.0,-1.343,1.0,-2066445.0,-139.861,0,0.0,20089517,16675424.0,1919521,18493781,18493781,0,7205849,6967657,238192,559542377.0,15536358.0,0.0,51066777.0,0.0,0.0,51458475.0,-7100947.0,-1605997.0,-28821170.0,0.0,-35700552.0,-35715794.0,-35715794.0,0.0,0.0,-2417.313,35643328.0,-37709773.0,4821490,0.0,13.891,-15.667,-14.736,6026458,15242.0,21.81,37870.888,37725.079,0,-94693648,14775.0,14775.0,26828523.0,-0.599,-0.656,-2.141,-2416.281,2488777.0,8814805.0,1.0,25655313,25556603,25556603.0,0.001,47487683,0,0.0,0,1.858,34193568
62,DXCM,ART,2005-12-31,2006-04-26,2005-12-31,2021-07-30,-11928,56726258,54111270.0,51012767,5713491,0.0,2.608,-4676606.0,37497064,37497064,0.0,-30767430.0,7.211,0.148,0,0,0,0,0,1065007.0,0,0.0,0.0,-30767430.0,-29702423.0,,-29702423.0,-30767430.0,-30767430.0,-1.63,-1.63,-1.63,49412063,30735690.0,49412063,624456758.0,-20.0,-21.024,-27230391.0,-1.437,1.0,0.0,,0,0.0,12155098,16083783.0,0,13277688,13277688,0,7314195,7074096,240099,661953822.0,10017856.0,0.0,50741282.0,0.0,0.0,50741282.0,-18169641.0,-13493035.0,-22553785.0,0.0,-30767430.0,-30889662.0,-30889662.0,0.0,0.0,,32429474.0,-32429474.0,6008194,0.0,13.397,-21.43,-15.258,5463491,122232.0,24.87,,,0,-83774591,0.0,0.0,26769514.0,-0.571,-1.005,-1.913,,1785729.0,5659960.0,1.0,26616559,18944208,18944208.0,0.0,56726258,0,0.0,0,2.994,43938671
63,DXCM,ART,2005-12-31,2006-04-11,2005-12-31,2021-07-30,-11928,56726258,54111270.0,51012767,5713491,0.0,2.608,-4676606.0,37497064,37497064,0.0,-30767430.0,7.211,0.148,0,0,0,0,0,1065007.0,0,0.0,0.0,-30767430.0,-29702423.0,,-29702423.0,-30767430.0,-30767430.0,-1.63,-1.63,-1.63,49412063,30735690.0,49412063,476202525.0,-15.0,-16.032,-27230391.0,-1.437,1.0,0.0,,0,0.0,12155098,16083783.0,0,13277688,13277688,0,7314195,7074096,240099,513699589.0,10017856.0,0.0,50741282.0,0.0,0.0,50741282.0,-18169641.0,-13493035.0,-22553785.0,0.0,-30767430.0,-30889662.0,-30889662.0,0.0,0.0,,32429474.0,-32429474.0,6008194,0.0,10.396,-16.63,-11.84,5463491,122232.0,19.3,,,0,-83774591,0.0,0.0,26769514.0,-0.571,-1.005,-1.913,,1785729.0,5659960.0,1.0,26616559,18944208,18944208.0,0.0,56726258,0,0.0,0,2.994,43938671
64,DXCM,ART,2005-12-31,2006-02-27,2005-12-31,2021-07-30,-11928,56726258,54111270.0,51012767,5713491,0.0,2.608,-4676606.0,37497064,37497064,0.0,-30767430.0,7.211,0.148,0,0,0,0,0,1065007.0,0,0.0,0.0,-30767430.0,-29702423.0,,-29702423.0,-30767430.0,-30767430.0,-1.63,-1.63,-1.63,49412063,30735690.0,49412063,396119337.0,-13.0,-13.336,-27230391.0,-1.437,1.0,0.0,,0,0.0,12155098,16083783.0,0,13277688,13277688,0,7314195,7074096,240099,433616401.0,10017856.0,0.0,50741282.0,0.0,0.0,50741282.0,-18169641.0,-13493035.0,-22553785.0,0.0,-30767430.0,-30889662.0,-30889662.0,0.0,0.0,,32429474.0,-32429474.0,6008194,0.0,8.776,-14.038,-10.423,5463491,122232.0,16.99,,,0,-83774591,0.0,0.0,26769514.0,-0.571,-1.005,-1.913,,1785729.0,5659960.0,1.0,25521860,18944208,18944208.0,0.0,56726258,0,0.0,0,2.994,43938671
65,DXCM,ART,2005-09-30,2005-11-01,2005-09-30,2021-07-30,-21003,64277435,47269176.0,60466970,3810465,,2.41,,42369293,42369293,,,20.717,0.052,0,0,0,0,0,,0,0.0,0.0,,,,,,,,,,61116781,6055192.0,61116781,298967672.0,,,,,1.0,,,0,,18989496,13135120.0,0,17335007,17335007,0,3160654,2918646,242008,341336965.0,,,,,,,,,,,,,,,,,,,1969243,,5.585,,,3560465,,13.45,,,0,-71706965,,,,,,,,,,1.0,25378213,25354432,,,64277435,0,,0,2.535,57548324
66,DXCM,ART,2005-06-30,2005-08-02,2005-06-30,2021-07-30,-21456,70076599,,67344510,2732089,,3.029,,51740448,51740448,,,23.477,0.045,0,0,0,0,0,,0,0.0,0.0,,,,,,,,,,67061167,,67061167,245866226.0,,,,,1.0,,,0,,15467584,,0,15094016,15094016,0,3015432,2868567,146865,297606674.0,,,,,,,,,,,,,,,,,,,2136014,,4.438,,,2482089,,11.73,,,0,-65377344,,,,,,,,,,1.0,25371413,22140149,,,70076599,0,,0,3.165,64475943
67,DXCM,ART,2005-03-31,2005-05-04,2005-03-31,2021-07-30,-8634,25364787,,21909789,3454998,,-21.2,,4844151,4844151,,,7.831,-1.464,0,0,0,0,0,,0,0.0,0.0,,,,,,,,,,-54647250,,-54647250,251305979.0,,,,,1.0,,,0,,17722955,,0,17107586,17107586,0,80012037,2797681,77214356,256150130.0,,,,,,,,,,,,,,,,,,,1202846,,-4.687,,,1928612,,10.1,,,0,-58977854,,,,,,,,,,1.0,25361399,2577644,,,25364787,0,,0,9.84,19112108
68,DXCM,ART,2004-12-31,2005-03-24,2004-12-31,2021-07-30,0,29357881,,27272989,2084892,,-21.567,-1757523.0,27429208,27429208,0.0,-13946464.0,17.391,-1.595,0,0,0,0,0,486805.0,0,,0.0,-13946464.0,-13459659.0,,-13459659.0,-13946464.0,-13946464.0,-7.51,-7.51,-7.51,-49309930,,-49309930,,,,-14186144.0,-6.205,1.0,0.0,,0,0.0,360443,,0,0,0,0,78667811,1568230,77099581,,7213022.0,0.0,23209.0,0.0,0.0,21379103.0,-1737460.0,0.0,-12428621.0,0.0,-13946464.0,-17180976.0,-17180976.0,0.0,0.0,,14067117.0,-14067117.0,1018879,0.0,,,,1851892,3234512.0,,,,0,-52884929,0.0,0.0,12469842.0,,,,,448689.0,1597275.0,1.0,26616559,2286320,2286320.0,0.0,29357881,0,0.0,0,12.841,25704759
