None,ticker,dimension,calendardate,datekey,reportperiod,lastupdated,accoci,assets,assetsavg,assetsc,assetsnc,assetturnover,bvps,capex,cashneq,cashnequsd,cor,consolinc,currentratio,de,debt,debtc,debtnc,debtusd,deferredrev,depamor,deposits,divyield,dps,ebit,ebitda,ebitdamargin,ebitdausd,ebitusd,ebt,eps,epsdil,epsusd,equity,equityavg,equityusd,ev,evebit,evebitda,fcf,fcfps,fxusd,gp,grossmargin,intangibles,intexp,invcap,invcapavg,inventory,investments,investmentsc,investmentsnc,liabilities,liabilitiesc,liabilitiesnc,marketcap,ncf,ncfbus,ncfcommon,ncfdebt,ncfdiv,ncff,ncfi,ncfinv,ncfo,ncfx,netinc,netinccmn,netinccmnusd,netincdis,netincnci,netmargin,opex,opinc,payables,payoutratio,pb,pe,pe1,ppnenet,prefdivis,price,ps,ps1,receivables,retearn,revenue,revenueusd,rnd,roa,roe,roic,ros,sbcomp,sgna,sharefactor,sharesbas,shareswa,shareswadil,sps,tangibles,taxassets,taxexp,taxliabilities,tbvps,workingcapital
0,HCBK,MRY,2014-12-31,2014-12-31,2014-12-31,2019-05-17,-50374000.0,36569082000.0,37415369500.0,,,0.015,9.043,-2682000.0,6285566000.0,6285566000.0,0.0,157965000.0,,6.648,12175000000.0,,,12175000000.0,0.0,35432000.0,19376544000.0,0.016,0.16,262993000.0,298425000.0,0.537,298425000.0,262993000.0,262993000.0,0.32,0.32,0.32,4781410000.0,4798183250.0,4781410000.0,11846704294.0,45.0,39.697,148135000.0,0.28,1.0,556022000.0,1.0,152109000.0,0.0,42306407000.0,43808653500.0,0.0,29635062000.0,,,31787672000.0,,,5351101294.0,1961092000.0,0.0,113000.0,0.0,-80205000.0,-2178637000.0,3988912000.0,3912059000.0,150817000.0,0.0,157965000.0,157965000.0,157965000.0,0.0,0.0,0.284,293029000.0,262993000.0,0.0,0.5,1.119,33.875,31.625,56633000.0,0.0,10.12,9.624,9.624,0.0,1961531000.0,556022000.0,556022000.0,0.0,0.004,0.033,0.006,0.473,20431000.0,166751000.0,1.0,528764950.0,528764950.0,,1.052,36416973000.0,0.0,105028000.0,0.0,68.872,
1,HCBK,MRY,2013-12-31,2013-12-31,2013-12-31,2019-05-17,6336000.0,38607354000.0,39444266250.0,,,0.016,8.975,-973000.0,4324474000.0,4324474000.0,0.0,185216000.0,,7.141,12175000000.0,,,12175000000.0,0.0,114335000.0,21472329000.0,0.021,0.2,305265000.0,419600000.0,0.682,419600000.0,305265000.0,305265000.0,0.37,0.37,0.37,4742576000.0,4701006000.0,4742576000.0,13436049773.0,44.0,32.021,739907000.0,1.4,1.0,615102000.0,1.0,152109000.0,0.0,46305771000.0,48017348250.0,0.0,33577627000.0,,,33864778000.0,,,4982992773.0,3496506000.0,0.0,1407000.0,0.0,-99511000.0,-2109474000.0,4865100000.0,4794302000.0,740880000.0,0.0,185216000.0,185216000.0,185216000.0,0.0,0.0,0.301,309837000.0,305265000.0,0.0,0.541,1.051,26.904,25.486,65353000.0,0.0,9.43,8.101,8.101,0.0,1883754000.0,615102000.0,615102000.0,0.0,0.005,0.039,0.006,0.496,19072000.0,169523000.0,1.0,528419170.0,528419170.0,,1.164,38455245000.0,0.0,120049000.0,0.0,72.774,
2,HCBK,MRY,2012-12-31,2012-12-31,2012-12-31,2019-05-17,69970000.0,40596341000.0,42555925750.0,,,0.018,8.898,-12529000.0,827968000.0,827968000.0,0.0,249143000.0,,7.638,12175000000.0,,,12175000000.0,0.0,125020000.0,23483917000.0,0.039,0.32,413782000.0,538802000.0,0.699,538802000.0,413782000.0,413782000.0,0.5,0.5,0.5,4699808000.0,4673211000.0,4699808000.0,16793355318.0,41.0,31.168,560723000.0,1.062,1.0,770384000.0,1.0,152109000.0,0.0,51791264000.0,54856330000.0,0.0,38727099000.0,,,35896533000.0,,,4294216318.0,73888000.0,0.0,3478000.0,-2900000000.0,-158793000.0,-5078722000.0,4579358000.0,4534836000.0,573252000.0,0.0,249143000.0,249143000.0,249143000.0,0.0,0.0,0.323,356602000.0,413782000.0,0.0,0.64,0.914,17.236,16.26,74912000.0,0.0,8.13,5.574,5.574,0.0,1798430000.0,770384000.0,770384000.0,0.0,0.006,0.053,0.008,0.537,14785000.0,163914000.0,1.0,528193889.0,528193889.0,,1.459,40444232000.0,0.0,164639000.0,0.0,76.571,
3,HCBK,MRY,2011-12-31,2011-12-31,2011-12-31,2019-05-17,39651000.0,45355885000.0,50103601250.0,,,0.019,8.646,-9608000.0,754080000.0,754080000.0,0.0,-735989000.0,,8.946,15075000000.0,,,15075000000.0,0.0,116148000.0,25507760000.0,0.062,0.39,-1255309000.0,-1139161000.0,-1.169,-1139161000.0,-1255309000.0,-1255309000.0,-1.49,-1.49,-1.49,4560440000.0,4789178750.0,4560440000.0,20261500669.0,-16.0,-17.786,927177000.0,1.758,1.0,974851000.0,1.0,152109000.0,0.0,59524696000.0,68272503500.0,0.0,43480215000.0,,,40795445000.0,,,3296729669.0,84683000.0,0.0,3002000.0,-16400591000.0,-192698000.0,-16253624000.0,15401522000.0,15354754000.0,936785000.0,0.0,-735989000.0,-735989000.0,-735989000.0,0.0,0.0,-0.755,329569000.0,645282000.0,0.0,-0.262,0.723,-4.479,-4.195,70610000.0,0.0,6.25,3.382,3.382,0.0,1709821000.0,974851000.0,974851000.0,0.0,-0.015,-0.154,-0.018,-1.288,19613000.0,146959000.0,1.0,527476747.0,527476747.0,,1.848,45203776000.0,0.0,-519320000.0,0.0,85.698,
4,HCBK,MRY,2010-12-31,2010-12-31,2010-12-31,2019-05-17,85406000.0,61166033000.0,60986862500.0,,,0.019,10.464,-8031000.0,669397000.0,669397000.0,0.0,537206000.0,,10.1,29675000000.0,,,29675000000.0,0.0,116696000.0,25173126000.0,0.047,0.6,892433000.0,1009129000.0,0.871,1009129000.0,892433000.0,892433000.0,1.09,1.09,1.09,5510238000.0,5518085250.0,5510238000.0,35900835972.0,40.0,35.576,747051000.0,1.419,1.0,1158821000.0,1.0,152109000.0,0.0,90019527000.0,90173105500.0,0.0,59709606000.0,,,55655795000.0,,,6708928972.0,108196000.0,0.0,771000.0,-300000000.0,-295757000.0,902000.0,-647788000.0,-666034000.0,755082000.0,0.0,537206000.0,537206000.0,537206000.0,0.0,0.0,0.464,266388000.0,892433000.0,538200000.0,0.55,1.218,12.489,11.688,69444000.0,0.0,12.74,5.789,5.789,0.0,2642338000.0,1158821000.0,1158821000.0,0.0,0.009,0.097,0.01,0.77,27183000.0,166492000.0,1.0,526603530.0,526603530.0,,2.201,61013924000.0,0.0,355227000.0,0.0,115.863,
5,HCBK,MRY,2009-12-31,2009-12-31,2009-12-31,2019-05-17,184533000.0,60267760000.0,58282098000.0,,,0.02,10.164,-6316000.0,561201000.0,561201000.0,0.0,527244000.0,,10.288,29975000000.0,,,29975000000.0,0.0,65984000.0,24578048000.0,0.043,0.59,873966000.0,939950000.0,0.825,939950000.0,873966000.0,873966000.0,1.08,1.07,1.08,5339152000.0,5201349000.0,5339152000.0,36567069257.0,42.0,38.903,516300000.0,0.983,1.0,1139562000.0,1.0,152109000.0,0.0,89529450000.0,87657006000.0,0.0,58958951000.0,,,54928608000.0,,,7212547257.0,299390000.0,0.0,-29977000.0,-250000000.0,-288408000.0,5570455000.0,-5793681000.0,-5802922000.0,522616000.0,0.0,527244000.0,527244000.0,527244000.0,0.0,0.0,0.463,265596000.0,873966000.0,100000000.0,0.546,1.351,13.68,12.713,70116000.0,0.0,13.73,6.329,6.329,0.0,2401606000.0,1139562000.0,1139562000.0,0.0,0.009,0.101,0.01,0.767,29787000.0,169341000.0,1.0,525312983.0,525312983.0,,2.169,60115651000.0,0.0,346722000.0,0.0,114.438,
6,HCBK,MRY,2008-12-31,2008-12-31,2008-12-31,2019-05-17,47657000.0,54145328000.0,50463070500.0,,,0.018,9.475,-8565000.0,261811000.0,261811000.0,0.0,445558000.0,,9.963,30225000000.0,,,30225000000.0,0.0,26329000.0,18464042000.0,0.028,0.45,732886000.0,759215000.0,0.816,759215000.0,732886000.0,732886000.0,0.92,0.9,0.92,4938796000.0,4786152750.0,4938796000.0,37209109787.0,51.0,49.01,445879000.0,0.855,1.0,930962000.0,1.0,152109000.0,0.0,83956408000.0,78072210500.0,0.0,53257861000.0,,,49206532000.0,,,8319081787.0,44267000.0,0.0,-109000.0,6084000000.0,-217995000.0,9212675000.0,-9622852000.0,-9619905000.0,454444000.0,0.0,445558000.0,445558000.0,445558000.0,0.0,0.0,0.479,198076000.0,732886000.0,239100000.0,0.489,1.684,18.671,17.348,73502000.0,0.0,15.96,8.936,8.936,0.0,2196235000.0,930962000.0,930962000.0,0.0,0.009,0.093,0.009,0.787,32881000.0,157655000.0,1.0,521245726.0,521245726.0,,1.786,53993219000.0,0.0,287328000.0,0.0,103.585,
7,HCBK,MRY,2007-12-31,2007-12-31,2007-12-31,2019-05-17,16622000.0,44423971000.0,40974337500.0,,,0.016,8.861,-11694000.0,217544000.0,217544000.0,0.0,295858000.0,,8.634,24141000000.0,,,24141000000.0,0.0,22484000.0,15153382000.0,0.022,0.33,481743000.0,504227000.0,0.776,504227000.0,481743000.0,481743000.0,0.59,0.58,0.59,4611307000.0,4671254000.0,4611307000.0,30397435339.0,63.0,60.285,336109000.0,0.646,1.0,649656000.0,1.0,152109000.0,0.0,68195318000.0,62162447000.0,0.0,43638416000.0,,,39812664000.0,,,7816786339.0,35298000.0,0.0,-546586000.0,7168000000.0,-165376000.0,8197594000.0,-8510099000.0,-8498955000.0,347803000.0,0.0,295858000.0,295858000.0,295858000.0,0.0,0.0,0.455,167913000.0,481743000.0,281853000.0,0.559,1.695,26.421,25.458,75094000.0,0.0,15.02,12.032,12.032,0.0,2002049000.0,649656000.0,649656000.0,0.0,0.007,0.063,0.008,0.742,27209000.0,136219000.0,1.0,520425189.0,520425189.0,,1.248,44271862000.0,0.0,185885000.0,0.0,85.069,
8,HCBK,MRY,2006-12-31,2006-12-31,2006-12-31,2019-05-17,-49563000.0,35506581000.0,32537370750.0,,,0.019,8.729,-22557000.0,182246000.0,182246000.0,0.0,288579000.0,,6.202,16973000000.0,,,16973000000.0,0.0,21952000.0,13415587000.0,0.022,0.3,460569000.0,482521000.0,0.779,482521000.0,460569000.0,460569000.0,0.54,0.53,0.54,4930256000.0,5010898000.0,4930256000.0,23211629271.0,50.0,48.105,298610000.0,0.529,1.0,619524000.0,1.0,150831000.0,0.0,52146504000.0,47298301500.0,0.0,34757372000.0,,,30576325000.0,,,7839759271.0,79987000.0,-197653000.0,-441418000.0,5600000000.0,-161374000.0,5976007000.0,-6217187000.0,-5998426000.0,321167000.0,0.0,288579000.0,288579000.0,288579000.0,0.0,0.0,0.466,158955000.0,460569000.0,0.0,0.556,1.59,27.167,25.704,73929000.0,0.0,13.88,12.654,12.654,0.0,1877840000.0,619524000.0,619524000.0,0.0,0.009,0.058,0.01,0.743,20474000.0,128458000.0,1.0,564824155.0,564824155.0,,1.097,35355750000.0,0.0,171990000.0,0.0,62.596,
9,HCBK,MRY,2005-12-31,2005-12-31,2005-12-31,2019-05-17,-63449000.0,28075353000.0,25441109750.0,,,0.022,8.704,-18566000.0,102259000.0,102259000.0,0.0,276055000.0,,4.398,11350000000.0,,,11350000000.0,0.0,10197000.0,11383300000.0,0.022,0.268,442373000.0,452570000.0,0.794,452570000.0,442373000.0,442373000.0,0.49,0.48,0.49,5201476000.0,4350937250.0,5201476000.0,16883863797.0,38.0,37.307,262651000.0,0.439,1.0,570076000.0,1.0,0.0,0.0,39323094000.0,34853314000.0,0.0,27670895000.0,,,22873877000.0,,,7243186797.0,-65924000.0,0.0,3511317000.0,4200000000.0,-102103000.0,7661588000.0,-8008729000.0,-7991751000.0,281217000.0,0.0,276055000.0,276055000.0,276055000.0,0.0,0.0,0.484,127703000.0,442373000.0,0.0,0.547,1.393,26.238,24.735,49132000.0,0.0,12.12,12.706,12.706,0.0,1759492000.0,570076000.0,570076000.0,0.0,0.011,0.063,0.013,0.776,21303000.0,103422000.0,1.0,597622673.0,597622673.0,,0.954,28075353000.0,0.0,166318000.0,0.0,46.978,
10,HCBK,MRY,2004-12-31,2004-12-31,2004-12-31,2019-05-17,-9095000.0,20145981000.0,19014634750.0,,,0.026,2.352,-9023000.0,168183000.0,168183000.0,0.0,239266000.0,,13.36,7150000000.0,,,7150000000.0,0.0,24129000.0,11477300000.0,0.019,0.218,382411000.0,406540000.0,0.812,406540000.0,382411000.0,382411000.0,0.41,0.4,0.41,1402884000.0,1358797750.0,1402884000.0,13350888750.0,35.0,32.84,281924000.0,0.473,1.0,500759000.0,1.0,0.0,0.0,27127798000.0,25249665250.0,0.0,19773164000.0,,,18743097000.0,,,6849347750.0,-86401000.0,0.0,-162501000.0,2000000000.0,-40482000.0,2820537000.0,-3197885000.0,-3191371000.0,290947000.0,0.0,239266000.0,239266000.0,239266000.0,0.0,0.0,0.478,118348000.0,382411000.0,0.0,0.532,4.882,28.626,28.012,36399000.0,0.0,11.485,13.678,13.678,0.0,1588792000.0,500759000.0,500759000.0,0.0,0.013,0.176,0.015,0.764,40372000.0,95230000.0,1.0,596388074.0,596388074.0,,0.84,20145981000.0,0.0,143145000.0,0.0,33.78,
11,HCBK,MRY,2003-12-31,2003-12-31,2003-12-31,2019-05-17,-5958000.0,17033360000.0,15825401250.0,,,0.027,2.173,-2149000.0,254584000.0,254584000.0,0.0,207410000.0,,11.813,5150000000.0,,,5150000000.0,0.0,44497000.0,10453780000.0,0.014,0.162,327211000.0,371708000.0,0.865,371708000.0,327211000.0,327211000.0,0.35,0.34,0.35,1329366000.0,1342630000.0,1329366000.0,11321676442.0,35.0,30.459,245127000.0,0.401,1.0,429738000.0,1.0,0.0,0.0,21928776000.0,19911241250.0,0.0,16598993000.0,,,15703994000.0,,,7284522441.0,13788000.0,0.0,-90096000.0,1550000000.0,-95627000.0,2679428000.0,-2912916000.0,-2910767000.0,247276000.0,0.0,207410000.0,207410000.0,207410000.0,0.0,0.0,0.483,102527000.0,327211000.0,0.0,0.463,5.48,35.121,34.025,31354000.0,0.0,11.909,16.951,16.951,0.0,1396257000.0,429738000.0,429738000.0,0.0,0.013,0.154,0.016,0.761,7686000.0,83757000.0,1.0,611686196.0,611686196.0,,0.703,17033360000.0,0.0,119801000.0,0.0,27.847,
12,HCBK,MRY,2002-12-31,2002-12-31,2002-12-31,2019-05-17,24290000.0,14144604000.0,13119442750.0,,,0.03,2.133,-5144000.0,240796000.0,240796000.0,0.0,192033000.0,,9.748,3600000000.0,,,3600000000.0,0.0,14269000.0,9138629000.0,0.019,0.108,301415000.0,315684000.0,0.799,315684000.0,301415000.0,301415000.0,0.324,0.315,0.324,1316083000.0,1294693750.0,1316083000.0,6409205167.0,21.0,20.303,206128000.0,0.334,1.0,394956000.0,1.0,0.0,0.0,17503808000.0,15994181500.0,0.0,13757890000.0,,,12828521000.0,,,3585758167.0,138982000.0,0.0,-132094000.0,1450000000.0,-64504000.0,2479269000.0,-2551559000.0,-2546415000.0,211272000.0,0.0,192033000.0,192033000.0,192033000.0,0.0,0.0,0.486,93541000.0,301415000.0,0.0,0.333,2.725,18.673,17.935,32732000.0,0.0,5.811,9.079,9.079,0.0,1291960000.0,394956000.0,394956000.0,0.0,0.015,0.148,0.019,0.763,0.0,74619000.0,1.0,617066059.0,617066059.0,,0.64,14144604000.0,0.0,109382000.0,0.0,22.922,
13,HCBK,MRY,2001-12-31,2001-12-31,2001-12-31,2019-05-17,4844000.0,11426768000.0,10475961000.0,,,0.028,2.018,-3966000.0,101814000.0,101814000.0,0.0,134549000.0,,7.867,2150000000.0,,,2150000000.0,0.0,5167000.0,7912762000.0,0.018,0.073,208066000.0,213233000.0,0.736,213233000.0,208066000.0,208066000.0,0.215,0.212,0.215,1288736000.0,1306340250.0,1288736000.0,4454527555.0,21.0,20.89,160781000.0,0.252,1.0,289890000.0,1.0,0.0,0.0,13474954000.0,12153069250.0,0.0,11191296000.0,,,10138032000.0,,,2624441555.0,-85297000.0,0.0,-280661000.0,900000000.0,-46542000.0,1881438000.0,-2131482000.0,-2127516000.0,164747000.0,0.0,134549000.0,134549000.0,134549000.0,0.0,0.0,0.464,81824000.0,208066000.0,0.0,0.34,2.036,19.505,19.114,31363000.0,0.0,4.109,9.053,9.053,0.0,1170138000.0,289890000.0,289890000.0,0.0,0.013,0.103,0.017,0.718,0.0,66395000.0,1.0,638630712.0,638630712.0,,0.454,11426768000.0,0.0,73517000.0,0.0,17.893,
14,HCBK,MRY,2000-12-31,2000-12-31,2000-12-31,2019-05-17,-3097000.0,9380373000.0,9052289750.0,,,0.028,2.013,-3708000.0,187111000.0,187111000.0,0.0,114826000.0,,5.405,1250000000.0,,,1250000000.0,0.0,5755000.0,6604121000.0,0.014,0.045,177416000.0,183171000.0,0.714,183171000.0,177416000.0,177416000.0,0.162,0.162,0.162,1464569000.0,1459432000.0,1464569000.0,3285853825.0,19.0,17.939,115600000.0,0.159,1.0,256413000.0,1.0,0.0,0.0,10443262000.0,9848626750.0,0.0,9054853000.0,,,7915804000.0,,,2297550825.0,-13728000.0,0.0,-128990000.0,950000000.0,-32006000.0,705081000.0,-838117000.0,-834409000.0,119308000.0,0.0,114826000.0,114826000.0,114826000.0,0.0,0.0,0.448,78997000.0,177416000.0,0.0,0.278,1.569,20.009,19.495,31309000.0,0.0,3.158,8.96,8.96,0.0,1084157000.0,256413000.0,256413000.0,0.0,0.013,0.079,0.018,0.692,0.0,63549000.0,1.0,727501032.0,727501032.0,,0.352,9380373000.0,0.0,62590000.0,0.0,12.894,
15,HCBK,MRY,1999-12-31,1999-12-31,1999-12-31,2019-05-17,-27963000.0,8518865000.0,8244420250.0,,,0.029,1.995,-5485000.0,200839000.0,200839000.0,0.0,107386000.0,,4.76,300000000.0,,,300000000.0,0.0,8005000.0,6688044000.0,0.004,0.008,171236000.0,179241000.0,0.748,179241000.0,171236000.0,171236000.0,0.073,0.073,0.073,1479040000.0,1204037500.0,1479040000.0,1548105752.0,9.0,8.637,116112000.0,0.157,1.0,239644000.0,1.0,0.0,0.0,8618026000.0,8215809250.0,0.0,8185743000.0,,,7039825000.0,,,1554178752.0,43964000.0,0.0,504239000.0,300000000.0,-5782000.0,678962000.0,-756595000.0,-751110000.0,121597000.0,0.0,107386000.0,107386000.0,107386000.0,0.0,0.0,0.448,68408000.0,171236000.0,0.0,0.11,1.051,14.473,28.713,31200000.0,0.0,2.096,6.485,6.485,0.0,1001337000.0,239644000.0,239644000.0,0.0,0.013,0.089,0.021,0.715,0.0,54193000.0,1.0,741472780.0,741472780.0,,0.323,8518865000.0,0.0,63850000.0,0.0,11.489,
16,HCBK,MRY,1998-12-31,1998-12-31,1998-12-31,2019-05-17,673000.0,7752260000.0,7533129500.0,,,0.028,,-3375000.0,156875000.0,156875000.0,0.0,93269000.0,,7.608,0.0,,,0.0,0.0,6052000.0,6807339000.0,,0.0,148769000.0,154821000.0,0.729,154821000.0,148769000.0,148769000.0,,,,900606000.0,854159500.0,900606000.0,,,,100301000.0,,1.0,212261000.0,1.0,0.0,0.0,7595385000.0,7406855000.0,0.0,7487904000.0,,,6851654000.0,,,,61201000.0,0.0,0.0,0.0,0.0,341383000.0,-383858000.0,-380483000.0,103676000.0,0.0,93269000.0,93269000.0,93269000.0,0.0,0.0,0.439,63492000.0,148769000.0,0.0,,,,,29064000.0,0.0,,,,0.0,899933000.0,212261000.0,212261000.0,0.0,0.012,0.109,0.02,0.701,0.0,51013000.0,1.0,,,,,7752260000.0,0.0,55500000.0,0.0,,
17,HCBK,MRY,1997-12-31,1997-12-31,1997-12-31,2019-05-17,1049000.0,7313999000.0,,,,,,-3113000.0,95674000.0,95674000.0,0.0,89993000.0,,8.055,0.0,,,0.0,0.0,5505000.0,6465956000.0,,0.0,143493000.0,148998000.0,0.722,148998000.0,143493000.0,143493000.0,,,,807713000.0,,807713000.0,,,,94190000.0,,1.0,206412000.0,1.0,0.0,0.0,7218325000.0,,0.0,7114519000.0,,,6506286000.0,,,,-25927000.0,0.0,0.0,0.0,0.0,546985000.0,-670215000.0,-667102000.0,97303000.0,0.0,89993000.0,89993000.0,89993000.0,0.0,0.0,0.436,62919000.0,143493000.0,0.0,,,,,29197000.0,0.0,,,,0.0,806664000.0,206412000.0,206412000.0,0.0,,,,0.695,0.0,50669000.0,1.0,,,,,7313999000.0,0.0,53500000.0,0.0,,
18,HCBK,MRY,1996-12-31,1996-12-31,1996-12-31,2019-05-17,,,,,,,,-3990000.0,,,0.0,80831000.0,,,,,,,,5761000.0,,,0.0,127426000.0,133187000.0,0.707,133187000.0,127426000.0,127426000.0,,,,,,,,,,87612000.0,,1.0,188384000.0,1.0,,0.0,,,,,,,,,,,-11431000.0,0.0,0.0,0.0,0.0,1161158000.0,-1264191000.0,-1260201000.0,91602000.0,0.0,80831000.0,80831000.0,80831000.0,0.0,0.0,0.429,60958000.0,127426000.0,,,,,,,0.0,,,,,,188384000.0,188384000.0,0.0,,,,0.676,0.0,48975000.0,,,,,,,,46595000.0,,,
0,HCBK,MRQ,2015-06-30,2015-06-30,2015-06-30,2019-05-17,-40230000.0,35417458000.0,,,,,9.623,-104000.0,6702750000.0,6702750000.0,0.0,35657000.0,,6.345,12175000000.0,,,12175000000.0,0.0,2805000.0,18174139000.0,0.012,0.0,58704000.0,61509000.0,0.491,61509000.0,58704000.0,58704000.0,0.07,0.07,0.07,4821745000.0,,4821745000.0,11234149509.0,58.0,51.869,-28290000.0,-0.056,1.0,125154000.0,1.0,152109000.0,0.0,40737599000.0,,0.0,28047573000.0,,,30595713000.0,,,5231765509.0,530134000.0,0.0,0.0,0.0,0.0,-736560000.0,1294880000.0,1276581000.0,-28186000.0,0.0,35657000.0,35657000.0,35657000.0,0.0,0.0,0.285,66450000.0,58704000.0,0.0,0.0,1.085,44.409,42.957,52420000.0,0.0,9.88,10.978,10.388,0.0,1983067000.0,125154000.0,125154000.0,0.0,,,,,5187000.0,42842000.0,1.0,529530922.0,501078623.0,502348521.0,0.25,35265349000.0,0.0,23047000.0,0.0,70.379,
1,HCBK,MRQ,2015-03-31,2015-03-31,2015-03-31,2019-05-17,-41918000.0,36129290000.0,,,,,9.56,-99000.0,6172616000.0,6172616000.0,0.0,5890000.0,,6.557,12175000000.0,,,12175000000.0,0.0,3472000.0,18909021000.0,0.015,0.04,9610000.0,13082000.0,0.155,13082000.0,9610000.0,9610000.0,0.01,0.01,0.01,4780891000.0,,4780891000.0,11432669289.0,57.0,51.109,16196000.0,0.032,1.0,84368000.0,1.0,152109000.0,0.0,41979565000.0,,0.0,29285347000.0,,,31348399000.0,,,5543235289.0,-112950000.0,0.0,0.0,0.0,-20011000.0,-487671000.0,358426000.0,344906000.0,16295000.0,0.0,5890000.0,5890000.0,5890000.0,0.0,0.0,0.07,74758000.0,9610000.0,0.0,4.0,1.159,45.686,43.667,54506000.0,0.0,10.48,11.306,10.689,0.0,1947410000.0,84368000.0,84368000.0,0.0,,,,,5283000.0,43982000.0,1.0,528934665.0,500085913.0,501583947.0,0.169,35977181000.0,0.0,3720000.0,0.0,71.942,
2,HCBK,MRQ,2014-12-31,2014-12-31,2014-12-31,2019-05-17,-50374000.0,36569082000.0,,,,,9.043,-188000.0,6285566000.0,6285566000.0,0.0,39136000.0,,6.648,12175000000.0,,,12175000000.0,0.0,5966000.0,19376544000.0,0.016,0.04,64523000.0,70489000.0,0.523,70489000.0,64523000.0,64523000.0,0.08,0.08,0.08,4781410000.0,,4781410000.0,11846704294.0,45.0,39.697,21086000.0,0.04,1.0,134686000.0,1.0,152109000.0,0.0,42306407000.0,,0.0,29635062000.0,,,31787672000.0,,,5351101294.0,606169000.0,0.0,0.0,0.0,-20059000.0,-617759000.0,1202654000.0,1182708000.0,21274000.0,0.0,39136000.0,39136000.0,39136000.0,0.0,0.0,0.291,70163000.0,64523000.0,0.0,0.5,1.119,33.875,31.625,56633000.0,0.0,10.12,9.624,9.624,0.0,1961531000.0,134686000.0,134686000.0,0.0,,,,,4785000.0,39854000.0,1.0,528764950.0,528764950.0,,0.255,36416973000.0,0.0,25387000.0,0.0,68.872,
3,HCBK,MRQ,2014-09-30,2014-09-30,2014-09-30,2019-05-17,6554000.0,37161125000.0,,,,,9.646,-1022000.0,5679397000.0,5679397000.0,0.0,37126000.0,,6.717,12175000000.0,,,12175000000.0,0.0,9178000.0,19973147000.0,0.016,0.04,62331000.0,71509000.0,0.54,71509000.0,62331000.0,62331000.0,0.07,0.07,0.07,4815573000.0,,4815573000.0,11863914314.0,43.0,36.578,43020000.0,0.086,1.0,132376000.0,1.0,152109000.0,0.0,43504619000.0,,0.0,30821674000.0,,,32345552000.0,,,5139595314.0,228716000.0,0.0,0.0,0.0,-20070000.0,-561060000.0,745734000.0,723498000.0,44042000.0,0.0,37126000.0,37126000.0,37126000.0,0.0,0.0,0.28,70045000.0,62331000.0,0.0,0.571,1.067,31.214,29.455,59324000.0,0.0,9.72,9.006,8.502,0.0,1942454000.0,132376000.0,132376000.0,0.0,,,,,4952000.0,41737000.0,1.0,528764950.0,499225954.0,500258664.0,0.265,37009016000.0,0.0,25205000.0,0.0,74.133,
4,HCBK,MRQ,2014-06-30,2014-06-30,2014-06-30,2019-05-17,25579000.0,37700645000.0,,,,,9.647,-1111000.0,5450681000.0,5450681000.0,0.0,39182000.0,,6.833,12175000000.0,,,12175000000.0,0.0,2853000.0,20513835000.0,0.016,0.04,65758000.0,68611000.0,0.494,68611000.0,65758000.0,65758000.0,0.08,0.08,0.08,4812892000.0,,4812892000.0,12269740227.0,43.0,34.647,15534000.0,0.031,1.0,138866000.0,1.0,152109000.0,0.0,44272855000.0,,0.0,31581296000.0,,,32887753000.0,,,5197524227.0,347897000.0,0.0,113000.0,0.0,-20132000.0,-572972000.0,904224000.0,884087000.0,16645000.0,0.0,39182000.0,39182000.0,39182000.0,0.0,0.0,0.282,73108000.0,65758000.0,0.0,0.5,1.08,30.526,28.086,61074000.0,0.0,9.83,8.851,8.351,0.0,1925398000.0,138866000.0,138866000.0,0.0,,,,,5530000.0,41838000.0,1.0,528741020.0,498874695.0,499838263.0,0.278,37548536000.0,0.0,26576000.0,0.0,75.266,
5,HCBK,MRQ,2014-03-31,2014-03-31,2014-03-31,2019-05-17,19032000.0,38230626000.0,,,,,9.596,-361000.0,5102784000.0,5102784000.0,0.0,42521000.0,,6.993,12175000000.0,,,12175000000.0,0.0,17435000.0,21065582000.0,0.016,0.04,70381000.0,87816000.0,0.585,87816000.0,70381000.0,70381000.0,0.09,0.09,0.09,4782858000.0,,4782858000.0,13044886441.0,44.0,32.708,68495000.0,0.137,1.0,150094000.0,1.0,152109000.0,0.0,45150733000.0,,0.0,32454743000.0,,,33447768000.0,,,5194360441.0,778310000.0,0.0,0.0,0.0,-19944000.0,-426846000.0,1136300000.0,1121766000.0,68856000.0,0.0,42521000.0,42521000.0,42521000.0,0.0,0.0,0.283,79713000.0,70381000.0,0.0,0.444,1.086,28.889,26.568,62819000.0,0.0,9.83,8.582,8.094,0.0,1906331000.0,150094000.0,150094000.0,0.0,,,,,5164000.0,43322000.0,1.0,528419170.0,498409428.0,498409428.0,0.301,38078517000.0,0.0,27860000.0,0.0,76.4,
6,HCBK,MRQ,2013-12-31,2013-12-31,2013-12-31,2019-05-17,6336000.0,38607354000.0,,,,,8.975,-708000.0,4324474000.0,4324474000.0,0.0,45829000.0,,7.141,12175000000.0,,,12175000000.0,0.0,20508000.0,21472329000.0,0.021,0.04,75903000.0,96411000.0,0.645,96411000.0,75903000.0,75903000.0,0.09,0.09,0.09,4742576000.0,,4742576000.0,13436049773.0,44.0,32.021,84925000.0,0.161,1.0,149376000.0,1.0,152109000.0,0.0,46305771000.0,,0.0,33577627000.0,,,33864778000.0,,,4982992773.0,602531000.0,0.0,0.0,0.0,-19906000.0,-627308000.0,1144206000.0,1125418000.0,85633000.0,0.0,45829000.0,45829000.0,45829000.0,0.0,0.0,0.307,73473000.0,75903000.0,0.0,0.444,1.051,26.904,25.486,65353000.0,0.0,9.43,8.101,8.101,0.0,1883754000.0,149376000.0,149376000.0,0.0,,,,,5303000.0,42591000.0,1.0,528419170.0,528419170.0,,0.283,38455245000.0,0.0,30074000.0,0.0,72.774,
7,HCBK,MRQ,2013-09-30,2013-09-30,2013-09-30,2019-05-17,-15909000.0,39186560000.0,,,,,9.417,-176000.0,3721943000.0,3721943000.0,0.0,42734000.0,,7.357,12175000000.0,,,12175000000.0,0.0,30913000.0,22079731000.0,0.027,0.04,70381000.0,101294000.0,0.68,101294000.0,70381000.0,70381000.0,0.09,0.09,0.09,4689105000.0,,4689105000.0,13955228716.0,45.0,31.927,73961000.0,0.149,1.0,148869000.0,1.0,152109000.0,0.0,47487508000.0,,0.0,34734349000.0,,,34497455000.0,,,4777437716.0,724734000.0,0.0,0.0,0.0,-19904000.0,-559444000.0,1210041000.0,1186329000.0,74137000.0,0.0,42734000.0,42734000.0,42734000.0,0.0,0.0,0.287,78488000.0,70381000.0,0.0,0.444,1.019,25.502,23.792,67354000.0,0.0,9.041,7.515,7.082,0.0,1857831000.0,148869000.0,148869000.0,0.0,,,,,5700000.0,44185000.0,1.0,528419170.0,497954146.0,498313185.0,0.299,39034451000.0,0.0,27647000.0,0.0,78.39,
8,HCBK,MRQ,2013-06-30,2013-06-30,2013-06-30,2019-05-17,-15584000.0,39696453000.0,,,,,9.364,473000.0,2997209000.0,2997209000.0,0.0,48722000.0,,7.517,12175000000.0,,,12175000000.0,0.0,32993000.0,22619271000.0,0.031,0.04,80320000.0,113313000.0,0.722,113313000.0,80320000.0,80320000.0,0.1,0.1,0.1,4660900000.0,,4660900000.0,14267771693.0,43.0,30.926,95132000.0,0.191,1.0,156941000.0,1.0,152109000.0,0.0,48722135000.0,,0.0,35972037000.0,,,35035553000.0,,,4848381693.0,241599000.0,0.0,0.0,0.0,-19906000.0,-563727000.0,710667000.0,692124000.0,94659000.0,0.0,48722000.0,48722000.0,48722000.0,0.0,0.0,0.31,76621000.0,80320000.0,0.0,0.4,1.04,24.177,22.938,69900000.0,0.0,9.175,7.202,6.784,0.0,1835001000.0,156941000.0,156941000.0,0.0,,,,,4338000.0,42336000.0,1.0,528433972.0,497720918.0,498070995.0,0.315,39544344000.0,0.0,31598000.0,0.0,79.451,
9,HCBK,MRQ,2013-03-31,2013-03-31,2013-03-31,2019-05-17,68113000.0,40286698000.0,,,,,9.474,-562000.0,2755610000.0,2755610000.0,0.0,47931000.0,,7.551,12175000000.0,,,12175000000.0,0.0,29921000.0,23163092000.0,0.037,0.08,78661000.0,108582000.0,0.679,108582000.0,78661000.0,78661000.0,0.1,0.1,0.1,4711443000.0,,4711443000.0,15910789642.0,43.0,31.989,485889000.0,0.977,1.0,159916000.0,1.0,152109000.0,0.0,49553979000.0,,0.0,36857985000.0,,,35575255000.0,,,4563757642.0,1927642000.0,0.0,1407000.0,0.0,-39795000.0,-358995000.0,1800186000.0,1790431000.0,486451000.0,0.0,47931000.0,47931000.0,47931000.0,0.0,0.0,0.3,81255000.0,78661000.0,0.0,0.8,0.969,20.366,19.2,73180000.0,0.0,8.64,6.353,5.981,0.0,1806185000.0,159916000.0,159916000.0,0.0,,,,,3731000.0,40411000.0,1.0,528212690.0,497324412.0,497364942.0,0.322,40134589000.0,0.0,30730000.0,0.0,80.701,
10,HCBK,MRQ,2012-12-31,2012-12-31,2012-12-31,2019-05-17,69970000.0,40596341000.0,,,,,8.898,-1603000.0,827968000.0,827968000.0,0.0,47948000.0,,7.638,12175000000.0,,,12175000000.0,0.0,31464000.0,23483917000.0,0.039,0.08,82441000.0,113905000.0,0.67,113905000.0,82441000.0,82441000.0,0.09,0.09,0.09,4699808000.0,,4699808000.0,16793355318.0,41.0,31.168,125959000.0,0.238,1.0,169997000.0,1.0,152109000.0,0.0,51791264000.0,,0.0,38727099000.0,,,35896533000.0,,,4294216318.0,402107000.0,0.0,104000.0,-750000000.0,-39713000.0,-1327858000.0,1602403000.0,1591929000.0,127562000.0,0.0,47948000.0,47948000.0,47948000.0,0.0,0.0,0.282,87556000.0,82441000.0,0.0,0.889,0.914,17.236,16.26,74912000.0,0.0,8.13,5.574,5.574,0.0,1798430000.0,169997000.0,169997000.0,0.0,,,,,3829000.0,41702000.0,1.0,528193889.0,528193889.0,,0.322,40444232000.0,0.0,34493000.0,0.0,76.571,
11,HCBK,MRQ,2012-09-30,2012-09-30,2012-09-30,2019-05-17,94429000.0,41898593000.0,,,,,9.485,-3167000.0,425861000.0,425861000.0,0.0,55932000.0,,7.892,12925000000.0,,,12925000000.0,0.0,33123000.0,24022181000.0,0.04,0.08,92428000.0,125551000.0,0.674,125551000.0,92428000.0,92428000.0,0.11,0.11,0.11,4712085000.0,,4712085000.0,16815586486.0,-55.0,-87.86,120617000.0,0.243,1.0,186305000.0,1.0,152109000.0,0.0,54245623000.0,,0.0,40419705000.0,,,37186508000.0,,,4196016486.0,-379569000.0,0.0,363000.0,-500000000.0,-39711000.0,-1161777000.0,658424000.0,650272000.0,123784000.0,0.0,55932000.0,55932000.0,55932000.0,0.0,0.0,0.3,93877000.0,92428000.0,0.0,0.727,0.89,-26.334,-24.828,75468000.0,0.0,7.945,5.344,5.026,0.0,1790232000.0,186305000.0,186305000.0,0.0,,,,,3963000.0,42469000.0,1.0,528132975.0,496772798.0,496779005.0,0.375,41746484000.0,0.0,36496000.0,0.0,84.035,
12,HCBK,MRQ,2012-06-30,2012-06-30,2012-06-30,2019-05-17,66272000.0,43590185000.0,,,,,9.392,-5005000.0,805430000.0,805430000.0,0.0,72276000.0,,8.347,13425000000.0,,,13425000000.0,0.0,30732000.0,24644548000.0,0.05,0.08,118606000.0,149338000.0,0.739,149338000.0,118606000.0,118606000.0,0.15,0.15,0.15,4663442000.0,,4663442000.0,16708519051.0,-65.0,-117.043,118962000.0,0.24,1.0,202177000.0,1.0,152109000.0,0.0,56057646000.0,,0.0,41719727000.0,,,38926743000.0,,,3364207051.0,-25258000.0,0.0,0.0,-750000000.0,-39709000.0,-1267282000.0,1118057000.0,1106448000.0,123967000.0,0.0,72276000.0,72276000.0,72276000.0,0.0,0.0,0.357,83571000.0,118606000.0,629145000.0,0.533,0.721,-25.667,-24.5,74313000.0,0.0,6.37,4.094,3.849,0.0,1774138000.0,202177000.0,202177000.0,0.0,,,,,2773000.0,38944000.0,1.0,528132975.0,496539980.0,496552810.0,0.407,43438076000.0,0.0,46330000.0,0.0,87.482,
13,HCBK,MRQ,2012-03-31,2012-03-31,2012-03-31,2019-05-17,55099000.0,44138584000.0,,,,,9.31,-2754000.0,830688000.0,830688000.0,0.0,72987000.0,,8.559,14175000000.0,,,14175000000.0,0.0,29701000.0,25121541000.0,0.044,0.08,120307000.0,150008000.0,0.708,150008000.0,120307000.0,120307000.0,0.15,0.15,0.15,4617509000.0,,4617509000.0,18180052364.0,-84.0,-169.839,195185000.0,0.394,1.0,211905000.0,1.0,152109000.0,0.0,57330787000.0,,0.0,42255258000.0,,,39521075000.0,,,3859132364.0,76608000.0,0.0,3011000.0,-900000000.0,-39660000.0,-1321805000.0,1200474000.0,1186187000.0,197939000.0,0.0,72987000.0,72987000.0,72987000.0,0.0,0.0,0.344,91598000.0,120307000.0,0.0,0.533,0.836,-35.953,-33.25,71348000.0,0.0,7.315,4.461,4.194,0.0,1741571000.0,211905000.0,211905000.0,0.0,,,,,4220000.0,40799000.0,1.0,527564233.0,495983174.0,496008154.0,0.427,43986475000.0,0.0,47320000.0,0.0,88.685,
14,HCBK,MRQ,2011-12-31,2011-12-31,2011-12-31,2019-05-17,39651000.0,45355885000.0,,,,,8.646,-2803000.0,754080000.0,754080000.0,0.0,-360536000.0,,8.946,15075000000.0,,,15075000000.0,0.0,18942000.0,25507760000.0,0.062,0.08,-635229000.0,-616287000.0,-3.334,-616287000.0,-635229000.0,-635229000.0,-0.73,-0.73,-0.73,4560440000.0,,4560440000.0,20261500669.0,-16.0,-17.786,184832000.0,0.35,1.0,184865000.0,1.0,152109000.0,0.0,59524696000.0,,0.0,43480215000.0,,,40795445000.0,,,3296729669.0,-2506149000.0,0.0,100000.0,-5778499000.0,-39584000.0,-5731362000.0,3037578000.0,3023588000.0,187635000.0,0.0,-360536000.0,-360536000.0,-360536000.0,0.0,0.0,-1.95,91595000.0,93270000.0,0.0,-0.11,0.723,-4.479,-4.195,70610000.0,0.0,6.25,3.382,3.382,0.0,1709821000.0,184865000.0,184865000.0,0.0,,,,,4166000.0,33819000.0,1.0,527476747.0,527476747.0,,0.35,45203776000.0,0.0,-274693000.0,0.0,85.698,
15,HCBK,MRQ,2011-09-30,2011-09-30,2011-09-30,2019-05-17,63106000.0,50850815000.0,,,,,10.06,-1127000.0,3260229000.0,3260229000.0,0.0,84203000.0,,9.212,20225000000.0,,,20225000000.0,0.0,35110000.0,25421419000.0,0.081,0.08,139076000.0,174186000.0,0.782,174186000.0,139076000.0,139076000.0,0.17,0.17,0.17,4979469000.0,,4979469000.0,23397015657.0,-56.0,-83.782,297378000.0,0.601,1.0,222737000.0,1.0,152109000.0,0.0,67663477000.0,,0.0,46682397000.0,,,45871346000.0,,,2985666657.0,2546578000.0,0.0,3026000.0,-900000000.0,-39583000.0,-1068162000.0,3316235000.0,3299666000.0,298505000.0,0.0,84203000.0,84203000.0,84203000.0,0.0,0.0,0.378,83661000.0,139076000.0,0.0,0.471,0.6,-11.741,-10.885,69989000.0,0.0,5.66,2.817,2.644,0.0,2110033000.0,222737000.0,222737000.0,0.0,,,,,4397000.0,35912000.0,1.0,527502943.0,494966393.0,495089402.0,0.45,50698706000.0,0.0,54873000.0,0.0,102.429,
16,HCBK,MRQ,2011-06-30,2011-06-30,2011-06-30,2019-05-17,25216000.0,51778639000.0,,,,,9.892,-3378000.0,713651000.0,713651000.0,0.0,96008000.0,,9.593,21125000000.0,,,21125000000.0,0.0,25246000.0,25554601000.0,0.065,0.08,159804000.0,185050000.0,0.753,185050000.0,159804000.0,159804000.0,0.19,0.19,0.19,4887959000.0,,4887959000.0,25900660965.0,-74.0,-119.79,224339000.0,0.454,1.0,245641000.0,1.0,152109000.0,0.0,72037879000.0,,0.0,49996911000.0,,,46890680000.0,,,4313655965.0,275656000.0,0.0,-124000.0,-900000000.0,-39436000.0,-845955000.0,893894000.0,886888000.0,227717000.0,0.0,96008000.0,96008000.0,96008000.0,0.0,0.0,0.391,85837000.0,159804000.0,0.0,0.421,0.883,-20.164,-18.614,70970000.0,0.0,8.19,3.882,3.642,0.0,2069138000.0,245641000.0,245641000.0,0.0,,,,,5319000.0,37919000.0,1.0,526697920.0,494137888.0,494751960.0,0.497,51626530000.0,0.0,63796000.0,0.0,104.478,
17,HCBK,MRQ,2011-03-31,2011-03-31,2011-03-31,2019-05-17,-72046000.0,52429066000.0,,,,,9.576,-2300000.0,437995000.0,437995000.0,0.0,-555664000.0,,10.087,22025000000.0,,,22025000000.0,0.0,36850000.0,25461079000.0,0.062,0.15,-918960000.0,-882110000.0,-2.743,-882110000.0,-918960000.0,-918960000.0,-1.13,-1.13,-1.13,4728847000.0,,4728847000.0,34104236241.0,-124.0,-239.454,220628000.0,0.447,1.0,321608000.0,1.0,152109000.0,0.0,73863962000.0,,0.0,50777829000.0,,,47700219000.0,,,5098633241.0,-231402000.0,0.0,0.0,-8822092000.0,-74095000.0,-8608145000.0,8153815000.0,8144612000.0,222928000.0,0.0,-555664000.0,-555664000.0,-555664000.0,0.0,0.0,-1.728,68476000.0,253132000.0,0.0,-0.133,1.078,-30.468,-28.471,69712000.0,0.0,9.68,4.372,4.099,0.0,2012579000.0,321608000.0,321608000.0,0.0,,,,,5731000.0,39309000.0,1.0,526718310.0,493843304.0,493843304.0,0.651,52276957000.0,0.0,-363296000.0,0.0,105.857,
18,HCBK,MRQ,2010-12-31,2010-12-31,2010-12-31,2019-05-17,85406000.0,61166033000.0,,,,,10.464,-1171000.0,669397000.0,669397000.0,0.0,121161000.0,,10.1,29675000000.0,,,29675000000.0,0.0,43409000.0,25173126000.0,0.047,0.15,200206000.0,243615000.0,0.903,243615000.0,200206000.0,200206000.0,0.25,0.25,0.25,5510238000.0,,5510238000.0,35900835972.0,40.0,35.576,191737000.0,0.364,1.0,269761000.0,1.0,152109000.0,0.0,90019527000.0,,0.0,59709606000.0,,,55655795000.0,,,6708928972.0,36304000.0,0.0,277000.0,-150000000.0,-73940000.0,35246000.0,-191850000.0,-197203000.0,192908000.0,0.0,121161000.0,121161000.0,121161000.0,0.0,0.0,0.449,69555000.0,200206000.0,538200000.0,0.6,1.218,12.489,11.688,69444000.0,0.0,12.74,5.789,5.789,0.0,2642338000.0,269761000.0,269761000.0,0.0,,,,,6676000.0,42941000.0,1.0,526603530.0,526603530.0,,0.512,61013924000.0,0.0,79045000.0,0.0,115.863,
19,HCBK,MRQ,2010-09-30,2010-09-30,2010-09-30,2019-05-17,252516000.0,60616632000.0,,,,,11.401,-1932000.0,633093000.0,633093000.0,0.0,124569000.0,,9.781,29825000000.0,,,29825000000.0,0.0,28740000.0,24914621000.0,0.049,0.15,208487000.0,237227000.0,0.865,237227000.0,208487000.0,208487000.0,0.25,0.25,0.25,5622770000.0,,5622770000.0,36112248037.0,39.0,35.795,195612000.0,0.397,1.0,274193000.0,1.0,152109000.0,0.0,89656430000.0,,0.0,59274990000.0,,,54993862000.0,,,6456252037.0,314089000.0,0.0,87000.0,-150000000.0,-73941000.0,-477592000.0,594137000.0,589695000.0,197544000.0,0.0,124569000.0,124569000.0,124569000.0,0.0,0.0,0.454,65706000.0,208487000.0,0.0,0.6,1.148,11.683,10.946,70456000.0,0.0,12.26,5.48,5.132,0.0,2595547000.0,274193000.0,274193000.0,0.0,,,,,6838000.0,40329000.0,1.0,526611096.0,493164078.0,493983690.0,0.556,60464523000.0,0.0,83918000.0,0.0,122.605,
20,HCBK,MRQ,2010-06-30,2010-06-30,2010-06-30,2019-05-17,230661000.0,60933134000.0,,,,,11.246,-2190000.0,319004000.0,319004000.0,0.0,142591000.0,,9.992,29975000000.0,,,29975000000.0,0.0,22715000.0,25168465000.0,0.049,0.15,236128000.0,258843000.0,0.861,258843000.0,236128000.0,236128000.0,0.29,0.29,0.29,5543256000.0,,5543256000.0,35950660493.0,38.0,35.451,75870000.0,0.154,1.0,300724000.0,1.0,152109000.0,0.0,90437021000.0,,0.0,59898390000.0,,,55389878000.0,,,6450758493.0,-156094000.0,0.0,-418000.0,0.0,-73853000.0,-294562000.0,60408000.0,57624000.0,78060000.0,0.0,142591000.0,142591000.0,142591000.0,0.0,0.0,0.474,64596000.0,236128000.0,0.0,0.517,1.164,11.455,10.652,70617000.0,0.0,12.25,5.413,5.066,0.0,2544987000.0,300724000.0,300724000.0,0.0,,,,,6643000.0,40713000.0,1.0,526592530.0,492888447.0,494406802.0,0.61,60781025000.0,0.0,93537000.0,0.0,123.316,
21,HCBK,MRQ,2010-03-31,2010-03-31,2010-03-31,2019-05-17,158489000.0,61231651000.0,,,,,10.955,-2738000.0,475098000.0,475098000.0,0.0,148885000.0,,10.347,29975000000.0,,,29975000000.0,0.0,21832000.0,25388800000.0,0.042,0.15,247612000.0,269444000.0,0.858,269444000.0,247612000.0,247612000.0,0.3,0.3,0.3,5396077000.0,,5396077000.0,36879554013.0,41.0,37.39,283832000.0,0.576,1.0,314143000.0,1.0,152109000.0,0.0,90579444000.0,,0.0,60006553000.0,,,55835574000.0,,,7465755013.0,-86103000.0,0.0,825000.0,0.0,-74023000.0,737810000.0,-1110483000.0,-1116150000.0,286570000.0,0.0,148885000.0,148885000.0,148885000.0,0.0,0.0,0.474,66531000.0,247612000.0,125580000.0,0.5,1.384,13.612,12.652,70647000.0,0.0,14.17,6.286,5.877,0.0,2476277000.0,314143000.0,314143000.0,0.0,,,,,7026000.0,42509000.0,1.0,526870502.0,492564183.0,493694756.0,0.638,61079542000.0,0.0,98727000.0,0.0,124.003,
22,HCBK,MRQ,2009-12-31,2009-12-31,2009-12-31,2019-05-17,184533000.0,60267760000.0,,,,,10.164,-1435000.0,561201000.0,561201000.0,0.0,136576000.0,,10.288,29975000000.0,,,29975000000.0,0.0,17294000.0,24578048000.0,0.043,0.15,226050000.0,243344000.0,0.842,243344000.0,226050000.0,226050000.0,0.28,0.27,0.28,5339152000.0,,5339152000.0,36567069257.0,42.0,38.903,69086000.0,0.132,1.0,288985000.0,1.0,152109000.0,0.0,89529450000.0,,0.0,58958951000.0,,,54928608000.0,,,7212547257.0,-109277000.0,0.0,3573000.0,-50000000.0,-73482000.0,1351021000.0,-1530819000.0,-1532723000.0,70521000.0,0.0,136576000.0,136576000.0,136576000.0,0.0,0.0,0.473,62935000.0,226050000.0,100000000.0,0.536,1.351,13.68,12.713,70116000.0,0.0,13.73,6.329,6.329,0.0,2401606000.0,288985000.0,288985000.0,0.0,,,,,7276000.0,41915000.0,1.0,525312983.0,525312983.0,,0.55,60115651000.0,0.0,89474000.0,0.0,114.438,
23,HCBK,MRQ,2009-09-30,2009-09-30,2009-09-30,2019-05-17,196336000.0,58884535000.0,,,,,10.765,-1067000.0,670478000.0,670478000.0,0.0,135086000.0,,10.173,30025000000.0,,,30025000000.0,0.0,17406000.0,23113949000.0,0.043,0.15,225050000.0,242456000.0,0.842,242456000.0,225050000.0,225050000.0,0.28,0.27,0.28,5270181000.0,,5270181000.0,36304531650.0,43.0,40.157,135221000.0,0.276,1.0,287970000.0,1.0,152109000.0,0.0,88086948000.0,,0.0,57623543000.0,,,53614354000.0,,,6891642650.0,58367000.0,0.0,4266000.0,0.0,-73517000.0,1359504000.0,-1437425000.0,-1439735000.0,136288000.0,0.0,135086000.0,135086000.0,135086000.0,0.0,0.0,0.469,62920000.0,225050000.0,200000000.0,0.536,1.308,13.383,12.406,71110000.0,0.0,13.15,6.242,5.831,0.0,2347827000.0,287970000.0,287970000.0,0.0,,,,,7382000.0,42008000.0,1.0,524079289.0,489545739.0,491992378.0,0.588,58732426000.0,0.0,89964000.0,0.0,119.973,
24,HCBK,MRQ,2009-06-30,2009-06-30,2009-06-30,2019-05-17,149708000.0,57406339000.0,,,,,10.561,-1289000.0,612111000.0,612111000.0,0.0,127919000.0,,10.161,30025000000.0,,,30025000000.0,0.0,19537000.0,21692265000.0,0.041,0.15,211556000.0,231093000.0,0.779,231093000.0,211556000.0,211556000.0,0.26,0.26,0.26,5143265000.0,,5143265000.0,36857472752.0,45.0,42.316,81011000.0,0.166,1.0,296503000.0,1.0,152109000.0,0.0,86667119000.0,,0.0,56214669000.0,,,52263074000.0,,,6930614752.0,263969000.0,0.0,1941000.0,-250000000.0,-73081000.0,944636000.0,-762967000.0,-767486000.0,82300000.0,0.0,127919000.0,127919000.0,127919000.0,0.0,0.0,0.431,84947000.0,211556000.0,250000000.0,0.577,1.348,13.812,12.903,72319000.0,0.0,13.29,6.487,6.058,0.0,2295449000.0,296503000.0,296503000.0,0.0,,,,,7380000.0,44207000.0,1.0,521490952.0,486984601.0,489447012.0,0.609,57254230000.0,0.0,83637000.0,0.0,117.569,
25,HCBK,MRQ,2009-03-31,2009-03-31,2009-03-31,2019-05-17,132827000.0,56569758000.0,,,,,10.363,-2525000.0,348142000.0,348142000.0,0.0,127663000.0,,10.196,30275000000.0,,,30275000000.0,0.0,11747000.0,20435916000.0,0.043,0.14,211310000.0,223057000.0,0.838,223057000.0,211310000.0,211310000.0,0.26,0.26,0.26,5052798000.0,,5052798000.0,36069378845.0,45.0,43.41,230982000.0,0.474,1.0,266104000.0,1.0,152109000.0,0.0,86344507000.0,,0.0,55647291000.0,,,51516960000.0,,,6106189845.0,86331000.0,0.0,-39757000.0,50000000.0,-68328000.0,1915294000.0,-2062470000.0,-2062978000.0,233507000.0,0.0,127663000.0,127663000.0,127663000.0,0.0,0.0,0.48,54794000.0,211310000.0,446969000.0,0.538,1.208,12.602,11.69,73479000.0,0.0,11.69,6.082,5.677,0.0,2253361000.0,266104000.0,266104000.0,0.0,,,,,7749000.0,41211000.0,1.0,522343015.0,487567802.0,491326567.0,0.546,56417649000.0,0.0,83647000.0,0.0,115.712,
26,HCBK,MRQ,2008-12-31,2008-12-31,2008-12-31,2019-05-17,47657000.0,54145328000.0,,,,,9.475,-2019000.0,261811000.0,261811000.0,0.0,124278000.0,,9.963,30225000000.0,,,30225000000.0,0.0,6268000.0,18464042000.0,0.028,0.13,201183000.0,207451000.0,0.819,207451000.0,201183000.0,201183000.0,0.26,0.25,0.26,4938796000.0,,4938796000.0,37209109787.0,51.0,49.01,104571000.0,0.201,1.0,253447000.0,1.0,152109000.0,0.0,83956408000.0,,0.0,53257861000.0,,,49206532000.0,,,8319081787.0,-123161000.0,0.0,-4656000.0,950000000.0,-63186000.0,2080790000.0,-2310541000.0,-2309570000.0,106590000.0,0.0,124278000.0,124278000.0,124278000.0,0.0,0.0,0.49,52264000.0,201183000.0,239100000.0,0.5,1.684,18.671,17.348,73502000.0,0.0,15.96,8.936,8.936,0.0,2196235000.0,253447000.0,253447000.0,0.0,,,,,8001000.0,40322000.0,1.0,521245726.0,521245726.0,,0.486,53993219000.0,0.0,76905000.0,0.0,103.585,
27,HCBK,MRQ,2008-09-30,2008-09-30,2008-09-30,2019-05-17,-18517000.0,51774718000.0,,,,,9.873,-2442000.0,384972000.0,384972000.0,0.0,121908000.0,,9.818,29275000000.0,,,29275000000.0,0.0,6575000.0,17287463000.0,0.022,0.12,202836000.0,209411000.0,0.83,209411000.0,202836000.0,202836000.0,0.25,0.25,0.25,4786132000.0,,4786132000.0,36877390278.0,56.0,54.025,145349000.0,0.3,1.0,252259000.0,1.0,152109000.0,0.0,80512637000.0,,0.0,50734815000.0,,,46988586000.0,,,9587976278.0,199386000.0,0.0,3906000.0,1800000000.0,-58098000.0,2322575000.0,-2270980000.0,-2270795000.0,147791000.0,0.0,121908000.0,121908000.0,121908000.0,0.0,0.0,0.483,49423000.0,202836000.0,158601000.0,0.48,2.003,24.043,22.5,74266000.0,0.0,18.45,11.232,10.477,0.0,2156649000.0,252259000.0,252259000.0,0.0,,,,,8501000.0,39685000.0,1.0,519673511.0,484759567.0,495715998.0,0.52,51622609000.0,0.0,80928000.0,0.0,106.491,
28,HCBK,MRQ,2008-06-30,2008-06-30,2008-06-30,2019-05-17,-10189000.0,49161986000.0,,,,,9.733,-2937000.0,185586000.0,185586000.0,0.0,110703000.0,,9.439,27475000000.0,,,27475000000.0,0.0,7042000.0,16719345000.0,0.022,0.11,183943000.0,190985000.0,0.822,190985000.0,183943000.0,183943000.0,0.23,0.22,0.23,4709594000.0,,4709594000.0,33561473983.0,58.0,55.877,58818000.0,0.122,1.0,232220000.0,1.0,152109000.0,0.0,76299291000.0,,0.0,48344485000.0,,,44452392000.0,,,8659108983.0,-137049000.0,0.0,1343000.0,2250000000.0,-53228000.0,2844042000.0,-3042846000.0,-3040571000.0,61755000.0,0.0,110703000.0,110703000.0,110703000.0,0.0,0.0,0.477,48277000.0,183943000.0,12889000.0,0.478,1.839,24.647,23.167,74276000.0,0.0,16.68,11.37,10.598,0.0,2099941000.0,232220000.0,232220000.0,0.0,,,,,8464000.0,38732000.0,1.0,519131234.0,483885720.0,496078754.0,0.48,49009877000.0,0.0,73240000.0,0.0,101.284,
29,HCBK,MRQ,2008-03-31,2008-03-31,2008-03-31,2019-05-17,61283000.0,46770250000.0,,,,,9.75,-1167000.0,322635000.0,322635000.0,0.0,88669000.0,,8.93,25225000000.0,,,25225000000.0,0.0,6444000.0,16077113000.0,0.019,0.09,144924000.0,151368000.0,0.784,151368000.0,144924000.0,144924000.0,0.18,0.18,0.18,4710089000.0,,4710089000.0,33088230563.0,65.0,62.021,137141000.0,0.284,1.0,193036000.0,1.0,152109000.0,0.0,71520506000.0,,0.0,45887446000.0,,,42060161000.0,,,9164774563.0,105091000.0,0.0,-702000.0,1084000000.0,-43483000.0,1965268000.0,-1998485000.0,-1998969000.0,138308000.0,0.0,88669000.0,88669000.0,88669000.0,0.0,0.0,0.459,48112000.0,144924000.0,464819000.0,0.5,1.946,29.254,28.063,73809000.0,0.0,17.68,13.349,12.441,0.0,2045787000.0,193036000.0,193036000.0,0.0,,,,,7915000.0,38916000.0,1.0,518369602.0,483092588.0,494384738.0,0.4,46618141000.0,0.0,56255000.0,0.0,96.499,
30,HCBK,MRQ,2007-12-31,2007-12-31,2007-12-31,2019-05-17,16622000.0,44423971000.0,,,,,8.861,-1739000.0,217544000.0,217544000.0,0.0,77508000.0,,8.634,24141000000.0,,,24141000000.0,0.0,4884000.0,15153382000.0,0.022,0.085,125945000.0,130829000.0,0.743,130829000.0,125945000.0,125945000.0,0.16,0.16,0.16,4611307000.0,,4611307000.0,30397435339.0,63.0,60.285,116953000.0,0.225,1.0,176128000.0,1.0,152109000.0,0.0,68195318000.0,,0.0,43638416000.0,,,39812664000.0,,,7816786339.0,-92807000.0,0.0,-58701000.0,1250000000.0,-41117000.0,1678349000.0,-1889848000.0,-1885339000.0,118692000.0,0.0,77508000.0,77508000.0,77508000.0,0.0,0.0,0.44,44761000.0,131367000.0,281853000.0,0.531,1.695,26.421,25.458,75094000.0,0.0,15.02,12.032,12.032,0.0,2002049000.0,176128000.0,176128000.0,0.0,,,,,6986000.0,36108000.0,1.0,520425189.0,520425189.0,,0.338,44271862000.0,0.0,48437000.0,0.0,85.069,
31,HCBK,MRQ,2007-09-30,2007-09-30,2007-09-30,2019-05-17,-19988000.0,42316794000.0,,,,,9.341,-2628000.0,310351000.0,310351000.0,0.0,74443000.0,,8.22,22891000000.0,,,22891000000.0,0.0,6373000.0,14625726000.0,0.021,0.085,121077000.0,127450000.0,0.795,127450000.0,121077000.0,121077000.0,0.15,0.15,0.15,4589510000.0,,4589510000.0,28598100709.0,62.0,58.393,77299000.0,0.157,1.0,160216000.0,1.0,152109000.0,0.0,64745334000.0,,0.0,41407705000.0,,,37727284000.0,,,8135707709.0,106744000.0,0.0,-132685000.0,2225000000.0,-41845000.0,2486879000.0,-2460062000.0,-2458659000.0,79927000.0,0.0,74443000.0,74443000.0,74443000.0,0.0,0.0,0.465,41188000.0,119028000.0,0.0,0.567,1.773,28.292,27.464,76224000.0,0.0,15.38,13.032,12.105,0.0,1966167000.0,160216000.0,160216000.0,0.0,,,,,6567000.0,34272000.0,1.0,528979695.0,491331210.0,500861222.0,0.326,42164685000.0,0.0,46634000.0,0.0,85.817,
32,HCBK,MRQ,2007-06-30,2007-06-30,2007-06-30,2019-05-17,-48678000.0,39691435000.0,,,,,9.216,-3997000.0,203607000.0,203607000.0,0.0,72664000.0,,7.53,20666000000.0,,,20666000000.0,0.0,5740000.0,14190510000.0,0.025,0.08,118114000.0,123854000.0,0.788,123854000.0,118114000.0,118114000.0,0.14,0.14,0.14,4653147000.0,,4653147000.0,25046689589.0,55.0,51.926,50526000.0,0.1,1.0,157158000.0,1.0,151972000.0,0.0,60001856000.0,,0.0,38905978000.0,,,35038288000.0,,,6652767589.0,81529000.0,0.0,-203506000.0,2150000000.0,-40710000.0,2182585000.0,-2155579000.0,-2151978000.0,54523000.0,0.0,72664000.0,72664000.0,72664000.0,0.0,0.0,0.462,40867000.0,116291000.0,0.0,0.571,1.43,23.418,22.63,76209000.0,0.0,12.22,10.75,9.97,0.0,1935611000.0,157158000.0,157158000.0,0.0,,,,,6755000.0,32882000.0,1.0,544416333.0,504902448.0,514998167.0,0.311,39539463000.0,0.0,45450000.0,0.0,78.311,
33,HCBK,MRQ,2007-03-31,2007-03-31,2007-03-31,2019-05-17,-34964000.0,37465150000.0,,,,,9.319,-3330000.0,122078000.0,122078000.0,0.0,71243000.0,,6.755,18516000000.0,,,18516000000.0,0.0,5487000.0,13914315000.0,0.022,0.08,116607000.0,122094000.0,0.782,122094000.0,116607000.0,116607000.0,0.14,0.13,0.14,4831052000.0,,4831052000.0,24397965733.0,53.0,50.889,91331000.0,0.176,1.0,156154000.0,1.0,151792000.0,0.0,55707280000.0,,0.0,36781570000.0,,,32634098000.0,,,7607211733.0,-60168000.0,0.0,-151694000.0,1543000000.0,-41704000.0,1849781000.0,-2004610000.0,-2002979000.0,94661000.0,0.0,71243000.0,71243000.0,71243000.0,0.0,0.0,0.456,41097000.0,115057000.0,0.0,0.571,1.575,26.73,25.333,74791000.0,0.0,13.68,12.335,11.499,0.0,1905693000.0,156154000.0,156154000.0,0.0,,,,,6901000.0,32957000.0,1.0,556082729.0,518416987.0,529034187.0,0.301,37313358000.0,0.0,45364000.0,0.0,71.976,
34,HCBK,MRQ,2006-12-31,2006-12-31,2006-12-31,2019-05-17,-49563000.0,35506581000.0,,,,,8.729,-2659000.0,182246000.0,182246000.0,0.0,69212000.0,,6.202,16973000000.0,,,16973000000.0,0.0,7178000.0,13415587000.0,0.022,0.075,109173000.0,116351000.0,0.772,116351000.0,109173000.0,109173000.0,0.13,0.13,0.13,4930256000.0,,4930256000.0,23211629271.0,50.0,48.105,86512000.0,0.153,1.0,150740000.0,1.0,150831000.0,0.0,52146504000.0,,0.0,34757372000.0,,,30576325000.0,,,7839759271.0,-93884000.0,0.0,-112188000.0,1325000000.0,-39504000.0,1783316000.0,-1966371000.0,-1964075000.0,89171000.0,0.0,69212000.0,69212000.0,69212000.0,0.0,0.0,0.459,41567000.0,109173000.0,0.0,0.577,1.59,27.167,25.704,73929000.0,0.0,13.88,12.654,12.654,0.0,1877840000.0,150740000.0,150740000.0,0.0,,,,,6109000.0,32453000.0,1.0,564824155.0,564824155.0,,0.267,35355750000.0,0.0,39961000.0,0.0,62.596,
35,HCBK,MRQ,2006-09-30,2006-09-30,2006-09-30,2019-05-17,-52450000.0,33638004000.0,,,,,9.418,-10853000.0,276130000.0,276130000.0,0.0,70971000.0,,5.725,15648000000.0,,,15648000000.0,0.0,5849000.0,12807077000.0,0.022,0.075,114209000.0,120058000.0,0.776,120058000.0,114209000.0,114209000.0,0.13,0.13,0.13,5002242000.0,,5002242000.0,22025433930.0,47.0,44.989,156540000.0,0.295,1.0,154797000.0,1.0,160544000.0,0.0,48849330000.0,,0.0,32798824000.0,,,28635762000.0,,,7577857930.0,173706000.0,-197653000.0,-78497000.0,1075000000.0,-39881000.0,1088472000.0,-1082159000.0,-873994000.0,167393000.0,0.0,70971000.0,70971000.0,70971000.0,0.0,0.0,0.458,40588000.0,114209000.0,0.0,0.577,1.515,25.76,24.091,73587000.0,0.0,13.25,12.195,11.326,0.0,1849846000.0,154797000.0,154797000.0,0.0,,,,,5986000.0,33152000.0,1.0,571913806.0,531129380.0,540969501.0,0.291,33477460000.0,0.0,43238000.0,0.0,63.031,
36,HCBK,MRQ,2006-06-30,2006-06-30,2006-06-30,2019-05-17,-96735000.0,31329322000.0,,,,,9.262,-5034000.0,102424000.0,102424000.0,0.0,73168000.0,,5.268,14550000000.0,,,14550000000.0,0.0,4403000.0,11613829000.0,0.022,0.075,116529000.0,120932000.0,0.78,120932000.0,116529000.0,116529000.0,0.14,0.13,0.14,4998655000.0,,4998655000.0,20473843387.0,43.0,41.891,-57306000.0,-0.106,1.0,155044000.0,1.0,0.0,0.0,45776898000.0,,0.0,30768201000.0,,,26330667000.0,,,7728945387.0,-2678000.0,0.0,-135968000.0,1700000000.0,-40616000.0,1617842000.0,-1568248000.0,-1563216000.0,-52272000.0,0.0,73168000.0,73168000.0,73168000.0,0.0,0.0,0.472,38515000.0,116529000.0,0.0,0.536,1.546,25.916,24.236,54681000.0,0.0,13.33,12.463,11.6,0.0,1819860000.0,155044000.0,155044000.0,0.0,,,,,4159000.0,30989000.0,1.0,579815858.0,539678609.0,552077216.0,0.287,31329322000.0,0.0,43361000.0,0.0,58.052,
37,HCBK,MRQ,2006-03-31,2006-03-31,2006-03-31,2019-05-17,-79903000.0,29675576000.0,,,,,9.313,-4011000.0,105102000.0,105102000.0,0.0,75228000.0,,4.805,12850000000.0,,,12850000000.0,0.0,4522000.0,11521708000.0,0.021,0.075,120658000.0,125180000.0,0.794,125180000.0,120658000.0,120658000.0,0.14,0.13,0.14,5112439000.0,,5112439000.0,19023071820.0,41.0,40.265,112864000.0,0.206,1.0,157679000.0,1.0,0.0,0.0,42420474000.0,,0.0,29236679000.0,,,24563137000.0,,,7775330820.0,2843000.0,0.0,-114765000.0,1500000000.0,-41373000.0,1486377000.0,-1600409000.0,-1597141000.0,116875000.0,0.0,75228000.0,75228000.0,75228000.0,0.0,0.0,0.477,38285000.0,119394000.0,0.0,0.536,1.521,26.871,25.558,51464000.0,0.0,13.29,13.001,12.199,0.0,1788914000.0,157679000.0,157679000.0,0.0,,,,,4220000.0,31864000.0,1.0,585051228.0,548957071.0,561308749.0,0.287,29675576000.0,0.0,45430000.0,0.0,54.058,
38,HCBK,MRQ,2005-12-31,2005-12-31,2005-12-31,2019-05-17,-63449000.0,28075353000.0,,,,,8.704,-2940000.0,102259000.0,102259000.0,0.0,74804000.0,,4.398,11350000000.0,,,11350000000.0,0.0,3306000.0,11383300000.0,0.022,0.07,120102000.0,123408000.0,0.802,123408000.0,120102000.0,120102000.0,0.14,0.14,0.14,5201476000.0,,5201476000.0,16883863797.0,38.0,37.307,77405000.0,0.13,1.0,153861000.0,1.0,0.0,0.0,39323094000.0,,0.0,27670895000.0,,,22873877000.0,,,7243186797.0,-7064000.0,0.0,-104480000.0,1600000000.0,-39040000.0,1458386000.0,-1545795000.0,-1542907000.0,80345000.0,0.0,74804000.0,74804000.0,74804000.0,0.0,0.0,0.486,33759000.0,120102000.0,0.0,0.5,1.393,26.238,24.735,49132000.0,0.0,12.12,12.706,12.706,0.0,1759492000.0,153861000.0,153861000.0,0.0,,,,,2832000.0,26954000.0,1.0,597622673.0,597622673.0,,0.257,28075353000.0,0.0,45298000.0,0.0,46.978,
39,HCBK,MRQ,2005-09-30,2005-09-30,2005-09-30,2019-05-17,-42179000.0,26552739000.0,,,,,9.333,-4112000.0,109323000.0,109323000.0,0.0,75031000.0,,4.021,9750000000.0,,,9750000000.0,0.0,-1444000.0,11381394000.0,0.022,0.07,120666000.0,119222000.0,0.776,119222000.0,120666000.0,120666000.0,0.13,0.13,0.13,5288630000.0,,5288630000.0,16151729196.0,38.0,37.316,65263000.0,0.115,1.0,153589000.0,1.0,0.0,0.0,36193416000.0,,0.0,26164027000.0,,,21264109000.0,,,7111128196.0,-76000.0,0.0,-336357000.0,600000000.0,-39801000.0,487545000.0,-556996000.0,-554420000.0,69375000.0,0.0,75031000.0,75031000.0,75031000.0,0.0,0.0,0.489,32923000.0,120666000.0,0.0,0.538,1.345,26.951,26.444,48108000.0,0.0,11.9,13.007,12.334,0.0,1724238000.0,153589000.0,153589000.0,0.0,,,,,2566000.0,27215000.0,1.0,597573798.0,566667689.0,580174828.0,0.271,26552739000.0,0.0,45635000.0,0.0,46.858,
40,HCBK,MRQ,2005-06-30,2005-06-30,2005-06-30,2019-05-17,-9441000.0,26005131000.0,,,,,9.526,-6775000.0,109399000.0,109399000.0,0.0,64291000.0,,3.751,9150000000.0,,,9150000000.0,0.0,1964000.0,11264065000.0,0.021,0.066,102676000.0,104640000.0,0.787,104640000.0,102676000.0,102676000.0,0.11,0.11,0.11,5473555000.0,,5473555000.0,14538882008.0,36.0,34.676,28575000.0,0.05,1.0,132932000.0,1.0,0.0,0.0,35045732000.0,,0.0,25663145000.0,,,20531576000.0,,,6819084008.0,-20803000.0,0.0,3951578000.0,1300000000.0,-11919000.0,4807567000.0,-4863720000.0,-4856945000.0,35350000.0,0.0,64291000.0,64291000.0,64291000.0,0.0,0.0,0.484,30256000.0,102676000.0,0.0,0.6,1.246,27.185,26.535,45511000.0,0.0,11.41,13.069,12.565,0.0,1689351000.0,132932000.0,132932000.0,0.0,,,,,7726000.0,24767000.0,1.0,597641017.0,574613999.0,587656762.0,0.231,26005131000.0,0.0,38385000.0,0.0,45.257,
41,HCBK,MRQ,2005-03-31,2005-03-31,2005-03-31,2019-05-17,-31232000.0,21131216000.0,,,,,2.508,-4739000.0,130202000.0,130202000.0,0.0,61929000.0,,13.674,7850000000.0,,,7850000000.0,0.0,6371000.0,11696157000.0,0.02,0.062,98929000.0,105300000.0,0.812,105300000.0,98929000.0,98929000.0,0.11,0.11,0.11,1440088000.0,,1440088000.0,13794418759.0,35.0,33.285,91408000.0,0.159,1.0,129694000.0,1.0,0.0,0.0,28851014000.0,,0.0,20770176000.0,,,19691128000.0,,,6812601759.0,-37981000.0,0.0,576000.0,700000000.0,-11343000.0,908090000.0,-1042218000.0,-1037479000.0,96147000.0,0.0,61929000.0,61929000.0,61929000.0,0.0,0.0,0.478,30765000.0,98929000.0,0.0,0.564,4.731,27.81,27.144,40028000.0,0.0,11.4,13.319,12.799,0.0,1637218000.0,129694000.0,129694000.0,0.0,,,,,8179000.0,24486000.0,1.0,597570485.0,574236047.0,588442513.0,0.226,21131216000.0,0.0,37000000.0,0.0,36.799,
42,HCBK,MRQ,2004-12-31,2004-12-31,2004-12-31,2019-05-17,-9095000.0,20145981000.0,,,,,2.352,-3205000.0,168183000.0,168183000.0,0.0,62599000.0,,13.36,7150000000.0,,,7150000000.0,0.0,4378000.0,11477300000.0,0.019,0.059,99298000.0,103676000.0,0.794,103676000.0,99298000.0,99298000.0,0.1,0.1,0.1,1402884000.0,,1402884000.0,13350888750.0,35.0,32.84,58044000.0,0.097,1.0,130521000.0,1.0,0.0,0.0,27127798000.0,,0.0,19773164000.0,,,18743097000.0,,,6849347750.0,19724000.0,0.0,204000.0,500000000.0,-10721000.0,771064000.0,-812589000.0,-811893000.0,61249000.0,0.0,62599000.0,62599000.0,62599000.0,0.0,0.0,0.48,31223000.0,99298000.0,0.0,0.59,4.882,28.626,28.012,36399000.0,0.0,11.485,13.678,13.678,0.0,1588792000.0,130521000.0,130521000.0,0.0,,,,,20103000.0,24093000.0,1.0,596388074.0,596388074.0,,0.219,20145981000.0,0.0,36699000.0,0.0,33.78,
43,HCBK,MRQ,2004-09-30,2004-09-30,2004-09-30,2019-05-17,1621000.0,19321274000.0,,,,,2.364,-1579000.0,148459000.0,148459000.0,0.0,62020000.0,,13.248,6650000000.0,,,6650000000.0,0.0,5904000.0,11195719000.0,0.018,0.056,99754000.0,105658000.0,0.821,105658000.0,99754000.0,99754000.0,0.11,0.11,0.11,1356085000.0,,1356085000.0,12724562425.0,35.0,32.193,86981000.0,0.152,1.0,128642000.0,1.0,0.0,0.0,25822815000.0,,0.0,18979854000.0,,,17965189000.0,,,6687296425.0,-14275000.0,0.0,-43989000.0,450000000.0,-10268000.0,515001000.0,-617836000.0,-616257000.0,88560000.0,0.0,62020000.0,62020000.0,62020000.0,0.0,0.0,0.482,28888000.0,99754000.0,0.0,0.509,4.931,29.194,28.438,34482000.0,0.0,11.148,13.918,13.312,0.0,1538221000.0,128642000.0,128642000.0,0.0,,,,,7196000.0,23922000.0,1.0,599873317.0,573760934.0,589020292.0,0.224,19321274000.0,0.0,37734000.0,0.0,33.675,
44,HCBK,MRQ,2004-06-30,2004-06-30,2004-06-30,2019-05-17,-47613000.0,18671335000.0,,,,,2.226,-2231000.0,162734000.0,162734000.0,0.0,58418000.0,,13.504,6200000000.0,,,6200000000.0,0.0,6332000.0,11076461000.0,0.019,0.053,93467000.0,99799000.0,0.814,99799000.0,93467000.0,93467000.0,0.1,0.1,0.1,1287302000.0,,1287302000.0,11751004560.0,34.0,30.922,87713000.0,0.152,1.0,122651000.0,1.0,0.0,0.0,24708601000.0,,0.0,18282892000.0,,,17384033000.0,,,6331506560.0,-67768000.0,0.0,-90711000.0,550000000.0,-9889000.0,765846000.0,-923558000.0,-921327000.0,89944000.0,0.0,58418000.0,58418000.0,58418000.0,0.0,0.0,0.476,29184000.0,93467000.0,0.0,0.53,4.918,29.136,28.267,33918000.0,0.0,10.43,13.893,13.233,0.0,1487702000.0,122651000.0,122651000.0,0.0,,,,,368000.0,23591000.0,1.0,607021831.0,578186125.0,594425169.0,0.212,18671335000.0,0.0,35049000.0,0.0,32.293,
45,HCBK,MRQ,2004-03-31,2004-03-31,2004-03-31,2019-05-17,17641000.0,17919949000.0,,,,,2.387,-2008000.0,230502000.0,230502000.0,0.0,56229000.0,,11.902,5650000000.0,,,5650000000.0,0.0,7515000.0,10760015000.0,0.015,0.05,89892000.0,97407000.0,0.819,97407000.0,89892000.0,89892000.0,0.097,0.094,0.097,1388920000.0,,1388920000.0,12037938473.0,36.0,31.943,49186000.0,0.085,1.0,118945000.0,1.0,0.0,0.0,23339447000.0,,0.0,17475350000.0,,,16531029000.0,,,7142522473.0,-24082000.0,0.0,-28005000.0,500000000.0,-9604000.0,768626000.0,-843902000.0,-841894000.0,51194000.0,0.0,56229000.0,56229000.0,56229000.0,0.0,0.0,0.473,29053000.0,89892000.0,0.0,0.515,5.143,33.781,32.729,32564000.0,0.0,11.75,16.202,15.511,0.0,1439943000.0,118945000.0,118945000.0,0.0,,,,,12705000.0,23624000.0,1.0,607882321.0,581965825.0,599653411.0,0.204,17919949000.0,0.0,33663000.0,0.0,30.792,
46,HCBK,MRQ,2003-12-31,2003-12-31,2003-12-31,2019-05-17,-5958000.0,17033360000.0,,,,,2.173,-1279000.0,254584000.0,254584000.0,0.0,52400000.0,,11.813,5150000000.0,,,5150000000.0,0.0,8640000.0,10453780000.0,0.014,0.047,83755000.0,92395000.0,0.838,92395000.0,83755000.0,83755000.0,0.085,0.081,0.085,1329366000.0,,1329366000.0,11321676442.0,35.0,30.459,52830000.0,0.086,1.0,110237000.0,1.0,0.0,0.0,21928776000.0,,0.0,16598993000.0,,,15703994000.0,,,7284522441.0,91738000.0,0.0,-53109000.0,950000000.0,-24643000.0,1077964000.0,-1040335000.0,-1039056000.0,54109000.0,0.0,52400000.0,52400000.0,52400000.0,0.0,0.0,0.475,26482000.0,83755000.0,0.0,0.553,5.48,35.121,34.025,31354000.0,0.0,11.909,16.951,16.951,0.0,1396257000.0,110237000.0,110237000.0,0.0,,,,,7686000.0,21749000.0,1.0,611686196.0,611686196.0,,0.18,17033360000.0,0.0,31355000.0,0.0,27.847,
47,HCBK,MRQ,2003-09-30,2003-09-30,2003-09-30,2019-05-17,1529000.0,15898409000.0,,,,,2.312,-1114000.0,162846000.0,162846000.0,0.0,50263000.0,,10.749,4200000000.0,,,4200000000.0,0.0,12137000.0,10248064000.0,0.015,0.044,78284000.0,90421000.0,0.87,90421000.0,78284000.0,78284000.0,0.087,0.084,0.087,1353223000.0,,1353223000.0,9730754648.0,30.0,26.689,72593000.0,0.124,1.0,103895000.0,1.0,0.0,0.0,19935563000.0,,0.0,15576739000.0,,,14545186000.0,,,5897669648.0,-54069000.0,0.0,-8568000.0,150000000.0,-26785000.0,396567000.0,-524343000.0,-523229000.0,73707000.0,0.0,50263000.0,50263000.0,50263000.0,0.0,0.0,0.484,25611000.0,78284000.0,0.0,0.506,4.358,28.676,27.003,31019000.0,0.0,9.613,13.934,13.294,0.0,1372063000.0,103895000.0,103895000.0,0.0,,,,,0.0,21368000.0,1.0,613495422.0,585340169.0,602466259.0,0.177,15898409000.0,0.0,28021000.0,0.0,27.161,
48,HCBK,MRQ,2003-06-30,2003-06-30,2003-06-30,2019-05-17,22502000.0,15456331000.0,,,,,2.313,-1142000.0,216915000.0,216915000.0,0.0,52546000.0,,10.411,4050000000.0,,,4050000000.0,0.0,13768000.0,9966144000.0,0.016,0.037,82864000.0,96632000.0,0.897,96632000.0,82864000.0,82864000.0,0.09,0.087,0.09,1354539000.0,,1354539000.0,8471729311.0,26.0,23.821,19698000.0,0.034,1.0,107776000.0,1.0,0.0,0.0,19289416000.0,,0.0,15093091000.0,,,14101792000.0,,,4894024311.0,-55380000.0,0.0,-16368000.0,200000000.0,-23031000.0,515062000.0,-591282000.0,-590140000.0,20840000.0,0.0,52546000.0,52546000.0,52546000.0,0.0,0.0,0.488,24912000.0,82864000.0,0.0,0.411,3.613,23.871,22.596,30752000.0,0.0,7.954,11.641,11.079,0.0,1348189000.0,107776000.0,107776000.0,0.0,,,,,0.0,19861000.0,1.0,615303606.0,585610893.0,602119007.0,0.184,15456331000.0,0.0,30318000.0,0.0,26.394,
49,HCBK,MRQ,2003-03-31,2003-03-31,2003-03-31,2019-05-17,18785000.0,14913505000.0,,,,,2.276,1386000.0,272295000.0,272295000.0,0.0,52201000.0,,10.185,3850000000.0,,,3850000000.0,0.0,9952000.0,9611683000.0,0.019,0.034,82308000.0,92260000.0,0.856,92260000.0,82308000.0,82308000.0,0.09,0.087,0.09,1333392000.0,,1333392000.0,7249160405.0,23.0,21.477,100006000.0,0.171,1.0,107830000.0,1.0,0.0,0.0,18491210000.0,,0.0,14502517000.0,,,13580113000.0,,,3889956405.0,31499000.0,0.0,-12051000.0,250000000.0,-21168000.0,689835000.0,-756956000.0,-758342000.0,98620000.0,0.0,52201000.0,52201000.0,52201000.0,0.0,0.0,0.484,25522000.0,82308000.0,0.0,0.378,2.917,19.387,18.406,30465000.0,0.0,6.313,9.47,9.006,68547000.0,1320000000.0,107830000.0,107830000.0,0.0,,,,,0.0,20779000.0,1.0,616166020.0,585942288.0,601309441.0,0.184,14913505000.0,0.0,30107000.0,0.0,25.452,
50,HCBK,MRQ,2002-12-31,2002-12-31,2002-12-31,2019-05-17,24290000.0,14144604000.0,,,,,2.133,-212000.0,240796000.0,240796000.0,0.0,50655000.0,,9.748,3600000000.0,,,3600000000.0,0.0,4857000.0,9138629000.0,0.019,0.031,80430000.0,85287000.0,0.822,85287000.0,80430000.0,80430000.0,0.087,0.084,0.087,1316083000.0,,1316083000.0,6409205167.0,21.0,20.303,49011000.0,0.079,1.0,103770000.0,1.0,0.0,0.0,17503808000.0,,0.0,13757890000.0,,,12828521000.0,,,3585758167.0,64243000.0,0.0,-27598000.0,600000000.0,-16507000.0,874188000.0,-859168000.0,-858956000.0,49223000.0,0.0,50655000.0,50655000.0,50655000.0,0.0,0.0,0.488,23340000.0,80430000.0,0.0,0.356,2.725,18.673,17.935,32732000.0,0.0,5.811,9.079,9.079,0.0,1291960000.0,103770000.0,103770000.0,0.0,,,,,0.0,18705000.0,1.0,617066059.0,617066059.0,,0.168,14144604000.0,0.0,29775000.0,0.0,22.922,
51,HCBK,MRQ,2002-09-30,2002-09-30,2002-09-30,2019-05-17,8848000.0,13195126000.0,,,,,2.196,-485000.0,176553000.0,176553000.0,0.0,49618000.0,,9.205,3000000000.0,,,3000000000.0,0.0,3376000.0,8820336000.0,0.019,0.028,78082000.0,81458000.0,0.806,81458000.0,78082000.0,78082000.0,0.084,0.081,0.084,1293015000.0,,1293015000.0,5951712463.0,21.0,20.284,57423000.0,0.098,1.0,101045000.0,1.0,0.0,0.0,16018573000.0,,0.0,12876224000.0,,,11902111000.0,,,3139879463.0,38386000.0,0.0,-17923000.0,50000000.0,-17409000.0,297720000.0,-317242000.0,-316757000.0,57908000.0,0.0,49618000.0,49618000.0,49618000.0,0.0,0.0,0.491,22963000.0,78082000.0,0.0,0.333,2.428,17.366,16.708,33515000.0,0.0,5.062,8.426,8.0,0.0,1266354000.0,101045000.0,101045000.0,0.0,,,,,0.0,17740000.0,1.0,620237434.0,588845956.0,605987534.0,0.172,13195126000.0,0.0,28464000.0,0.0,22.408,
52,HCBK,MRQ,2002-06-30,2002-06-30,2002-06-30,2019-05-17,7268000.0,12842564000.0,,,,,2.134,-557000.0,138167000.0,138167000.0,0.0,48174000.0,,9.088,2950000000.0,,,2950000000.0,0.0,3494000.0,8537284000.0,0.014,0.025,75034000.0,78528000.0,0.8,78528000.0,75034000.0,75034000.0,0.081,0.078,0.081,1273114000.0,,1273114000.0,6423943319.0,25.0,24.245,37410000.0,0.063,1.0,98103000.0,1.0,0.0,0.0,15654397000.0,,0.0,12559814000.0,,,11569450000.0,,,3919472319.0,-7362000.0,0.0,-65853000.0,300000000.0,-16358000.0,503693000.0,-549022000.0,-548465000.0,37967000.0,0.0,48174000.0,48174000.0,48174000.0,0.0,0.0,0.491,23069000.0,75034000.0,0.0,0.309,3.079,23.796,22.654,33970000.0,0.0,6.207,11.389,10.761,0.0,1233422000.0,98103000.0,98103000.0,0.0,,,,,0.0,18415000.0,1.0,631448656.0,596591322.0,614222581.0,0.164,12842564000.0,0.0,26860000.0,0.0,21.527,
53,HCBK,MRQ,2002-03-31,2002-03-31,2002-03-31,2019-05-17,931000.0,12295477000.0,,,,,2.161,-3890000.0,145529000.0,145529000.0,0.0,43586000.0,,8.483,2650000000.0,,,2650000000.0,0.0,2542000.0,8251380000.0,0.016,0.023,67869000.0,70411000.0,0.765,70411000.0,67869000.0,67869000.0,0.072,0.072,0.072,1296563000.0,,1296563000.0,5246856399.0,23.0,22.285,62284000.0,0.104,1.0,92038000.0,1.0,0.0,0.0,14799948000.0,,0.0,12004771000.0,,,10998914000.0,,,3198670399.0,43715000.0,0.0,-20720000.0,500000000.0,-14230000.0,803668000.0,-826127000.0,-822237000.0,66174000.0,0.0,43586000.0,43586000.0,43586000.0,0.0,0.0,0.474,24169000.0,67869000.0,0.0,0.319,2.467,21.692,20.833,34347000.0,0.0,5.062,10.17,9.655,64020000.0,1200363000.0,92038000.0,92038000.0,0.0,,,,,0.0,19759000.0,1.0,631850727.0,599904514.0,615408429.0,0.153,12295477000.0,0.0,24283000.0,0.0,20.496,
54,HCBK,MRQ,2001-12-31,2001-12-31,2001-12-31,2019-05-17,4844000.0,11426768000.0,,,,,2.018,-1388000.0,101814000.0,101814000.0,0.0,39424000.0,,7.867,2150000000.0,,,2150000000.0,0.0,2022000.0,7912762000.0,0.018,0.022,60998000.0,63020000.0,0.774,63020000.0,60998000.0,60998000.0,0.066,0.066,0.066,1288736000.0,,1288736000.0,4454527555.0,21.0,20.89,26161000.0,0.041,1.0,81445000.0,1.0,0.0,0.0,13474954000.0,,0.0,11191296000.0,,,10138032000.0,,,2624441555.0,-68100000.0,0.0,-22687000.0,150000000.0,-13376000.0,584373000.0,-680022000.0,-678634000.0,27549000.0,0.0,39424000.0,39424000.0,39424000.0,0.0,0.0,0.484,20447000.0,60998000.0,0.0,0.333,2.036,19.505,19.114,31363000.0,0.0,4.109,9.053,9.053,0.0,1170138000.0,81445000.0,81445000.0,0.0,,,,,0.0,16751000.0,1.0,638630712.0,638630712.0,,0.128,11426768000.0,0.0,21574000.0,0.0,17.893,
55,HCBK,MRQ,2001-09-30,2001-09-30,2001-09-30,2019-05-17,3743000.0,10815426000.0,,,,,2.088,-1734000.0,169914000.0,169914000.0,0.0,33527000.0,,7.438,2000000000.0,,,2000000000.0,0.0,1587000.0,7442326000.0,0.018,0.019,51413000.0,53000000.0,0.731,53000000.0,51413000.0,51413000.0,0.056,0.053,0.056,1281793000.0,,1281793000.0,4032852350.0,21.0,20.711,55068000.0,0.09,1.0,72550000.0,1.0,0.0,0.0,12645512000.0,,0.0,10512381000.0,,,9533633000.0,,,2408319350.0,44447000.0,0.0,-59905000.0,250000000.0,-11592000.0,709690000.0,-722045000.0,-720311000.0,56802000.0,0.0,33527000.0,33527000.0,33527000.0,0.0,0.0,0.462,21137000.0,51413000.0,0.0,0.339,1.879,19.482,19.313,31026000.0,0.0,3.727,8.826,8.386,63434000.0,1146116000.0,72550000.0,72550000.0,0.0,,,,,0.0,17013000.0,1.0,646114798.0,613864310.0,625932278.0,0.118,10815426000.0,0.0,17886000.0,0.0,17.619,
56,HCBK,MRQ,2001-06-30,2001-06-30,2001-06-30,2019-05-17,418000.0,10043801000.0,,,,,2.093,-567000.0,125467000.0,125467000.0,0.0,30921000.0,,6.643,1750000000.0,,,1750000000.0,0.0,1032000.0,6911139000.0,0.016,0.017,47982000.0,49014000.0,0.716,49014000.0,47982000.0,47982000.0,0.05,0.05,0.05,1314061000.0,,1314061000.0,3621770218.0,20.0,19.353,22709000.0,0.036,1.0,68500000.0,1.0,0.0,0.0,11668334000.0,,0.0,9787778000.0,,,8729740000.0,,,2416142218.0,-118905000.0,0.0,-49505000.0,300000000.0,-10973000.0,400916000.0,-543097000.0,-542530000.0,23276000.0,0.0,30921000.0,30921000.0,30921000.0,0.0,0.0,0.451,20518000.0,47982000.0,0.0,0.34,1.839,20.275,20.118,30259000.0,0.0,3.601,9.139,8.553,58596000.0,1124181000.0,68500000.0,68500000.0,0.0,,,,,0.0,16227000.0,1.0,670952962.0,627933360.0,637304659.0,0.109,10043801000.0,0.0,17061000.0,0.0,15.995,
57,HCBK,MRQ,2001-03-31,2001-03-31,2001-03-31,2019-05-17,-291000.0,9617849000.0,,,,,2.011,-277000.0,244372000.0,244372000.0,0.0,30677000.0,,6.173,1450000000.0,,,1450000000.0,0.0,526000.0,6749745000.0,0.017,0.016,47673000.0,48199000.0,0.715,48199000.0,47673000.0,47673000.0,0.047,0.047,0.047,1340771000.0,,1340771000.0,3135672692.0,17.0,17.039,56843000.0,0.085,1.0,67395000.0,1.0,0.0,0.0,10823477000.0,,0.0,9244861000.0,,,8277078000.0,,,2072783692.0,57261000.0,0.0,-148564000.0,200000000.0,-10601000.0,186459000.0,-186318000.0,-186041000.0,57120000.0,0.0,30677000.0,30677000.0,30677000.0,0.0,0.0,0.455,19722000.0,47673000.0,0.0,0.34,1.546,17.686,18.174,30647000.0,0.0,3.09,7.974,7.925,58388000.0,1104233000.0,67395000.0,67395000.0,0.0,,,,,0.0,16404000.0,1.0,670908078.0,666740753.0,675848576.0,0.101,9617849000.0,0.0,16996000.0,0.0,14.425,
58,HCBK,MRQ,2000-12-31,2000-12-31,2000-12-31,2019-05-17,-3097000.0,9380373000.0,,,,,2.013,-421000.0,187111000.0,187111000.0,0.0,28494000.0,,5.405,1250000000.0,,,1250000000.0,0.0,634000.0,6604121000.0,0.014,0.014,43871000.0,44505000.0,0.691,44505000.0,43871000.0,43871000.0,0.041,0.041,0.041,1464569000.0,,1464569000.0,3285853825.0,19.0,17.939,25569000.0,0.035,1.0,64414000.0,1.0,0.0,0.0,10443262000.0,,0.0,9054853000.0,,,7915804000.0,,,2297550825.0,75414000.0,0.0,-39548000.0,150000000.0,-9837000.0,170981000.0,-121557000.0,-121136000.0,25990000.0,0.0,28494000.0,28494000.0,28494000.0,0.0,0.0,0.442,20543000.0,43871000.0,0.0,0.341,1.569,20.009,19.495,31309000.0,0.0,3.158,8.96,8.96,0.0,1084157000.0,64414000.0,64414000.0,0.0,,,,,0.0,16976000.0,1.0,727501032.0,727501032.0,,0.089,9380373000.0,0.0,15377000.0,0.0,12.894,
59,HCBK,MRQ,2000-09-30,2000-09-30,2000-09-30,2019-05-17,-17227000.0,9162067000.0,,,,,1.996,-732000.0,111697000.0,111697000.0,0.0,29078000.0,,5.235,1100000000.0,,,1100000000.0,0.0,988000.0,6533755000.0,0.015,0.012,44440000.0,45428000.0,0.709,45428000.0,44440000.0,44440000.0,0.042,0.041,0.042,1469493000.0,,1469493000.0,2606979100.0,14.0,13.831,33431000.0,0.045,1.0,64057000.0,1.0,0.0,0.0,10150370000.0,,0.0,8911018000.0,,,7692574000.0,,,1952387100.0,16289000.0,0.0,-18350000.0,350000000.0,-8317000.0,231646000.0,-249520000.0,-248788000.0,34163000.0,0.0,29078000.0,29078000.0,29078000.0,0.0,0.0,0.454,19617000.0,44440000.0,0.0,0.286,1.329,16.868,16.468,31882000.0,0.0,2.651,7.621,7.621,0.0,1065500000.0,64057000.0,64057000.0,0.0,,,,,0.0,15998000.0,1.0,736394476.0,736394476.0,,0.087,9162067000.0,0.0,15362000.0,0.0,12.442,
60,HCBK,MRQ,2000-06-30,2000-06-30,2000-06-30,2019-05-17,-25927000.0,8888946000.0,,,,,1.968,-1204000.0,95408000.0,95408000.0,0.0,28948000.0,,5.103,750000000.0,,,750000000.0,0.0,1802000.0,6625442000.0,0.01,0.011,44097000.0,45899000.0,0.716,45899000.0,44097000.0,44097000.0,0.041,0.041,0.041,1456605000.0,,1456605000.0,2448856098.0,13.0,12.875,8585000.0,0.012,1.0,64070000.0,1.0,0.0,0.0,9543538000.0,,0.0,8649095000.0,,,7432341000.0,,,1969292098.0,-25028000.0,0.0,-14003000.0,150000000.0,-8070000.0,91577000.0,-126394000.0,-125190000.0,9789000.0,0.0,28948000.0,28948000.0,28948000.0,0.0,0.0,0.452,19973000.0,44097000.0,0.0,0.268,1.352,17.058,17.39,32060000.0,0.0,2.661,7.716,7.716,0.0,1044739000.0,64070000.0,64070000.0,0.0,,,,,0.0,15474000.0,1.0,740158320.0,740158320.0,,0.087,8888946000.0,0.0,15149000.0,0.0,12.01,
61,HCBK,MRQ,2000-03-31,2000-03-31,2000-03-31,2019-05-17,-26670000.0,8777773000.0,,,,,1.952,-1351000.0,120436000.0,120436000.0,0.0,28306000.0,,5.066,600000000.0,,,600000000.0,0.0,2331000.0,6661792000.0,0.007,0.008,45008000.0,47339000.0,0.741,47339000.0,45008000.0,45008000.0,0.039,0.039,0.039,1447061000.0,,1447061000.0,1790949329.0,10.0,9.63,48015000.0,0.065,1.0,63872000.0,1.0,0.0,0.0,9257337000.0,,0.0,8524520000.0,,,7330712000.0,,,1691788329.0,-80403000.0,0.0,-57089000.0,300000000.0,-5782000.0,210877000.0,-340646000.0,-339295000.0,49366000.0,0.0,28306000.0,28306000.0,28306000.0,0.0,0.0,0.443,18864000.0,45008000.0,0.0,0.205,1.169,15.182,,31779000.0,0.0,2.282,6.832,6.832,52119000.0,1023861000.0,63872000.0,63872000.0,0.0,,,,,0.0,15101000.0,1.0,741472780.0,741472780.0,,0.086,8777773000.0,0.0,16702000.0,0.0,11.838,
62,HCBK,MRQ,1999-12-31,1999-12-31,1999-12-31,2019-05-17,-27963000.0,8518865000.0,,,,,1.995,-3716000.0,200839000.0,200839000.0,0.0,29414000.0,,4.76,300000000.0,,,300000000.0,0.0,2845000.0,6688044000.0,0.004,0.008,46979000.0,49824000.0,0.776,49824000.0,46979000.0,46979000.0,0.039,0.039,0.039,1479040000.0,,1479040000.0,1548105752.0,9.0,8.637,27964000.0,0.038,1.0,64195000.0,1.0,0.0,0.0,8618026000.0,,0.0,8185743000.0,,,7039825000.0,,,1554178752.0,94766000.0,0.0,-11604000.0,200000000.0,-5782000.0,128148000.0,-65062000.0,-61346000.0,31680000.0,0.0,29414000.0,29414000.0,29414000.0,0.0,0.0,0.458,17216000.0,46979000.0,0.0,0.205,1.051,14.473,28.713,31200000.0,0.0,2.096,6.485,6.485,0.0,1001337000.0,64195000.0,64195000.0,0.0,,,,,0.0,12879000.0,1.0,741472780.0,741472780.0,,0.087,8518865000.0,0.0,17565000.0,0.0,11.489,
63,HCBK,MRQ,1999-09-30,1999-09-30,1999-09-30,2019-05-17,-17440000.0,8367942000.0,,,,,1.992,-653000.0,106073000.0,106073000.0,0.0,28780000.0,,4.665,100000000.0,,,100000000.0,0.0,1076000.0,6742510000.0,0.0,0.0,46065000.0,47141000.0,0.747,47141000.0,46065000.0,46065000.0,0.034,0.034,0.034,1477048000.0,,1477048000.0,1468343625.0,9.0,8.721,40898000.0,0.055,1.0,63085000.0,1.0,0.0,0.0,8361869000.0,,0.0,8143827000.0,,,6890894000.0,,,1590026625.0,-15610000.0,0.0,515843000.0,100000000.0,0.0,130361000.0,-187522000.0,-186869000.0,41551000.0,0.0,28780000.0,28780000.0,28780000.0,0.0,0.0,0.456,17020000.0,46065000.0,0.0,0.0,1.076,15.72,,28324000.0,0.0,2.144,6.953,6.953,0.0,977705000.0,63085000.0,63085000.0,0.0,,,,,0.0,13716000.0,1.0,741472780.0,741472780.0,,0.085,8367942000.0,0.0,17285000.0,0.0,11.286,
64,HCBK,MRQ,1999-06-30,1999-06-30,1999-06-30,2019-05-17,-9953000.0,8210966000.0,,,,,1.267,-645000.0,121683000.0,121683000.0,0.0,24935000.0,,7.743,0.0,,,0.0,0.0,2141000.0,7227792000.0,,0.0,39535000.0,41676000.0,0.738,41676000.0,39535000.0,39535000.0,,,,939172000.0,,939172000.0,,,,6832000.0,0.009,1.0,56480000.0,1.0,0.0,0.0,8089283000.0,,0.0,7969777000.0,,,7271794000.0,,,,35834000.0,0.0,0.0,0.0,0.0,326663000.0,-298306000.0,-297661000.0,7477000.0,0.0,24935000.0,24935000.0,24935000.0,0.0,0.0,0.441,16945000.0,39535000.0,0.0,,,,,28478000.0,0.0,,,,0.0,949125000.0,56480000.0,56480000.0,0.0,,,,,0.0,13737000.0,1.0,741472780.0,741472780.0,,0.076,8210966000.0,0.0,14600000.0,0.0,11.074,
65,HCBK,MRQ,1999-03-31,1999-03-31,1999-03-31,2019-05-17,-3300000.0,7879908000.0,,,,,,-471000.0,85849000.0,85849000.0,0.0,24257000.0,,7.557,0.0,,,0.0,0.0,1943000.0,6901129000.0,,0.0,38657000.0,40600000.0,0.727,40600000.0,38657000.0,38657000.0,,,,920890000.0,,920890000.0,,,,40418000.0,,1.0,55884000.0,1.0,0.0,0.0,7794059000.0,,0.0,7684529000.0,,,6959018000.0,,,,-71026000.0,0.0,0.0,0.0,0.0,93790000.0,-205705000.0,-205234000.0,40889000.0,0.0,24257000.0,24257000.0,24257000.0,0.0,0.0,0.434,17227000.0,38657000.0,0.0,,,,,28693000.0,0.0,,,,0.0,924190000.0,55884000.0,55884000.0,0.0,,,,,0.0,13861000.0,1.0,,,,,7879908000.0,0.0,14400000.0,0.0,,
66,HCBK,MRQ,1998-12-31,1998-12-31,1998-12-31,2019-05-17,673000.0,7752260000.0,,,,,,-793000.0,156875000.0,156875000.0,0.0,23172000.0,,7.608,0.0,,,0.0,0.0,1876000.0,6807339000.0,,0.0,37072000.0,38948000.0,0.732,38948000.0,37072000.0,37072000.0,,,,900606000.0,,900606000.0,,,,21783000.0,,1.0,53242000.0,1.0,0.0,0.0,7595385000.0,,0.0,7487904000.0,,,6851654000.0,,,,50582000.0,0.0,0.0,0.0,0.0,139187000.0,-111181000.0,-110388000.0,22576000.0,0.0,23172000.0,23172000.0,23172000.0,0.0,0.0,0.435,16170000.0,37072000.0,0.0,,,,,29064000.0,0.0,,,,0.0,899933000.0,53242000.0,53242000.0,0.0,,,,,0.0,12929000.0,1.0,,,,,7752260000.0,0.0,13900000.0,0.0,,
67,HCBK,MRQ,1998-09-30,1998-09-30,1998-09-30,2019-05-17,,,,,,,,-642000.0,,,0.0,23275000.0,,,,,,,,1688000.0,,,0.0,37925000.0,39613000.0,0.753,39613000.0,37925000.0,37925000.0,,,,,,,,,,34422000.0,,1.0,52591000.0,1.0,,0.0,,,,,,,,,,,25858000.0,0.0,0.0,0.0,0.0,15198000.0,-24404000.0,-23762000.0,35064000.0,0.0,23275000.0,23275000.0,23275000.0,0.0,0.0,0.443,14666000.0,37925000.0,,,,,,,0.0,,,,,,52591000.0,52591000.0,0.0,,,,,0.0,11640000.0,1.0,,,,,,,14650000.0,,,
68,HCBK,MRQ,1998-06-30,1998-06-30,1998-06-30,2019-05-17,,,,,,,,-1072000.0,,,0.0,23067000.0,,,,,,,,1279000.0,,,0.0,36842000.0,38121000.0,0.721,38121000.0,36842000.0,36842000.0,,,,,,,,,,298000.0,,1.0,52843000.0,1.0,,0.0,,,,,,,,,,,-41232000.0,0.0,0.0,0.0,0.0,53115000.0,-95717000.0,-94645000.0,1370000.0,0.0,23067000.0,23067000.0,23067000.0,0.0,0.0,0.437,16001000.0,36842000.0,,,,,,,0.0,,,,,,52843000.0,52843000.0,0.0,,,,,0.0,13001000.0,1.0,,,,,,,13775000.0,,,
69,HCBK,MRQ,1998-03-31,1998-03-31,1998-03-31,2019-05-17,,,,,,,,-868000.0,,,0.0,23755000.0,,,,,,,,1209000.0,,,0.0,36930000.0,38139000.0,0.712,38139000.0,36930000.0,36930000.0,,,,,,,,,,43798000.0,,1.0,53585000.0,1.0,,0.0,,,,,,,,,,,25993000.0,0.0,0.0,0.0,0.0,133883000.0,-152556000.0,-151688000.0,44666000.0,0.0,23755000.0,23755000.0,23755000.0,0.0,0.0,0.443,16655000.0,36930000.0,,,,,,,0.0,,,,,,53585000.0,53585000.0,0.0,,,,,0.0,13443000.0,1.0,,,,,,,13175000.0,,,
70,HCBK,MRQ,1997-12-31,1997-12-31,1997-12-31,2019-05-17,1049000.0,7313999000.0,,,,,,,95674000.0,95674000.0,,,,8.055,0.0,,,0.0,0.0,,6465956000.0,,0.0,,,,,,,,,,807713000.0,,807713000.0,,,,,,1.0,,,0.0,,7218325000.0,,0.0,7114519000.0,,,6506286000.0,,,,,,,,,,,,,,,,,,,,,,0.0,,,,,29197000.0,,,,,0.0,806664000.0,,,,,,,,,,1.0,,,,,7313999000.0,0.0,,0.0,,
0,HCBK,MRT,2015-06-30,2015-06-30,2015-06-30,2019-05-17,-40230000.0,35417458000.0,36319238750.0,,,0.013,9.623,-1413000.0,6702750000.0,6702750000.0,0.0,117809000.0,,6.345,12175000000.0,,,12175000000.0,0.0,21421000.0,18174139000.0,0.012,0.12,195168000.0,216589000.0,0.454,216589000.0,195168000.0,195168000.0,0.23,0.23,0.23,4821745000.0,4799904750.0,4821745000.0,11234149509.0,58.0,51.869,52012000.0,0.104,1.0,476584000.0,1.0,152109000.0,0.0,40737599000.0,42132047500.0,0.0,28047573000.0,,,30595713000.0,,,5231765509.0,1252069000.0,0.0,0.0,0.0,-60140000.0,-2403050000.0,3601694000.0,3527693000.0,53425000.0,0.0,117809000.0,117809000.0,117809000.0,0.0,0.0,0.247,281416000.0,195168000.0,0.0,0.522,1.085,44.409,42.957,52420000.0,0.0,9.88,10.978,10.388,0.0,1983067000.0,476584000.0,476584000.0,0.0,0.003,0.025,0.005,0.41,20207000.0,168415000.0,1.0,529530922.0,501078623.0,,0.951,35265349000.0,0.0,77359000.0,0.0,70.379,
1,HCBK,MRT,2015-03-31,2015-03-31,2015-03-31,2019-05-17,-41918000.0,36129290000.0,36890035500.0,,,0.013,9.56,-2420000.0,6172616000.0,6172616000.0,0.0,121334000.0,,6.557,12175000000.0,,,12175000000.0,0.0,21469000.0,18909021000.0,0.015,0.16,202222000.0,223691000.0,0.456,223691000.0,202222000.0,202222000.0,0.24,0.24,0.24,4780891000.0,4797691500.0,4780891000.0,11432669289.0,57.0,51.109,95836000.0,0.192,1.0,490296000.0,1.0,152109000.0,0.0,41979565000.0,43015861500.0,0.0,29285347000.0,,,31348399000.0,,,5543235289.0,1069832000.0,0.0,113000.0,0.0,-80272000.0,-2239462000.0,3211038000.0,3135199000.0,98256000.0,0.0,121334000.0,121334000.0,121334000.0,0.0,0.0,0.247,288074000.0,202222000.0,0.0,0.667,1.159,45.686,43.667,54506000.0,0.0,10.48,11.306,10.689,0.0,1947410000.0,490296000.0,490296000.0,0.0,0.003,0.025,0.005,0.412,20550000.0,167411000.0,1.0,528934665.0,500085913.0,,0.98,35977181000.0,0.0,80888000.0,0.0,71.942,
2,HCBK,MRT,2014-12-31,2014-12-31,2014-12-31,2019-05-17,-50374000.0,36569082000.0,37415369500.0,,,0.015,9.043,-2682000.0,6285566000.0,6285566000.0,0.0,157965000.0,,6.648,12175000000.0,,,12175000000.0,0.0,35432000.0,19376544000.0,0.016,0.16,262993000.0,298425000.0,0.537,298425000.0,262993000.0,262993000.0,0.32,0.32,0.32,4781410000.0,4798183250.0,4781410000.0,11846704294.0,45.0,39.697,148135000.0,0.28,1.0,556022000.0,1.0,152109000.0,0.0,42306407000.0,43808653500.0,0.0,29635062000.0,,,31787672000.0,,,5351101294.0,1961092000.0,0.0,113000.0,0.0,-80205000.0,-2178637000.0,3988912000.0,3912059000.0,150817000.0,0.0,157965000.0,157965000.0,157965000.0,0.0,0.0,0.284,293029000.0,262993000.0,0.0,0.5,1.119,33.875,31.625,56633000.0,0.0,10.12,9.624,9.624,0.0,1961531000.0,556022000.0,556022000.0,0.0,0.004,0.033,0.006,0.473,20431000.0,166751000.0,1.0,528764950.0,528764950.0,,1.052,36416973000.0,0.0,105028000.0,0.0,68.872,
3,HCBK,MRT,2014-09-30,2014-09-30,2014-09-30,2019-05-17,6554000.0,37161125000.0,37924937500.0,,,0.015,9.646,-3202000.0,5679397000.0,5679397000.0,0.0,164658000.0,,6.717,12175000000.0,,,12175000000.0,0.0,49974000.0,19973147000.0,0.016,0.16,274373000.0,324347000.0,0.568,324347000.0,274373000.0,274373000.0,0.33,0.33,0.33,4815573000.0,4788474750.0,4815573000.0,11863914314.0,43.0,36.578,211974000.0,0.425,1.0,570712000.0,1.0,152109000.0,0.0,43504619000.0,44808494500.0,0.0,30821674000.0,,,32345552000.0,,,5139595314.0,1957454000.0,0.0,113000.0,0.0,-80052000.0,-2188186000.0,3930464000.0,3854769000.0,215176000.0,0.0,164658000.0,164658000.0,164658000.0,0.0,0.0,0.289,296339000.0,274373000.0,0.0,0.485,1.067,31.214,29.455,59324000.0,0.0,9.72,9.006,8.502,0.0,1942454000.0,570712000.0,570712000.0,0.0,0.004,0.034,0.006,0.481,20949000.0,169488000.0,1.0,528764950.0,499225954.0,,1.143,37009016000.0,0.0,109715000.0,0.0,74.133,
4,HCBK,MRT,2014-06-30,2014-06-30,2014-06-30,2019-05-17,25579000.0,37700645000.0,38431296250.0,,,0.015,9.647,-2356000.0,5450681000.0,5450681000.0,0.0,170266000.0,,6.833,12175000000.0,,,12175000000.0,0.0,71709000.0,20513835000.0,0.016,0.16,282423000.0,354132000.0,0.603,354132000.0,282423000.0,282423000.0,0.35,0.35,0.35,4812892000.0,4756857750.0,4812892000.0,12269740227.0,43.0,34.647,242915000.0,0.487,1.0,587205000.0,1.0,152109000.0,0.0,44272855000.0,45804216750.0,0.0,31581296000.0,,,32887753000.0,,,5197524227.0,2453472000.0,0.0,113000.0,0.0,-79886000.0,-2186570000.0,4394771000.0,4317600000.0,245271000.0,0.0,170266000.0,170266000.0,170266000.0,0.0,0.0,0.29,304782000.0,282423000.0,0.0,0.457,1.08,30.526,28.086,61074000.0,0.0,9.83,8.851,8.351,0.0,1925398000.0,587205000.0,587205000.0,0.0,0.004,0.036,0.006,0.481,21697000.0,171936000.0,1.0,528741020.0,498874695.0,,1.177,37548536000.0,0.0,112157000.0,0.0,75.266,
5,HCBK,MRT,2014-03-31,2014-03-31,2014-03-31,2019-05-17,19032000.0,38230626000.0,38930248250.0,,,0.016,9.596,-772000.0,5102784000.0,5102784000.0,0.0,179806000.0,,6.993,12175000000.0,,,12175000000.0,0.0,101849000.0,21065582000.0,0.016,0.16,296985000.0,398834000.0,0.659,398834000.0,296985000.0,296985000.0,0.37,0.37,0.37,4782858000.0,4718859750.0,4782858000.0,13044886441.0,44.0,32.708,322513000.0,0.647,1.0,605280000.0,1.0,152109000.0,0.0,45150733000.0,46916536750.0,0.0,32454743000.0,,,33447768000.0,,,5194360441.0,2347174000.0,0.0,0.0,0.0,-79660000.0,-2177325000.0,4201214000.0,4125637000.0,323285000.0,0.0,179806000.0,179806000.0,179806000.0,0.0,0.0,0.297,308295000.0,296985000.0,0.0,0.432,1.086,28.889,26.568,62819000.0,0.0,9.83,8.582,8.094,0.0,1906331000.0,605280000.0,605280000.0,0.0,0.005,0.038,0.006,0.491,20505000.0,172434000.0,1.0,528419170.0,498409428.0,,1.214,38078517000.0,0.0,117179000.0,0.0,76.4,
6,HCBK,MRT,2013-12-31,2013-12-31,2013-12-31,2019-05-17,6336000.0,38607354000.0,39444266250.0,,,0.016,8.975,-973000.0,4324474000.0,4324474000.0,0.0,185216000.0,,7.141,12175000000.0,,,12175000000.0,0.0,114335000.0,21472329000.0,0.021,0.2,305265000.0,419600000.0,0.682,419600000.0,305265000.0,305265000.0,0.37,0.37,0.37,4742576000.0,4701006000.0,4742576000.0,13436049773.0,44.0,32.021,739907000.0,1.4,1.0,615102000.0,1.0,152109000.0,0.0,46305771000.0,48017348250.0,0.0,33577627000.0,,,33864778000.0,,,4982992773.0,3496506000.0,0.0,1407000.0,0.0,-99511000.0,-2109474000.0,4865100000.0,4794302000.0,740880000.0,0.0,185216000.0,185216000.0,185216000.0,0.0,0.0,0.301,309837000.0,305265000.0,0.0,0.541,1.051,26.904,25.486,65353000.0,0.0,9.43,8.101,8.101,0.0,1883754000.0,615102000.0,615102000.0,0.0,0.005,0.039,0.006,0.496,19072000.0,169523000.0,1.0,528419170.0,528419170.0,,1.164,38455245000.0,0.0,120049000.0,0.0,72.774,
7,HCBK,MRT,2013-09-30,2013-09-30,2013-09-30,2019-05-17,-15909000.0,39186560000.0,39941513000.0,,,0.016,9.417,-1868000.0,3721943000.0,3721943000.0,0.0,187335000.0,,7.357,12175000000.0,,,12175000000.0,0.0,125291000.0,22079731000.0,0.027,0.24,311803000.0,437094000.0,0.688,437094000.0,311803000.0,311803000.0,0.38,0.38,0.38,4689105000.0,4690314000.0,4689105000.0,13955228716.0,45.0,31.927,780941000.0,1.568,1.0,635723000.0,1.0,152109000.0,0.0,47487508000.0,49388721500.0,0.0,34734349000.0,,,34497455000.0,,,4777437716.0,3296082000.0,0.0,1511000.0,-750000000.0,-119318000.0,-2810024000.0,5323297000.0,5260813000.0,782809000.0,0.0,187335000.0,187335000.0,187335000.0,0.0,0.0,0.295,323920000.0,311803000.0,0.0,0.632,1.019,25.502,23.792,67354000.0,0.0,9.041,7.515,7.082,0.0,1857831000.0,635723000.0,635723000.0,0.0,0.005,0.04,0.006,0.49,17598000.0,168634000.0,1.0,528419170.0,497954146.0,,1.277,39034451000.0,0.0,124468000.0,0.0,78.39,
8,HCBK,MRT,2013-06-30,2013-06-30,2013-06-30,2019-05-17,-15584000.0,39696453000.0,40619521250.0,,,0.017,9.364,-4859000.0,2997209000.0,2997209000.0,0.0,200533000.0,,7.517,12175000000.0,,,12175000000.0,0.0,127501000.0,22619271000.0,0.031,0.28,333850000.0,461351000.0,0.685,461351000.0,333850000.0,333850000.0,0.4,0.4,0.4,4660900000.0,4696059000.0,4660900000.0,14267771693.0,43.0,30.926,827597000.0,1.663,1.0,673159000.0,1.0,152109000.0,0.0,48722135000.0,51078250250.0,0.0,35972037000.0,,,35035553000.0,,,4848381693.0,2191779000.0,0.0,1874000.0,-1250000000.0,-139125000.0,-3412357000.0,4771680000.0,4724756000.0,832456000.0,0.0,200533000.0,200533000.0,200533000.0,0.0,0.0,0.298,339309000.0,333850000.0,0.0,0.7,1.04,24.177,22.938,69900000.0,0.0,9.175,7.202,6.784,0.0,1835001000.0,673159000.0,673159000.0,0.0,0.005,0.043,0.007,0.496,15861000.0,166918000.0,1.0,528433972.0,497720918.0,,1.352,39544344000.0,0.0,133317000.0,0.0,79.451,
9,HCBK,MRT,2013-03-31,2013-03-31,2013-03-31,2019-05-17,68113000.0,40286698000.0,41592954250.0,,,0.017,9.474,-10337000.0,2755610000.0,2755610000.0,0.0,224087000.0,,7.551,12175000000.0,,,12175000000.0,0.0,125240000.0,23163092000.0,0.037,0.32,372136000.0,497376000.0,0.692,497376000.0,372136000.0,372136000.0,0.45,0.45,0.45,4711443000.0,4696694500.0,4711443000.0,15910789642.0,43.0,31.989,851427000.0,1.712,1.0,718395000.0,1.0,152109000.0,0.0,49553979000.0,52912128000.0,0.0,36857985000.0,,,35575255000.0,,,4563757642.0,1924922000.0,0.0,1874000.0,-2000000000.0,-158928000.0,-4115912000.0,5179070000.0,5139080000.0,861764000.0,0.0,224087000.0,224087000.0,224087000.0,0.0,0.0,0.312,346259000.0,372136000.0,0.0,0.711,0.969,20.366,19.2,73180000.0,0.0,8.64,6.353,5.981,0.0,1806185000.0,718395000.0,718395000.0,0.0,0.005,0.048,0.007,0.518,14296000.0,163526000.0,1.0,528212690.0,497324412.0,,1.445,40134589000.0,0.0,148049000.0,0.0,80.701,
10,HCBK,MRT,2012-12-31,2012-12-31,2012-12-31,2019-05-17,69970000.0,40596341000.0,42555925750.0,,,0.018,8.898,-12529000.0,827968000.0,827968000.0,0.0,249143000.0,,7.638,12175000000.0,,,12175000000.0,0.0,125020000.0,23483917000.0,0.039,0.32,413782000.0,538802000.0,0.699,538802000.0,413782000.0,413782000.0,0.5,0.5,0.5,4699808000.0,4673211000.0,4699808000.0,16793355318.0,41.0,31.168,560723000.0,1.062,1.0,770384000.0,1.0,152109000.0,0.0,51791264000.0,54856330000.0,0.0,38727099000.0,,,35896533000.0,,,4294216318.0,73888000.0,0.0,3478000.0,-2900000000.0,-158793000.0,-5078722000.0,4579358000.0,4534836000.0,573252000.0,0.0,249143000.0,249143000.0,249143000.0,0.0,0.0,0.323,356602000.0,413782000.0,0.0,0.64,0.914,17.236,16.26,74912000.0,0.0,8.13,5.574,5.574,0.0,1798430000.0,770384000.0,770384000.0,0.0,0.006,0.053,0.008,0.537,14785000.0,163914000.0,1.0,528193889.0,528193889.0,,1.459,40444232000.0,0.0,164639000.0,0.0,76.571,
11,HCBK,MRT,2012-09-30,2012-09-30,2012-09-30,2019-05-17,94429000.0,41898593000.0,43745811750.0,,,0.018,9.485,-13729000.0,425861000.0,425861000.0,0.0,-159341000.0,,7.892,12925000000.0,,,12925000000.0,0.0,112498000.0,24022181000.0,0.04,0.32,-303888000.0,-191390000.0,-0.244,-191390000.0,-303888000.0,-303888000.0,-0.32,-0.32,-0.32,4712085000.0,4638369000.0,4712085000.0,16815586486.0,-55.0,-87.86,619596000.0,1.247,1.0,785252000.0,1.0,152109000.0,0.0,54245623000.0,56789688000.0,0.0,40419705000.0,,,37186508000.0,,,4196016486.0,-2834368000.0,0.0,3474000.0,-7928499000.0,-158664000.0,-9482226000.0,6014533000.0,5966495000.0,633325000.0,0.0,-159341000.0,-159341000.0,-159341000.0,0.0,0.0,-0.203,360641000.0,424611000.0,0.0,-1.0,0.89,-26.334,-24.828,75468000.0,0.0,7.945,5.344,5.026,0.0,1790232000.0,785252000.0,785252000.0,0.0,-0.004,-0.034,-0.005,-0.387,15122000.0,156031000.0,1.0,528132975.0,496772798.0,,1.581,41746484000.0,0.0,-144547000.0,0.0,84.035,
12,HCBK,MRT,2012-06-30,2012-06-30,2012-06-30,2019-05-17,66272000.0,43590185000.0,45983867250.0,,,0.018,9.392,-11689000.0,805430000.0,805430000.0,0.0,-131070000.0,,8.347,13425000000.0,,,13425000000.0,0.0,114485000.0,24644548000.0,0.05,0.32,-257240000.0,-142755000.0,-0.174,-142755000.0,-257240000.0,-257240000.0,-0.26,-0.26,-0.26,4663442000.0,4705215000.0,4663442000.0,16708519051.0,-65.0,-117.043,796357000.0,1.604,1.0,821684000.0,1.0,152109000.0,0.0,56057646000.0,60144151500.0,0.0,41719727000.0,,,38926743000.0,,,3364207051.0,91779000.0,0.0,6137000.0,-8328499000.0,-158536000.0,-9388611000.0,8672344000.0,8615889000.0,808046000.0,0.0,-131070000.0,-131070000.0,-131070000.0,0.0,0.0,-0.16,350425000.0,471259000.0,629145000.0,-1.231,0.721,-25.667,-24.5,74313000.0,0.0,6.37,4.094,3.849,0.0,1774138000.0,821684000.0,821684000.0,0.0,-0.003,-0.028,-0.004,-0.313,15556000.0,149474000.0,1.0,528132975.0,496539980.0,,1.655,43438076000.0,0.0,-126170000.0,0.0,87.482,
13,HCBK,MRT,2012-03-31,2012-03-31,2012-03-31,2019-05-17,55099000.0,44138584000.0,48030980750.0,,,0.018,9.31,-10062000.0,830688000.0,830688000.0,0.0,-107338000.0,,8.559,14175000000.0,,,14175000000.0,0.0,108999000.0,25121541000.0,0.044,0.32,-216042000.0,-107043000.0,-0.124,-107043000.0,-216042000.0,-216042000.0,-0.22,-0.22,-0.22,4617509000.0,4761344250.0,4617509000.0,18180052364.0,-84.0,-169.839,901734000.0,1.818,1.0,865148000.0,1.0,152109000.0,0.0,57330787000.0,64139209750.0,0.0,42255258000.0,,,39521075000.0,,,3859132364.0,392693000.0,0.0,6013000.0,-8478499000.0,-158263000.0,-8967284000.0,8448181000.0,8396329000.0,911796000.0,0.0,-107338000.0,-107338000.0,-107338000.0,0.0,0.0,-0.124,352691000.0,512457000.0,0.0,-1.455,0.836,-35.953,-33.25,71348000.0,0.0,7.315,4.461,4.194,0.0,1741571000.0,865148000.0,865148000.0,0.0,-0.002,-0.023,-0.003,-0.25,18102000.0,148449000.0,1.0,527564233.0,495983174.0,,1.744,43986475000.0,0.0,-108704000.0,0.0,88.685,
14,HCBK,MRT,2011-12-31,2011-12-31,2011-12-31,2019-05-17,39651000.0,45355885000.0,50103601250.0,,,0.019,8.646,-9608000.0,754080000.0,754080000.0,0.0,-735989000.0,,8.946,15075000000.0,,,15075000000.0,0.0,116148000.0,25507760000.0,0.062,0.39,-1255309000.0,-1139161000.0,-1.169,-1139161000.0,-1255309000.0,-1255309000.0,-1.49,-1.49,-1.49,4560440000.0,4789178750.0,4560440000.0,20261500669.0,-16.0,-17.786,927177000.0,1.758,1.0,974851000.0,1.0,152109000.0,0.0,59524696000.0,68272503500.0,0.0,43480215000.0,,,40795445000.0,,,3296729669.0,84683000.0,0.0,3002000.0,-16400591000.0,-192698000.0,-16253624000.0,15401522000.0,15354754000.0,936785000.0,0.0,-735989000.0,-735989000.0,-735989000.0,0.0,0.0,-0.755,329569000.0,645282000.0,0.0,-0.262,0.723,-4.479,-4.195,70610000.0,0.0,6.25,3.382,3.382,0.0,1709821000.0,974851000.0,974851000.0,0.0,-0.015,-0.154,-0.018,-1.288,19613000.0,146959000.0,1.0,527476747.0,527476747.0,,1.848,45203776000.0,0.0,-519320000.0,0.0,85.698,
15,HCBK,MRT,2011-09-30,2011-09-30,2011-09-30,2019-05-17,63106000.0,50850815000.0,54056138250.0,,,0.02,10.06,-7976000.0,3260229000.0,3260229000.0,0.0,-254292000.0,,9.212,20225000000.0,,,20225000000.0,0.0,140615000.0,25421419000.0,0.081,0.46,-419874000.0,-279259000.0,-0.264,-279259000.0,-419874000.0,-419874000.0,-0.52,-0.52,-0.52,4979469000.0,5026628250.0,4979469000.0,23397015657.0,-56.0,-83.782,934082000.0,1.887,1.0,1059747000.0,1.0,152109000.0,0.0,67663477000.0,75896211250.0,0.0,46682397000.0,,,45871346000.0,,,2985666657.0,2627136000.0,0.0,3179000.0,-10772092000.0,-227054000.0,-10487016000.0,12172094000.0,12133963000.0,942058000.0,0.0,-254292000.0,-254292000.0,-254292000.0,0.0,0.0,-0.24,307529000.0,752218000.0,0.0,-0.885,0.6,-11.741,-10.885,69989000.0,0.0,5.66,2.817,2.644,0.0,2110033000.0,1059747000.0,1059747000.0,0.0,-0.005,-0.051,-0.006,-0.396,22123000.0,156081000.0,1.0,527502943.0,494966393.0,,2.141,50698706000.0,0.0,-165582000.0,0.0,102.429,
16,HCBK,MRT,2011-06-30,2011-06-30,2011-06-30,2019-05-17,25216000.0,51778639000.0,56497592500.0,,,0.02,9.892,-8781000.0,713651000.0,713651000.0,0.0,-213926000.0,,9.593,21125000000.0,,,21125000000.0,0.0,134245000.0,25554601000.0,0.065,0.53,-350463000.0,-216218000.0,-0.195,-216218000.0,-350463000.0,-350463000.0,-0.44,-0.44,-0.44,4887959000.0,5187453500.0,4887959000.0,25900660965.0,-74.0,-119.79,832316000.0,1.684,1.0,1111203000.0,1.0,152109000.0,0.0,72037879000.0,81394449500.0,0.0,49996911000.0,,,46890680000.0,,,4313655965.0,394647000.0,0.0,240000.0,-10022092000.0,-261412000.0,-9896446000.0,9449996000.0,9423992000.0,841097000.0,0.0,-213926000.0,-213926000.0,-213926000.0,0.0,0.0,-0.193,289574000.0,821629000.0,0.0,-1.205,0.883,-20.164,-18.614,70970000.0,0.0,8.19,3.882,3.642,0.0,2069138000.0,1111203000.0,1111203000.0,0.0,-0.004,-0.041,-0.004,-0.315,24564000.0,160498000.0,1.0,526697920.0,494137888.0,,2.249,51626530000.0,0.0,-136537000.0,0.0,104.478,
17,HCBK,MRT,2011-03-31,2011-03-31,2011-03-31,2019-05-17,-72046000.0,52429066000.0,58786216250.0,,,0.02,9.576,-7593000.0,437995000.0,437995000.0,0.0,-167343000.0,,10.087,22025000000.0,,,22025000000.0,0.0,131714000.0,25461079000.0,0.062,0.6,-274139000.0,-142425000.0,-0.122,-142425000.0,-274139000.0,-274139000.0,-0.34,-0.34,-0.34,4728847000.0,5351277750.0,4728847000.0,34104236241.0,-124.0,-239.454,683847000.0,1.385,1.0,1166286000.0,1.0,152109000.0,0.0,73863962000.0,85994235000.0,0.0,50777829000.0,,,47700219000.0,,,5098633241.0,-37103000.0,0.0,-54000.0,-9122092000.0,-295829000.0,-9345053000.0,8616510000.0,8594728000.0,691440000.0,0.0,-167343000.0,-167343000.0,-167343000.0,0.0,0.0,-0.143,268333000.0,897953000.0,0.0,-1.765,1.078,-30.468,-28.471,69712000.0,0.0,9.68,4.372,4.099,0.0,2012579000.0,1166286000.0,1166286000.0,0.0,-0.003,-0.031,-0.003,-0.235,25888000.0,163292000.0,1.0,526718310.0,493843304.0,,2.362,52276957000.0,0.0,-106796000.0,0.0,105.857,
18,HCBK,MRT,2010-12-31,2010-12-31,2010-12-31,2019-05-17,85406000.0,61166033000.0,60986862500.0,,,0.019,10.464,-8031000.0,669397000.0,669397000.0,0.0,537206000.0,,10.1,29675000000.0,,,29675000000.0,0.0,116696000.0,25173126000.0,0.047,0.6,892433000.0,1009129000.0,0.871,1009129000.0,892433000.0,892433000.0,1.09,1.09,1.09,5510238000.0,5518085250.0,5510238000.0,35900835972.0,40.0,35.576,747051000.0,1.419,1.0,1158821000.0,1.0,152109000.0,0.0,90019527000.0,90173105500.0,0.0,59709606000.0,,,55655795000.0,,,6708928972.0,108196000.0,0.0,771000.0,-300000000.0,-295757000.0,902000.0,-647788000.0,-666034000.0,755082000.0,0.0,537206000.0,537206000.0,537206000.0,0.0,0.0,0.464,266388000.0,892433000.0,538200000.0,0.55,1.218,12.489,11.688,69444000.0,0.0,12.74,5.789,5.789,0.0,2642338000.0,1158821000.0,1158821000.0,0.0,0.009,0.097,0.01,0.77,27183000.0,166492000.0,1.0,526603530.0,526603530.0,,2.201,61013924000.0,0.0,355227000.0,0.0,115.863,
19,HCBK,MRT,2010-09-30,2010-09-30,2010-09-30,2019-05-17,252516000.0,60616632000.0,60762294250.0,,,0.019,11.401,-8295000.0,633093000.0,633093000.0,0.0,552621000.0,,9.781,29825000000.0,,,29825000000.0,0.0,90581000.0,24914621000.0,0.049,0.6,918277000.0,1008858000.0,0.856,1008858000.0,918277000.0,918277000.0,1.12,1.11,1.12,5622770000.0,5475313750.0,5622770000.0,36112248037.0,39.0,35.795,624400000.0,1.266,1.0,1178045000.0,1.0,152109000.0,0.0,89656430000.0,90050586250.0,0.0,59274990000.0,,,54993862000.0,,,6456252037.0,-37385000.0,0.0,4067000.0,-200000000.0,-295299000.0,1316677000.0,-1986757000.0,-2001554000.0,632695000.0,0.0,552621000.0,552621000.0,552621000.0,0.0,0.0,0.469,259768000.0,918277000.0,0.0,0.536,1.148,11.683,10.946,70456000.0,0.0,12.26,5.48,5.132,0.0,2595547000.0,1178045000.0,1178045000.0,0.0,0.009,0.101,0.01,0.779,27783000.0,165466000.0,1.0,526611096.0,493164078.0,,2.389,60464523000.0,0.0,365656000.0,0.0,122.605,
20,HCBK,MRT,2010-06-30,2010-06-30,2010-06-30,2019-05-17,230661000.0,60933134000.0,60329270000.0,,,0.02,11.246,-7430000.0,319004000.0,319004000.0,0.0,563138000.0,,9.992,29975000000.0,,,29975000000.0,0.0,79247000.0,25168465000.0,0.049,0.6,934840000.0,1014087000.0,0.851,1014087000.0,934840000.0,934840000.0,1.15,1.13,1.15,5543256000.0,5387166500.0,5543256000.0,35950660493.0,38.0,35.451,564009000.0,1.144,1.0,1191822000.0,1.0,152109000.0,0.0,90437021000.0,89658215750.0,0.0,59898390000.0,,,55389878000.0,,,6450758493.0,-293107000.0,0.0,8246000.0,-50000000.0,-294875000.0,3153773000.0,-4018319000.0,-4030984000.0,571439000.0,0.0,563138000.0,563138000.0,563138000.0,0.0,0.0,0.473,256982000.0,934840000.0,0.0,0.522,1.164,11.455,10.652,70617000.0,0.0,12.25,5.413,5.066,0.0,2544987000.0,1191822000.0,1191822000.0,0.0,0.009,0.105,0.01,0.784,28327000.0,167145000.0,1.0,526592530.0,492888447.0,,2.418,60781025000.0,0.0,371702000.0,0.0,123.316,
21,HCBK,MRT,2010-03-31,2010-03-31,2010-03-31,2019-05-17,158489000.0,61231651000.0,59447571250.0,,,0.02,10.955,-6529000.0,475098000.0,475098000.0,0.0,548466000.0,,10.347,29975000000.0,,,29975000000.0,0.0,76069000.0,25388800000.0,0.042,0.6,910268000.0,986337000.0,0.831,986337000.0,910268000.0,910268000.0,1.12,1.1,1.12,5396077000.0,5287168750.0,5396077000.0,36879554013.0,41.0,37.39,569150000.0,1.155,1.0,1187601000.0,1.0,152109000.0,0.0,90579444000.0,88715740250.0,0.0,60006553000.0,,,55835574000.0,,,7465755013.0,126956000.0,0.0,10605000.0,-300000000.0,-294103000.0,4392971000.0,-4841694000.0,-4856094000.0,575679000.0,0.0,548466000.0,548466000.0,548466000.0,0.0,0.0,0.462,277333000.0,910268000.0,125580000.0,0.536,1.384,13.612,12.652,70647000.0,0.0,14.17,6.286,5.877,0.0,2476277000.0,1187601000.0,1187601000.0,0.0,0.009,0.104,0.01,0.766,29064000.0,170639000.0,1.0,526870502.0,492564183.0,,2.411,61079542000.0,0.0,361802000.0,0.0,124.003,
22,HCBK,MRT,2009-12-31,2009-12-31,2009-12-31,2019-05-17,184533000.0,60267760000.0,58282098000.0,,,0.02,10.164,-6316000.0,561201000.0,561201000.0,0.0,527244000.0,,10.288,29975000000.0,,,29975000000.0,0.0,65984000.0,24578048000.0,0.043,0.59,873966000.0,939950000.0,0.825,939950000.0,873966000.0,873966000.0,1.08,1.07,1.08,5339152000.0,5201349000.0,5339152000.0,36567069257.0,42.0,38.903,516300000.0,0.983,1.0,1139562000.0,1.0,152109000.0,0.0,89529450000.0,87657006000.0,0.0,58958951000.0,,,54928608000.0,,,7212547257.0,299390000.0,0.0,-29977000.0,-250000000.0,-288408000.0,5570455000.0,-5793681000.0,-5802922000.0,522616000.0,0.0,527244000.0,527244000.0,527244000.0,0.0,0.0,0.463,265596000.0,873966000.0,100000000.0,0.546,1.351,13.68,12.713,70116000.0,0.0,13.73,6.329,6.329,0.0,2401606000.0,1139562000.0,1139562000.0,0.0,0.009,0.101,0.01,0.767,29787000.0,169341000.0,1.0,525312983.0,525312983.0,,2.169,60115651000.0,0.0,346722000.0,0.0,114.438,
23,HCBK,MRT,2009-09-30,2009-09-30,2009-09-30,2019-05-17,196336000.0,58884535000.0,56751490000.0,,,0.019,10.765,-6900000.0,670478000.0,670478000.0,0.0,514946000.0,,10.173,30025000000.0,,,30025000000.0,0.0,54958000.0,23113949000.0,0.043,0.57,849099000.0,904057000.0,0.819,904057000.0,849099000.0,849099000.0,1.06,1.04,1.06,5270181000.0,5101260000.0,5270181000.0,36304531650.0,43.0,40.157,551785000.0,1.127,1.0,1104024000.0,1.0,152109000.0,0.0,88086948000.0,86263745500.0,0.0,57623543000.0,,,53614354000.0,,,6891642650.0,285506000.0,0.0,-38206000.0,750000000.0,-278112000.0,6300224000.0,-6573403000.0,-6579769000.0,558685000.0,0.0,514946000.0,514946000.0,514946000.0,0.0,0.0,0.466,254925000.0,849099000.0,200000000.0,0.538,1.308,13.383,12.406,71110000.0,0.0,13.15,6.242,5.831,0.0,2347827000.0,1104024000.0,1104024000.0,0.0,0.009,0.101,0.01,0.769,30512000.0,167748000.0,1.0,524079289.0,489545739.0,,2.255,58732426000.0,0.0,334153000.0,0.0,119.973,
24,HCBK,MRT,2009-06-30,2009-06-30,2009-06-30,2019-05-17,149708000.0,57406339000.0,54974035750.0,,,0.019,10.561,-8275000.0,612111000.0,612111000.0,0.0,501768000.0,,10.161,30025000000.0,,,30025000000.0,0.0,44127000.0,21692265000.0,0.041,0.54,826885000.0,871012000.0,0.815,871012000.0,826885000.0,826885000.0,1.03,1.02,1.03,5143265000.0,4980247750.0,5143265000.0,36857472752.0,45.0,42.316,561913000.0,1.154,1.0,1068313000.0,1.0,152109000.0,0.0,86667119000.0,84370167750.0,0.0,56214669000.0,,,52263074000.0,,,6930614752.0,426525000.0,0.0,-38566000.0,2550000000.0,-262693000.0,7263295000.0,-7406958000.0,-7410829000.0,570188000.0,0.0,501768000.0,501768000.0,501768000.0,0.0,0.0,0.47,241428000.0,826885000.0,250000000.0,0.524,1.348,13.812,12.903,72319000.0,0.0,13.29,6.487,6.058,0.0,2295449000.0,1068313000.0,1068313000.0,0.0,0.009,0.101,0.01,0.774,31631000.0,165425000.0,1.0,521490952.0,486984601.0,,2.194,57254230000.0,0.0,325117000.0,0.0,117.569,
25,HCBK,MRT,2009-03-31,2009-03-31,2009-03-31,2019-05-17,132827000.0,56569758000.0,52912947500.0,,,0.019,10.363,-9923000.0,348142000.0,348142000.0,0.0,484552000.0,,10.196,30275000000.0,,,30275000000.0,0.0,31632000.0,20435916000.0,0.043,0.5,799272000.0,830904000.0,0.828,830904000.0,799272000.0,799272000.0,1.0,0.98,1.0,5052798000.0,4871830000.0,5052798000.0,36069378845.0,45.0,43.41,539720000.0,1.107,1.0,1004030000.0,1.0,152109000.0,0.0,86344507000.0,81778210750.0,0.0,55647291000.0,,,51516960000.0,,,6106189845.0,25507000.0,0.0,-39164000.0,5050000000.0,-242840000.0,9162701000.0,-9686837000.0,-9683914000.0,549643000.0,0.0,484552000.0,484552000.0,484552000.0,0.0,0.0,0.483,204758000.0,799272000.0,446969000.0,0.5,1.208,12.602,11.69,73479000.0,0.0,11.69,6.082,5.677,0.0,2253361000.0,1004030000.0,1004030000.0,0.0,0.009,0.099,0.01,0.796,32715000.0,159950000.0,1.0,522343015.0,487567802.0,,2.059,56417649000.0,0.0,314720000.0,0.0,115.712,
26,HCBK,MRT,2008-12-31,2008-12-31,2008-12-31,2019-05-17,47657000.0,54145328000.0,50463070500.0,,,0.018,9.475,-8565000.0,261811000.0,261811000.0,0.0,445558000.0,,9.963,30225000000.0,,,30225000000.0,0.0,26329000.0,18464042000.0,0.028,0.45,732886000.0,759215000.0,0.816,759215000.0,732886000.0,732886000.0,0.92,0.9,0.92,4938796000.0,4786152750.0,4938796000.0,37209109787.0,51.0,49.01,445879000.0,0.855,1.0,930962000.0,1.0,152109000.0,0.0,83956408000.0,78072210500.0,0.0,53257861000.0,,,49206532000.0,,,8319081787.0,44267000.0,0.0,-109000.0,6084000000.0,-217995000.0,9212675000.0,-9622852000.0,-9619905000.0,454444000.0,0.0,445558000.0,445558000.0,445558000.0,0.0,0.0,0.479,198076000.0,732886000.0,239100000.0,0.489,1.684,18.671,17.348,73502000.0,0.0,15.96,8.936,8.936,0.0,2196235000.0,930962000.0,930962000.0,0.0,0.009,0.093,0.009,0.787,32881000.0,157655000.0,1.0,521245726.0,521245726.0,,1.786,53993219000.0,0.0,287328000.0,0.0,103.585,
27,HCBK,MRT,2008-09-30,2008-09-30,2008-09-30,2019-05-17,-18517000.0,51774718000.0,48032731250.0,,,0.018,9.873,-8285000.0,384972000.0,384972000.0,0.0,398788000.0,,9.818,29275000000.0,,,29275000000.0,0.0,24945000.0,17287463000.0,0.022,0.405,657648000.0,682593000.0,0.8,682593000.0,657648000.0,657648000.0,0.82,0.81,0.82,4786132000.0,4704280500.0,4786132000.0,36877390278.0,56.0,54.025,458261000.0,0.945,1.0,853643000.0,1.0,152109000.0,0.0,80512637000.0,74131938000.0,0.0,50734815000.0,,,46988586000.0,,,9587976278.0,74621000.0,0.0,-54154000.0,6384000000.0,-195926000.0,8810234000.0,-9202159000.0,-9195674000.0,466546000.0,0.0,398788000.0,398788000.0,398788000.0,0.0,0.0,0.467,190573000.0,663070000.0,158601000.0,0.494,2.003,24.043,22.5,74266000.0,0.0,18.45,11.232,10.477,0.0,2156649000.0,853643000.0,853643000.0,0.0,0.008,0.085,0.009,0.77,31866000.0,153441000.0,1.0,519673511.0,484759567.0,,1.761,51622609000.0,0.0,258860000.0,0.0,106.491,
28,HCBK,MRT,2008-06-30,2008-06-30,2008-06-30,2019-05-17,-10189000.0,49161986000.0,45668250250.0,,,0.017,9.733,-8471000.0,185586000.0,185586000.0,0.0,351323000.0,,9.439,27475000000.0,,,27475000000.0,0.0,24743000.0,16719345000.0,0.022,0.37,575889000.0,600632000.0,0.789,600632000.0,575889000.0,575889000.0,0.72,0.71,0.72,4709594000.0,4655125000.0,4709594000.0,33561473983.0,58.0,55.877,390211000.0,0.806,1.0,761600000.0,1.0,152109000.0,0.0,76299291000.0,70190112250.0,0.0,48344485000.0,,,44452392000.0,,,8659108983.0,-18021000.0,0.0,-190745000.0,6809000000.0,-179673000.0,8974538000.0,-9391241000.0,-9383538000.0,398682000.0,0.0,351323000.0,351323000.0,351323000.0,0.0,0.0,0.461,182338000.0,579262000.0,12889000.0,0.514,1.839,24.647,23.167,74276000.0,0.0,16.68,11.37,10.598,0.0,2099941000.0,761600000.0,761600000.0,0.0,0.008,0.075,0.008,0.756,29932000.0,148028000.0,1.0,519131234.0,483885720.0,,1.574,49009877000.0,0.0,224566000.0,0.0,101.284,
29,HCBK,MRT,2008-03-31,2008-03-31,2008-03-31,2019-05-17,61283000.0,46770250000.0,43300612500.0,,,0.016,9.75,-9531000.0,322635000.0,322635000.0,0.0,313284000.0,,8.93,25225000000.0,,,25225000000.0,0.0,23441000.0,16077113000.0,0.019,0.34,510060000.0,533501000.0,0.777,533501000.0,510060000.0,510060000.0,0.63,0.63,0.63,4710089000.0,4641013250.0,4710089000.0,33088230563.0,65.0,62.021,381919000.0,0.791,1.0,686538000.0,1.0,152109000.0,0.0,71520506000.0,66115753500.0,0.0,45887446000.0,,,42060161000.0,,,9164774563.0,200557000.0,0.0,-395594000.0,6709000000.0,-167155000.0,8313081000.0,-8503974000.0,-8494945000.0,391450000.0,0.0,313284000.0,313284000.0,313284000.0,0.0,0.0,0.456,174928000.0,511610000.0,464819000.0,0.54,1.946,29.254,28.063,73809000.0,0.0,17.68,13.349,12.441,0.0,2045787000.0,686538000.0,686538000.0,0.0,0.007,0.068,0.008,0.743,28223000.0,142178000.0,1.0,518369602.0,483092588.0,,1.421,46618141000.0,0.0,196776000.0,0.0,96.499,
30,HCBK,MRT,2007-12-31,2007-12-31,2007-12-31,2019-05-17,16622000.0,44423971000.0,40974337500.0,,,0.016,8.861,-11694000.0,217544000.0,217544000.0,0.0,295858000.0,,8.634,24141000000.0,,,24141000000.0,0.0,22484000.0,15153382000.0,0.022,0.33,481743000.0,504227000.0,0.776,504227000.0,481743000.0,481743000.0,0.59,0.58,0.59,4611307000.0,4671254000.0,4611307000.0,30397435339.0,63.0,60.285,336109000.0,0.646,1.0,649656000.0,1.0,152109000.0,0.0,68195318000.0,62162447000.0,0.0,43638416000.0,,,39812664000.0,,,7816786339.0,35298000.0,0.0,-546586000.0,7168000000.0,-165376000.0,8197594000.0,-8510099000.0,-8498955000.0,347803000.0,0.0,295858000.0,295858000.0,295858000.0,0.0,0.0,0.455,167913000.0,481743000.0,281853000.0,0.559,1.695,26.421,25.458,75094000.0,0.0,15.02,12.032,12.032,0.0,2002049000.0,649656000.0,649656000.0,0.0,0.007,0.063,0.008,0.742,27209000.0,136219000.0,1.0,520425189.0,520425189.0,,1.248,44271862000.0,0.0,185885000.0,0.0,85.069,
31,HCBK,MRT,2007-09-30,2007-09-30,2007-09-30,2019-05-17,-19988000.0,42316794000.0,38744990000.0,,,0.016,9.341,-12614000.0,310351000.0,310351000.0,0.0,287562000.0,,8.22,22891000000.0,,,22891000000.0,0.0,24778000.0,14625726000.0,0.021,0.32,464971000.0,489749000.0,0.785,489749000.0,464971000.0,464971000.0,0.56,0.55,0.56,4589510000.0,4750991250.0,4589510000.0,28598100709.0,62.0,58.393,305668000.0,0.622,1.0,624268000.0,1.0,152109000.0,0.0,64745334000.0,58150243500.0,0.0,41407705000.0,,,37727284000.0,,,8135707709.0,34221000.0,0.0,-600073000.0,7243000000.0,-163763000.0,8302561000.0,-8586622000.0,-8577691000.0,318282000.0,0.0,287562000.0,287562000.0,287562000.0,0.0,0.0,0.461,164719000.0,459549000.0,0.0,0.571,1.773,28.292,27.464,76224000.0,0.0,15.38,13.032,12.105,0.0,1966167000.0,624268000.0,624268000.0,0.0,0.007,0.061,0.008,0.745,26332000.0,132564000.0,1.0,528979695.0,491331210.0,,1.271,42164685000.0,0.0,177409000.0,0.0,85.817,
32,HCBK,MRT,2007-06-30,2007-06-30,2007-06-30,2019-05-17,-48678000.0,39691435000.0,36575292500.0,,,0.017,9.216,-20839000.0,203607000.0,203607000.0,0.0,284090000.0,,7.53,20666000000.0,,,20666000000.0,0.0,24254000.0,14190510000.0,0.025,0.31,458103000.0,482357000.0,0.779,482357000.0,458103000.0,458103000.0,0.54,0.53,0.54,4653147000.0,4854174250.0,4653147000.0,25046689589.0,55.0,51.926,384909000.0,0.762,1.0,618849000.0,1.0,151972000.0,0.0,60001856000.0,54176242500.0,0.0,38905978000.0,,,35038288000.0,,,6652767589.0,101183000.0,-197653000.0,-545885000.0,6093000000.0,-161799000.0,6904154000.0,-7208719000.0,-6993026000.0,405748000.0,0.0,284090000.0,284090000.0,284090000.0,0.0,0.0,0.459,164119000.0,454730000.0,0.0,0.574,1.43,23.418,22.63,76209000.0,0.0,12.22,10.75,9.97,0.0,1935611000.0,618849000.0,618849000.0,0.0,0.008,0.059,0.008,0.74,25751000.0,131444000.0,1.0,544416333.0,504902448.0,,1.226,39539463000.0,0.0,174013000.0,0.0,78.311,
33,HCBK,MRT,2007-03-31,2007-03-31,2007-03-31,2019-05-17,-34964000.0,37465150000.0,34484764250.0,,,0.018,9.319,-21876000.0,122078000.0,122078000.0,0.0,284594000.0,,6.755,18516000000.0,,,18516000000.0,0.0,22917000.0,13914315000.0,0.022,0.305,456518000.0,479435000.0,0.777,479435000.0,456518000.0,456518000.0,0.54,0.52,0.54,4831052000.0,4940551250.0,4831052000.0,24397965733.0,53.0,50.889,277077000.0,0.534,1.0,616735000.0,1.0,151792000.0,0.0,55707280000.0,50620003000.0,0.0,36781570000.0,,,32634098000.0,,,7607211733.0,16976000.0,-197653000.0,-478347000.0,5643000000.0,-161705000.0,6339411000.0,-6621388000.0,-6404264000.0,298953000.0,0.0,284594000.0,284594000.0,284594000.0,0.0,0.0,0.461,161767000.0,454968000.0,0.0,0.565,1.575,26.73,25.333,74791000.0,0.0,13.68,12.335,11.499,0.0,1905693000.0,616735000.0,616735000.0,0.0,0.008,0.058,0.009,0.74,23155000.0,129551000.0,1.0,556082729.0,518416987.0,,1.19,37313358000.0,0.0,171924000.0,0.0,71.976,
34,HCBK,MRT,2006-12-31,2006-12-31,2006-12-31,2019-05-17,-49563000.0,35506581000.0,32537370750.0,,,0.019,8.729,-22557000.0,182246000.0,182246000.0,0.0,288579000.0,,6.202,16973000000.0,,,16973000000.0,0.0,21952000.0,13415587000.0,0.022,0.3,460569000.0,482521000.0,0.779,482521000.0,460569000.0,460569000.0,0.54,0.53,0.54,4930256000.0,5010898000.0,4930256000.0,23211629271.0,50.0,48.105,298610000.0,0.529,1.0,619524000.0,1.0,150831000.0,0.0,52146504000.0,47298301500.0,0.0,34757372000.0,,,30576325000.0,,,7839759271.0,79987000.0,-197653000.0,-441418000.0,5600000000.0,-161374000.0,5976007000.0,-6217187000.0,-5998426000.0,321167000.0,0.0,288579000.0,288579000.0,288579000.0,0.0,0.0,0.466,158955000.0,460569000.0,0.0,0.556,1.59,27.167,25.704,73929000.0,0.0,13.88,12.654,12.654,0.0,1877840000.0,619524000.0,619524000.0,0.0,0.009,0.058,0.01,0.743,20474000.0,128458000.0,1.0,564824155.0,564824155.0,,1.097,35355750000.0,0.0,171990000.0,0.0,62.596,
35,HCBK,MRT,2006-09-30,2006-09-30,2006-09-30,2019-05-17,-52450000.0,33638004000.0,30679563750.0,,,0.02,9.418,-22838000.0,276130000.0,276130000.0,0.0,294171000.0,,5.725,15648000000.0,,,15648000000.0,0.0,18080000.0,12807077000.0,0.022,0.295,471498000.0,489578000.0,0.788,489578000.0,471498000.0,471498000.0,0.55,0.53,0.55,5002242000.0,5078703000.0,5002242000.0,22025433930.0,47.0,44.989,289503000.0,0.545,1.0,621381000.0,1.0,160544000.0,0.0,48849330000.0,44092449000.0,0.0,32798824000.0,,,28635762000.0,,,7577857930.0,166807000.0,-197653000.0,-433710000.0,5875000000.0,-160910000.0,5651077000.0,-5796611000.0,-5577258000.0,312341000.0,0.0,294171000.0,294171000.0,294171000.0,0.0,0.0,0.473,151147000.0,470234000.0,0.0,0.536,1.515,25.76,24.091,73587000.0,0.0,13.25,12.195,11.326,0.0,1849846000.0,621381000.0,621381000.0,0.0,0.01,0.058,0.011,0.759,17197000.0,122959000.0,1.0,571913806.0,531129380.0,,1.17,33477460000.0,0.0,177327000.0,0.0,63.031,
36,HCBK,MRT,2006-06-30,2006-06-30,2006-06-30,2019-05-17,-96735000.0,31329322000.0,28908247500.0,,,0.021,9.262,-16097000.0,102424000.0,102424000.0,0.0,298231000.0,,5.268,14550000000.0,,,14550000000.0,0.0,10787000.0,11613829000.0,0.022,0.29,477955000.0,488742000.0,0.788,488742000.0,477955000.0,477955000.0,0.55,0.53,0.55,4998655000.0,5150300000.0,4998655000.0,20473843387.0,43.0,41.891,198226000.0,0.367,1.0,620173000.0,1.0,0.0,0.0,45776898000.0,40928470500.0,0.0,30768201000.0,,,26330667000.0,,,7728945387.0,-6975000.0,0.0,-691570000.0,5400000000.0,-160830000.0,5050150000.0,-5271448000.0,-5257684000.0,214323000.0,0.0,298231000.0,298231000.0,298231000.0,0.0,0.0,0.481,143482000.0,476691000.0,0.0,0.527,1.546,25.916,24.236,54681000.0,0.0,13.33,12.463,11.6,0.0,1819860000.0,620173000.0,620173000.0,0.0,0.01,0.058,0.012,0.771,13777000.0,117022000.0,1.0,579815858.0,539678609.0,,1.149,31329322000.0,0.0,179724000.0,0.0,58.052,
37,HCBK,MRT,2006-03-31,2006-03-31,2006-03-31,2019-05-17,-79903000.0,29675576000.0,27577199750.0,,,0.022,9.313,-17838000.0,105102000.0,105102000.0,0.0,289354000.0,,4.805,12850000000.0,,,12850000000.0,0.0,8348000.0,11521708000.0,0.021,0.281,464102000.0,472450000.0,0.79,472450000.0,464102000.0,464102000.0,0.52,0.51,0.52,5112439000.0,5269025000.0,5112439000.0,19023071820.0,41.0,40.265,284107000.0,0.518,1.0,598061000.0,1.0,0.0,0.0,42420474000.0,38245679000.0,0.0,29236679000.0,,,24563137000.0,,,7775330820.0,-25100000.0,0.0,3395976000.0,5000000000.0,-132133000.0,8239875000.0,-8566920000.0,-8551413000.0,301945000.0,0.0,289354000.0,289354000.0,289354000.0,0.0,0.0,0.484,135223000.0,462838000.0,0.0,0.54,1.521,26.871,25.558,51464000.0,0.0,13.29,13.001,12.199,0.0,1788914000.0,598061000.0,598061000.0,0.0,0.01,0.055,0.012,0.776,17344000.0,110800000.0,1.0,585051228.0,548957071.0,,1.089,29675576000.0,0.0,174748000.0,0.0,54.058,
38,HCBK,MRT,2005-12-31,2005-12-31,2005-12-31,2019-05-17,-63449000.0,28075353000.0,25441109750.0,,,0.022,8.704,-18566000.0,102259000.0,102259000.0,0.0,276055000.0,,4.398,11350000000.0,,,11350000000.0,0.0,10197000.0,11383300000.0,0.022,0.268,442373000.0,452570000.0,0.794,452570000.0,442373000.0,442373000.0,0.49,0.48,0.49,5201476000.0,4350937250.0,5201476000.0,16883863797.0,38.0,37.307,262651000.0,0.439,1.0,570076000.0,1.0,0.0,0.0,39323094000.0,34853314000.0,0.0,27670895000.0,,,22873877000.0,,,7243186797.0,-65924000.0,0.0,3511317000.0,4200000000.0,-102103000.0,7661588000.0,-8008729000.0,-7991751000.0,281217000.0,0.0,276055000.0,276055000.0,276055000.0,0.0,0.0,0.484,127703000.0,442373000.0,0.0,0.547,1.393,26.238,24.735,49132000.0,0.0,12.12,12.706,12.706,0.0,1759492000.0,570076000.0,570076000.0,0.0,0.011,0.063,0.013,0.776,21303000.0,103422000.0,1.0,597622673.0,597622673.0,,0.954,28075353000.0,0.0,166318000.0,0.0,46.978,
39,HCBK,MRT,2005-09-30,2005-09-30,2005-09-30,2019-05-17,-42179000.0,26552739000.0,23458766750.0,,,0.023,9.333,-18831000.0,109323000.0,109323000.0,0.0,263850000.0,,4.021,9750000000.0,,,9750000000.0,0.0,11269000.0,11381394000.0,0.022,0.257,421569000.0,432838000.0,0.792,432838000.0,421569000.0,421569000.0,0.45,0.45,0.45,5288630000.0,3401289250.0,5288630000.0,16151729196.0,38.0,37.316,243290000.0,0.429,1.0,546736000.0,1.0,0.0,0.0,36193416000.0,31804490000.0,0.0,26164027000.0,,,21264109000.0,,,7111128196.0,-39136000.0,0.0,3616001000.0,3100000000.0,-73784000.0,6974266000.0,-7275523000.0,-7260737000.0,262121000.0,0.0,263850000.0,263850000.0,263850000.0,0.0,0.0,0.483,125167000.0,421569000.0,0.0,0.571,1.345,26.951,26.444,48108000.0,0.0,11.9,13.007,12.334,0.0,1724238000.0,546736000.0,546736000.0,0.0,0.011,0.078,0.013,0.771,38574000.0,100561000.0,1.0,597573798.0,566667689.0,,0.965,26552739000.0,0.0,157719000.0,0.0,46.858,
40,HCBK,MRT,2005-06-30,2005-06-30,2005-06-30,2019-05-17,-9441000.0,26005131000.0,21650900500.0,,,0.024,9.526,-16298000.0,109399000.0,109399000.0,0.0,250839000.0,,3.751,9150000000.0,,,9150000000.0,0.0,18617000.0,11264065000.0,0.021,0.243,400657000.0,419274000.0,0.804,419274000.0,400657000.0,400657000.0,0.43,0.43,0.43,5473555000.0,2418153000.0,5473555000.0,14538882008.0,36.0,34.676,265008000.0,0.461,1.0,521789000.0,1.0,0.0,0.0,35045732000.0,29211839750.0,0.0,25663145000.0,,,20531576000.0,,,6819084008.0,-53335000.0,0.0,3908369000.0,2950000000.0,-44251000.0,7001722000.0,-7336363000.0,-7322574000.0,281306000.0,0.0,250839000.0,250839000.0,250839000.0,0.0,0.0,0.481,121132000.0,400657000.0,0.0,0.565,1.246,27.185,26.535,45511000.0,0.0,11.41,13.069,12.565,0.0,1689351000.0,521789000.0,521789000.0,0.0,0.012,0.104,0.014,0.768,43204000.0,97268000.0,1.0,597641017.0,574613999.0,,0.908,26005131000.0,0.0,149818000.0,0.0,45.257,
41,HCBK,MRT,2005-03-31,2005-03-31,2005-03-31,2019-05-17,-31232000.0,21131216000.0,19817451500.0,,,0.026,2.508,-11754000.0,130202000.0,130202000.0,0.0,244966000.0,,13.674,7850000000.0,,,7850000000.0,0.0,22985000.0,11696157000.0,0.02,0.231,391448000.0,414433000.0,0.81,414433000.0,391448000.0,391448000.0,0.42,0.42,0.42,1440088000.0,1371589750.0,1440088000.0,13794418759.0,35.0,33.285,324146000.0,0.564,1.0,511508000.0,1.0,0.0,0.0,28851014000.0,26627557000.0,0.0,20770176000.0,,,19691128000.0,,,6812601759.0,-100300000.0,0.0,-133920000.0,2200000000.0,-42221000.0,2960001000.0,-3396201000.0,-3386956000.0,335900000.0,0.0,244966000.0,244966000.0,244966000.0,0.0,0.0,0.479,120060000.0,391448000.0,0.0,0.55,4.731,27.81,27.144,40028000.0,0.0,11.4,13.319,12.799,0.0,1637218000.0,511508000.0,511508000.0,0.0,0.012,0.179,0.015,0.765,35846000.0,96092000.0,1.0,597570485.0,574236047.0,,0.891,21131216000.0,0.0,146482000.0,0.0,36.799,
42,HCBK,MRT,2004-12-31,2004-12-31,2004-12-31,2019-05-17,-9095000.0,20145981000.0,19014634750.0,,,0.026,2.352,-9023000.0,168183000.0,168183000.0,0.0,239266000.0,,13.36,7150000000.0,,,7150000000.0,0.0,24129000.0,11477300000.0,0.019,0.218,382411000.0,406540000.0,0.812,406540000.0,382411000.0,382411000.0,0.41,0.4,0.41,1402884000.0,1358797750.0,1402884000.0,13350888750.0,35.0,32.84,281924000.0,0.473,1.0,500759000.0,1.0,0.0,0.0,27127798000.0,25249665250.0,0.0,19773164000.0,,,18743097000.0,,,6849347750.0,-86401000.0,0.0,-162501000.0,2000000000.0,-40482000.0,2820537000.0,-3197885000.0,-3191371000.0,290947000.0,0.0,239266000.0,239266000.0,239266000.0,0.0,0.0,0.478,118348000.0,382411000.0,0.0,0.532,4.882,28.626,28.012,36399000.0,0.0,11.485,13.678,13.678,0.0,1588792000.0,500759000.0,500759000.0,0.0,0.013,0.176,0.015,0.764,40372000.0,95230000.0,1.0,596388074.0,596388074.0,,0.84,20145981000.0,0.0,143145000.0,0.0,33.78,
43,HCBK,MRT,2004-09-30,2004-09-30,2004-09-30,2019-05-17,1621000.0,19321274000.0,18236479500.0,,,0.026,2.364,-7097000.0,148459000.0,148459000.0,0.0,229067000.0,,13.248,6650000000.0,,,6650000000.0,0.0,28391000.0,11195719000.0,0.018,0.206,366868000.0,395259000.0,0.823,395259000.0,366868000.0,366868000.0,0.392,0.385,0.392,1356085000.0,1340418250.0,1356085000.0,12724562425.0,35.0,32.193,276710000.0,0.482,1.0,480475000.0,1.0,0.0,0.0,25822815000.0,23949909750.0,0.0,18979854000.0,,,17965189000.0,,,6687296425.0,-14387000.0,0.0,-215814000.0,2450000000.0,-54404000.0,3127437000.0,-3425631000.0,-3418534000.0,283807000.0,0.0,229067000.0,229067000.0,229067000.0,0.0,0.0,0.477,113607000.0,366868000.0,0.0,0.526,4.931,29.194,28.438,34482000.0,0.0,11.148,13.918,13.312,0.0,1538221000.0,480475000.0,480475000.0,0.0,0.013,0.171,0.015,0.764,27955000.0,92886000.0,1.0,599873317.0,573760934.0,,0.837,19321274000.0,0.0,137801000.0,0.0,33.675,
44,HCBK,MRT,2004-06-30,2004-06-30,2004-06-30,2019-05-17,-47613000.0,18671335000.0,17380763250.0,,,0.026,2.226,-6632000.0,162734000.0,162734000.0,0.0,217310000.0,,13.504,6200000000.0,,,6200000000.0,0.0,34624000.0,11076461000.0,0.019,0.193,345398000.0,380022000.0,0.834,380022000.0,345398000.0,345398000.0,0.369,0.359,0.369,1287302000.0,1339702750.0,1287302000.0,11751004560.0,34.0,30.922,262322000.0,0.454,1.0,455728000.0,1.0,0.0,0.0,24708601000.0,22478096750.0,0.0,18282892000.0,,,17384033000.0,,,6331506560.0,-54181000.0,0.0,-180393000.0,2150000000.0,-70921000.0,3009003000.0,-3332138000.0,-3325506000.0,268954000.0,0.0,217310000.0,217310000.0,217310000.0,0.0,0.0,0.477,110330000.0,345398000.0,0.0,0.523,4.918,29.136,28.267,33918000.0,0.0,10.43,13.893,13.233,0.0,1487702000.0,455728000.0,455728000.0,0.0,0.013,0.162,0.015,0.758,20759000.0,90332000.0,1.0,607021831.0,578186125.0,,0.788,18671335000.0,0.0,128088000.0,0.0,32.293,
45,HCBK,MRT,2004-03-31,2004-03-31,2004-03-31,2019-05-17,17641000.0,17919949000.0,16577012250.0,,,0.027,2.387,-5543000.0,230502000.0,230502000.0,0.0,211438000.0,,11.902,5650000000.0,,,5650000000.0,0.0,42060000.0,10760015000.0,0.015,0.178,334795000.0,376855000.0,0.855,376855000.0,334795000.0,334795000.0,0.359,0.346,0.359,1388920000.0,1356512000.0,1388920000.0,12037938473.0,36.0,31.943,194307000.0,0.334,1.0,440853000.0,1.0,0.0,0.0,23339447000.0,21123300500.0,0.0,17475350000.0,,,16531029000.0,,,7142522473.0,-41793000.0,0.0,-106050000.0,1800000000.0,-84063000.0,2758219000.0,-2999862000.0,-2994319000.0,199850000.0,0.0,211438000.0,211438000.0,211438000.0,0.0,0.0,0.48,106058000.0,334795000.0,0.0,0.496,5.143,33.781,32.729,32564000.0,0.0,11.75,16.202,15.511,0.0,1439943000.0,440853000.0,440853000.0,0.0,0.013,0.156,0.016,0.759,20391000.0,86602000.0,1.0,607882321.0,581965825.0,,0.758,17919949000.0,0.0,123357000.0,0.0,30.792,
46,HCBK,MRT,2003-12-31,2003-12-31,2003-12-31,2019-05-17,-5958000.0,17033360000.0,15825401250.0,,,0.027,2.173,-2149000.0,254584000.0,254584000.0,0.0,207410000.0,,11.813,5150000000.0,,,5150000000.0,0.0,44497000.0,10453780000.0,0.014,0.162,327211000.0,371708000.0,0.865,371708000.0,327211000.0,327211000.0,0.35,0.34,0.35,1329366000.0,1342630000.0,1329366000.0,11321676442.0,35.0,30.459,245127000.0,0.401,1.0,429738000.0,1.0,0.0,0.0,21928776000.0,19911241250.0,0.0,16598993000.0,,,15703994000.0,,,7284522441.0,13788000.0,0.0,-90096000.0,1550000000.0,-95627000.0,2679428000.0,-2912916000.0,-2910767000.0,247276000.0,0.0,207410000.0,207410000.0,207410000.0,0.0,0.0,0.483,102527000.0,327211000.0,0.0,0.463,5.48,35.121,34.025,31354000.0,0.0,11.909,16.951,16.951,0.0,1396257000.0,429738000.0,429738000.0,0.0,0.013,0.154,0.016,0.761,7686000.0,83757000.0,1.0,611686196.0,611686196.0,,0.703,17033360000.0,0.0,119801000.0,0.0,27.847,
47,HCBK,MRT,2003-09-30,2003-09-30,2003-09-30,2019-05-17,1529000.0,15898409000.0,15103212250.0,,,0.028,2.312,-1082000.0,162846000.0,162846000.0,0.0,205665000.0,,10.749,4200000000.0,,,4200000000.0,0.0,40714000.0,10248064000.0,0.015,0.147,323886000.0,364600000.0,0.861,364600000.0,323886000.0,323886000.0,0.356,0.343,0.356,1353223000.0,1339309250.0,1353223000.0,9730754648.0,30.0,26.689,241308000.0,0.412,1.0,423271000.0,1.0,0.0,0.0,19935563000.0,18804999250.0,0.0,15576739000.0,,,14545186000.0,,,5897669648.0,-13707000.0,0.0,-64585000.0,1200000000.0,-87491000.0,2475652000.0,-2731749000.0,-2730667000.0,242390000.0,0.0,205665000.0,205665000.0,205665000.0,0.0,0.0,0.486,99385000.0,323886000.0,0.0,0.413,4.358,28.676,27.003,31019000.0,0.0,9.613,13.934,13.294,0.0,1372063000.0,423271000.0,423271000.0,0.0,0.014,0.154,0.017,0.765,0.0,80713000.0,1.0,613495422.0,585340169.0,,0.723,15898409000.0,0.0,118221000.0,0.0,27.161,
48,HCBK,MRT,2003-06-30,2003-06-30,2003-06-30,2019-05-17,22502000.0,15456331000.0,14427391500.0,,,0.029,2.313,-453000.0,216915000.0,216915000.0,0.0,205020000.0,,10.411,4050000000.0,,,4050000000.0,0.0,31953000.0,9966144000.0,0.016,0.131,323684000.0,355637000.0,0.846,355637000.0,323684000.0,323684000.0,0.352,0.34,0.352,1354539000.0,1324257250.0,1354539000.0,8471729311.0,26.0,23.821,226138000.0,0.386,1.0,420421000.0,1.0,0.0,0.0,19289416000.0,17825751750.0,0.0,15093091000.0,,,14101792000.0,,,4894024311.0,78748000.0,0.0,-73940000.0,1100000000.0,-78115000.0,2376805000.0,-2524648000.0,-2524195000.0,226591000.0,0.0,205020000.0,205020000.0,205020000.0,0.0,0.0,0.488,96737000.0,323684000.0,0.0,0.372,3.613,23.871,22.596,30752000.0,0.0,7.954,11.641,11.079,0.0,1348189000.0,420421000.0,420421000.0,0.0,0.014,0.155,0.018,0.77,0.0,77085000.0,1.0,615303606.0,585610893.0,,0.718,15456331000.0,0.0,118664000.0,0.0,26.394,
49,HCBK,MRT,2003-03-31,2003-03-31,2003-03-31,2019-05-17,18785000.0,14913505000.0,13773949750.0,,,0.03,2.276,132000.0,272295000.0,272295000.0,0.0,200648000.0,,10.185,3850000000.0,,,3850000000.0,0.0,21679000.0,9611683000.0,0.019,0.119,315854000.0,337533000.0,0.822,337533000.0,315854000.0,315854000.0,0.343,0.331,0.343,1333392000.0,1303901000.0,1333392000.0,7249160405.0,23.0,21.477,243850000.0,0.416,1.0,410748000.0,1.0,0.0,0.0,18491210000.0,16916997000.0,0.0,14502517000.0,,,13580113000.0,,,3889956405.0,126766000.0,0.0,-123425000.0,1200000000.0,-71442000.0,2365436000.0,-2482388000.0,-2482520000.0,243718000.0,0.0,200648000.0,200648000.0,200648000.0,0.0,0.0,0.488,94894000.0,315854000.0,0.0,0.347,2.917,19.387,18.406,30465000.0,0.0,6.313,9.47,9.006,68547000.0,1320000000.0,410748000.0,410748000.0,0.0,0.015,0.154,0.019,0.769,0.0,75639000.0,1.0,616166020.0,585942288.0,,0.701,14913505000.0,0.0,115206000.0,0.0,25.452,
50,HCBK,MRT,2002-12-31,2002-12-31,2002-12-31,2019-05-17,24290000.0,14144604000.0,13119442750.0,,,0.03,2.133,-5144000.0,240796000.0,240796000.0,0.0,192033000.0,,9.748,3600000000.0,,,3600000000.0,0.0,14269000.0,9138629000.0,0.019,0.108,301415000.0,315684000.0,0.799,315684000.0,301415000.0,301415000.0,0.324,0.315,0.324,1316083000.0,1294693750.0,1316083000.0,6409205167.0,21.0,20.303,206128000.0,0.334,1.0,394956000.0,1.0,0.0,0.0,17503808000.0,15994181500.0,0.0,13757890000.0,,,12828521000.0,,,3585758167.0,138982000.0,0.0,-132094000.0,1450000000.0,-64504000.0,2479269000.0,-2551559000.0,-2546415000.0,211272000.0,0.0,192033000.0,192033000.0,192033000.0,0.0,0.0,0.486,93541000.0,301415000.0,0.0,0.333,2.725,18.673,17.935,32732000.0,0.0,5.811,9.079,9.079,0.0,1291960000.0,394956000.0,394956000.0,0.0,0.015,0.148,0.019,0.763,0.0,74619000.0,1.0,617066059.0,617066059.0,,0.64,14144604000.0,0.0,109382000.0,0.0,22.922,
51,HCBK,MRT,2002-09-30,2002-09-30,2002-09-30,2019-05-17,8848000.0,13195126000.0,12439983750.0,,,0.03,2.196,-6320000.0,176553000.0,176553000.0,0.0,180802000.0,,9.205,3000000000.0,,,3000000000.0,0.0,11434000.0,8820336000.0,0.019,0.098,281983000.0,293417000.0,0.787,293417000.0,281983000.0,281983000.0,0.303,0.296,0.303,1293015000.0,1287857000.0,1293015000.0,5951712463.0,21.0,20.284,183278000.0,0.311,1.0,372631000.0,1.0,0.0,0.0,16018573000.0,14986968000.0,0.0,12876224000.0,,,11902111000.0,,,3139879463.0,6639000.0,0.0,-127183000.0,1000000000.0,-61373000.0,2189454000.0,-2372413000.0,-2366093000.0,189598000.0,0.0,180802000.0,180802000.0,180802000.0,0.0,0.0,0.485,90648000.0,281983000.0,0.0,0.323,2.428,17.366,16.708,33515000.0,0.0,5.062,8.426,8.0,0.0,1266354000.0,372631000.0,372631000.0,0.0,0.015,0.14,0.019,0.757,0.0,72665000.0,1.0,620237434.0,588845956.0,,0.633,13195126000.0,0.0,101181000.0,0.0,22.408,
52,HCBK,MRT,2002-06-30,2002-06-30,2002-06-30,2019-05-17,7268000.0,12842564000.0,11845058750.0,,,0.029,2.134,-7569000.0,138167000.0,138167000.0,0.0,164711000.0,,9.088,2950000000.0,,,2950000000.0,0.0,9645000.0,8537284000.0,0.014,0.089,255314000.0,264959000.0,0.77,264959000.0,255314000.0,255314000.0,0.274,0.268,0.274,1273114000.0,1285051500.0,1273114000.0,6423943319.0,25.0,24.245,180923000.0,0.303,1.0,344136000.0,1.0,0.0,0.0,15654397000.0,14143702750.0,0.0,12559814000.0,,,11569450000.0,,,3919472319.0,12700000.0,0.0,-169165000.0,1200000000.0,-55556000.0,2601424000.0,-2777216000.0,-2769647000.0,188492000.0,0.0,164711000.0,164711000.0,164711000.0,0.0,0.0,0.479,88822000.0,255314000.0,0.0,0.325,3.079,23.796,22.654,33970000.0,0.0,6.207,11.389,10.761,0.0,1233422000.0,344136000.0,344136000.0,0.0,0.014,0.128,0.018,0.742,0.0,71938000.0,1.0,631448656.0,596591322.0,,0.577,12842564000.0,0.0,90603000.0,0.0,21.527,
53,HCBK,MRT,2002-03-31,2002-03-31,2002-03-31,2019-05-17,931000.0,12295477000.0,11145368000.0,,,0.028,2.161,-7579000.0,145529000.0,145529000.0,0.0,147458000.0,,8.483,2650000000.0,,,2650000000.0,0.0,7183000.0,8251380000.0,0.016,0.081,228262000.0,235445000.0,0.749,235445000.0,228262000.0,228262000.0,0.243,0.24,0.243,1296563000.0,1295288250.0,1296563000.0,5246856399.0,23.0,22.285,166222000.0,0.277,1.0,314533000.0,1.0,0.0,0.0,14799948000.0,13147187000.0,0.0,12004771000.0,,,10998914000.0,,,3198670399.0,-98843000.0,0.0,-152817000.0,1200000000.0,-50171000.0,2498647000.0,-2771291000.0,-2763712000.0,173801000.0,0.0,147458000.0,147458000.0,147458000.0,0.0,0.0,0.469,86271000.0,228262000.0,0.0,0.333,2.467,21.692,20.833,34347000.0,0.0,5.062,10.17,9.655,64020000.0,1200363000.0,314533000.0,314533000.0,0.0,0.013,0.114,0.017,0.726,0.0,69750000.0,1.0,631850727.0,599904514.0,,0.524,12295477000.0,0.0,80804000.0,0.0,20.496,
54,HCBK,MRT,2001-12-31,2001-12-31,2001-12-31,2019-05-17,4844000.0,11426768000.0,10475961000.0,,,0.028,2.018,-3966000.0,101814000.0,101814000.0,0.0,134549000.0,,7.867,2150000000.0,,,2150000000.0,0.0,5167000.0,7912762000.0,0.018,0.073,208066000.0,213233000.0,0.736,213233000.0,208066000.0,208066000.0,0.215,0.212,0.215,1288736000.0,1306340250.0,1288736000.0,4454527555.0,21.0,20.89,160781000.0,0.252,1.0,289890000.0,1.0,0.0,0.0,13474954000.0,12153069250.0,0.0,11191296000.0,,,10138032000.0,,,2624441555.0,-85297000.0,0.0,-280661000.0,900000000.0,-46542000.0,1881438000.0,-2131482000.0,-2127516000.0,164747000.0,0.0,134549000.0,134549000.0,134549000.0,0.0,0.0,0.464,81824000.0,208066000.0,0.0,0.34,2.036,19.505,19.114,31363000.0,0.0,4.109,9.053,9.053,0.0,1170138000.0,289890000.0,289890000.0,0.0,0.013,0.103,0.017,0.718,0.0,66395000.0,1.0,638630712.0,638630712.0,,0.454,11426768000.0,0.0,73517000.0,0.0,17.893,
55,HCBK,MRT,2001-09-30,2001-09-30,2001-09-30,2019-05-17,3743000.0,10815426000.0,9964362250.0,,,0.027,2.088,-2999000.0,169914000.0,169914000.0,0.0,123619000.0,,7.438,2000000000.0,,,2000000000.0,0.0,3779000.0,7442326000.0,0.018,0.066,190939000.0,194718000.0,0.714,194718000.0,190939000.0,190939000.0,0.193,0.19,0.193,1281793000.0,1350298500.0,1281793000.0,4032852350.0,21.0,20.711,160189000.0,0.261,1.0,272859000.0,1.0,0.0,0.0,12645512000.0,11395146250.0,0.0,10512381000.0,,,9533633000.0,,,2408319350.0,58217000.0,0.0,-297522000.0,900000000.0,-43003000.0,1468046000.0,-1573017000.0,-1570018000.0,163188000.0,0.0,123619000.0,123619000.0,123619000.0,0.0,0.0,0.453,81920000.0,190939000.0,0.0,0.342,1.879,19.482,19.313,31026000.0,0.0,3.727,8.826,8.386,63434000.0,1146116000.0,272859000.0,272859000.0,0.0,0.012,0.092,0.017,0.7,0.0,66620000.0,1.0,646114798.0,613864310.0,,0.444,10815426000.0,0.0,67320000.0,0.0,17.619,
56,HCBK,MRT,2001-06-30,2001-06-30,2001-06-30,2019-05-17,418000.0,10043801000.0,9551022500.0,,,0.028,2.093,-1997000.0,125467000.0,125467000.0,0.0,119170000.0,,6.643,1750000000.0,,,1750000000.0,0.0,3180000.0,6911139000.0,0.016,0.059,183966000.0,187146000.0,0.708,187146000.0,183966000.0,183966000.0,0.179,0.178,0.179,1314061000.0,1397223500.0,1314061000.0,3621770218.0,20.0,19.353,138552000.0,0.221,1.0,264366000.0,1.0,0.0,0.0,11668334000.0,10771360750.0,0.0,9787778000.0,,,8729740000.0,,,2416142218.0,30059000.0,0.0,-255967000.0,1000000000.0,-39728000.0,990002000.0,-1100492000.0,-1098495000.0,140549000.0,0.0,119170000.0,119170000.0,119170000.0,0.0,0.0,0.451,80400000.0,183966000.0,0.0,0.33,1.839,20.275,20.118,30259000.0,0.0,3.601,9.139,8.553,58596000.0,1124181000.0,264366000.0,264366000.0,0.0,0.012,0.085,0.017,0.696,0.0,65605000.0,1.0,670952962.0,627933360.0,,0.421,10043801000.0,0.0,64796000.0,0.0,15.995,
57,HCBK,MRT,2001-03-31,2001-03-31,2001-03-31,2019-05-17,-291000.0,9617849000.0,9262308750.0,,,0.028,2.011,-2634000.0,244372000.0,244372000.0,0.0,117197000.0,,6.173,1450000000.0,,,1450000000.0,0.0,3950000.0,6749745000.0,0.017,0.053,180081000.0,184031000.0,0.708,184031000.0,180081000.0,180081000.0,0.17,0.168,0.17,1340771000.0,1432859500.0,1340771000.0,3135672692.0,17.0,17.039,124428000.0,0.187,1.0,259936000.0,1.0,0.0,0.0,10823477000.0,10240161750.0,0.0,9244861000.0,,,8277078000.0,,,2072783692.0,123936000.0,0.0,-220465000.0,850000000.0,-36825000.0,680663000.0,-683789000.0,-681155000.0,127062000.0,0.0,117197000.0,117197000.0,117197000.0,0.0,0.0,0.451,79855000.0,180081000.0,0.0,0.312,1.546,17.686,18.174,30647000.0,0.0,3.09,7.974,7.925,58388000.0,1104233000.0,259936000.0,259936000.0,0.0,0.013,0.082,0.018,0.693,0.0,64852000.0,1.0,670908078.0,666740753.0,,0.39,9617849000.0,0.0,62884000.0,0.0,14.425,
58,HCBK,MRT,2000-12-31,2000-12-31,2000-12-31,2019-05-17,-3097000.0,9380373000.0,9052289750.0,,,0.028,2.013,-3708000.0,187111000.0,187111000.0,0.0,114826000.0,,5.405,1250000000.0,,,1250000000.0,0.0,5755000.0,6604121000.0,0.014,0.045,177416000.0,183171000.0,0.714,183171000.0,177416000.0,177416000.0,0.162,0.162,0.162,1464569000.0,1459432000.0,1464569000.0,3285853825.0,19.0,17.939,115600000.0,0.159,1.0,256413000.0,1.0,0.0,0.0,10443262000.0,9848626750.0,0.0,9054853000.0,,,7915804000.0,,,2297550825.0,-13728000.0,0.0,-128990000.0,950000000.0,-32006000.0,705081000.0,-838117000.0,-834409000.0,119308000.0,0.0,114826000.0,114826000.0,114826000.0,0.0,0.0,0.448,78997000.0,177416000.0,0.0,0.278,1.569,20.009,19.495,31309000.0,0.0,3.158,8.96,8.96,0.0,1084157000.0,256413000.0,256413000.0,0.0,0.013,0.079,0.018,0.692,0.0,63549000.0,1.0,727501032.0,727501032.0,,0.352,9380373000.0,0.0,62590000.0,0.0,12.894,
59,HCBK,MRT,2000-09-30,2000-09-30,2000-09-30,2019-05-17,-17227000.0,9162067000.0,8836912750.0,,,0.029,1.996,-7003000.0,111697000.0,111697000.0,0.0,115746000.0,,5.235,1100000000.0,,,1100000000.0,0.0,7966000.0,6533755000.0,0.015,0.039,180524000.0,188490000.0,0.736,188490000.0,180524000.0,180524000.0,0.161,0.159,0.161,1469493000.0,1463049750.0,1469493000.0,2606979100.0,14.0,13.831,117995000.0,0.16,1.0,256194000.0,1.0,0.0,0.0,10150370000.0,9392317750.0,0.0,8911018000.0,,,7692574000.0,,,1952387100.0,5624000.0,0.0,-101046000.0,1000000000.0,-27951000.0,662248000.0,-781622000.0,-774619000.0,124998000.0,0.0,115746000.0,115746000.0,115746000.0,0.0,0.0,0.452,75670000.0,180524000.0,0.0,0.242,1.329,16.868,16.468,31882000.0,0.0,2.651,7.621,7.621,0.0,1065500000.0,256194000.0,256194000.0,0.0,0.013,0.079,0.019,0.705,0.0,59452000.0,1.0,736394476.0,736394476.0,,0.348,9162067000.0,0.0,64778000.0,0.0,12.442,
60,HCBK,MRT,2000-06-30,2000-06-30,2000-06-30,2019-05-17,-25927000.0,8888946000.0,8638381500.0,,,0.03,1.968,-6924000.0,95408000.0,95408000.0,0.0,115448000.0,,5.103,750000000.0,,,750000000.0,0.0,8054000.0,6625442000.0,0.01,0.027,182149000.0,190203000.0,0.745,190203000.0,182149000.0,182149000.0,0.153,0.153,0.153,1456605000.0,1464938500.0,1456605000.0,2448856098.0,13.0,12.875,125462000.0,0.17,1.0,255222000.0,1.0,0.0,0.0,9543538000.0,8945192500.0,0.0,8649095000.0,,,7432341000.0,,,1969292098.0,-26275000.0,0.0,433147000.0,750000000.0,-19634000.0,560963000.0,-719624000.0,-712700000.0,132386000.0,0.0,115448000.0,115448000.0,115448000.0,0.0,0.0,0.452,73073000.0,182149000.0,0.0,0.176,1.352,17.058,17.39,32060000.0,0.0,2.661,7.716,7.716,0.0,1044739000.0,255222000.0,255222000.0,0.0,0.013,0.079,0.02,0.714,0.0,57170000.0,1.0,740158320.0,740158320.0,,0.345,8888946000.0,0.0,66701000.0,0.0,12.01,
61,HCBK,MRT,2000-03-31,2000-03-31,2000-03-31,2019-05-17,-26670000.0,8777773000.0,8468886500.0,,,0.029,1.952,-6365000.0,120436000.0,120436000.0,0.0,111435000.0,,5.066,600000000.0,,,600000000.0,0.0,8393000.0,6661792000.0,0.007,0.016,177587000.0,185980000.0,0.751,185980000.0,177587000.0,177587000.0,,,,1447061000.0,1335580250.0,1447061000.0,1790949329.0,10.0,9.63,123709000.0,0.167,1.0,247632000.0,1.0,0.0,0.0,9257337000.0,8581628750.0,0.0,8524520000.0,,,7330712000.0,,,1691788329.0,34587000.0,0.0,447150000.0,600000000.0,-11564000.0,796049000.0,-891536000.0,-885171000.0,130074000.0,0.0,111435000.0,111435000.0,111435000.0,0.0,0.0,0.45,70045000.0,177587000.0,0.0,,1.169,15.182,,31779000.0,0.0,2.282,6.832,6.832,52119000.0,1023861000.0,247632000.0,247632000.0,0.0,0.013,0.083,0.021,0.717,0.0,55433000.0,1.0,741472780.0,741472780.0,,0.334,8777773000.0,0.0,66152000.0,0.0,11.838,
62,HCBK,MRT,1999-12-31,1999-12-31,1999-12-31,2019-05-17,-27963000.0,8518865000.0,8244420250.0,,,0.029,1.995,-5485000.0,200839000.0,200839000.0,0.0,107386000.0,,4.76,300000000.0,,,300000000.0,0.0,8005000.0,6688044000.0,0.004,0.008,171236000.0,179241000.0,0.748,179241000.0,171236000.0,171236000.0,0.073,0.073,0.073,1479040000.0,1204037500.0,1479040000.0,1548105752.0,9.0,8.637,116112000.0,0.157,1.0,239644000.0,1.0,0.0,0.0,8618026000.0,8215809250.0,0.0,8185743000.0,,,7039825000.0,,,1554178752.0,43964000.0,0.0,504239000.0,300000000.0,-5782000.0,678962000.0,-756595000.0,-751110000.0,121597000.0,0.0,107386000.0,107386000.0,107386000.0,0.0,0.0,0.448,68408000.0,171236000.0,0.0,0.11,1.051,14.473,28.713,31200000.0,0.0,2.096,6.485,6.485,0.0,1001337000.0,239644000.0,239644000.0,0.0,0.013,0.089,0.021,0.715,0.0,54193000.0,1.0,741472780.0,741472780.0,,0.323,8518865000.0,0.0,63850000.0,0.0,11.489,
63,HCBK,MRT,1999-09-30,1999-09-30,1999-09-30,2019-05-17,-17440000.0,8367942000.0,8052769000.0,,,0.028,1.992,-2562000.0,106073000.0,106073000.0,0.0,101144000.0,,4.665,100000000.0,,,100000000.0,0.0,7036000.0,6742510000.0,0.0,0.0,161329000.0,168365000.0,0.736,168365000.0,161329000.0,161329000.0,,,,1477048000.0,1059429000.0,1477048000.0,1468343625.0,9.0,8.721,109931000.0,0.148,1.0,228691000.0,1.0,0.0,0.0,8361869000.0,7960149000.0,0.0,8143827000.0,,,6890894000.0,,,1590026625.0,-220000.0,0.0,515843000.0,100000000.0,0.0,690001000.0,-802714000.0,-800152000.0,112493000.0,0.0,101144000.0,101144000.0,101144000.0,0.0,0.0,0.442,67362000.0,161329000.0,0.0,,1.076,15.72,,28324000.0,0.0,2.144,6.953,6.953,0.0,977705000.0,228691000.0,228691000.0,0.0,0.013,0.095,0.02,0.705,0.0,54243000.0,1.0,741472780.0,741472780.0,,0.308,8367942000.0,0.0,60185000.0,0.0,11.286,
64,HCBK,MRT,1999-06-30,1999-06-30,1999-06-30,2019-05-17,-9953000.0,8210966000.0,,,,,1.267,-2551000.0,121683000.0,121683000.0,0.0,95639000.0,,7.743,0.0,,,0.0,0.0,7648000.0,7227792000.0,,0.0,153189000.0,160837000.0,0.737,160837000.0,153189000.0,153189000.0,,,,939172000.0,,939172000.0,,,,103455000.0,0.14,1.0,218197000.0,1.0,0.0,0.0,8089283000.0,,0.0,7969777000.0,,,7271794000.0,,,,41248000.0,0.0,0.0,0.0,0.0,574838000.0,-639596000.0,-637045000.0,106006000.0,0.0,95639000.0,95639000.0,95639000.0,0.0,0.0,0.438,65008000.0,153189000.0,0.0,,,,,28478000.0,0.0,,,,0.0,949125000.0,218197000.0,218197000.0,0.0,,,,0.702,0.0,52167000.0,1.0,741472780.0,741472780.0,,0.294,8210966000.0,0.0,57550000.0,0.0,11.074,
65,HCBK,MRT,1999-03-31,1999-03-31,1999-03-31,2019-05-17,-3300000.0,7879908000.0,,,,,,-2978000.0,85849000.0,85849000.0,0.0,93771000.0,,7.557,0.0,,,0.0,0.0,6786000.0,6901129000.0,,0.0,150496000.0,157282000.0,0.733,157282000.0,150496000.0,150496000.0,,,,920890000.0,,920890000.0,,,,96921000.0,,1.0,214560000.0,1.0,0.0,0.0,7794059000.0,,0.0,7684529000.0,,,6959018000.0,,,,-35818000.0,0.0,0.0,0.0,0.0,301290000.0,-437007000.0,-434029000.0,99899000.0,0.0,93771000.0,93771000.0,93771000.0,0.0,0.0,0.437,64064000.0,150496000.0,0.0,,,,,28693000.0,0.0,,,,0.0,924190000.0,214560000.0,214560000.0,0.0,,,,0.701,0.0,51431000.0,1.0,,,,,7879908000.0,0.0,56725000.0,0.0,,
66,HCBK,MRT,1998-12-31,1998-12-31,1998-12-31,2019-05-17,673000.0,7752260000.0,7533129500.0,,,0.028,,-3375000.0,156875000.0,156875000.0,0.0,93269000.0,,7.608,0.0,,,0.0,0.0,6052000.0,6807339000.0,,0.0,148769000.0,154821000.0,0.729,154821000.0,148769000.0,148769000.0,,,,900606000.0,854159500.0,900606000.0,,,,100301000.0,,1.0,212261000.0,1.0,0.0,0.0,7595385000.0,7406855000.0,0.0,7487904000.0,,,6851654000.0,,,,61201000.0,0.0,0.0,0.0,0.0,341383000.0,-383858000.0,-380483000.0,103676000.0,0.0,93269000.0,93269000.0,93269000.0,0.0,0.0,0.439,63492000.0,148769000.0,0.0,,,,,29064000.0,0.0,,,,0.0,899933000.0,212261000.0,212261000.0,0.0,0.012,0.109,0.02,0.701,0.0,51013000.0,1.0,,,,,7752260000.0,0.0,55500000.0,0.0,,
67,HCBK,MRT,1998-09-30,1998-09-30,1998-09-30,2019-05-17,,,,,,,,,,,,,,,,,,,,,,,0.0,,,,,,,,,,,,,,,,,,1.0,,,,,,,,,,,,,,,,,,,,,,,,,,,,,,,,,,,,,,,,,,,,,,,,,,,,,,1.0,,,,,,,,,,
68,HCBK,MRT,1998-06-30,1998-06-30,1998-06-30,2019-05-17,,,,,,,,,,,,,,,,,,,,,,,0.0,,,,,,,,,,,,,,,,,,1.0,,,,,,,,,,,,,,,,,,,,,,,,,,,,,,,,,,,,,,,,,,,,,,,,,,,,,,1.0,,,,,,,,,,
69,HCBK,MRT,1998-03-31,1998-03-31,1998-03-31,2019-05-17,,,,,,,,,,,,,,,,,,,,,,,0.0,,,,,,,,,,,,,,,,,,1.0,,,,,,,,,,,,,,,,,,,,,,,,,,,,,,,,,,,,,,,,,,,,,,,,,,,,,,1.0,,,,,,,,,,
70,HCBK,MRT,1997-12-31,1997-12-31,1997-12-31,2019-05-17,1049000.0,7313999000.0,,,,,,-3113000.0,95674000.0,95674000.0,0.0,89993000.0,,8.055,0.0,,,0.0,0.0,5505000.0,6465956000.0,,0.0,143493000.0,148998000.0,0.722,148998000.0,143493000.0,143493000.0,,,,807713000.0,,807713000.0,,,,94190000.0,,1.0,206412000.0,1.0,0.0,0.0,7218325000.0,,0.0,7114519000.0,,,6506286000.0,,,,-25927000.0,0.0,0.0,0.0,0.0,546985000.0,-670215000.0,-667102000.0,97303000.0,0.0,89993000.0,89993000.0,89993000.0,0.0,0.0,0.436,62919000.0,143493000.0,0.0,,,,,29197000.0,0.0,,,,0.0,806664000.0,206412000.0,206412000.0,0.0,,,,0.695,0.0,50669000.0,1.0,,,,,7313999000.0,0.0,53500000.0,0.0,,
71,HCBK,MRT,1996-12-31,1996-12-31,1996-12-31,2019-05-17,,,,,,,,-3990000.0,,,0.0,80831000.0,,,,,,,,5761000.0,,,0.0,127426000.0,133187000.0,0.707,133187000.0,127426000.0,127426000.0,,,,,,,,,,87612000.0,,1.0,188384000.0,1.0,,0.0,,,,,,,,,,,-11431000.0,0.0,0.0,0.0,0.0,1161158000.0,-1264191000.0,-1260201000.0,91602000.0,0.0,80831000.0,80831000.0,80831000.0,0.0,0.0,0.429,60958000.0,127426000.0,,,,,,,0.0,,,,,,188384000.0,188384000.0,0.0,,,,0.676,0.0,48975000.0,,,,,,,,46595000.0,,,
