None,ticker,dimension,calendardate,datekey,reportperiod,lastupdated,accoci,assets,assetsavg,assetsc,assetsnc,assetturnover,bvps,capex,cashneq,cashnequsd,cor,consolinc,currentratio,de,debt,debtc,debtnc,debtusd,deferredrev,depamor,deposits,divyield,dps,ebit,ebitda,ebitdamargin,ebitdausd,ebitusd,ebt,eps,epsdil,epsusd,equity,equityavg,equityusd,ev,evebit,evebitda,fcf,fcfps,fxusd,gp,grossmargin,intangibles,intexp,invcap,invcapavg,inventory,investments,investmentsc,investmentsnc,liabilities,liabilitiesc,liabilitiesnc,marketcap,ncf,ncfbus,ncfcommon,ncfdebt,ncfdiv,ncff,ncfi,ncfinv,ncfo,ncfx,netinc,netinccmn,netinccmnusd,netincdis,netincnci,netmargin,opex,opinc,payables,payoutratio,pb,pe,pe1,ppnenet,prefdivis,price,ps,ps1,receivables,retearn,revenue,revenueusd,rnd,roa,roe,roic,ros,sbcomp,sgna,sharefactor,sharesbas,shareswa,shareswadil,sps,tangibles,taxassets,taxexp,taxliabilities,tbvps,workingcapital
0,TEG,MRY,2014-12-31,2014-12-31,2014-12-31,2019-04-11,-27600000.0,11282000000.0,11460875000.0,1462100000.0,9819900000.0,0.362,41.143,-865000000.0,18000000.0,18000000.0,3429700000.0,279900000.0,1.009,2.419,3398900000.0,442600000.0,2956300000.0,3398900000.0,0.0,290200000.0,0.0,0.035,2.72,628200000.0,918400000.0,0.222,918400000.0,628200000.0,473400000.0,3.45,3.43,3.45,3299700000.0,3326475000.0,3299700000.0,9557826634.0,15.0,10.407,-263600000.0,-3.287,1.0,714500000.0,0.172,655400000.0,154800000.0,12558000000.0,12422050000.0,327200000.0,550600000.0,0.0,550600000.0,7982300000.0,1449500000.0,6532800000.0,6225126634.0,-4300000.0,648100000.0,-57100000.0,16600000.0,-216300000.0,-269200000.0,-336500000.0,-18400000.0,601400000.0,0.0,280000000.0,276900000.0,276900000.0,-1800000.0,-100000.0,0.067,243000000.0,471500000.0,490700000.0,0.788,1.887,22.481,22.565,6827700000.0,3100000.0,77.85,1.502,1.507,699800000.0,626000000.0,4144200000.0,4144200000.0,0.0,0.024,0.083,0.051,0.152,0.0,0.0,1.0,79963091.0,80200000.0,80700000.0,51.673,10626600000.0,188600000.0,193400000.0,1718300000.0,132.501,12600000.0
1,TEG,MRY,2013-12-31,2013-12-31,2013-12-31,2019-04-11,-23200000.0,11243500000.0,10926550000.0,2334200000.0,8909300000.0,0.319,41.023,-669200000.0,16800000.0,16800000.0,2782600000.0,354800000.0,1.354,2.448,3382200000.0,426000000.0,2956200000.0,3382200000.0,0.0,266600000.0,0.0,0.05,2.72,640300000.0,906900000.0,0.26,906900000.0,640300000.0,512900000.0,4.43,4.39,4.43,3261300000.0,3186825000.0,3261300000.0,7486922538.0,12.0,8.256,-114300000.0,-1.438,1.0,702900000.0,0.202,655400000.0,127400000.0,12230100000.0,11467700000.0,218900000.0,540900000.0,0.0,540900000.0,7982200000.0,1723400000.0,6258800000.0,4342322538.0,-5100000.0,-407300000.0,36700000.0,654100000.0,-202600000.0,462700000.0,-1022700000.0,-13700000.0,554900000.0,0.0,354900000.0,351800000.0,351800000.0,-87300000.0,-100000.0,0.101,277400000.0,425500000.0,401900000.0,0.614,1.331,12.343,12.282,6206200000.0,3100000.0,54.41,1.246,1.241,646100000.0,567100000.0,3485500000.0,3485500000.0,0.0,0.032,0.11,0.056,0.184,0.0,0.0,1.0,79807435.0,79500000.0,80100000.0,43.843,10588100000.0,175800000.0,158000000.0,1526800000.0,133.184,610800000.0
2,TEG,MRY,2012-12-31,2012-12-31,2012-12-31,2019-04-11,-40900000.0,10327400000.0,9939925000.0,1659100000.0,8668300000.0,0.303,38.496,-594400000.0,27400000.0,27400000.0,2386100000.0,284300000.0,0.915,2.413,2727600000.0,795900000.0,1931700000.0,2727600000.0,0.0,252500000.0,0.0,0.052,2.72,521300000.0,773800000.0,0.257,773800000.0,521300000.0,402400000.0,3.58,3.55,3.58,3025800000.0,3007050000.0,3025800000.0,6575494451.0,13.0,8.498,-20600000.0,-0.262,1.0,626800000.0,0.208,658300000.0,118900000.0,10556000000.0,10040800000.0,271900000.0,512200000.0,0.0,512200000.0,7301600000.0,1813300000.0,5488300000.0,4088194451.0,-700000.0,0.0,-34100000.0,301900000.0,-211900000.0,28100000.0,-602600000.0,-27400000.0,573800000.0,0.0,284500000.0,281400000.0,281400000.0,-45400000.0,-200000.0,0.093,270000000.0,356800000.0,457700000.0,0.76,1.351,14.528,14.587,5501900000.0,3100000.0,52.22,1.357,1.362,796800000.0,431500000.0,3012900000.0,3012900000.0,0.0,0.028,0.094,0.052,0.173,0.0,0.0,1.0,78287906.0,78600000.0,79300000.0,38.332,9669100000.0,217100000.0,117900000.0,1336100000.0,123.017,-154200000.0
3,TEG,MRY,2011-12-31,2011-12-31,2011-12-31,2019-04-11,-42500000.0,9983200000.0,9613575000.0,1828200000.0,8155000000.0,0.487,37.677,-310100000.0,28100000.0,28100000.0,4031400000.0,230500000.0,1.092,2.371,2398300000.0,553300000.0,1845000000.0,2398300000.0,0.0,247700000.0,0.0,0.05,2.72,492000000.0,739700000.0,0.158,739700000.0,492000000.0,363800000.0,2.89,2.87,2.89,2961400000.0,2977950000.0,2961400000.0,6536138747.0,13.0,8.836,407700000.0,5.187,1.0,654500000.0,0.14,658400000.0,128200000.0,10021300000.0,9854150000.0,297600000.0,476300000.0,0.0,476300000.0,7021800000.0,1673700000.0,5348100000.0,4241638747.0,-150900000.0,-42600000.0,-6700000.0,-222500000.0,-206400000.0,-478400000.0,-393500000.0,-37600000.0,717800000.0,0.0,230500000.0,227400000.0,227400000.0,-500000.0,0.0,0.049,291200000.0,363300000.0,426600000.0,0.941,1.432,18.653,18.747,5175500000.0,3100000.0,54.18,0.905,0.909,737700000.0,363600000.0,4685900000.0,4685900000.0,0.0,0.024,0.076,0.05,0.105,0.0,0.0,1.0,78287906.0,78600000.0,79100000.0,59.617,9324800000.0,303800000.0,133300000.0,1185200000.0,118.636,154500000.0
4,TEG,MRY,2010-12-31,2010-12-31,2010-12-31,2019-04-11,-44700000.0,9816800000.0,9835675000.0,2050400000.0,7766400000.0,0.526,37.494,-257700000.0,179000000.0,179000000.0,4432600000.0,223700000.0,1.237,2.378,2648500000.0,486900000.0,2161600000.0,2648500000.0,0.0,260400000.0,0.0,0.056,2.72,533000000.0,793400000.0,0.153,793400000.0,533000000.0,386300000.0,2.85,2.83,2.85,2905800000.0,2887825000.0,2905800000.0,6048303887.0,11.0,7.623,457000000.0,5.897,1.0,737200000.0,0.143,642500000.0,146700000.0,9986000000.0,9574225000.0,247900000.0,0.0,0.0,0.0,6911000000.0,1657800000.0,5253200000.0,3763503887.0,134500000.0,0.0,31300000.0,-79300000.0,-186100000.0,-391400000.0,-198600000.0,-6900000.0,714700000.0,0.0,224000000.0,220900000.0,220900000.0,21500000.0,-300000.0,0.043,329700000.0,407500000.0,453000000.0,0.954,1.295,17.037,17.021,5013400000.0,3100000.0,48.51,0.728,0.727,832100000.0,350800000.0,5169800000.0,5169800000.0,0.0,0.022,0.076,0.056,0.103,0.0,0.0,1.0,77582022.0,77500000.0,78000000.0,66.707,9174300000.0,337600000.0,162300000.0,995900000.0,118.378,392600000.0
5,TEG,MRY,2009-12-31,2009-12-31,2009-12-31,2019-04-11,-44000000.0,11844600000.0,13168450000.0,3512200000.0,8332400000.0,0.57,37.109,-444200000.0,44500000.0,44500000.0,6815800000.0,-67500000.0,1.116,3.156,2733300000.0,338600000.0,2394700000.0,2733300000.0,0.0,230600000.0,0.0,0.065,2.72,182000000.0,412600000.0,0.055,412600000.0,182000000.0,17200000.0,-0.91,-0.91,-0.91,2850000000.0,2852375000.0,2850000000.0,5813180545.0,32.0,14.089,1162100000.0,15.132,1.0,684000000.0,0.091,642500000.0,164800000.0,10743200000.0,10819625000.0,304300000.0,0.0,0.0,0.0,8994600000.0,3147700000.0,5846900000.0,3208880545.0,-209600000.0,0.0,0.0,-901400000.0,-206900000.0,-1378400000.0,-440700000.0,-34100000.0,1606300000.0,0.0,-66500000.0,-69600000.0,-69600000.0,-2800000.0,-1000000.0,-0.009,670600000.0,13400000.0,639400000.0,-2.989,1.126,-46.105,-46.143,4941800000.0,3100000.0,41.99,0.428,0.43,958000000.0,337000000.0,7499800000.0,7499800000.0,0.0,-0.005,-0.024,0.017,0.024,0.0,0.0,1.0,76420113.0,76800000.0,76800000.0,97.654,11202100000.0,186000000.0,83700000.0,780800000.0,145.861,364500000.0
6,TEG,MRY,2008-12-31,2008-12-31,2008-12-31,2019-04-11,-72800000.0,14272500000.0,13619475000.0,5917000000.0,8355500000.0,1.031,40.412,-532800000.0,254100000.0,254100000.0,13572700000.0,119500000.0,1.035,3.605,3645600000.0,1359900000.0,2285700000.0,3645600000.0,0.0,221400000.0,0.0,0.062,2.68,338800000.0,560200000.0,0.04,560200000.0,338800000.0,180700000.0,1.52,1.51,1.52,3099600000.0,3220975000.0,3099600000.0,6593162130.0,19.0,11.769,-782800000.0,-10.206,1.0,475100000.0,0.034,933900000.0,158100000.0,11013600000.0,10400000000.0,732800000.0,0.0,0.0,0.0,11172900000.0,5716500000.0,5456400000.0,3284662130.0,212900000.0,-17400000.0,0.0,848800000.0,-203900000.0,911300000.0,-452200000.0,-37800000.0,-250000000.0,0.0,119600000.0,116500000.0,116500000.0,-4700000.0,-100000.0,0.008,299200000.0,175900000.0,1534300000.0,1.763,1.06,28.195,28.276,4748500000.0,3100000.0,42.98,0.234,0.235,1892600000.0,624600000.0,14047800000.0,14047800000.0,0.0,0.009,0.036,0.033,0.024,0.0,0.0,1.0,76423037.0,76700000.0,77000000.0,183.153,13338600000.0,0.0,61100000.0,544200000.0,173.906,200500000.0
7,TEG,MRY,2007-12-31,2007-12-31,2007-12-31,2019-04-11,-1300000.0,11234400000.0,11079300000.0,3726300000.0,7508100000.0,0.929,45.193,-392600000.0,41200000.0,41200000.0,9729900000.0,254300000.0,1.147,2.472,2788500000.0,523400000.0,2265100000.0,2788500000.0,0.0,195100000.0,0.0,0.039,2.039,504900000.0,700000000.0,0.068,700000000.0,504900000.0,340400000.0,3.51,3.5,3.51,3235800000.0,3198100000.0,3235800000.0,6326499496.0,13.0,9.038,-154100000.0,-2.152,1.0,562500000.0,0.055,948300000.0,164500000.0,9785200000.0,9569000000.0,663400000.0,0.0,0.0,0.0,7998600000.0,3248200000.0,4750400000.0,3942099496.0,18000000.0,-23900000.0,45600000.0,-365000000.0,-177000000.0,-459200000.0,-451500000.0,-44500000.0,238500000.0,0.0,254400000.0,251300000.0,251300000.0,-73300000.0,-100000.0,0.024,295500000.0,267000000.0,1331800000.0,0.581,1.218,15.687,14.726,4463800000.0,3100000.0,51.69,0.383,0.36,1870000000.0,701900000.0,10292400000.0,10292400000.0,0.0,0.023,0.079,0.053,0.049,0.0,0.0,1.0,76264258.0,71600000.0,71800000.0,143.749,10286100000.0,0.0,86000000.0,546600000.0,143.661,478100000.0
8,TEG,MRY,2006-12-31,2006-12-31,2006-12-31,2019-04-11,0.0,6861700000.0,6187950000.0,2927400000.0,3934300000.0,1.114,36.255,-996800000.0,45200000.0,45200000.0,6520200000.0,158900000.0,1.007,3.474,2036500000.0,749300000.0,1287200000.0,2036500000.0,0.0,121300000.0,0.0,0.042,2.28,303100000.0,424400000.0,0.062,424400000.0,303100000.0,203900000.0,3.68,3.67,3.68,1533600000.0,1500550000.0,1533600000.0,4232159285.0,14.0,9.972,-923900000.0,-21.842,1.0,370500000.0,0.054,303900000.0,99200000.0,5642700000.0,5169125000.0,456300000.0,0.0,0.0,0.0,5328100000.0,2906400000.0,2421700000.0,2337159285.0,-4500000.0,-11600000.0,164600000.0,901000000.0,-96000000.0,891700000.0,-1030100000.0,-23700000.0,72900000.0,0.0,158900000.0,155800000.0,155800000.0,-7300000.0,0.0,0.023,173900000.0,196600000.0,949400000.0,0.62,1.524,15.001,14.682,2534800000.0,3100000.0,54.03,0.339,0.332,1222100000.0,,6890700000.0,6890700000.0,0.0,0.025,0.104,0.059,0.044,0.0,0.0,1.0,43256696.0,42300000.0,42400000.0,162.901,6557800000.0,0.0,45000000.0,114300000.0,155.031,21000000.0
9,TEG,MRY,2005-12-31,2005-12-31,2005-12-31,2019-04-11,0.0,5462500000.0,5019650000.0,2522400000.0,2940100000.0,1.36,34.052,-289400000.0,27700000.0,27700000.0,6516900000.0,160500000.0,1.085,3.188,1135900000.0,268800000.0,867100000.0,1135900000.0,0.0,149700000.0,0.0,0.04,2.24,262100000.0,411800000.0,0.06,411800000.0,262100000.0,200100000.0,4.11,4.07,4.11,1304200000.0,1189100000.0,1304200000.0,3100921231.0,12.0,7.53,-212000000.0,-5.535,1.0,308600000.0,0.045,36800000.0,62000000.0,4210000000.0,4142550000.0,304400000.0,0.0,0.0,0.0,4158300000.0,2323900000.0,1834400000.0,2107021231.0,-12300000.0,95100000.0,127300000.0,-28400000.0,-85400000.0,-800000.0,-148800000.0,-101200000.0,77400000.0,0.0,160500000.0,157400000.0,157400000.0,-11500000.0,0.0,0.023,149700000.0,158900000.0,1078900000.0,0.545,1.616,13.386,13.457,2044000000.0,3100000.0,55.31,0.309,0.31,1156900000.0,,6825500000.0,6825500000.0,0.0,0.031,0.132,0.063,0.038,0.0,0.0,1.0,38094761.0,38300000.0,38700000.0,178.211,5425700000.0,7300000.0,39600000.0,94100000.0,141.663,198500000.0
10,TEG,MRY,2004-12-31,2004-12-31,2004-12-31,2019-04-11,0.0,4376800000.0,4180675000.0,1372700000.0,3004100000.0,1.166,29.193,-262900000.0,40000000.0,40000000.0,4533600000.0,139700000.0,1.048,3.009,1164800000.0,299100000.0,865700000.0,1164800000.0,0.0,145600000.0,0.0,0.044,2.2,224300000.0,369900000.0,0.076,369900000.0,224300000.0,170100000.0,3.74,3.72,3.74,1091800000.0,1056275000.0,1091800000.0,2831440881.0,13.0,7.655,-20400000.0,-0.545,1.0,342500000.0,0.07,0.0,54200000.0,4192200000.0,4004200000.0,196100000.0,0.0,0.0,0.0,3285000000.0,1309400000.0,1975600000.0,1867840881.0,-10700000.0,0.0,26300000.0,146100000.0,-81300000.0,73500000.0,-312400000.0,-265600000.0,242500000.0,0.0,139700000.0,139700000.0,139700000.0,13800000.0,0.0,0.029,152600000.0,189900000.0,589400000.0,0.588,1.711,13.37,13.358,2076500000.0,0.0,49.96,0.383,0.383,644500000.0,,4876100000.0,4876100000.0,0.0,0.033,0.132,0.056,0.046,0.0,0.0,1.0,37386727.0,37400000.0,37600000.0,130.377,4376800000.0,0.0,30400000.0,96300000.0,117.027,63300000.0
11,TEG,MRY,2003-12-31,2003-12-31,2003-12-31,2019-04-11,0.0,4292300000.0,3885600000.0,1545500000.0,2746800000.0,1.133,30.4,-145900000.0,50700000.0,50700000.0,4102700000.0,94700000.0,1.221,3.279,1018000000.0,146100000.0,871900000.0,1018000000.0,0.0,188500000.0,0.0,0.047,2.16,183500000.0,372000000.0,0.084,372000000.0,183500000.0,121700000.0,2.87,2.85,2.87,1003200000.0,857500000.0,1003200000.0,2450014503.0,13.0,6.586,-86700000.0,-2.627,1.0,299800000.0,0.068,0.0,61800000.0,3994200000.0,3594025000.0,178300000.0,0.0,0.0,0.0,3289100000.0,1265400000.0,2023700000.0,1510214503.0,7400000.0,0.0,196700000.0,49000000.0,-71800000.0,195600000.0,-247400000.0,-452200000.0,59200000.0,0.0,94700000.0,94700000.0,94700000.0,0.0,0.0,0.022,185600000.0,114200000.0,510700000.0,0.753,1.505,15.947,16.108,1828700000.0,0.0,46.23,0.343,0.347,592400000.0,,4402500000.0,4402500000.0,0.0,0.024,0.11,0.051,0.042,0.0,0.0,1.0,32667413.0,33000000.0,33200000.0,133.409,4292300000.0,0.0,27000000.0,98200000.0,130.07,280100000.0
12,TEG,MRY,2002-12-31,2002-12-31,2002-12-31,2019-04-11,0.0,3671200000.0,3031025000.0,1151900000.0,2519300000.0,0.482,24.694,-203200000.0,43300000.0,43300000.0,1171200000.0,109400000.0,1.097,3.69,975300000.0,100900000.0,874400000.0,975300000.0,0.0,141300000.0,0.0,0.055,2.12,193900000.0,335200000.0,0.229,335200000.0,193900000.0,138100000.0,3.45,3.42,3.45,782800000.0,758875000.0,782800000.0,2048573720.0,11.0,6.111,-14700000.0,-0.464,1.0,289900000.0,0.198,0.0,55800000.0,3552800000.0,2993700000.0,110300000.0,0.0,0.0,0.0,2888400000.0,1050400000.0,1838000000.0,1237773720.0,-600000.0,0.0,27000000.0,124600000.0,-67100000.0,93100000.0,-265400000.0,-72300000.0,188500000.0,0.0,109400000.0,109400000.0,109400000.0,6000000.0,0.0,0.075,134700000.0,155200000.0,452000000.0,0.614,1.581,11.314,11.252,1712300000.0,0.0,38.82,0.847,0.842,399200000.0,,1461100000.0,1461100000.0,0.0,0.036,0.144,0.065,0.133,0.0,0.0,1.0,31884949.0,31700000.0,32000000.0,46.091,3671200000.0,0.0,28700000.0,93000000.0,115.811,101500000.0
13,TEG,MRY,2001-12-31,2001-12-31,2001-12-31,2019-04-11,0.0,2870000000.0,2601693250.0,869700000.0,2000300000.0,0.517,25.387,-185500000.0,43900000.0,43900000.0,1111900000.0,77600000.0,1.086,3.009,830600000.0,102800000.0,727800000.0,830600000.0,0.0,95200000.0,0.0,0.057,2.08,140200000.0,235400000.0,0.175,235400000.0,140200000.0,86800000.0,2.75,2.74,2.75,715900000.0,626303500.0,715900000.0,1889051309.0,13.0,8.025,-41400000.0,-1.468,1.0,233500000.0,0.174,0.0,53400000.0,2855700000.0,2634366750.0,102500000.0,0.0,0.0,0.0,2154100000.0,801000000.0,1353100000.0,1049951309.0,31100000.0,0.0,95300000.0,17600000.0,-58800000.0,33600000.0,-134800000.0,45900000.0,144100000.0,0.0,77600000.0,77600000.0,77600000.0,6900000.0,0.0,0.058,120800000.0,112700000.0,334600000.0,0.756,1.467,13.53,13.291,1463600000.0,0.0,36.55,0.78,0.766,304500000.0,,1345400000.0,1345400000.0,0.0,0.03,0.124,0.053,0.104,0.0,0.0,1.0,28726438.0,28200000.0,28300000.0,47.709,2870000000.0,0.0,9200000.0,90500000.0,101.773,68700000.0
14,TEG,MRY,2000-12-31,2000-12-31,2000-12-31,2019-04-11,0.0,2816100000.0,2260734250.0,1201200000.0,1614900000.0,0.862,20.683,-167800000.0,12800000.0,12800000.0,1705100000.0,70100000.0,1.016,4.138,797900000.0,137900000.0,660000000.0,797900000.0,0.0,119500000.0,0.0,0.028,1.03,126900000.0,246400000.0,0.126,246400000.0,126900000.0,76100000.0,2.53,2.53,2.53,548100000.0,543776750.0,548100000.0,1690283969.0,13.0,6.86,-23900000.0,-0.902,1.0,243900000.0,0.125,0.0,50800000.0,2418600000.0,2476168000.0,84100000.0,0.0,0.0,0.0,2268000000.0,1182600000.0,1085400000.0,975391969.0,2300000.0,0.0,-10500000.0,116800000.0,-53900000.0,50500000.0,-192100000.0,0.0,143900000.0,0.0,70100000.0,67000000.0,67000000.0,0.0,0.0,0.034,133700000.0,110200000.0,334300000.0,0.407,1.78,14.558,14.549,1350800000.0,3100000.0,36.81,0.5,0.5,401700000.0,,1949000000.0,1949000000.0,0.0,0.03,0.123,0.051,0.065,0.0,0.0,1.0,26498016.0,26500000.0,26500000.0,73.547,2816100000.0,0.0,6000000.0,124400000.0,106.268,18600000.0
15,TEG,MRY,1999-12-31,1999-12-31,1999-12-31,2019-04-11,0.0,1816548000.0,1632637750.0,292925000.0,1523623000.0,0.673,20.162,-273200000.0,10547000.0,10547000.0,863300000.0,62700000.0,1.254,2.387,676122000.0,91620000.0,584502000.0,676122000.0,0.0,98600000.0,0.0,0.0,0.0,125100000.0,223700000.0,0.204,223700000.0,125100000.0,92400000.0,2.24,2.24,2.24,536300000.0,532565500.0,536300000.0,1728329041.0,14.0,7.726,-155300000.0,-5.838,1.0,235200000.0,0.214,0.0,32700000.0,2248562000.0,2302200500.0,82619000.0,107257000.0,0.0,107257000.0,1280248000.0,233561000.0,1046687000.0,673999041.0,3400000.0,0.0,8400000.0,202900000.0,-53000000.0,155000000.0,-269500000.0,0.0,117900000.0,0.0,62700000.0,59600000.0,59600000.0,0.0,0.0,0.054,115500000.0,119700000.0,103437000.0,0.0,1.257,11.309,11.214,1280254000.0,3100000.0,25.12,0.614,0.608,170888000.0,341701000.0,1098500000.0,1098500000.0,0.0,0.037,0.112,0.054,0.114,0.0,0.0,1.0,26831172.0,26600000.0,26600000.0,41.297,1816548000.0,0.0,29700000.0,146684000.0,68.291,59364000.0
16,TEG,MRY,1998-12-31,1998-12-31,1998-12-31,2019-04-11,0.0,1267582000.0,1335959000.0,162785000.0,1104797000.0,0.796,18.17,-16075000.0,1882000.0,1882000.0,672640000.0,46631000.0,1.553,1.631,643066000.0,35000000.0,608066000.0,643066000.0,0.0,102531000.0,0.0,0.0,0.0,98713000.0,201244000.0,0.189,201244000.0,98713000.0,70076000.0,1.76,1.76,1.76,481708000.0,492706250.0,481708000.0,1628687696.0,16.0,8.093,93636000.0,3.532,1.0,391096000.0,0.368,0.0,28637000.0,1803932000.0,1669038500.0,47342000.0,64932000.0,0.0,64932000.0,785874000.0,104834000.0,681040000.0,935956696.0,-1361000.0,0.0,-554000.0,16660000.0,-50985000.0,12930000.0,-124002000.0,0.0,109711000.0,0.0,46631000.0,46631000.0,46631000.0,0.0,0.0,0.044,291052000.0,100044000.0,60680000.0,0.0,1.943,20.072,20.028,911512000.0,0.0,35.25,0.88,0.879,94070000.0,284726000.0,1063736000.0,1063736000.0,0.0,0.035,0.095,0.059,0.093,0.0,0.0,1.0,26551963.0,26511000.0,26511000.0,40.124,1267582000.0,0.0,23445000.0,145838000.0,47.813,57951000.0
17,TEG,MRY,1997-12-31,1997-12-31,1997-12-31,2019-04-11,0.0,1233954000.0,1246451000.0,156670000.0,1077284000.0,0.554,19.129,-111000.0,3921000.0,3921000.0,342568000.0,64742000.0,1.679,1.699,640738000.0,25500000.0,615238000.0,640738000.0,0.0,90484000.0,0.0,0.0,0.0,126070000.0,216554000.0,0.314,216554000.0,126070000.0,99881000.0,,,,457121000.0,452773000.0,457121000.0,,,,140486000.0,5.879,1.0,347910000.0,0.504,0.0,26189000.0,1777454000.0,1784783500.0,45951000.0,56616000.0,0.0,56616000.0,776833000.0,93317000.0,683516000.0,807956285.0,-244000.0,0.0,0.0,-13500000.0,0.0,-72493000.0,-68348000.0,0.0,140597000.0,0.0,64742000.0,61631000.0,61631000.0,0.0,0.0,0.089,234560000.0,113350000.0,46453000.0,,1.767,13.11,,889332000.0,3111000.0,33.81,1.17,1.17,86643000.0,297489000.0,690478000.0,690478000.0,0.0,0.049,0.136,0.071,0.183,0.0,0.0,1.0,23896962.0,23896962.0,,28.894,1233954000.0,0.0,35139000.0,165728000.0,51.636,63353000.0
18,TEG,MRY,1996-12-31,1996-12-31,1996-12-31,2019-04-11,0.0,1258948000.0,,172374000.0,1086574000.0,,,-86800000.0,4165000.0,4165000.0,341277000.0,60390000.0,1.398,1.807,660638000.0,39000000.0,621638000.0,660638000.0,0.0,91522000.0,0.0,0.0,0.0,118755000.0,210277000.0,0.3,210277000.0,118755000.0,93683000.0,,,,448425000.0,,448425000.0,,,,47492000.0,,1.0,360586000.0,0.514,0.0,25072000.0,1792113000.0,,44460000.0,92612000.0,0.0,92612000.0,810523000.0,123308000.0,687215000.0,,-306000.0,0.0,0.0,19268000.0,-55926000.0,-39769000.0,-94829000.0,0.0,134292000.0,0.0,60390000.0,57279000.0,57279000.0,0.0,0.0,0.082,247093000.0,113493000.0,62500000.0,,,,,897042000.0,3111000.0,28.5,,,101560000.0,291740000.0,701863000.0,701863000.0,0.0,,,,0.169,0.0,0.0,1.0,,,,,1258948000.0,0.0,33293000.0,161568000.0,,49066000.0
19,TEG,MRY,1995-12-31,1995-12-31,1995-12-31,2019-04-11,,,,,,,,106000.0,,,311465000.0,59238000.0,,,,,,,,98718000.0,,0.0,0.0,117968000.0,216686000.0,0.326,216686000.0,117968000.0,92101000.0,,,,,,,,,,137368000.0,,1.0,352228000.0,0.531,,25867000.0,,,,,,,,,,,1022000.0,0.0,0.0,-1000000.0,-43970000.0,-48081000.0,-88159000.0,0.0,137262000.0,0.0,59238000.0,56127000.0,56127000.0,0.0,0.0,0.085,240449000.0,111779000.0,,,,,,,3111000.0,34.0,,,,,663693000.0,663693000.0,0.0,,,,0.178,0.0,0.0,,,,,,,,32863000.0,,,
0,TEG,MRQ,2015-03-31,2015-03-31,2015-03-31,2019-04-11,-26800000.0,11169000000.0,,1259300000.0,9909700000.0,,41.928,-208800000.0,86400000.0,86400000.0,864300000.0,130300000.0,1.008,2.322,3214600000.0,258300000.0,2956300000.0,3214600000.0,0.0,74700000.0,0.0,0.038,0.68,247400000.0,322100000.0,0.277,322100000.0,247400000.0,209200000.0,1.61,1.6,1.61,3362600000.0,,3362600000.0,9139841814.0,15.0,10.303,315400000.0,3.933,1.0,298900000.0,0.257,655400000.0,38200000.0,12393000000.0,,179900000.0,556000000.0,0.0,556000000.0,7806400000.0,1248800000.0,6557600000.0,5758941814.0,68400000.0,0.0,-17500000.0,-184300000.0,-54100000.0,-258300000.0,-197500000.0,-1700000.0,524200000.0,0.0,130300000.0,129500000.0,129500000.0,900000.0,0.0,0.111,88800000.0,210100000.0,414600000.0,0.422,1.713,22.673,22.791,6928800000.0,800000.0,72.02,2.417,2.424,720800000.0,701100000.0,1163200000.0,1163200000.0,0.0,,,,,0.0,0.0,1.0,79963091.0,80200000.0,80800000.0,14.504,10513600000.0,91500000.0,78900000.0,1771700000.0,131.092,10500000.0
1,TEG,MRQ,2014-12-31,2014-12-31,2014-12-31,2019-04-11,-27600000.0,11282000000.0,,1462100000.0,9819900000.0,,41.143,-274100000.0,18000000.0,18000000.0,-1544700000.0,34800000.0,1.009,2.419,3398900000.0,442600000.0,2956300000.0,3398900000.0,0.0,72700000.0,0.0,0.035,0.68,112300000.0,185000000.0,-0.132,185000000.0,112300000.0,73400000.0,0.42,0.42,0.42,3299700000.0,,3299700000.0,9557826634.0,15.0,10.407,-290600000.0,-3.623,1.0,143500000.0,-0.102,655400000.0,38900000.0,12558000000.0,,327200000.0,550600000.0,0.0,550600000.0,7982300000.0,1449500000.0,6532800000.0,6225126634.0,1900000.0,315900000.0,-32000000.0,50100000.0,-54000000.0,-33800000.0,52200000.0,-3800000.0,-16500000.0,0.0,34800000.0,34000000.0,34000000.0,-900000.0,0.0,-0.024,98200000.0,45300000.0,490700000.0,1.619,1.887,22.481,22.565,6827700000.0,800000.0,77.85,1.502,1.507,699800000.0,626000000.0,-1401200000.0,-1401200000.0,0.0,,,,,0.0,0.0,1.0,79963091.0,80200000.0,81000000.0,-17.471,10626600000.0,188600000.0,38600000.0,1718300000.0,132.501,12600000.0
2,TEG,MRQ,2014-09-30,2014-09-30,2014-09-30,2019-04-11,-22400000.0,11384900000.0,,1757000000.0,9627900000.0,,41.695,-242300000.0,16100000.0,16100000.0,1054700000.0,84000000.0,1.078,2.405,3348800000.0,392500000.0,2956300000.0,3348800000.0,0.0,73300000.0,0.0,0.042,0.68,178900000.0,252200000.0,0.212,252200000.0,178900000.0,140800000.0,1.04,1.02,1.04,3343900000.0,,3343900000.0,8515107559.0,12.0,8.529,-210400000.0,-2.623,1.0,133200000.0,0.112,655400000.0,38100000.0,12432900000.0,,407400000.0,568900000.0,0.0,568900000.0,8041000000.0,1629300000.0,6411700000.0,5183207559.0,-28900000.0,332200000.0,-8300000.0,-28200000.0,-54100000.0,-95300000.0,41100000.0,-4400000.0,31900000.0,0.0,84000000.0,83300000.0,83300000.0,-1100000.0,0.0,0.07,-13700000.0,146900000.0,622400000.0,0.654,1.55,13.84,13.85,6661400000.0,700000.0,64.82,1.357,1.361,756500000.0,646500000.0,1187900000.0,1187900000.0,0.0,,,,,0.0,0.0,1.0,79963091.0,80200000.0,81100000.0,14.812,10729500000.0,136800000.0,56800000.0,1627100000.0,133.784,127700000.0
3,TEG,MRQ,2014-06-30,2014-06-30,2014-06-30,2019-04-11,-22900000.0,11374400000.0,,2038400000.0,9336000000.0,,41.251,-189000000.0,45000000.0,45000000.0,1319300000.0,8000000.0,1.219,2.438,3376900000.0,420700000.0,2956200000.0,3376900000.0,0.0,72900000.0,0.0,0.038,0.68,54900000.0,127800000.0,0.089,127800000.0,54900000.0,16200000.0,0.09,0.09,0.09,3308300000.0,,3308300000.0,9009274663.0,15.0,9.947,133700000.0,1.667,1.0,113300000.0,0.079,655400000.0,38700000.0,12378600000.0,,223800000.0,559600000.0,0.0,559600000.0,8066100000.0,1672300000.0,6393800000.0,5687774663.0,-11600000.0,0.0,-7400000.0,-1200000.0,-54100000.0,-68000000.0,-266500000.0,-5100000.0,322700000.0,0.0,8000000.0,7200000.0,7200000.0,100000.0,0.0,0.005,83500000.0,29800000.0,599200000.0,7.556,1.719,17.272,17.265,6444500000.0,800000.0,71.13,1.512,1.516,925600000.0,617600000.0,1432600000.0,1432600000.0,0.0,,,,,0.0,0.0,1.0,79963091.0,80200000.0,80500000.0,17.863,10719000000.0,108600000.0,8200000.0,1596200000.0,133.653,366100000.0
4,TEG,MRQ,2014-03-31,2014-03-31,2014-03-31,2019-04-11,-23600000.0,11802200000.0,,2717100000.0,9085100000.0,,41.82,-159600000.0,56600000.0,56600000.0,1335100000.0,153100000.0,1.268,2.519,3378100000.0,421900000.0,2956200000.0,3378100000.0,0.0,71300000.0,0.0,0.046,0.68,274000000.0,345300000.0,0.211,345300000.0,274000000.0,235100000.0,1.9,1.89,1.9,3354000000.0,,3354000000.0,8129698378.0,14.0,9.408,110100000.0,1.373,1.0,302900000.0,0.185,662100000.0,38900000.0,12318700000.0,,134900000.0,548100000.0,0.0,548100000.0,8448200000.0,2142900000.0,6305300000.0,4769798378.0,34300000.0,0.0,-9800000.0,-4100000.0,-54100000.0,-72100000.0,-163300000.0,-5100000.0,269700000.0,0.0,153200000.0,152400000.0,152400000.0,-12900000.0,-100000.0,0.093,80800000.0,222100000.0,864900000.0,0.358,1.422,15.061,15.063,6301200000.0,800000.0,59.65,1.384,1.389,1543800000.0,665000000.0,1638000000.0,1638000000.0,0.0,,,,,0.0,0.0,1.0,79963091.0,80200000.0,80500000.0,20.424,11140100000.0,74500000.0,81900000.0,1621700000.0,138.904,574200000.0
5,TEG,MRQ,2013-12-31,2013-12-31,2013-12-31,2019-04-11,-23200000.0,11243500000.0,,2334200000.0,8909300000.0,,40.715,-194500000.0,16800000.0,16800000.0,-603800000.0,132400000.0,1.354,2.448,3382200000.0,426000000.0,2956200000.0,3382200000.0,0.0,70600000.0,0.0,0.05,0.68,202500000.0,273100000.0,-0.623,273100000.0,202500000.0,166100000.0,1.65,1.63,1.65,3261300000.0,,3261300000.0,7486922538.0,12.0,8.256,-151800000.0,-1.895,1.0,165400000.0,-0.377,655400000.0,36400000.0,12230100000.0,,218900000.0,540900000.0,0.0,540900000.0,7982200000.0,1723400000.0,6258800000.0,4342322538.0,-3800000.0,-3300000.0,200000.0,211500000.0,-51000000.0,156400000.0,-202900000.0,-3500000.0,42700000.0,0.0,132400000.0,131600000.0,131600000.0,-82600000.0,0.0,-0.3,81400000.0,84000000.0,401900000.0,0.412,1.331,12.343,12.282,6206200000.0,800000.0,54.41,1.246,1.241,646100000.0,567100000.0,-438400000.0,-438400000.0,0.0,,,,,0.0,0.0,1.0,79807435.0,80100000.0,80700000.0,-5.473,10588100000.0,175800000.0,33700000.0,1526800000.0,132.186,610800000.0
6,TEG,MRQ,2013-09-30,2013-09-30,2013-09-30,2019-04-11,-35700000.0,10921300000.0,,1521700000.0,9399600000.0,,39.59,-174600000.0,26100000.0,26100000.0,1004800000.0,38800000.0,0.932,2.457,3170700000.0,664500000.0,2506200000.0,3170700000.0,0.0,69600000.0,0.0,0.049,0.68,89900000.0,159500000.0,0.141,159500000.0,89900000.0,56800000.0,0.48,0.47,0.48,3159300000.0,,3159300000.0,7423958720.0,14.0,9.191,-110400000.0,-1.383,1.0,124900000.0,0.111,662100000.0,33100000.0,11771200000.0,,341700000.0,534500000.0,0.0,534500000.0,7762000000.0,1632600000.0,6129400000.0,4448258720.0,5900000.0,0.0,7300000.0,174800000.0,-50900000.0,119000000.0,-175400000.0,-3400000.0,64200000.0,0.0,38800000.0,38100000.0,38100000.0,600000.0,0.0,0.034,69600000.0,55300000.0,475400000.0,1.417,1.408,15.435,15.312,6198800000.0,700000.0,55.89,1.134,1.137,625300000.0,489800000.0,1129700000.0,1129700000.0,0.0,,,,,0.0,0.0,1.0,79589528.0,79800000.0,80200000.0,14.157,10259200000.0,180200000.0,18000000.0,1410000000.0,128.561,-110900000.0
7,TEG,MRQ,2013-06-30,2013-06-30,2013-06-30,2019-04-11,-36600000.0,10777000000.0,,1488700000.0,9288300000.0,,39.718,-153100000.0,20200000.0,20200000.0,1057400000.0,-4700000.0,0.7,2.417,2995900000.0,1109700000.0,1886200000.0,2995900000.0,0.0,65500000.0,0.0,0.046,0.68,20700000.0,86200000.0,0.077,86200000.0,20700000.0,-7900000.0,-0.07,-0.07,-0.07,3153600000.0,,3153600000.0,7538967049.0,13.0,9.007,-24700000.0,-0.311,1.0,58600000.0,0.053,662100000.0,28600000.0,10962500000.0,,206300000.0,527500000.0,0.0,527500000.0,7623400000.0,2128100000.0,5495300000.0,4631367049.0,-51800000.0,-12400000.0,24800000.0,15800000.0,-50600000.0,-9900000.0,-171200000.0,-5100000.0,128400000.0,0.0,-4600000.0,-5400000.0,-5400000.0,800000.0,-100000.0,-0.005,65800000.0,-7200000.0,484700000.0,-9.714,1.469,14.666,14.596,6062600000.0,800000.0,58.53,1.245,1.249,688200000.0,506000000.0,1116000000.0,1116000000.0,0.0,,,,,0.0,0.0,1.0,79128089.0,79400000.0,79400000.0,14.055,10114900000.0,193200000.0,-3300000.0,1397400000.0,127.392,-639400000.0
8,TEG,MRQ,2013-03-31,2013-03-31,2013-03-31,2019-04-11,-39300000.0,10764400000.0,,1600700000.0,9163700000.0,,40.319,-147000000.0,72000000.0,72000000.0,1324200000.0,188300000.0,0.76,2.392,2979600000.0,1047900000.0,1931700000.0,2979600000.0,0.0,60900000.0,0.0,0.047,0.68,327200000.0,388100000.0,0.231,388100000.0,327200000.0,297900000.0,2.38,2.37,2.38,3173100000.0,,3173100000.0,7259949118.0,11.0,7.872,172600000.0,2.193,1.0,354000000.0,0.211,658300000.0,29300000.0,10907000000.0,,140200000.0,518300000.0,0.0,518300000.0,7591300000.0,2106700000.0,5484600000.0,4559749118.0,44600000.0,-391600000.0,4400000.0,252000000.0,-50100000.0,197200000.0,-473200000.0,-1700000.0,319600000.0,0.0,188300000.0,187500000.0,187500000.0,-6100000.0,0.0,0.112,62200000.0,291800000.0,450100000.0,0.286,1.437,12.324,12.374,5941800000.0,800000.0,58.16,1.324,1.329,899000000.0,565400000.0,1678200000.0,1678200000.0,0.0,,,,,0.0,0.0,1.0,78400088.0,78700000.0,79300000.0,21.324,10106100000.0,159400000.0,109600000.0,1408700000.0,128.413,-506000000.0
9,TEG,MRQ,2012-12-31,2012-12-31,2012-12-31,2019-04-11,-40900000.0,10327400000.0,,1659100000.0,8668300000.0,,38.35,-156600000.0,27400000.0,27400000.0,-92800000.0,68700000.0,0.915,2.413,2727600000.0,795900000.0,1931700000.0,2727600000.0,0.0,64900000.0,0.0,0.052,0.68,109000000.0,173900000.0,-75.609,173900000.0,109000000.0,80100000.0,0.86,0.86,0.86,3025800000.0,,3025800000.0,6575494451.0,13.0,8.498,-127100000.0,-1.611,1.0,90500000.0,-39.348,658300000.0,28900000.0,10556000000.0,,271900000.0,512200000.0,0.0,512200000.0,7301600000.0,1813300000.0,5488300000.0,4088194451.0,9300000.0,0.0,-3900000.0,195100000.0,-52900000.0,140200000.0,-153800000.0,-3400000.0,29500000.0,0.0,68800000.0,68000000.0,68000000.0,-54600000.0,-100000.0,-29.565,82400000.0,8100000.0,457700000.0,0.791,1.351,14.528,14.587,5501900000.0,800000.0,52.22,1.357,1.362,796800000.0,431500000.0,-2300000.0,-2300000.0,0.0,,,,,0.0,0.0,1.0,78287906.0,78900000.0,79300000.0,-0.029,9669100000.0,217100000.0,11300000.0,1336100000.0,122.549,-154200000.0
10,TEG,MRQ,2012-09-30,2012-09-30,2012-09-30,2019-04-11,-37400000.0,9844300000.0,,1419600000.0,8424700000.0,,38.367,-188600000.0,18100000.0,18100000.0,756300000.0,66300000.0,0.809,2.269,2505400000.0,797300000.0,1708100000.0,2505400000.0,0.0,62900000.0,0.0,0.052,0.68,125900000.0,188800000.0,0.204,188800000.0,125900000.0,96000000.0,0.84,0.83,0.84,3011800000.0,,3011800000.0,6461928693.0,13.0,8.69,-76200000.0,-0.971,1.0,171400000.0,0.185,658300000.0,29900000.0,9918100000.0,,320700000.0,506700000.0,0.0,506700000.0,6832500000.0,1755200000.0,5077300000.0,4086628693.0,-7600000.0,0.0,-8400000.0,131300000.0,-53000000.0,61500000.0,-186400000.0,-8500000.0,112400000.0,0.0,66400000.0,65700000.0,65700000.0,8000000.0,-100000.0,0.071,62900000.0,108500000.0,368100000.0,0.81,1.357,16.21,16.262,5473000000.0,700000.0,52.2,0.988,0.991,484600000.0,417000000.0,927700000.0,927700000.0,0.0,,,,,0.0,0.0,1.0,78287906.0,78500000.0,79300000.0,11.818,9186000000.0,232600000.0,29600000.0,1270000000.0,117.019,-335600000.0
11,TEG,MRQ,2012-06-30,2012-06-30,2012-06-30,2019-04-11,-39500000.0,9709000000.0,,1378900000.0,8330100000.0,,38.148,-126200000.0,25700000.0,25700000.0,689900000.0,49600000.0,0.847,2.242,2401000000.0,666000000.0,1735000000.0,2401000000.0,0.0,62600000.0,0.0,0.048,0.68,108900000.0,171500000.0,0.204,171500000.0,108900000.0,79200000.0,0.62,0.62,0.62,2994600000.0,,2994600000.0,6837533214.0,15.0,9.671,80900000.0,1.031,1.0,149700000.0,0.178,658300000.0,29700000.0,9798500000.0,,141800000.0,496900000.0,0.0,496900000.0,6714400000.0,1627500000.0,5086900000.0,4452233214.0,-16600000.0,0.0,-7300000.0,-26700000.0,-53000000.0,-98700000.0,-125800000.0,-5100000.0,207100000.0,0.0,49600000.0,48800000.0,48800000.0,2100000.0,0.0,0.058,68400000.0,81300000.0,371900000.0,1.097,1.487,19.938,20.025,5358600000.0,800000.0,56.87,1.075,1.078,493100000.0,404600000.0,839600000.0,839600000.0,0.0,,,,,0.0,0.0,1.0,78287906.0,78500000.0,79300000.0,10.696,9050700000.0,261500000.0,29600000.0,1239100000.0,115.296,-248600000.0
12,TEG,MRQ,2012-03-31,2012-03-31,2012-03-31,2019-04-11,-41000000.0,9879000000.0,,1633700000.0,8245300000.0,,38.117,-123000000.0,42300000.0,42300000.0,1032700000.0,99700000.0,0.952,2.297,2427600000.0,577500000.0,1850100000.0,2427600000.0,0.0,62100000.0,0.0,0.051,0.68,177500000.0,239600000.0,0.192,239600000.0,177500000.0,147100000.0,1.26,1.25,1.26,2996000000.0,,2996000000.0,6545676139.0,15.0,9.543,101800000.0,1.295,1.0,215200000.0,0.172,658300000.0,30400000.0,9890600000.0,,125100000.0,490600000.0,0.0,490600000.0,6883000000.0,1715400000.0,5167600000.0,4148476139.0,14200000.0,0.0,-14500000.0,2200000.0,-53000000.0,-74900000.0,-136600000.0,-10400000.0,224800000.0,0.0,99700000.0,98900000.0,98900000.0,-900000.0,0.0,0.079,69000000.0,146200000.0,331200000.0,0.54,1.385,20.376,20.459,5259000000.0,800000.0,52.99,0.962,0.966,669700000.0,409200000.0,1247900000.0,1247900000.0,0.0,,,,,0.0,0.0,1.0,78287906.0,78600000.0,79200000.0,15.877,9220700000.0,245900000.0,47400000.0,1227800000.0,117.312,-81700000.0
13,TEG,MRQ,2011-12-31,2011-12-31,2011-12-31,2019-04-11,-42500000.0,9983200000.0,,1828200000.0,8155000000.0,,37.677,-106900000.0,28100000.0,28100000.0,1000800000.0,39500000.0,1.092,2.371,2398300000.0,553300000.0,1845000000.0,2398300000.0,0.0,62400000.0,0.0,0.05,0.68,81300000.0,143700000.0,0.128,143700000.0,81300000.0,51100000.0,0.49,0.48,0.49,2961400000.0,,2961400000.0,6536138747.0,13.0,8.836,-23800000.0,-0.303,1.0,119300000.0,0.107,658400000.0,30200000.0,10021300000.0,,297600000.0,476300000.0,0.0,476300000.0,7021800000.0,1673700000.0,5348100000.0,4241638747.0,800000.0,0.0,-3800000.0,103500000.0,-53000000.0,39300000.0,-126900000.0,-12000000.0,83100000.0,0.0,39500000.0,38700000.0,38700000.0,-3400000.0,0.0,0.035,71600000.0,47700000.0,426600000.0,1.388,1.432,18.653,18.747,5175500000.0,800000.0,54.18,0.905,0.909,737700000.0,363600000.0,1120100000.0,1120100000.0,0.0,,,,,0.0,0.0,1.0,78287906.0,78600000.0,79700000.0,14.251,9324800000.0,303800000.0,11600000.0,1185200000.0,118.636,154500000.0
14,TEG,MRQ,2011-09-30,2011-09-30,2011-09-30,2019-04-11,-37100000.0,9416900000.0,,1568000000.0,7848900000.0,,37.703,-88700000.0,27300000.0,27300000.0,802300000.0,37600000.0,1.322,2.174,2321800000.0,241100000.0,2080700000.0,2321800000.0,0.0,60800000.0,0.0,0.056,0.68,91400000.0,152200000.0,0.163,152200000.0,91400000.0,60100000.0,0.47,0.47,0.47,2967200000.0,,2967200000.0,5935057990.0,10.0,7.228,-42200000.0,-0.536,1.0,132100000.0,0.141,658400000.0,31300000.0,9866700000.0,,308700000.0,0.0,0.0,0.0,6449700000.0,1186300000.0,5263400000.0,3806357990.0,-184100000.0,-42600000.0,-7800000.0,-18400000.0,-53000000.0,-84400000.0,-144100000.0,-14600000.0,46500000.0,0.0,37600000.0,36900000.0,36900000.0,-200000.0,0.0,0.039,72200000.0,59900000.0,386700000.0,1.447,1.283,14.617,14.601,5063300000.0,700000.0,48.62,0.789,0.793,520900000.0,380100000.0,934400000.0,934400000.0,0.0,,,,,0.0,0.0,1.0,78287906.0,78700000.0,79200000.0,11.873,8758500000.0,333000000.0,22500000.0,1135700000.0,111.29,381700000.0
15,TEG,MRQ,2011-06-30,2011-06-30,2011-06-30,2019-04-11,-38200000.0,9430600000.0,,1665500000.0,7765100000.0,,37.892,-63300000.0,211400000.0,211400000.0,881100000.0,29900000.0,1.414,2.162,2340100000.0,208500000.0,2131600000.0,2340100000.0,0.0,62200000.0,0.0,0.052,0.68,88200000.0,150400000.0,0.149,150400000.0,88200000.0,56000000.0,0.37,0.37,0.37,2982100000.0,,2982100000.0,6243757332.0,11.0,7.772,129400000.0,1.644,1.0,129700000.0,0.128,642500000.0,32200000.0,9739100000.0,,161600000.0,0.0,0.0,0.0,6448500000.0,1177700000.0,5270800000.0,4058557332.0,16100000.0,0.0,-2300000.0,-40500000.0,-53000000.0,-110300000.0,-66300000.0,-4800000.0,192700000.0,0.0,29900000.0,29100000.0,29100000.0,900000.0,0.0,0.029,72800000.0,56900000.0,388200000.0,1.838,1.361,16.64,16.615,5018000000.0,800000.0,51.84,0.83,0.834,577300000.0,396700000.0,1010800000.0,1010800000.0,0.0,,,,,0.0,0.0,1.0,78290072.0,78700000.0,79100000.0,12.844,8788100000.0,371000000.0,26100000.0,1127400000.0,111.666,487800000.0
16,TEG,MRQ,2011-03-31,2011-03-31,2011-03-31,2019-04-11,-40200000.0,9623600000.0,,1870800000.0,7752800000.0,,38.328,-51200000.0,195300000.0,195300000.0,1356100000.0,123500000.0,1.359,2.207,2380500000.0,218800000.0,2161700000.0,2380500000.0,0.0,62300000.0,0.0,0.054,0.68,230000000.0,292300000.0,0.18,292300000.0,230000000.0,195200000.0,1.57,1.56,1.57,3001100000.0,,3001100000.0,6409678271.0,10.0,7.27,344300000.0,4.397,1.0,271000000.0,0.167,642500000.0,34800000.0,9789500000.0,,93700000.0,0.0,0.0,0.0,6622500000.0,1376800000.0,5245700000.0,3940178271.0,16300000.0,0.0,7200000.0,-267100000.0,-47400000.0,-323000000.0,-56200000.0,-6200000.0,395500000.0,0.0,123500000.0,122700000.0,122700000.0,-100000.0,0.0,0.075,75900000.0,195100000.0,409100000.0,0.433,1.313,13.407,13.398,4997900000.0,800000.0,50.51,0.805,0.808,873000000.0,420700000.0,1627100000.0,1627100000.0,0.0,,,,,0.0,0.0,1.0,78007885.0,78300000.0,78600000.0,20.78,8981100000.0,219000000.0,71700000.0,1098700000.0,114.701,494000000.0
17,TEG,MRQ,2010-12-31,2010-12-31,2010-12-31,2019-04-11,-44700000.0,9816800000.0,,2050400000.0,7766400000.0,,37.206,-70600000.0,179000000.0,179000000.0,1078900000.0,72500000.0,1.237,2.378,2648500000.0,486900000.0,2161600000.0,2648500000.0,0.0,59500000.0,0.0,0.056,0.68,166700000.0,226200000.0,0.18,226200000.0,166700000.0,131200000.0,0.92,0.91,0.92,2905800000.0,,2905800000.0,6048303887.0,11.0,7.623,-131600000.0,-1.685,1.0,174800000.0,0.139,642500000.0,35500000.0,9986000000.0,,247900000.0,0.0,0.0,0.0,6911000000.0,1657800000.0,5253200000.0,3763503887.0,13700000.0,0.0,5100000.0,199400000.0,-46800000.0,135700000.0,-70700000.0,-1800000.0,-61000000.0,0.0,72500000.0,71700000.0,71700000.0,21600000.0,0.0,0.057,22000000.0,152800000.0,453000000.0,0.739,1.295,17.037,17.021,5013400000.0,800000.0,48.51,0.728,0.727,832100000.0,350800000.0,1253700000.0,1253700000.0,0.0,,,,,0.0,0.0,1.0,77582022.0,78100000.0,78600000.0,16.052,9174300000.0,337600000.0,58700000.0,995900000.0,117.469,392600000.0
18,TEG,MRQ,2010-09-30,2010-09-30,2010-09-30,2019-04-11,-67200000.0,9430600000.0,,1808200000.0,7622400000.0,,36.786,-64300000.0,165300000.0,165300000.0,847000000.0,21100000.0,1.019,2.299,2450100000.0,537400000.0,1912700000.0,2450100000.0,0.0,69000000.0,0.0,0.052,0.68,65500000.0,134500000.0,0.135,134500000.0,65500000.0,30300000.0,0.26,0.26,0.26,2858300000.0,,2858300000.0,6202667004.0,14.0,8.661,-47000000.0,-0.605,1.0,150900000.0,0.151,642500000.0,35200000.0,9298000000.0,,323900000.0,0.0,0.0,0.0,6572300000.0,1774900000.0,4797400000.0,4020767004.0,-67900000.0,0.0,7400000.0,37000000.0,-46600000.0,-22700000.0,-62500000.0,0.0,17300000.0,0.0,21100000.0,20400000.0,20400000.0,0.0,0.0,0.02,120600000.0,30300000.0,378000000.0,2.615,1.407,23.108,23.138,4887300000.0,700000.0,52.06,0.732,0.737,497100000.0,339800000.0,997900000.0,997900000.0,0.0,,,,,0.0,0.0,1.0,77233327.0,77700000.0,78100000.0,12.843,8788100000.0,82600000.0,9200000.0,740200000.0,113.103,33300000.0
19,TEG,MRQ,2010-06-30,2010-06-30,2010-06-30,2019-04-11,-35700000.0,9510800000.0,,1840500000.0,7670300000.0,,37.815,-59600000.0,233200000.0,233200000.0,829300000.0,79600000.0,1.101,2.249,2415100000.0,350300000.0,2064800000.0,2415100000.0,0.0,67800000.0,0.0,0.062,0.68,160900000.0,228700000.0,0.225,228700000.0,160900000.0,124300000.0,1.02,1.02,1.02,2926900000.0,,2926900000.0,5741939633.0,11.0,7.548,279400000.0,3.61,1.0,185500000.0,0.183,642500000.0,36600000.0,9378900000.0,,157700000.0,0.0,0.0,0.0,6583900000.0,1671300000.0,4912600000.0,3368739633.0,-25900000.0,0.0,11100000.0,-216300000.0,-46200000.0,-315300000.0,-49600000.0,0.0,339000000.0,0.0,79900000.0,79100000.0,79100000.0,0.0,-300000.0,0.078,61500000.0,124000000.0,413000000.0,0.667,1.151,16.457,16.444,4932700000.0,800000.0,43.74,0.582,0.585,598800000.0,369500000.0,1014800000.0,1014800000.0,0.0,,,,,0.0,0.0,1.0,77017367.0,77400000.0,77900000.0,13.111,8868300000.0,83300000.0,44400000.0,752600000.0,114.578,169200000.0
20,TEG,MRQ,2010-03-31,2010-03-31,2010-03-31,2019-04-11,-55100000.0,10584500000.0,,2848200000.0,7736300000.0,,37.195,-63200000.0,259100000.0,259100000.0,1680100000.0,50500000.0,1.062,2.7,2632300000.0,566100000.0,2066200000.0,2632300000.0,0.0,64100000.0,0.0,0.057,0.68,139900000.0,204000000.0,0.107,204000000.0,139900000.0,100500000.0,0.65,0.64,0.65,2860300000.0,,2860300000.0,6314430222.0,14.0,9.237,356200000.0,4.632,1.0,223300000.0,0.117,642500000.0,39400000.0,9634000000.0,,94900000.0,0.0,0.0,0.0,7724200000.0,2681200000.0,5043000000.0,3625630222.0,214600000.0,0.0,7700000.0,-99400000.0,-46500000.0,-189100000.0,-15800000.0,-5100000.0,419400000.0,0.0,50500000.0,49700000.0,49700000.0,-100000.0,0.0,0.026,122900000.0,100400000.0,536900000.0,1.046,1.268,22.618,22.67,4929000000.0,800000.0,47.38,0.585,0.587,1021400000.0,343000000.0,1903400000.0,1903400000.0,0.0,,,,,0.0,0.0,1.0,76522377.0,76900000.0,77200000.0,24.752,9942000000.0,98600000.0,50000000.0,728500000.0,129.285,167000000.0
21,TEG,MRQ,2009-12-31,2009-12-31,2009-12-31,2019-04-11,-44000000.0,11844600000.0,,3512200000.0,8332400000.0,,37.109,-101900000.0,44500000.0,44500000.0,1396200000.0,25300000.0,1.116,3.156,2733300000.0,338600000.0,2394700000.0,2733300000.0,0.0,58600000.0,0.0,0.065,0.68,90400000.0,149000000.0,0.095,149000000.0,90400000.0,50000000.0,0.32,0.32,0.32,2850000000.0,,2850000000.0,5813180545.0,32.0,14.089,9800000.0,0.128,1.0,177400000.0,0.113,642500000.0,40400000.0,10743200000.0,,304300000.0,0.0,0.0,0.0,8994600000.0,3147700000.0,5846900000.0,3208880545.0,-104900000.0,0.0,0.0,-19600000.0,-51700000.0,-112800000.0,-102500000.0,-10200000.0,111700000.0,0.0,25600000.0,24800000.0,24800000.0,-200000.0,-300000.0,0.016,127900000.0,49500000.0,639400000.0,2.125,1.126,-46.105,-46.143,4941800000.0,800000.0,41.99,0.428,0.43,958000000.0,337000000.0,1573600000.0,1573600000.0,0.0,,,,,0.0,0.0,1.0,76420113.0,76800000.0,76800000.0,20.49,11202100000.0,186000000.0,24400000.0,780800000.0,145.861,364500000.0
22,TEG,MRQ,2009-09-30,2009-09-30,2009-09-30,2019-04-11,-52600000.0,12565200000.0,,4025400000.0,8539800000.0,,37.454,-154700000.0,149400000.0,149400000.0,1144400000.0,51400000.0,1.103,3.368,2753700000.0,357000000.0,2396700000.0,2753700000.0,0.0,57500000.0,0.0,0.076,0.68,121500000.0,179000000.0,0.138,179000000.0,121500000.0,79800000.0,0.67,0.66,0.67,2876500000.0,,2876500000.0,5244203704.0,34.0,13.664,91400000.0,1.19,1.0,153400000.0,0.118,642800000.0,41700000.0,10875600000.0,,414900000.0,0.0,0.0,0.0,9688700000.0,3651100000.0,6037600000.0,2742803704.0,-57000000.0,0.0,0.0,47200000.0,-51700000.0,-157900000.0,-149700000.0,-8400000.0,246100000.0,0.0,51800000.0,51100000.0,51100000.0,-2300000.0,-400000.0,0.039,76300000.0,77100000.0,640000000.0,1.015,0.954,-34.851,-34.845,4915100000.0,700000.0,35.89,0.294,0.295,926300000.0,374000000.0,1297800000.0,1297800000.0,0.0,,,,,0.0,0.0,1.0,76422505.0,76800000.0,76900000.0,16.898,11922400000.0,169000000.0,28000000.0,684100000.0,155.24,374300000.0
23,TEG,MRQ,2009-06-30,2009-06-30,2009-06-30,2019-04-11,-77000000.0,13864300000.0,,5181900000.0,8682400000.0,,37.081,-98300000.0,206400000.0,206400000.0,1278000000.0,35300000.0,1.072,3.868,2707800000.0,384700000.0,2323100000.0,2707800000.0,0.0,57600000.0,0.0,0.09,0.68,94000000.0,151600000.0,0.106,151600000.0,94000000.0,54000000.0,0.45,0.45,0.45,2847800000.0,,2847800000.0,4900894087.0,-248.0,23.449,297600000.0,3.875,1.0,149600000.0,0.105,642800000.0,40000000.0,10888000000.0,,287100000.0,0.0,0.0,0.0,11016500000.0,4834900000.0,6181600000.0,2291994087.0,-125300000.0,0.0,0.0,-231900000.0,-51800000.0,-426200000.0,-95000000.0,-6900000.0,395900000.0,0.0,35500000.0,34700000.0,34700000.0,-300000.0,-200000.0,0.024,96100000.0,53500000.0,964800000.0,1.511,0.805,-12.133,-12.142,4844400000.0,800000.0,29.99,0.203,0.204,1285800000.0,373100000.0,1427600000.0,1427600000.0,0.0,,,,,0.0,0.0,1.0,76425278.0,76800000.0,76800000.0,18.589,13221500000.0,148600000.0,18500000.0,662300000.0,172.155,347000000.0
24,TEG,MRQ,2009-03-31,2009-03-31,2009-03-31,2019-04-11,-104200000.0,14399700000.0,,5897000000.0,8502700000.0,,36.965,-89300000.0,331700000.0,331700000.0,2997900000.0,-179500000.0,1.054,4.079,2940600000.0,703700000.0,2236900000.0,2940600000.0,0.0,56900000.0,0.0,0.103,0.68,-123900000.0,-67000000.0,-0.021,-67000000.0,-123900000.0,-166600000.0,-2.35,-2.35,-2.35,2835200000.0,,2835200000.0,5388226191.0,-142.0,28.479,763300000.0,9.952,1.0,202900000.0,0.063,642800000.0,42700000.0,10771700000.0,,247700000.0,0.0,0.0,0.0,11564500000.0,5594100000.0,5970400000.0,1990126191.0,77600000.0,0.0,0.0,-697100000.0,-51700000.0,-681500000.0,-93500000.0,-8600000.0,852600000.0,0.0,-179400000.0,-180200000.0,-180200000.0,0.0,-100000.0,-0.056,369600000.0,-166700000.0,1267300000.0,-0.289,0.702,-9.976,-9.977,4790700000.0,800000.0,26.04,0.15,0.151,2052800000.0,390500000.0,3200800000.0,3200800000.0,0.0,,,,,0.0,0.0,1.0,76425737.0,76700000.0,76700000.0,41.731,13756900000.0,99600000.0,12800000.0,592600000.0,179.36,302900000.0
25,TEG,MRQ,2008-12-31,2008-12-31,2008-12-31,2019-04-11,-72800000.0,14272500000.0,,5917000000.0,8355500000.0,,40.098,-177600000.0,254100000.0,254100000.0,3325100000.0,16400000.0,1.035,3.605,3645600000.0,1359900000.0,2285700000.0,3645600000.0,0.0,57600000.0,0.0,0.062,0.67,62600000.0,120200000.0,0.035,120200000.0,62600000.0,15400000.0,0.2,0.2,0.2,3099600000.0,,3099600000.0,6593162130.0,19.0,11.769,-128400000.0,-1.661,1.0,93200000.0,0.027,933900000.0,47200000.0,11013600000.0,,732800000.0,0.0,0.0,0.0,11172900000.0,5716500000.0,5456400000.0,3284662130.0,198700000.0,0.0,0.0,271400000.0,-51000000.0,310600000.0,-164900000.0,-10200000.0,49200000.0,0.0,16500000.0,15700000.0,15700000.0,-4600000.0,-100000.0,0.005,82500000.0,10700000.0,1534300000.0,3.35,1.06,28.195,28.276,4748500000.0,800000.0,42.98,0.234,0.235,1892600000.0,624600000.0,3418300000.0,3418300000.0,0.0,,,,,0.0,0.0,1.0,76423037.0,77300000.0,77300000.0,44.221,13338600000.0,0.0,-1100000.0,544200000.0,172.556,200500000.0
26,TEG,MRQ,2008-09-30,2008-09-30,2008-09-30,2019-04-11,0.0,12698900000.0,,5038700000.0,7660200000.0,,41.395,-156700000.0,55400000.0,55400000.0,3242600000.0,-58400000.0,1.105,3.0,3363900000.0,1105200000.0,2258700000.0,3363900000.0,0.0,56700000.0,0.0,0.053,0.67,-52500000.0,4200000.0,0.001,4200000.0,-52500000.0,-92000000.0,-0.77,-0.77,-0.77,3175000000.0,,3175000000.0,6294689440.0,14.0,9.647,-891300000.0,-11.621,1.0,-19500000.0,-0.006,943700000.0,39500000.0,10502500000.0,,1127900000.0,0.0,0.0,0.0,9523900000.0,4561200000.0,4962700000.0,3816589440.0,9400000.0,0.0,0.0,839700000.0,-51000000.0,899400000.0,-155400000.0,-10100000.0,-734600000.0,0.0,-58400000.0,-59100000.0,-59100000.0,0.0,0.0,-0.018,72500000.0,-92000000.0,1355500000.0,-0.87,1.202,20.53,20.384,4645400000.0,700000.0,49.94,0.279,0.28,1568100000.0,,3223100000.0,3223100000.0,0.0,,,,,0.0,0.0,1.0,76423497.0,76700000.0,76700000.0,42.022,11755200000.0,0.0,-33600000.0,595800000.0,153.262,477500000.0
27,TEG,MRQ,2008-06-30,2008-06-30,2008-06-30,2019-04-11,0.0,15127600000.0,,6670500000.0,8457100000.0,,42.962,-129600000.0,46000000.0,46000000.0,3301700000.0,24900000.0,1.091,3.597,2524100000.0,265500000.0,2258600000.0,2524100000.0,0.0,55900000.0,0.0,0.052,0.67,75900000.0,131800000.0,0.039,131800000.0,75900000.0,42400000.0,0.31,0.31,0.31,3290900000.0,,3290900000.0,6234736749.0,10.0,7.796,-183000000.0,-2.389,1.0,115500000.0,0.034,944400000.0,33500000.0,10549300000.0,,1017300000.0,0.0,0.0,0.0,11836700000.0,6112000000.0,5724700000.0,3884636749.0,-51800000.0,-700000.0,0.0,79100000.0,-50900000.0,42600000.0,-41000000.0,-12100000.0,-53400000.0,0.0,24900000.0,24100000.0,24100000.0,-100000.0,0.0,0.007,73200000.0,42300000.0,1789600000.0,2.161,1.18,13.479,13.412,4538600000.0,800000.0,50.83,0.309,0.309,1829900000.0,,3417200000.0,3417200000.0,0.0,,,,,0.0,0.0,1.0,76424095.0,76600000.0,76900000.0,44.611,14183200000.0,0.0,17500000.0,545100000.0,185.159,558500000.0
28,TEG,MRQ,2008-03-31,2008-03-31,2008-03-31,2019-04-11,0.0,12378900000.0,,4821800000.0,7557100000.0,,43.321,-68900000.0,97800000.0,97800000.0,3703300000.0,136600000.0,1.136,2.73,2447900000.0,184500000.0,2263400000.0,2447900000.0,0.0,51200000.0,0.0,0.057,0.67,252800000.0,304000000.0,0.076,304000000.0,252800000.0,214900000.0,1.77,1.77,1.77,3318400000.0,,3318400000.0,6311719791.0,12.0,8.546,419900000.0,5.482,1.0,285900000.0,0.072,948000000.0,37900000.0,9534600000.0,,494700000.0,0.0,0.0,0.0,9060500000.0,4246400000.0,4814100000.0,3564419791.0,56600000.0,-16700000.0,0.0,-341400000.0,-51000000.0,-341300000.0,-90900000.0,-5400000.0,488800000.0,0.0,136600000.0,135800000.0,135800000.0,0.0,0.0,0.034,71000000.0,214900000.0,1602500000.0,0.379,1.074,14.39,14.307,4470800000.0,800000.0,46.64,0.309,0.31,2182500000.0,,3989200000.0,3989200000.0,0.0,,,,,0.0,0.0,1.0,76424095.0,76600000.0,76900000.0,52.078,11430900000.0,0.0,78300000.0,542600000.0,149.228,575400000.0
29,TEG,MRQ,2007-12-31,2007-12-31,2007-12-31,2019-04-11,-1300000.0,11234400000.0,,3726300000.0,7508100000.0,,42.353,-148900000.0,41200000.0,41200000.0,2845700000.0,85800000.0,1.147,2.472,2788500000.0,523400000.0,2265100000.0,2788500000.0,0.0,39700000.0,0.0,0.039,0.66,172800000.0,212500000.0,0.069,212500000.0,172800000.0,135500000.0,1.14,1.13,1.14,3235800000.0,,3235800000.0,6326499496.0,13.0,9.038,-220400000.0,-2.885,1.0,215900000.0,0.071,948300000.0,37300000.0,9785200000.0,,663400000.0,0.0,0.0,0.0,7998600000.0,3248200000.0,4750400000.0,3942099496.0,-215100000.0,0.0,9600000.0,147900000.0,-50100000.0,137600000.0,-147500000.0,-13600000.0,-71500000.0,0.0,85900000.0,85100000.0,85100000.0,6000000.0,-100000.0,0.028,74500000.0,141400000.0,1331800000.0,0.579,1.218,15.687,14.726,4463800000.0,800000.0,51.69,0.383,0.36,1870000000.0,701900000.0,3061600000.0,3061600000.0,0.0,,,,,0.0,0.0,1.0,76264258.0,76400000.0,76600000.0,40.073,10286100000.0,0.0,49600000.0,546600000.0,134.635,478100000.0
30,TEG,MRQ,2007-09-30,2007-09-30,2007-09-30,2019-04-11,0.0,10760400000.0,,3314200000.0,7446200000.0,,41.753,-92700000.0,256300000.0,256300000.0,2015900000.0,43900000.0,1.081,2.382,2640700000.0,497700000.0,2143000000.0,2640700000.0,0.0,49500000.0,0.0,0.038,0.66,101900000.0,151400000.0,0.071,151400000.0,101900000.0,53700000.0,0.57,0.56,0.57,3181600000.0,,3181600000.0,6924738246.0,18.0,12.144,-133300000.0,-1.749,1.0,106600000.0,0.05,943000000.0,48200000.0,9136100000.0,,761700000.0,0.0,0.0,0.0,7578800000.0,3065700000.0,4513100000.0,3893238246.0,224600000.0,-23900000.0,10800000.0,-421600000.0,-50000000.0,-446800000.0,-108800000.0,-18000000.0,-40600000.0,0.0,43900000.0,43200000.0,43200000.0,-32300000.0,0.0,0.02,85200000.0,21400000.0,956800000.0,1.158,1.224,20.764,15.812,4364700000.0,700000.0,51.23,0.428,0.429,1239200000.0,,2122500000.0,2122500000.0,0.0,,,,,0.0,0.0,1.0,75995281.0,76200000.0,76500000.0,27.854,9817400000.0,2400000.0,9800000.0,696100000.0,128.837,248500000.0
31,TEG,MRQ,2007-06-30,2007-06-30,2007-06-30,2019-04-11,0.0,11380400000.0,,3951700000.0,7428700000.0,,41.737,-95100000.0,31700000.0,31700000.0,2345000000.0,-15600000.0,1.144,2.588,3063200000.0,920500000.0,2142700000.0,3063200000.0,0.0,59000000.0,0.0,0.037,0.66,11700000.0,70700000.0,0.03,70700000.0,11700000.0,-30900000.0,-0.22,-0.22,-0.22,3172000000.0,,3172000000.0,6681640301.0,19.0,12.842,-60100000.0,-0.791,1.0,16700000.0,0.007,946800000.0,42600000.0,10009900000.0,,651700000.0,0.0,0.0,0.0,8208400000.0,3455200000.0,4753200000.0,3839340301.0,-25600000.0,0.0,13300000.0,162800000.0,-49800000.0,81300000.0,-126500000.0,-18300000.0,35000000.0,0.0,-15600000.0,-16400000.0,-16400000.0,-24000000.0,0.0,-0.007,71600000.0,-54900000.0,1154000000.0,-3.0,1.21,20.889,14.17,4325000000.0,800000.0,50.73,0.45,0.452,1399000000.0,,2361700000.0,2361700000.0,0.0,,,,,0.0,0.0,1.0,75681851.0,76000000.0,76000000.0,31.075,10433600000.0,13200000.0,-15300000.0,575500000.0,137.284,496500000.0
32,TEG,MRQ,2007-03-31,2007-03-31,2007-03-31,2019-04-11,0.0,10942000000.0,,3856600000.0,7085400000.0,,55.704,-55900000.0,57300000.0,57300000.0,2523300000.0,140200000.0,1.126,2.416,2899600000.0,754300000.0,2145300000.0,2899600000.0,0.0,46900000.0,0.0,0.032,0.059,218500000.0,265400000.0,0.097,265400000.0,218500000.0,182100000.0,2.42,2.41,2.42,3203000000.0,,3203000000.0,6179875327.0,15.0,11.115,259700000.0,4.517,1.0,223300000.0,0.081,1015400000.0,36400000.0,9344800000.0,,514100000.0,0.0,0.0,0.0,7739000000.0,3424100000.0,4314900000.0,4188575327.0,34100000.0,0.0,11900000.0,-254100000.0,-27100000.0,-231300000.0,-68700000.0,5400000.0,315600000.0,0.0,140200000.0,139400000.0,139400000.0,-23000000.0,0.0,0.051,64200000.0,159100000.0,1277400000.0,0.024,1.308,17.816,11.989,4286200000.0,800000.0,55.51,0.548,0.418,1744300000.0,,2746600000.0,2746600000.0,0.0,,,,,0.0,0.0,1.0,75456230.0,57500000.0,57800000.0,47.767,9926600000.0,7300000.0,41900000.0,501700000.0,172.637,432500000.0
33,TEG,MRQ,2006-12-31,2006-12-31,2006-12-31,2019-04-11,0.0,6861700000.0,,2927400000.0,3934300000.0,,35.255,-80400000.0,45200000.0,45200000.0,1789700000.0,22100000.0,1.007,3.474,2036500000.0,749300000.0,1287200000.0,2036500000.0,0.0,32800000.0,0.0,0.042,0.575,49900000.0,82700000.0,0.044,82700000.0,49900000.0,20500000.0,0.47,0.47,0.47,1533600000.0,,1533600000.0,4232159285.0,14.0,9.972,-83400000.0,-1.917,1.0,74900000.0,0.04,303900000.0,29400000.0,5642700000.0,,456300000.0,0.0,0.0,0.0,5328100000.0,2906400000.0,2421700000.0,2337159285.0,-8600000.0,-70000000.0,6400000.0,110300000.0,-24700000.0,88200000.0,-113900000.0,31300000.0,-3000000.0,0.0,22100000.0,21300000.0,21300000.0,300000.0,0.0,0.011,54100000.0,20800000.0,949400000.0,1.223,1.524,15.001,14.682,2534800000.0,800000.0,54.03,0.339,0.332,1222100000.0,,1864600000.0,1864600000.0,0.0,,,,,0.0,0.0,1.0,43256696.0,43500000.0,43600000.0,42.864,6557800000.0,0.0,-1600000.0,114300000.0,150.754,21000000.0
34,TEG,MRQ,2006-09-30,2006-09-30,2006-09-30,2019-04-11,0.0,6494200000.0,,2635400000.0,3858800000.0,,36.0,-447300000.0,31800000.0,31800000.0,1478700000.0,40200000.0,0.89,3.166,1926800000.0,1061100000.0,865700000.0,1926800000.0,0.0,32000000.0,0.0,0.046,0.575,69500000.0,101500000.0,0.065,101500000.0,69500000.0,40400000.0,0.91,0.91,0.91,1558800000.0,,1558800000.0,3995636138.0,14.0,9.997,-343600000.0,-7.935,1.0,76400000.0,0.049,349300000.0,29100000.0,5077600000.0,,437200000.0,0.0,0.0,0.0,4935400000.0,2962300000.0,1973100000.0,2140436138.0,14300000.0,333300000.0,6300000.0,54100000.0,-24600000.0,6100000.0,-131000000.0,-13500000.0,103700000.0,0.0,40200000.0,39500000.0,39500000.0,-12200000.0,0.0,0.025,48200000.0,28200000.0,749800000.0,0.632,1.373,13.908,13.377,2498300000.0,700000.0,49.63,0.291,0.292,935400000.0,,1555100000.0,1555100000.0,0.0,,,,,0.0,0.0,1.0,43127869.0,43300000.0,43400000.0,35.915,6144900000.0,0.0,200000.0,133600000.0,141.915,-326900000.0
35,TEG,MRQ,2006-06-30,2006-06-30,2006-06-30,2019-04-11,0.0,5978500000.0,,2236700000.0,3741800000.0,,36.481,-405300000.0,17500000.0,17500000.0,1378400000.0,35700000.0,0.889,2.883,1872700000.0,1007000000.0,865700000.0,1872700000.0,0.0,29300000.0,0.0,0.046,0.565,77100000.0,106400000.0,0.072,106400000.0,77100000.0,54700000.0,0.83,0.83,0.83,1539500000.0,,1539500000.0,3493301507.0,12.0,8.95,-468100000.0,-11.092,1.0,96900000.0,0.066,0.0,22400000.0,5318300000.0,,468300000.0,0.0,0.0,0.0,4439000000.0,2515400000.0,1923600000.0,1999201507.0,-5200000.0,40000000.0,145500000.0,355800000.0,-24200000.0,429100000.0,-377600000.0,-14200000.0,-62800000.0,0.0,35700000.0,34900000.0,34900000.0,6200000.0,0.0,0.024,36000000.0,60900000.0,686400000.0,0.681,1.299,12.295,12.217,2276500000.0,800000.0,49.6,0.266,0.278,820200000.0,,1475300000.0,1475300000.0,0.0,,,,,0.0,0.0,1.0,40306482.0,42200000.0,42200000.0,34.96,5978500000.0,5800000.0,19000000.0,119800000.0,141.671,-278700000.0
36,TEG,MRQ,2006-03-31,2006-03-31,2006-03-31,2019-04-11,0.0,5417400000.0,,2088800000.0,3328600000.0,,34.002,-63800000.0,22700000.0,22700000.0,1873400000.0,60100000.0,0.919,2.953,1516800000.0,649600000.0,867200000.0,1516800000.0,0.0,27200000.0,0.0,0.046,0.565,105800000.0,133000000.0,0.067,133000000.0,105800000.0,87500000.0,1.49,1.48,1.49,1370300000.0,,1370300000.0,3084923190.0,11.0,7.593,-28800000.0,-0.715,1.0,122300000.0,0.061,0.0,18300000.0,4637900000.0,,351500000.0,0.0,0.0,0.0,4047100000.0,2273600000.0,1773500000.0,1976723190.0,-5000000.0,-314900000.0,6400000.0,380800000.0,-22500000.0,368300000.0,-407600000.0,-27300000.0,35000000.0,0.0,60100000.0,60100000.0,60100000.0,-1600000.0,0.0,0.03,35600000.0,86700000.0,842200000.0,0.379,1.443,13.039,12.751,2093000000.0,0.0,49.22,0.269,0.27,904200000.0,,1995700000.0,1995700000.0,0.0,,,,,0.0,0.0,1.0,40160975.0,40300000.0,40600000.0,49.521,5417400000.0,0.0,27400000.0,104700000.0,134.427,-184800000.0
37,TEG,MRQ,2005-12-31,2005-12-31,2005-12-31,2019-04-11,0.0,5462500000.0,,2522400000.0,2940100000.0,,33.27,-112600000.0,27700000.0,27700000.0,2330800000.0,22500000.0,1.085,3.188,1135900000.0,268800000.0,867100000.0,1135900000.0,0.0,19300000.0,0.0,0.04,0.565,39500000.0,58800000.0,0.025,58800000.0,39500000.0,23100000.0,0.48,0.47,0.48,1304200000.0,,1304200000.0,3100921231.0,12.0,7.53,-237800000.0,-6.066,1.0,-2000000.0,-0.001,36800000.0,16400000.0,4210000000.0,,304400000.0,0.0,0.0,0.0,4158300000.0,2323900000.0,1834400000.0,2107021231.0,300000.0,95100000.0,103600000.0,114500000.0,-22400000.0,195200000.0,-49600000.0,-34100000.0,-125200000.0,0.0,22500000.0,19400000.0,19400000.0,-8500000.0,0.0,0.008,-5200000.0,3200000.0,1078900000.0,1.177,1.616,13.386,13.457,2044000000.0,3100000.0,55.31,0.309,0.31,1156900000.0,,2328800000.0,2328800000.0,0.0,,,,,0.0,0.0,1.0,38094761.0,39200000.0,39900000.0,59.408,5425700000.0,7300000.0,600000.0,94100000.0,138.411,198500000.0
38,TEG,MRQ,2005-09-30,2005-09-30,2005-09-30,2019-04-11,0.0,5478500000.0,,2595700000.0,2882800000.0,,30.508,9000000.0,27400000.0,27400000.0,1619500000.0,48200000.0,1.028,3.701,1021300000.0,151700000.0,869600000.0,1021300000.0,0.0,13200000.0,0.0,0.039,0.565,78900000.0,92100000.0,0.054,92100000.0,78900000.0,63300000.0,1.26,1.25,1.26,1165400000.0,,1165400000.0,3304277989.0,11.0,7.092,13900000.0,0.364,1.0,100600000.0,0.058,0.0,15600000.0,3947700000.0,,272900000.0,0.0,0.0,0.0,4313100000.0,2524700000.0,1788400000.0,2194277989.0,4200000.0,0.0,6800000.0,-111800000.0,-21400000.0,-126700000.0,117300000.0,-18200000.0,4900000.0,0.0,48200000.0,48200000.0,48200000.0,-3500000.0,0.0,0.028,35300000.0,65300000.0,851200000.0,0.448,1.883,11.212,11.18,2056000000.0,0.0,57.8,0.375,0.377,867800000.0,,1720100000.0,1720100000.0,0.0,,,,,0.0,0.0,1.0,37963287.0,38200000.0,38600000.0,45.029,5478500000.0,0.0,15100000.0,38100000.0,143.416,71000000.0
39,TEG,MRQ,2005-06-30,2005-06-30,2005-06-30,2019-04-11,0.0,4452500000.0,,1272500000.0,3180000000.0,,30.289,-126700000.0,23200000.0,23200000.0,1230600000.0,23900000.0,0.964,2.868,1133200000.0,263600000.0,869600000.0,1133200000.0,0.0,75800000.0,0.0,0.039,0.555,46600000.0,122400000.0,0.093,122400000.0,46600000.0,31400000.0,0.63,0.62,0.63,1151000000.0,,1151000000.0,3165474438.0,11.0,6.691,-98600000.0,-2.595,1.0,83900000.0,0.064,0.0,15200000.0,4243000000.0,,183800000.0,0.0,0.0,0.0,3301500000.0,1319500000.0,1982000000.0,2127374438.0,-25900000.0,0.0,7000000.0,46500000.0,-20800000.0,14800000.0,-140100000.0,-28300000.0,28100000.0,0.0,23900000.0,23900000.0,23900000.0,4700000.0,0.0,0.018,78500000.0,5400000.0,540400000.0,0.881,1.848,11.67,11.622,2143000000.0,0.0,56.25,0.407,0.409,579200000.0,,1314500000.0,1314500000.0,0.0,,,,,0.0,0.0,1.0,37819990.0,38000000.0,38400000.0,34.592,4452500000.0,0.0,7500000.0,47400000.0,117.171,-47000000.0
40,TEG,MRQ,2005-03-31,2005-03-31,2005-03-31,2019-04-11,0.0,4685100000.0,,1631600000.0,3053500000.0,,30.048,-59100000.0,49100000.0,49100000.0,1352800000.0,65900000.0,1.05,3.125,1087200000.0,222300000.0,864900000.0,1087200000.0,0.0,41400000.0,0.0,0.042,0.555,100800000.0,142200000.0,0.096,142200000.0,100800000.0,84600000.0,1.74,1.73,1.74,1135800000.0,,1135800000.0,3118960546.0,12.0,7.682,110500000.0,2.923,1.0,134100000.0,0.09,0.0,16200000.0,4169500000.0,,156900000.0,0.0,0.0,0.0,3549300000.0,1553700000.0,1995600000.0,1994160546.0,9100000.0,0.0,9900000.0,-77600000.0,-20800000.0,-84100000.0,-76400000.0,-20600000.0,169600000.0,0.0,65900000.0,65900000.0,65900000.0,0.0,0.0,0.044,48700000.0,85400000.0,606200000.0,0.319,1.756,12.234,12.222,2061000000.0,0.0,52.92,0.401,0.402,641100000.0,,1486900000.0,1486900000.0,0.0,,,,,0.0,0.0,1.0,37682550.0,37800000.0,38100000.0,39.336,4685100000.0,0.0,18700000.0,92500000.0,123.944,77900000.0
41,TEG,MRQ,2004-12-31,2004-12-31,2004-12-31,2019-04-11,0.0,4376800000.0,,1372700000.0,3004100000.0,,28.732,-68200000.0,40000000.0,40000000.0,1234700000.0,57700000.0,1.048,3.009,1164800000.0,299100000.0,865700000.0,1164800000.0,0.0,32000000.0,0.0,0.044,0.555,77200000.0,109200000.0,0.082,109200000.0,77200000.0,67200000.0,1.54,1.53,1.54,1091800000.0,,1091800000.0,2831440881.0,13.0,7.655,-85000000.0,-2.237,1.0,103000000.0,0.077,0.0,10000000.0,4192200000.0,,196100000.0,0.0,0.0,0.0,3285000000.0,1309400000.0,1975600000.0,1867840881.0,-15100000.0,0.0,4000000.0,149400000.0,-20400000.0,118500000.0,-102500000.0,-228100000.0,-16800000.0,0.0,57700000.0,57700000.0,57700000.0,13800000.0,0.0,0.043,39400000.0,63600000.0,589400000.0,0.36,1.711,13.37,13.358,2076500000.0,0.0,49.96,0.383,0.383,644500000.0,,1337700000.0,1337700000.0,0.0,,,,,0.0,0.0,1.0,37386727.0,38000000.0,37900000.0,35.203,4376800000.0,0.0,9500000.0,96300000.0,115.179,63300000.0
42,TEG,MRQ,2004-09-30,2004-09-30,2004-09-30,2019-04-11,0.0,4334800000.0,,1458500000.0,2876300000.0,,28.227,-82800000.0,55100000.0,55100000.0,1005700000.0,34800000.0,1.176,3.106,1018700000.0,149900000.0,868800000.0,1018700000.0,0.0,40300000.0,0.0,0.049,0.555,59000000.0,99300000.0,0.091,99300000.0,59000000.0,44100000.0,0.93,0.93,0.93,1055700000.0,,1055700000.0,2553534200.0,13.0,6.559,-60000000.0,-1.604,1.0,86200000.0,0.079,0.0,14900000.0,4058000000.0,,187600000.0,0.0,0.0,0.0,3279100000.0,1240400000.0,2038700000.0,1676034200.0,-11200000.0,0.0,6000000.0,71500000.0,-20600000.0,57200000.0,-91200000.0,-18400000.0,22800000.0,0.0,34800000.0,34800000.0,34800000.0,0.0,0.0,0.032,37600000.0,48600000.0,461000000.0,0.597,1.588,15.679,15.408,1927400000.0,0.0,44.99,0.358,0.359,445200000.0,,1091900000.0,1091900000.0,0.0,,,,,0.0,0.0,1.0,37253483.0,37400000.0,37600000.0,29.195,4334800000.0,0.0,9300000.0,114000000.0,115.904,218100000.0
43,TEG,MRQ,2004-06-30,2004-06-30,2004-06-30,2019-04-11,0.0,3995500000.0,,1206100000.0,2789400000.0,,27.794,-73300000.0,66300000.0,66300000.0,1011300000.0,4600000.0,1.274,2.854,943800000.0,74300000.0,869500000.0,943800000.0,0.0,38800000.0,0.0,0.047,0.545,16500000.0,55300000.0,0.052,55300000.0,16500000.0,2100000.0,0.12,0.12,0.12,1036700000.0,,1036700000.0,2546097932.0,13.0,6.487,-40300000.0,-1.08,1.0,48200000.0,0.045,0.0,14400000.0,3926600000.0,,123100000.0,0.0,0.0,0.0,2958800000.0,946400000.0,2012400000.0,1719997932.0,4900000.0,0.0,6000000.0,55500000.0,-20200000.0,42600000.0,-76800000.0,-9600000.0,33000000.0,0.0,4600000.0,4600000.0,4600000.0,0.0,0.0,0.004,38100000.0,10100000.0,423200000.0,4.542,1.659,16.196,15.247,1876300000.0,0.0,46.35,0.375,0.377,413100000.0,,1059500000.0,1059500000.0,0.0,,,,,0.0,0.0,1.0,37108909.0,37300000.0,37500000.0,28.405,3995500000.0,0.0,-2500000.0,106600000.0,107.118,259700000.0
44,TEG,MRQ,2004-03-31,2004-03-31,2004-03-31,2019-04-11,0.0,4015600000.0,,1305100000.0,2710500000.0,,28.057,-38600000.0,61400000.0,61400000.0,1264800000.0,42600000.0,1.303,2.858,887500000.0,16100000.0,871400000.0,887500000.0,0.0,34500000.0,0.0,0.045,0.545,72000000.0,106500000.0,0.078,106500000.0,72000000.0,58500000.0,1.15,1.14,1.15,1040900000.0,,1040900000.0,2731627158.0,14.0,7.077,164900000.0,4.445,1.0,108500000.0,0.079,0.0,13500000.0,3840000000.0,,96600000.0,0.0,0.0,0.0,2974700000.0,1001700000.0,1973000000.0,1764327158.0,10700000.0,0.0,10300000.0,-130300000.0,-20100000.0,-144800000.0,-41900000.0,-9500000.0,203500000.0,0.0,42600000.0,42600000.0,42600000.0,3000000.0,0.0,0.031,46200000.0,62300000.0,471300000.0,0.474,1.695,16.916,15.933,1835700000.0,0.0,47.8,0.393,0.395,517300000.0,,1373300000.0,1373300000.0,0.0,,,,,0.0,0.0,1.0,36910610.0,37100000.0,37300000.0,37.016,4015600000.0,0.0,15900000.0,106000000.0,108.237,303400000.0
45,TEG,MRQ,2003-12-31,2003-12-31,2003-12-31,2019-04-11,0.0,4292300000.0,,1545500000.0,2746800000.0,,29.078,-52700000.0,50700000.0,50700000.0,1092200000.0,24900000.0,1.221,3.279,1018000000.0,146100000.0,871900000.0,1018000000.0,0.0,78700000.0,0.0,0.047,0.545,49500000.0,128200000.0,0.111,128200000.0,49500000.0,29500000.0,0.72,0.71,0.72,1003200000.0,,1003200000.0,2450014503.0,13.0,6.586,-92300000.0,-2.675,1.0,67200000.0,0.058,0.0,20000000.0,3994200000.0,,178300000.0,0.0,0.0,0.0,3289100000.0,1265400000.0,2023700000.0,1510214503.0,10000000.0,0.0,173400000.0,-10800000.0,-20000000.0,160800000.0,-110800000.0,-409200000.0,-39600000.0,0.0,24900000.0,24900000.0,24900000.0,-9300000.0,0.0,0.021,53600000.0,13600000.0,510700000.0,0.757,1.505,15.947,16.108,1828700000.0,0.0,46.23,0.343,0.347,592400000.0,,1159400000.0,1159400000.0,0.0,,,,,0.0,0.0,1.0,32667413.0,34500000.0,35000000.0,33.606,4292300000.0,0.0,4600000.0,98200000.0,124.414,280100000.0
46,TEG,MRQ,2003-09-30,2003-09-30,2003-09-30,2019-04-11,0.0,3779100000.0,,1168800000.0,2610300000.0,,24.862,-46500000.0,40700000.0,40700000.0,897400000.0,34100000.0,0.997,3.663,980500000.0,167500000.0,813000000.0,980500000.0,0.0,38400000.0,0.0,0.052,0.545,64100000.0,102500000.0,0.104,102500000.0,64100000.0,50100000.0,1.05,1.04,1.05,810500000.0,,810500000.0,2209908435.0,12.0,7.0,-51900000.0,-1.592,1.0,92000000.0,0.093,0.0,14000000.0,3546700000.0,,176700000.0,0.0,0.0,0.0,2968600000.0,1172200000.0,1796400000.0,1338608435.0,-13600000.0,0.0,6600000.0,58900000.0,-17700000.0,40600000.0,-48600000.0,-1400000.0,-5400000.0,0.0,34100000.0,34100000.0,34100000.0,-1600000.0,0.0,0.034,42800000.0,49200000.0,462200000.0,0.519,1.652,13.521,13.377,2018400000.0,0.0,41.2,0.372,0.374,400600000.0,,989400000.0,989400000.0,0.0,,,,,0.0,0.0,1.0,32490496.0,32600000.0,32900000.0,30.35,3779100000.0,0.0,16000000.0,113700000.0,115.923,-3400000.0
47,TEG,MRQ,2003-06-30,2003-06-30,2003-06-30,2019-04-11,0.0,3723000000.0,,1118100000.0,2604900000.0,,24.852,-19600000.0,54300000.0,54300000.0,923900000.0,2700000.0,1.009,3.624,925600000.0,112100000.0,813500000.0,925600000.0,0.0,36200000.0,0.0,0.053,0.535,12600000.0,48800000.0,0.05,48800000.0,12600000.0,-1200000.0,0.08,0.08,0.08,805200000.0,,805200000.0,2082728224.0,12.0,6.519,-27800000.0,-0.858,1.0,48000000.0,0.049,0.0,13800000.0,3486400000.0,,140400000.0,0.0,0.0,0.0,2917800000.0,1107900000.0,1809900000.0,1295128224.0,-42400000.0,0.0,10000000.0,41800000.0,-17000000.0,31400000.0,-58100000.0,-39700000.0,-8200000.0,0.0,2700000.0,2700000.0,2700000.0,5800000.0,0.0,0.003,42600000.0,5400000.0,522900000.0,6.688,1.608,13.576,13.445,1996500000.0,0.0,40.2,0.434,0.437,405400000.0,,971900000.0,971900000.0,0.0,,,,,0.0,0.0,1.0,32217120.0,32400000.0,32700000.0,29.997,3723000000.0,0.0,-3900000.0,97300000.0,114.907,10200000.0
48,TEG,MRQ,2003-03-31,2003-03-31,2003-03-31,2019-04-11,0.0,3748000000.0,,1239500000.0,2508500000.0,,25.268,-27100000.0,96700000.0,96700000.0,1189200000.0,33000000.0,1.044,3.621,884300000.0,69400000.0,814900000.0,884300000.0,0.0,35200000.0,0.0,0.053,0.535,57300000.0,92500000.0,0.072,92500000.0,57300000.0,43300000.0,1.03,1.02,1.03,811100000.0,,811100000.0,2162594240.0,11.0,6.357,85300000.0,2.657,1.0,92600000.0,0.072,0.0,14000000.0,3348800000.0,,62200000.0,0.0,0.0,0.0,2936900000.0,1186800000.0,1750100000.0,1280594240.0,53400000.0,0.0,6700000.0,-40900000.0,-17100000.0,-37200000.0,-29900000.0,-1900000.0,112400000.0,0.0,33000000.0,33000000.0,33000000.0,5100000.0,0.0,0.026,46600000.0,46000000.0,656800000.0,0.519,1.579,11.194,11.142,1980200000.0,0.0,40.0,0.547,0.548,614800000.0,,1281800000.0,1281800000.0,0.0,,,,,0.0,0.0,1.0,32014856.0,32100000.0,32400000.0,39.931,3748000000.0,0.0,10300000.0,99600000.0,116.76,52700000.0
49,TEG,MRQ,2002-12-31,2002-12-31,2002-12-31,2019-04-11,0.0,3671200000.0,,1151900000.0,2519300000.0,,24.694,-58200000.0,43300000.0,43300000.0,281600000.0,26900000.0,1.097,3.69,975300000.0,100900000.0,874400000.0,975300000.0,0.0,28800000.0,0.0,0.055,0.535,43100000.0,71900000.0,0.204,71900000.0,43100000.0,32200000.0,0.92,0.9,0.92,782800000.0,,782800000.0,2048573720.0,11.0,6.111,-67100000.0,-2.117,1.0,70800000.0,0.201,0.0,10900000.0,3552800000.0,,110300000.0,0.0,0.0,0.0,2888400000.0,1050400000.0,1838000000.0,1237773720.0,-500000.0,69900000.0,4600000.0,82900000.0,-17000000.0,72200000.0,-47000000.0,-77700000.0,-8900000.0,0.0,26900000.0,29200000.0,29200000.0,6000000.0,0.0,0.083,21500000.0,49300000.0,452000000.0,0.582,1.581,11.314,11.252,1712300000.0,-2300000.0,38.82,0.847,0.842,399200000.0,,352400000.0,352400000.0,0.0,,,,,0.0,0.0,1.0,31884949.0,31700000.0,32900000.0,11.117,3671200000.0,0.0,5300000.0,93000000.0,115.811,101500000.0
50,TEG,MRQ,2002-09-30,2002-09-30,2002-09-30,2019-04-11,0.0,2894000000.0,,879200000.0,2014800000.0,,23.997,-45000000.0,43800000.0,43800000.0,293700000.0,31300000.0,0.924,2.781,854600000.0,196100000.0,658500000.0,854600000.0,0.0,45700000.0,0.0,0.06,0.535,60600000.0,106300000.0,0.282,106300000.0,60600000.0,45400000.0,0.96,0.95,0.96,765500000.0,,765500000.0,1936491920.0,10.0,5.822,2100000.0,0.066,1.0,83400000.0,0.221,0.0,15200000.0,2753000000.0,,126900000.0,0.0,0.0,0.0,2128500000.0,951800000.0,1176700000.0,1124791920.0,24900000.0,-2500000.0,5300000.0,30400000.0,-17000000.0,25900000.0,-48100000.0,1500000.0,47100000.0,0.0,31300000.0,30500000.0,30500000.0,0.0,0.0,0.081,38000000.0,45400000.0,312800000.0,0.557,1.469,11.148,10.938,1585200000.0,800000.0,35.44,3.126,3.142,263400000.0,,377100000.0,377100000.0,0.0,,,,,0.0,0.0,1.0,31737921.0,31900000.0,31900000.0,11.821,2894000000.0,0.0,14100000.0,102800000.0,90.721,-72600000.0
51,TEG,MRQ,2002-06-30,2002-06-30,2002-06-30,2019-04-11,0.0,2776400000.0,,726700000.0,2049700000.0,,23.644,-52100000.0,18900000.0,18900000.0,277900000.0,22500000.0,0.972,2.704,830600000.0,120400000.0,710200000.0,830600000.0,0.0,30800000.0,0.0,0.051,0.525,38700000.0,69500000.0,0.209,69500000.0,38700000.0,24700000.0,0.68,0.68,0.68,749500000.0,,749500000.0,2025328974.0,12.0,6.977,-11000000.0,-0.347,1.0,54000000.0,0.163,0.0,14000000.0,2840700000.0,,102300000.0,0.0,0.0,0.0,2026900000.0,747400000.0,1279500000.0,1287528974.0,-57100000.0,-67400000.0,8200000.0,27900000.0,-16600000.0,19400000.0,-117600000.0,5500000.0,41100000.0,0.0,22500000.0,21700000.0,21700000.0,0.0,0.0,0.065,32400000.0,21600000.0,300600000.0,0.772,1.718,13.965,13.431,1570100000.0,800000.0,40.83,2.576,2.59,236200000.0,,331900000.0,331900000.0,0.0,,,,,0.0,0.0,1.0,31533896.0,31700000.0,31700000.0,10.47,2776400000.0,0.0,2200000.0,103900000.0,87.584,-20700000.0
52,TEG,MRQ,2002-03-31,2002-03-31,2002-03-31,2019-04-11,0.0,2782500000.0,,811700000.0,1970800000.0,,23.494,-47900000.0,76000000.0,76000000.0,315800000.0,28900000.0,1.173,2.772,813800000.0,36800000.0,777000000.0,813800000.0,0.0,36000000.0,0.0,0.053,0.525,49900000.0,85900000.0,0.216,85900000.0,49900000.0,35900000.0,0.89,0.89,0.89,737700000.0,,737700000.0,2016552708.0,13.0,7.685,61300000.0,1.952,1.0,81300000.0,0.205,0.0,14000000.0,2828300000.0,,78200000.0,0.0,0.0,0.0,2044800000.0,692000000.0,1352800000.0,1229852708.0,32100000.0,0.0,8900000.0,-16600000.0,-16500000.0,-24400000.0,-52700000.0,-1600000.0,109200000.0,0.0,28900000.0,28100000.0,28100000.0,0.0,0.0,0.071,36200000.0,45100000.0,314300000.0,0.59,1.667,14.962,14.238,1479400000.0,800000.0,39.44,1.651,1.662,306800000.0,,397100000.0,397100000.0,0.0,,,,,0.0,0.0,1.0,31182878.0,31400000.0,31400000.0,12.646,2782500000.0,0.0,7000000.0,93300000.0,88.615,119700000.0
53,TEG,MRQ,2001-12-31,2001-12-31,2001-12-31,2019-04-11,0.0,2870000000.0,,869700000.0,2000300000.0,,24.601,-1000000.0,43900000.0,43900000.0,-799600000.0,18300000.0,1.086,3.009,830600000.0,102800000.0,727800000.0,830600000.0,0.0,34400000.0,0.0,0.057,0.525,36500000.0,70900000.0,-0.095,70900000.0,36500000.0,24900000.0,0.71,0.7,0.71,715900000.0,,715900000.0,1889051309.0,13.0,8.025,-23100000.0,-0.794,1.0,53300000.0,-0.071,0.0,11600000.0,2855700000.0,,102500000.0,0.0,0.0,0.0,2154100000.0,801000000.0,1353100000.0,1049951309.0,16700000.0,-100000.0,82100000.0,-51400000.0,-15600000.0,13500000.0,37100000.0,3600000.0,-22100000.0,0.0,18300000.0,20600000.0,20600000.0,6900000.0,0.0,-0.028,2500000.0,50800000.0,334600000.0,0.739,1.467,13.53,13.291,1463600000.0,-2300000.0,36.55,0.78,0.766,304500000.0,,-746300000.0,-746300000.0,0.0,,,,,0.0,0.0,1.0,28726438.0,29100000.0,29500000.0,-25.646,2870000000.0,0.0,6600000.0,90500000.0,98.625,68700000.0
54,TEG,MRQ,2001-09-30,2001-09-30,2001-09-30,2019-04-11,0.0,2655036000.0,,855600000.0,1799436000.0,,21.62,-86700000.0,27160000.0,27160000.0,450300000.0,22600000.0,1.08,3.279,866260000.0,85696000.0,780564000.0,866260000.0,0.0,21300000.0,0.0,0.06,0.525,42700000.0,64000000.0,0.124,64000000.0,42700000.0,28700000.0,0.76,0.76,0.76,620503000.0,,620503000.0,1811154947.0,14.0,8.407,23100000.0,0.805,1.0,66800000.0,0.129,36118000.0,14000000.0,2665600000.0,,127747000.0,171876000.0,0.0,171876000.0,2034533000.0,792418000.0,1242115000.0,986097947.0,10600000.0,0.0,4300000.0,24900000.0,-15000000.0,12600000.0,-111800000.0,0.0,109800000.0,0.0,22600000.0,21800000.0,21800000.0,0.0,0.0,0.042,38100000.0,28700000.0,217240000.0,0.691,1.589,13.958,13.385,1418264000.0,800000.0,34.4,0.351,0.351,218577000.0,,517100000.0,517100000.0,0.0,,,,,0.0,0.0,1.0,28665638.0,28700000.0,28700000.0,18.017,2618918000.0,0.0,6100000.0,131742000.0,91.251,63182000.0
55,TEG,MRQ,2001-06-30,2001-06-30,2001-06-30,2019-04-11,0.0,2512281000.0,,790884000.0,1721397000.0,,21.383,-49600000.0,16584000.0,16584000.0,528600000.0,12500000.0,1.037,3.108,841641000.0,158167000.0,683474000.0,841641000.0,0.0,20300000.0,0.0,0.058,0.515,21300000.0,41600000.0,0.072,41600000.0,21300000.0,7900000.0,0.41,0.41,0.41,611558000.0,,611558000.0,1775401412.0,15.0,8.361,-54400000.0,-1.902,1.0,48500000.0,0.084,0.0,13400000.0,2574898000.0,,106650000.0,203247000.0,0.0,203247000.0,1900723000.0,762440000.0,1138283000.0,991662412.0,-1200000.0,0.0,4600000.0,40200000.0,-14600000.0,13700000.0,-10100000.0,42300000.0,-4800000.0,0.0,12500000.0,11700000.0,11700000.0,0.0,0.0,0.02,29300000.0,19200000.0,202603000.0,1.256,1.622,16.069,15.326,1356734000.0,800000.0,35.25,0.361,0.367,249950000.0,,577100000.0,577100000.0,0.0,,,,,0.0,0.0,1.0,28132267.0,28600000.0,28600000.0,20.178,2512281000.0,0.0,-4600000.0,129595000.0,87.842,28444000.0
56,TEG,MRQ,2001-03-31,2001-03-31,2001-03-31,2019-04-11,0.0,2369456000.0,,724153000.0,1645303000.0,,21.028,-48200000.0,17848000.0,17848000.0,932500000.0,24400000.0,1.017,3.252,801587000.0,143162000.0,658425000.0,801587000.0,0.0,19200000.0,0.0,0.045,0.515,39800000.0,59000000.0,0.059,59000000.0,39800000.0,25500000.0,0.89,0.89,0.89,557253000.0,,557253000.0,1689433406.0,14.0,7.452,13000000.0,0.491,1.0,65000000.0,0.065,0.0,14300000.0,2441269000.0,,65363000.0,195517000.0,0.0,195517000.0,1812203000.0,711926000.0,1100277000.0,904382406.0,5000000.0,100000.0,4300000.0,3900000.0,-13600000.0,-6200000.0,-50000000.0,0.0,61200000.0,0.0,24400000.0,23600000.0,23600000.0,0.0,0.0,0.024,28200000.0,36800000.0,311609000.0,0.579,1.623,14.737,14.711,1309129000.0,800000.0,34.13,0.355,0.355,375910000.0,,997500000.0,997500000.0,0.0,,,,,0.0,0.0,1.0,26498166.0,26500000.0,26500000.0,37.642,2369456000.0,0.0,1100000.0,133553000.0,89.413,12227000.0
57,TEG,MRQ,2000-12-31,2000-12-31,2000-12-31,2019-04-11,0.0,2816100000.0,,1201200000.0,1614900000.0,,20.634,-159438000.0,12800000.0,12800000.0,835165000.0,16646000.0,1.016,4.138,797900000.0,137900000.0,660000000.0,797900000.0,0.0,25681000.0,0.0,0.028,0.515,25162000.0,50843000.0,0.071,50843000.0,25162000.0,10775000.0,0.51,0.51,0.51,548100000.0,,548100000.0,1690283969.0,13.0,6.86,-150829000.0,-5.678,1.0,-116034000.0,-0.161,0.0,14387000.0,2418600000.0,,84100000.0,0.0,0.0,0.0,2268000000.0,1182600000.0,1085400000.0,975391969.0,4770000.0,0.0,-395000.0,66200000.0,-13564000.0,49943000.0,-53782000.0,0.0,8609000.0,0.0,16646000.0,13546000.0,13546000.0,0.0,0.0,0.019,-141212000.0,25178000.0,334300000.0,1.01,1.78,14.558,14.549,1350800000.0,3100000.0,36.81,0.5,0.5,401700000.0,,719131000.0,719131000.0,0.0,,,,,0.0,0.0,1.0,26498016.0,26563000.0,26563000.0,27.073,2816100000.0,0.0,-5871000.0,124400000.0,106.016,18600000.0
58,TEG,MRQ,2000-09-30,2000-09-30,2000-09-30,2019-04-11,0.0,2188504000.0,,597629000.0,1590875000.0,,20.547,-29952000.0,8077000.0,8077000.0,338820000.0,12867000.0,1.131,3.033,722969000.0,67941000.0,655028000.0,722969000.0,0.0,31703000.0,0.0,0.016,0.515,29204000.0,60907000.0,0.133,60907000.0,29204000.0,15972000.0,0.49,0.49,0.49,542591000.0,,542591000.0,1499524396.0,11.0,5.901,-29982000.0,-1.135,1.0,118065000.0,0.258,0.0,13232000.0,2374924000.0,,96946000.0,110006000.0,0.0,110006000.0,1645913000.0,528472000.0,1117441000.0,867974396.0,-80663000.0,0.0,-21000.0,2790000.0,-13600000.0,-9807000.0,-70826000.0,0.0,-30000.0,0.0,12867000.0,12867000.0,12867000.0,0.0,0.0,0.028,88242000.0,29823000.0,172046000.0,1.051,1.6,13.064,13.048,1342938000.0,0.0,32.75,0.569,0.567,195205000.0,,456885000.0,456885000.0,0.0,,,,,0.0,0.0,1.0,26503035.0,26407000.0,26407000.0,17.302,2188504000.0,0.0,3105000.0,149306000.0,82.876,69157000.0
59,TEG,MRQ,2000-06-30,2000-06-30,2000-06-30,2019-04-11,0.0,2095918000.0,,554056000.0,1541862000.0,,20.543,29624000.0,88740000.0,88740000.0,266798000.0,11355000.0,1.281,2.865,720290000.0,62946000.0,657344000.0,720290000.0,0.0,31055000.0,0.0,0.0,0.0,24891000.0,55946000.0,0.149,55946000.0,24891000.0,12884000.0,0.43,0.43,0.43,542291000.0,,542291000.0,2020280210.0,15.0,8.226,50660000.0,1.919,1.0,107875000.0,0.288,0.0,12007000.0,2295045000.0,,71619000.0,110611000.0,0.0,110611000.0,1553627000.0,432423000.0,1121204000.0,795994210.0,71973000.0,0.0,-250000.0,81900000.0,-13215000.0,67892000.0,-16955000.0,0.0,21036000.0,0.0,11355000.0,11355000.0,11355000.0,0.0,0.0,0.03,94871000.0,13004000.0,159371000.0,0.0,1.468,11.811,11.831,1298097000.0,0.0,30.05,0.603,0.601,186632000.0,,374673000.0,374673000.0,0.0,,,,,0.0,0.0,1.0,26488992.0,26398000.0,26398000.0,14.193,2095918000.0,0.0,1529000.0,145920000.0,79.397,121633000.0
60,TEG,MRQ,2000-03-31,2000-03-31,2000-03-31,2019-04-11,0.0,1942415000.0,,390122000.0,1552293000.0,,20.355,-8034000.0,16767000.0,16767000.0,264317000.0,29232000.0,1.113,2.583,1241053000.0,57412000.0,1183641000.0,1241053000.0,0.0,31061000.0,0.0,0.0,0.0,47644000.0,78705000.0,0.197,78705000.0,47644000.0,36469000.0,1.1,1.1,1.1,542125000.0,,542125000.0,1489803107.0,11.0,6.314,106251000.0,3.989,1.0,134532000.0,0.337,0.0,11175000.0,2816103000.0,,60951000.0,116685000.0,0.0,116685000.0,1400290000.0,350598000.0,1049692000.0,696516107.0,6220000.0,0.0,-9834000.0,-34090000.0,-13521000.0,-57528000.0,-50537000.0,0.0,114285000.0,0.0,29232000.0,29232000.0,29232000.0,0.0,0.0,0.073,91799000.0,42733000.0,137203000.0,0.0,1.285,10.54,10.418,1298818000.0,0.0,25.94,0.597,0.592,190762000.0,357412000.0,398849000.0,398849000.0,0.0,,,,,0.0,0.0,1.0,26851045.0,26634000.0,26634000.0,14.975,1942415000.0,0.0,7237000.0,148303000.0,72.93,39524000.0
61,TEG,MRQ,1999-12-31,1999-12-31,1999-12-31,2019-04-11,0.0,1816548000.0,,292925000.0,1523623000.0,,20.166,-234072000.0,10547000.0,10547000.0,373904000.0,16088000.0,1.254,2.387,676122000.0,91620000.0,584502000.0,676122000.0,0.0,25320000.0,0.0,0.0,0.0,33249000.0,58569000.0,0.198,58569000.0,33249000.0,22961000.0,0.49,0.49,0.49,536300000.0,,536300000.0,1728329041.0,14.0,7.726,-245784000.0,-9.242,1.0,-77795000.0,-0.263,0.0,10288000.0,2248562000.0,,82619000.0,107257000.0,0.0,107257000.0,1280248000.0,233561000.0,1046687000.0,673999041.0,3910000.0,0.0,507000.0,155899000.0,-13292000.0,140303000.0,-124681000.0,0.0,-11712000.0,0.0,16088000.0,12988000.0,12988000.0,0.0,0.0,0.044,-108410000.0,30615000.0,103437000.0,0.0,1.257,11.309,11.214,1280254000.0,3100000.0,25.12,0.614,0.608,170888000.0,341701000.0,296109000.0,296109000.0,0.0,,,,,0.0,0.0,1.0,26831172.0,26594000.0,26594000.0,11.134,1816548000.0,0.0,6873000.0,146684000.0,68.307,59364000.0
62,TEG,MRQ,1999-09-30,1999-09-30,1999-09-30,2019-04-11,0.0,1625515000.0,,213823000.0,1411692000.0,,20.011,-613000.0,6624000.0,6624000.0,147013000.0,13819000.0,0.973,2.044,1060954000.0,107794000.0,953160000.0,1060954000.0,0.0,25131000.0,0.0,0.0,0.0,27259000.0,52390000.0,0.209,52390000.0,27259000.0,19144000.0,0.52,0.52,0.52,533931000.0,,533931000.0,1771112025.0,17.0,8.598,14662000.0,0.55,1.0,103992000.0,0.414,0.0,8115000.0,2460070000.0,,67030000.0,75738000.0,0.0,75738000.0,1091584000.0,219775000.0,871809000.0,750091025.0,-2869000.0,0.0,2758000.0,30820000.0,-13408000.0,19973000.0,-38117000.0,0.0,15275000.0,0.0,13819000.0,13819000.0,13819000.0,0.0,0.0,0.055,76432000.0,27560000.0,83250000.0,0.0,1.405,14.145,14.03,1210028000.0,0.0,28.06,0.685,0.684,116162000.0,342058000.0,251005000.0,251005000.0,0.0,,,,,0.0,0.0,1.0,26731683.0,26682000.0,26682000.0,9.407,1625515000.0,0.0,5325000.0,156342000.0,60.922,-5952000.0
63,TEG,MRQ,1999-06-30,1999-06-30,1999-06-30,2019-04-11,0.0,1602533000.0,,205240000.0,1397293000.0,,19.961,-37895000.0,9493000.0,9493000.0,127055000.0,10041000.0,1.024,2.018,1030514000.0,76982000.0,953532000.0,1030514000.0,0.0,24213000.0,0.0,0.0,0.0,22073000.0,46286000.0,0.209,46286000.0,22073000.0,14920000.0,0.38,0.38,0.38,530990000.0,,530990000.0,1549427890.0,15.0,7.58,3801000.0,0.143,1.0,94497000.0,0.427,0.0,7153000.0,2423158000.0,,53504000.0,76574000.0,0.0,76574000.0,1071543000.0,200396000.0,871147000.0,796558890.0,299000.0,0.0,2729000.0,51934000.0,-13143000.0,41228000.0,-82625000.0,0.0,41696000.0,0.0,10041000.0,10041000.0,10041000.0,0.0,0.0,0.045,74418000.0,20079000.0,83267000.0,0.0,1.5,15.617,15.544,1193565000.0,0.0,30.0,0.73,0.731,111961000.0,341647000.0,221552000.0,221552000.0,0.0,,,,,0.0,0.0,1.0,26551963.0,26601000.0,26601000.0,8.329,1602533000.0,0.0,4879000.0,157359000.0,60.243,4844000.0
64,TEG,MRQ,1999-03-31,1999-03-31,1999-03-31,2019-04-11,0.0,1485955000.0,,222488000.0,1263467000.0,,19.949,-620000.0,9194000.0,9194000.0,215328000.0,22752000.0,1.375,1.809,762063000.0,25187000.0,736876000.0,762063000.0,0.0,23936000.0,0.0,0.0,0.0,42519000.0,66455000.0,0.201,66455000.0,42519000.0,35375000.0,0.86,0.86,0.86,529041000.0,,529041000.0,1424450448.0,13.0,6.906,72021000.0,2.716,1.0,114506000.0,0.347,0.0,7144000.0,2077012000.0,,41898000.0,79073000.0,0.0,79073000.0,956914000.0,161812000.0,795102000.0,783266448.0,2060000.0,0.0,2406000.0,-35753000.0,-13157000.0,-46504000.0,-24077000.0,0.0,72641000.0,0.0,22752000.0,22752000.0,22752000.0,0.0,0.0,0.069,73060000.0,41446000.0,93676000.0,0.0,1.481,15.229,15.206,1054133000.0,0.0,29.5,0.711,0.71,148084000.0,344749000.0,329834000.0,329834000.0,0.0,,,,,0.0,0.0,1.0,26551405.0,26520000.0,26520000.0,12.437,1485955000.0,0.0,12623000.0,162978000.0,56.031,60676000.0
65,TEG,MRQ,1998-12-31,1998-12-31,1998-12-31,2019-04-11,0.0,1267582000.0,,162785000.0,1104797000.0,,18.174,-3015000.0,1882000.0,1882000.0,198138000.0,6415000.0,1.553,1.631,643066000.0,35000000.0,608066000.0,643066000.0,0.0,25669000.0,0.0,0.0,0.0,15187000.0,40856000.0,0.14,40856000.0,15187000.0,8294000.0,0.24,0.24,0.24,481708000.0,,481708000.0,1628687696.0,16.0,8.093,8598000.0,0.324,1.0,94390000.0,0.323,0.0,6893000.0,1803932000.0,,47342000.0,64932000.0,0.0,64932000.0,785874000.0,104834000.0,681040000.0,935956696.0,684000.0,0.0,-554000.0,48333000.0,-13144000.0,34379000.0,-45308000.0,0.0,11613000.0,0.0,6415000.0,6415000.0,6415000.0,0.0,0.0,0.022,77086000.0,17304000.0,60680000.0,0.0,1.943,20.072,20.028,911512000.0,0.0,35.25,0.88,0.879,94070000.0,284726000.0,292528000.0,292528000.0,0.0,,,,,0.0,0.0,1.0,26551963.0,26505000.0,26505000.0,11.037,1267582000.0,0.0,1879000.0,145838000.0,47.824,57951000.0
66,TEG,MRQ,1998-09-30,1998-09-30,1998-09-30,2019-04-11,0.0,1430063000.0,,191606000.0,1238457000.0,,19.717,-2844000.0,6450000.0,6450000.0,146732000.0,11799000.0,1.203,1.736,699181000.0,58021000.0,641160000.0,699181000.0,0.0,25358000.0,0.0,0.0,0.0,25453000.0,50811000.0,0.205,50811000.0,25453000.0,18346000.0,0.45,0.45,0.45,522671000.0,,522671000.0,1165555392.0,10.0,5.389,7578000.0,0.286,1.0,101196000.0,0.408,0.0,7107000.0,1963467000.0,,53239000.0,138021000.0,0.0,138021000.0,907392000.0,159327000.0,748065000.0,854316392.0,-53566000.0,0.0,0.0,-69242000.0,-12763000.0,-33675000.0,-30313000.0,0.0,10422000.0,0.0,11799000.0,11799000.0,11799000.0,0.0,0.0,0.048,73589000.0,27607000.0,80684000.0,0.0,1.635,14.555,,1029631000.0,0.0,35.75,1.097,1.217,110830000.0,341883000.0,247928000.0,247928000.0,0.0,,,,,0.0,0.0,1.0,23896962.0,26509000.0,26509000.0,9.353,1430063000.0,0.0,6547000.0,155291000.0,53.946,32279000.0
67,TEG,MRQ,1998-06-30,1998-06-30,1998-06-30,2019-04-11,0.0,1339449000.0,,229555000.0,1109894000.0,,18.237,-6830000.0,56929000.0,56929000.0,139679000.0,10465000.0,1.048,1.77,368168000.0,116179000.0,251989000.0,368168000.0,0.0,25459000.0,0.0,0.0,0.0,22681000.0,48140000.0,0.207,48140000.0,22681000.0,15365000.0,0.39,0.39,0.39,483487000.0,,483487000.0,1090236323.0,9.0,4.883,27168000.0,1.025,1.0,92375000.0,0.398,0.0,7316000.0,1431711000.0,,45241000.0,127554000.0,0.0,127554000.0,855962000.0,218977000.0,636985000.0,784059323.0,36858000.0,0.0,0.0,45287000.0,-12539000.0,32629000.0,-29769000.0,0.0,33998000.0,0.0,10465000.0,10465000.0,10465000.0,0.0,0.0,0.045,70745000.0,21630000.0,74924000.0,0.0,1.622,13.144,,909953000.0,0.0,32.81,1.074,1.192,103790000.0,,232054000.0,232054000.0,0.0,,,,,0.0,0.0,1.0,23896962.0,26512000.0,26512000.0,8.753,1339449000.0,0.0,4900000.0,125246000.0,50.522,10578000.0
68,TEG,MRQ,1998-03-31,1998-03-31,1998-03-31,2019-04-11,0.0,1306742000.0,,205817000.0,1100925000.0,,18.214,-3386000.0,20395000.0,20395000.0,188091000.0,17952000.0,1.515,1.706,326572000.0,22111000.0,304461000.0,326572000.0,0.0,26045000.0,0.0,0.0,0.0,35392000.0,61437000.0,0.211,61437000.0,35392000.0,28071000.0,0.68,0.68,0.68,482959000.0,,482959000.0,1432824804.0,12.0,6.561,50292000.0,1.897,1.0,103135000.0,0.354,0.0,7321000.0,1477044000.0,,36222000.0,122847000.0,0.0,122847000.0,823783000.0,135875000.0,687908000.0,796007804.0,14663000.0,0.0,0.0,-7718000.0,-12539000.0,-20403000.0,-18612000.0,0.0,53678000.0,0.0,17952000.0,17952000.0,17952000.0,0.0,0.0,0.062,69632000.0,33503000.0,84575000.0,0.0,1.648,13.547,,901390000.0,0.0,33.31,1.155,1.282,132692000.0,,291226000.0,291226000.0,0.0,,,,,0.0,0.0,1.0,23896962.0,26516000.0,26516000.0,10.983,1306742000.0,0.0,10119000.0,129206000.0,49.281,69942000.0
69,TEG,MRQ,1997-12-31,1997-12-31,1997-12-31,2019-04-11,0.0,1233954000.0,,156670000.0,1077284000.0,,19.129,6761000.0,3921000.0,3921000.0,-49519000.0,21590000.0,1.679,1.699,640738000.0,25500000.0,615238000.0,640738000.0,0.0,19355000.0,0.0,0.0,0.0,36532000.0,55887000.0,7.338,55887000.0,36532000.0,32875000.0,,,,457121000.0,,457121000.0,,,,26523000.0,1.11,1.0,57135000.0,7.502,0.0,3657000.0,1777454000.0,,45951000.0,56616000.0,0.0,56616000.0,776833000.0,93317000.0,683516000.0,807956285.0,1760000.0,0.0,0.0,9796000.0,37142000.0,-11250000.0,-6752000.0,-560000.0,19762000.0,0.0,21590000.0,18479000.0,18479000.0,0.0,0.0,2.426,26344000.0,30791000.0,46453000.0,,1.767,13.11,,889332000.0,3111000.0,33.81,1.17,1.17,86643000.0,297489000.0,7616000.0,7616000.0,0.0,,,,,0.0,0.0,1.0,23896962.0,23896962.0,,0.319,1233954000.0,0.0,11285000.0,165728000.0,51.636,63353000.0
70,TEG,MRQ,1997-09-30,1997-09-30,1997-09-30,2019-04-11,,,,,,,,-6571000.0,,,103248000.0,12756000.0,,,,,,,,29054000.0,,0.0,0.0,28775000.0,57829000.0,0.291,57829000.0,28775000.0,21137000.0,0.48,0.48,0.48,,,,,,,19406000.0,0.732,1.0,95595000.0,0.481,,7638000.0,,,,,,,,,,,-495000.0,0.0,0.0,12981000.0,-14440000.0,-1976000.0,-24496000.0,-57000.0,25977000.0,0.0,12756000.0,12756000.0,12756000.0,0.0,0.0,0.064,67824000.0,27771000.0,,0.0,,,,,0.0,28.94,,,,,198843000.0,198843000.0,0.0,,,,,0.0,0.0,1.0,,26525000.0,26525000.0,7.496,,,8381000.0,,,
71,TEG,MRQ,1997-06-30,1997-06-30,1997-06-30,2019-04-11,,,,,,,,695000.0,,,111047000.0,9571000.0,,,,,,,,22594000.0,,0.0,0.0,20624000.0,43218000.0,0.226,43218000.0,20624000.0,14437000.0,0.4,0.4,0.4,,,,,,,34473000.0,1.444,1.0,80313000.0,0.42,,6187000.0,,,,,,,,,,,249000.0,0.0,0.0,-1164000.0,-11351000.0,-12650000.0,-20879000.0,617000.0,33778000.0,0.0,9571000.0,9571000.0,9571000.0,0.0,0.0,0.05,64693000.0,15620000.0,,0.0,,,,,0.0,26.75,,,,,191360000.0,191360000.0,0.0,,,,,0.0,0.0,1.0,,23875000.0,23875000.0,8.015,,,4866000.0,,,
72,TEG,MRQ,1997-03-31,1997-03-31,1997-03-31,2019-04-11,,,,,,,,-996000.0,,,166642000.0,18235000.0,,,,,,,,19481000.0,,0.0,0.0,33956000.0,53437000.0,0.203,53437000.0,33956000.0,27438000.0,0.76,0.76,0.76,,,,,,,60084000.0,2.516,1.0,96371000.0,0.366,,6518000.0,,,,,,,,,,,-1758000.0,0.0,0.0,-35113000.0,-11351000.0,-46617000.0,-16221000.0,0.0,61080000.0,0.0,18235000.0,18235000.0,18235000.0,0.0,0.0,0.069,63101000.0,33270000.0,,0.0,,,,,0.0,26.0,,,,,263013000.0,263013000.0,0.0,,,,,0.0,0.0,1.0,,23880000.0,23880000.0,11.014,,,9203000.0,,,
73,TEG,MRQ,1996-12-31,1996-12-31,1996-12-31,2019-04-11,0.0,1258948000.0,,172374000.0,1086574000.0,,,,4165000.0,4165000.0,,,1.398,1.807,660638000.0,39000000.0,621638000.0,660638000.0,0.0,,0.0,0.0,0.0,,,,,,,,,,448425000.0,,448425000.0,,,,,,1.0,,,0.0,,1792113000.0,,44460000.0,92612000.0,0.0,92612000.0,810523000.0,123308000.0,687215000.0,,,,,,,,,,,,,,,,,,,,62500000.0,,,,,897042000.0,,28.5,,,101560000.0,291740000.0,,,,,,,,,,1.0,,,,,1258948000.0,0.0,,161568000.0,,49066000.0
0,TEG,MRT,2015-03-31,2015-03-31,2015-03-31,2019-04-11,-26800000.0,11169000000.0,11302575000.0,1259300000.0,9909700000.0,0.211,41.928,-914200000.0,86400000.0,86400000.0,1693600000.0,257100000.0,1.008,2.322,3214600000.0,258300000.0,2956300000.0,3214600000.0,0.0,293600000.0,0.0,0.038,2.72,593500000.0,887100000.0,0.372,887100000.0,593500000.0,439600000.0,3.16,3.13,3.16,3362600000.0,3328625000.0,3362600000.0,9139841814.0,15.0,10.303,-51900000.0,-0.647,1.0,688900000.0,0.289,655400000.0,153900000.0,12393000000.0,12440625000.0,179900000.0,556000000.0,0.0,556000000.0,7806400000.0,1248800000.0,6557600000.0,5758941814.0,29800000.0,648100000.0,-65200000.0,-163600000.0,-216300000.0,-455400000.0,-370700000.0,-15000000.0,862300000.0,0.0,257100000.0,254000000.0,254000000.0,-1000000.0,0.0,0.107,256800000.0,432100000.0,414600000.0,0.861,1.713,22.673,22.791,6928800000.0,3100000.0,72.02,2.417,2.424,720800000.0,701100000.0,2382500000.0,2382500000.0,0.0,0.022,0.076,0.048,0.249,0.0,0.0,1.0,79963091.0,80200000.0,80800000.0,29.707,10513600000.0,91500000.0,182500000.0,1771700000.0,131.092,10500000.0
1,TEG,MRT,2014-12-31,2014-12-31,2014-12-31,2019-04-11,-27600000.0,11282000000.0,11460875000.0,1462100000.0,9819900000.0,0.362,41.143,-865000000.0,18000000.0,18000000.0,3429700000.0,279900000.0,1.009,2.419,3398900000.0,442600000.0,2956300000.0,3398900000.0,0.0,290200000.0,0.0,0.035,2.72,628200000.0,918400000.0,0.222,918400000.0,628200000.0,473400000.0,3.45,3.43,3.45,3299700000.0,3326475000.0,3299700000.0,9557826634.0,15.0,10.407,-263600000.0,-3.287,1.0,714500000.0,0.172,655400000.0,154800000.0,12558000000.0,12422050000.0,327200000.0,550600000.0,0.0,550600000.0,7982300000.0,1449500000.0,6532800000.0,6225126634.0,-4300000.0,648100000.0,-57100000.0,16600000.0,-216300000.0,-269200000.0,-336500000.0,-18400000.0,601400000.0,0.0,280000000.0,276900000.0,276900000.0,-1800000.0,-100000.0,0.067,243000000.0,471500000.0,490700000.0,0.788,1.887,22.481,22.565,6827700000.0,3100000.0,77.85,1.502,1.507,699800000.0,626000000.0,4144200000.0,4144200000.0,0.0,0.024,0.083,0.051,0.152,0.0,0.0,1.0,79963091.0,80200000.0,80700000.0,51.673,10626600000.0,188600000.0,193400000.0,1718300000.0,132.501,12600000.0
2,TEG,MRT,2014-09-30,2014-09-30,2014-09-30,2019-04-11,-22400000.0,11384900000.0,11451250000.0,1757000000.0,9627900000.0,0.334,41.695,-785400000.0,16100000.0,16100000.0,3105300000.0,377500000.0,1.078,2.405,3348800000.0,392500000.0,2956300000.0,3348800000.0,0.0,288100000.0,0.0,0.042,2.72,710300000.0,998400000.0,0.261,998400000.0,710300000.0,558200000.0,4.68,4.63,4.68,3343900000.0,3316875000.0,3343900000.0,8515107559.0,12.0,8.529,-118400000.0,-1.476,1.0,714800000.0,0.187,655400000.0,152100000.0,12432900000.0,12340075000.0,407400000.0,568900000.0,0.0,568900000.0,8041000000.0,1629300000.0,6411700000.0,5183207559.0,-10000000.0,328900000.0,-25300000.0,178000000.0,-213300000.0,-79000000.0,-591600000.0,-18100000.0,667000000.0,0.0,377600000.0,374500000.0,374500000.0,-96500000.0,-100000.0,0.098,232000000.0,482800000.0,622400000.0,0.581,1.55,13.84,13.85,6661400000.0,3100000.0,64.82,1.357,1.361,756500000.0,646500000.0,3820100000.0,3820100000.0,0.0,0.033,0.113,0.058,0.186,0.0,0.0,1.0,79963091.0,80200000.0,81100000.0,47.632,10729500000.0,136800000.0,180600000.0,1627100000.0,133.784,127700000.0
3,TEG,MRT,2014-06-30,2014-06-30,2014-06-30,2019-04-11,-22900000.0,11374400000.0,11335350000.0,2038400000.0,9336000000.0,0.332,41.251,-717700000.0,45000000.0,45000000.0,3055400000.0,332300000.0,1.219,2.438,3376900000.0,420700000.0,2956200000.0,3376900000.0,0.0,284400000.0,0.0,0.038,2.72,621300000.0,905700000.0,0.241,905700000.0,621300000.0,474200000.0,4.12,4.08,4.12,3308300000.0,3270725000.0,3308300000.0,9009274663.0,15.0,9.947,-18400000.0,-0.229,1.0,706500000.0,0.188,655400000.0,147100000.0,12378600000.0,12174650000.0,223800000.0,559600000.0,0.0,559600000.0,8066100000.0,1672300000.0,6393800000.0,5687774663.0,24800000.0,-3300000.0,-9700000.0,381000000.0,-210100000.0,135300000.0,-808100000.0,-17100000.0,699300000.0,0.0,332400000.0,329300000.0,329300000.0,-94800000.0,-100000.0,0.088,315300000.0,391200000.0,599200000.0,0.66,1.719,17.272,17.265,6444500000.0,3100000.0,71.13,1.512,1.516,925600000.0,617600000.0,3761900000.0,3761900000.0,0.0,0.029,0.101,0.051,0.165,0.0,0.0,1.0,79963091.0,80200000.0,80500000.0,46.906,10719000000.0,108600000.0,141800000.0,1596200000.0,133.653,366100000.0
4,TEG,MRT,2014-03-31,2014-03-31,2014-03-31,2019-04-11,-23600000.0,11802200000.0,11186000000.0,2717100000.0,9085100000.0,0.308,41.82,-681800000.0,56600000.0,56600000.0,2793500000.0,319600000.0,1.268,2.519,3378100000.0,421900000.0,2956200000.0,3378100000.0,0.0,277000000.0,0.0,0.046,2.72,587100000.0,864100000.0,0.251,864100000.0,587100000.0,450100000.0,3.96,3.92,3.96,3354000000.0,3232050000.0,3354000000.0,8129698378.0,14.0,9.408,-176800000.0,-2.204,1.0,651800000.0,0.189,662100000.0,137000000.0,12318700000.0,11820625000.0,134900000.0,548100000.0,0.0,548100000.0,8448200000.0,2142900000.0,6305300000.0,4769798378.0,-15400000.0,-15700000.0,22500000.0,398000000.0,-206600000.0,193400000.0,-712800000.0,-17100000.0,505000000.0,0.0,319800000.0,316700000.0,316700000.0,-94100000.0,-200000.0,0.092,297600000.0,354200000.0,864900000.0,0.687,1.422,15.061,15.063,6301200000.0,3100000.0,59.65,1.384,1.389,1543800000.0,665000000.0,3445300000.0,3445300000.0,0.0,0.028,0.098,0.05,0.17,0.0,0.0,1.0,79963091.0,80200000.0,80500000.0,42.959,11140100000.0,74500000.0,130300000.0,1621700000.0,138.904,574200000.0
5,TEG,MRT,2013-12-31,2013-12-31,2013-12-31,2019-04-11,-23200000.0,11243500000.0,10926550000.0,2334200000.0,8909300000.0,0.319,41.023,-669200000.0,16800000.0,16800000.0,2782600000.0,354800000.0,1.354,2.448,3382200000.0,426000000.0,2956200000.0,3382200000.0,0.0,266600000.0,0.0,0.05,2.72,640300000.0,906900000.0,0.26,906900000.0,640300000.0,512900000.0,4.43,4.39,4.43,3261300000.0,3186825000.0,3261300000.0,7486922538.0,12.0,8.256,-114300000.0,-1.438,1.0,702900000.0,0.202,655400000.0,127400000.0,12230100000.0,11467700000.0,218900000.0,540900000.0,0.0,540900000.0,7982200000.0,1723400000.0,6258800000.0,4342322538.0,-5100000.0,-407300000.0,36700000.0,654100000.0,-202600000.0,462700000.0,-1022700000.0,-13700000.0,554900000.0,0.0,354900000.0,351800000.0,351800000.0,-87300000.0,-100000.0,0.101,277400000.0,425500000.0,401900000.0,0.614,1.331,12.343,12.282,6206200000.0,3100000.0,54.41,1.246,1.241,646100000.0,567100000.0,3485500000.0,3485500000.0,0.0,0.032,0.11,0.056,0.184,0.0,0.0,1.0,79807435.0,79500000.0,80100000.0,43.843,10588100000.0,175800000.0,158000000.0,1526800000.0,133.184,610800000.0
6,TEG,MRT,2013-09-30,2013-09-30,2013-09-30,2019-04-11,-35700000.0,10921300000.0,10697525000.0,1521700000.0,9399600000.0,0.367,39.59,-631300000.0,26100000.0,26100000.0,3293600000.0,291100000.0,0.932,2.457,3170700000.0,664500000.0,2506200000.0,3170700000.0,0.0,260900000.0,0.0,0.049,2.72,546800000.0,807700000.0,0.206,807700000.0,546800000.0,426900000.0,3.65,3.63,3.65,3159300000.0,3127950000.0,3159300000.0,7423958720.0,14.0,9.191,-89600000.0,-1.123,1.0,628000000.0,0.16,662100000.0,119900000.0,11771200000.0,11049175000.0,341700000.0,534500000.0,0.0,534500000.0,7762000000.0,1632600000.0,6129400000.0,4448258720.0,8000000.0,-404000000.0,32600000.0,637700000.0,-204500000.0,446500000.0,-973600000.0,-13600000.0,541700000.0,0.0,291300000.0,288200000.0,288200000.0,-59300000.0,-200000.0,0.073,280000000.0,348000000.0,475400000.0,0.745,1.408,15.435,15.312,6198800000.0,3100000.0,55.89,1.134,1.137,625300000.0,489800000.0,3921600000.0,3921600000.0,0.0,0.027,0.092,0.049,0.139,0.0,0.0,1.0,79589528.0,79800000.0,80200000.0,49.143,10259200000.0,180200000.0,135600000.0,1410000000.0,128.561,-110900000.0
7,TEG,MRT,2013-06-30,2013-06-30,2013-06-30,2019-04-11,-36600000.0,10777000000.0,10428275000.0,1488700000.0,9288300000.0,0.357,39.718,-645300000.0,20200000.0,20200000.0,3045100000.0,318600000.0,0.7,2.417,2995900000.0,1109700000.0,1886200000.0,2995900000.0,0.0,254200000.0,0.0,0.046,2.72,582800000.0,837000000.0,0.225,837000000.0,582800000.0,466100000.0,4.01,3.99,4.01,3153600000.0,3091075000.0,3153600000.0,7538967049.0,13.0,9.007,-55400000.0,-0.698,1.0,674500000.0,0.181,662100000.0,116700000.0,10962500000.0,10585900000.0,206300000.0,527500000.0,0.0,527500000.0,7623400000.0,2128100000.0,5495300000.0,4631367049.0,-5500000.0,-404000000.0,16900000.0,594200000.0,-206600000.0,389000000.0,-984600000.0,-18700000.0,589900000.0,0.0,318900000.0,315800000.0,315800000.0,-51900000.0,-300000.0,0.085,273300000.0,401200000.0,484700000.0,0.678,1.469,14.666,14.596,6062600000.0,3100000.0,58.53,1.245,1.249,688200000.0,506000000.0,3719600000.0,3719600000.0,0.0,0.03,0.102,0.055,0.157,0.0,0.0,1.0,79128089.0,79400000.0,79400000.0,46.846,10114900000.0,193200000.0,147200000.0,1397400000.0,127.392,-639400000.0
8,TEG,MRT,2013-03-31,2013-03-31,2013-03-31,2019-04-11,-39300000.0,10764400000.0,10161275000.0,1600700000.0,9163700000.0,0.339,40.319,-618400000.0,72000000.0,72000000.0,2677600000.0,372900000.0,0.76,2.392,2979600000.0,1047900000.0,1931700000.0,2979600000.0,0.0,251300000.0,0.0,0.047,2.72,671000000.0,922300000.0,0.268,922300000.0,671000000.0,553200000.0,4.7,4.68,4.7,3173100000.0,3051325000.0,3173100000.0,7259949118.0,11.0,7.872,50200000.0,0.638,1.0,765600000.0,0.222,658300000.0,117800000.0,10907000000.0,10294900000.0,140200000.0,518300000.0,0.0,518300000.0,7591300000.0,2106700000.0,5484600000.0,4559749118.0,29700000.0,-391600000.0,-15200000.0,551700000.0,-209000000.0,300200000.0,-939200000.0,-18700000.0,668600000.0,0.0,373100000.0,370000000.0,370000000.0,-50600000.0,-200000.0,0.107,275900000.0,489700000.0,450100000.0,0.579,1.437,12.324,12.374,5941800000.0,3100000.0,58.16,1.324,1.329,899000000.0,565400000.0,3443200000.0,3443200000.0,0.0,0.036,0.121,0.065,0.195,0.0,0.0,1.0,78400088.0,78700000.0,79300000.0,43.751,10106100000.0,159400000.0,180100000.0,1408700000.0,128.413,-506000000.0
9,TEG,MRT,2012-12-31,2012-12-31,2012-12-31,2019-04-11,-40900000.0,10327400000.0,9939925000.0,1659100000.0,8668300000.0,0.303,38.496,-594400000.0,27400000.0,27400000.0,2386100000.0,284300000.0,0.915,2.413,2727600000.0,795900000.0,1931700000.0,2727600000.0,0.0,252500000.0,0.0,0.052,2.72,521300000.0,773800000.0,0.257,773800000.0,521300000.0,402400000.0,3.58,3.55,3.58,3025800000.0,3007050000.0,3025800000.0,6575494451.0,13.0,8.498,-20600000.0,-0.262,1.0,626800000.0,0.208,658300000.0,118900000.0,10556000000.0,10040800000.0,271900000.0,512200000.0,0.0,512200000.0,7301600000.0,1813300000.0,5488300000.0,4088194451.0,-700000.0,0.0,-34100000.0,301900000.0,-211900000.0,28100000.0,-602600000.0,-27400000.0,573800000.0,0.0,284500000.0,281400000.0,281400000.0,-45400000.0,-200000.0,0.093,270000000.0,356800000.0,457700000.0,0.76,1.351,14.528,14.587,5501900000.0,3100000.0,52.22,1.357,1.362,796800000.0,431500000.0,3012900000.0,3012900000.0,0.0,0.028,0.094,0.052,0.173,0.0,0.0,1.0,78287906.0,78600000.0,79300000.0,38.332,9669100000.0,217100000.0,117900000.0,1336100000.0,123.017,-154200000.0
10,TEG,MRT,2012-09-30,2012-09-30,2012-09-30,2019-04-11,-37400000.0,9844300000.0,9853875000.0,1419600000.0,8424700000.0,0.42,38.367,-544700000.0,18100000.0,18100000.0,3479700000.0,255100000.0,0.809,2.269,2505400000.0,797300000.0,1708100000.0,2505400000.0,0.0,250000000.0,0.0,0.052,2.72,493600000.0,743600000.0,0.18,743600000.0,493600000.0,373400000.0,3.21,3.18,3.21,3011800000.0,2990950000.0,3011800000.0,6461928693.0,13.0,8.69,82700000.0,1.054,1.0,655600000.0,0.159,658300000.0,120200000.0,9918100000.0,9907125000.0,320700000.0,506700000.0,0.0,506700000.0,6832500000.0,1755200000.0,5077300000.0,4086628693.0,-9200000.0,0.0,-34000000.0,210300000.0,-212000000.0,-72800000.0,-575700000.0,-36000000.0,627400000.0,0.0,255200000.0,252100000.0,252100000.0,5800000.0,-100000.0,0.061,271900000.0,383700000.0,368100000.0,0.847,1.357,16.21,16.262,5473000000.0,3100000.0,52.2,0.988,0.991,484600000.0,417000000.0,4135300000.0,4135300000.0,0.0,0.026,0.084,0.05,0.119,0.0,0.0,1.0,78287906.0,78500000.0,79300000.0,52.679,9186000000.0,232600000.0,118200000.0,1270000000.0,117.019,-335600000.0
11,TEG,MRT,2012-06-30,2012-06-30,2012-06-30,2019-04-11,-39500000.0,9709000000.0,9747025000.0,1378900000.0,8330100000.0,0.425,38.148,-444800000.0,25700000.0,25700000.0,3525700000.0,226400000.0,0.847,2.242,2401000000.0,666000000.0,1735000000.0,2401000000.0,0.0,247900000.0,0.0,0.048,2.72,459100000.0,707000000.0,0.171,707000000.0,459100000.0,337500000.0,2.84,2.82,2.84,2994600000.0,2979800000.0,2994600000.0,6837533214.0,15.0,9.671,116700000.0,1.487,1.0,616300000.0,0.149,658300000.0,121600000.0,9798500000.0,9894275000.0,141800000.0,496900000.0,0.0,496900000.0,6714400000.0,1627500000.0,5086900000.0,4452233214.0,-185700000.0,-42600000.0,-33400000.0,60600000.0,-212000000.0,-218700000.0,-533400000.0,-42100000.0,561500000.0,0.0,226400000.0,223300000.0,223300000.0,-2400000.0,0.0,0.054,281200000.0,335100000.0,371900000.0,0.958,1.487,19.938,20.025,5358600000.0,3100000.0,56.87,1.075,1.078,493100000.0,404600000.0,4142000000.0,4142000000.0,0.0,0.023,0.075,0.046,0.111,0.0,0.0,1.0,78287906.0,78500000.0,79300000.0,52.764,9050700000.0,261500000.0,111100000.0,1239100000.0,115.296,-248600000.0
12,TEG,MRT,2012-03-31,2012-03-31,2012-03-31,2019-04-11,-41000000.0,9879000000.0,9677425000.0,1633700000.0,8245300000.0,0.446,38.117,-381900000.0,42300000.0,42300000.0,3716900000.0,206700000.0,0.952,2.297,2427600000.0,577500000.0,1850100000.0,2427600000.0,0.0,247500000.0,0.0,0.051,2.72,438400000.0,685900000.0,0.159,685900000.0,438400000.0,314300000.0,2.59,2.57,2.59,2996000000.0,2976675000.0,2996000000.0,6545676139.0,15.0,9.543,165200000.0,2.102,1.0,596300000.0,0.138,658300000.0,124100000.0,9890600000.0,9879425000.0,125100000.0,490600000.0,0.0,490600000.0,6883000000.0,1715400000.0,5167600000.0,4148476139.0,-153000000.0,-42600000.0,-28400000.0,46800000.0,-212000000.0,-230300000.0,-473900000.0,-41800000.0,547100000.0,0.0,206700000.0,203600000.0,203600000.0,-3600000.0,0.0,0.047,285600000.0,310700000.0,331200000.0,1.05,1.385,20.376,20.459,5259000000.0,3100000.0,52.99,0.962,0.966,669700000.0,409200000.0,4313200000.0,4313200000.0,0.0,0.021,0.068,0.044,0.102,0.0,0.0,1.0,78287906.0,78600000.0,79200000.0,54.875,9220700000.0,245900000.0,107600000.0,1227800000.0,117.312,-81700000.0
13,TEG,MRT,2011-12-31,2011-12-31,2011-12-31,2019-04-11,-42500000.0,9983200000.0,9613575000.0,1828200000.0,8155000000.0,0.487,37.677,-310100000.0,28100000.0,28100000.0,4031400000.0,230500000.0,1.092,2.371,2398300000.0,553300000.0,1845000000.0,2398300000.0,0.0,247700000.0,0.0,0.05,2.72,492000000.0,739700000.0,0.158,739700000.0,492000000.0,363800000.0,2.89,2.87,2.89,2961400000.0,2977950000.0,2961400000.0,6536138747.0,13.0,8.836,407700000.0,5.187,1.0,654500000.0,0.14,658400000.0,128200000.0,10021300000.0,9854150000.0,297600000.0,476300000.0,0.0,476300000.0,7021800000.0,1673700000.0,5348100000.0,4241638747.0,-150900000.0,-42600000.0,-6700000.0,-222500000.0,-206400000.0,-478400000.0,-393500000.0,-37600000.0,717800000.0,0.0,230500000.0,227400000.0,227400000.0,-500000.0,0.0,0.049,291200000.0,363300000.0,426600000.0,0.941,1.432,18.653,18.747,5175500000.0,3100000.0,54.18,0.905,0.909,737700000.0,363600000.0,4685900000.0,4685900000.0,0.0,0.024,0.076,0.05,0.105,0.0,0.0,1.0,78287906.0,78600000.0,79100000.0,59.617,9324800000.0,303800000.0,133300000.0,1185200000.0,118.636,154500000.0
14,TEG,MRT,2011-09-30,2011-09-30,2011-09-30,2019-04-11,-37100000.0,9416900000.0,9571975000.0,1568000000.0,7848900000.0,0.504,37.703,-273800000.0,27300000.0,27300000.0,4118400000.0,263500000.0,1.322,2.174,2321800000.0,241100000.0,2080700000.0,2321800000.0,0.0,244800000.0,0.0,0.056,2.72,576300000.0,821100000.0,0.17,821100000.0,576300000.0,442500000.0,3.33,3.31,3.33,2967200000.0,2964050000.0,2967200000.0,5935057990.0,10.0,7.228,299900000.0,3.811,1.0,707600000.0,0.147,658400000.0,133800000.0,9866700000.0,9845325000.0,308700000.0,0.0,0.0,0.0,6449700000.0,1186300000.0,5263400000.0,3806357990.0,-138000000.0,-42600000.0,2200000.0,-126600000.0,-200200000.0,-382000000.0,-337300000.0,-27400000.0,573700000.0,0.0,263500000.0,260400000.0,260400000.0,22200000.0,0.0,0.054,242900000.0,464700000.0,386700000.0,0.817,1.283,14.617,14.601,5063300000.0,3100000.0,48.62,0.789,0.793,520900000.0,380100000.0,4826000000.0,4826000000.0,0.0,0.027,0.088,0.059,0.119,0.0,0.0,1.0,78287906.0,78700000.0,79200000.0,61.321,8758500000.0,333000000.0,179000000.0,1135700000.0,111.29,381700000.0
15,TEG,MRT,2011-06-30,2011-06-30,2011-06-30,2019-04-11,-38200000.0,9430600000.0,9575400000.0,1665500000.0,7765100000.0,0.511,37.892,-249400000.0,211400000.0,211400000.0,4163100000.0,247000000.0,1.414,2.162,2340100000.0,208500000.0,2131600000.0,2340100000.0,0.0,253000000.0,0.0,0.052,2.72,550400000.0,803400000.0,0.164,803400000.0,550400000.0,412700000.0,3.12,3.1,3.12,2982100000.0,2936825000.0,2982100000.0,6243757332.0,11.0,7.772,295100000.0,3.75,1.0,726400000.0,0.149,642500000.0,137700000.0,9739100000.0,9703150000.0,161600000.0,0.0,0.0,0.0,6448500000.0,1177700000.0,5270800000.0,4058557332.0,-21800000.0,0.0,17400000.0,-71200000.0,-193800000.0,-320300000.0,-255700000.0,-12800000.0,544500000.0,0.0,247000000.0,243900000.0,243900000.0,22400000.0,0.0,0.05,291300000.0,435100000.0,388200000.0,0.872,1.361,16.64,16.615,5018000000.0,3100000.0,51.84,0.83,0.834,577300000.0,396700000.0,4889500000.0,4889500000.0,0.0,0.025,0.083,0.057,0.113,0.0,0.0,1.0,78290072.0,78700000.0,79100000.0,62.128,8788100000.0,371000000.0,165700000.0,1127400000.0,111.666,487800000.0
16,TEG,MRT,2011-03-31,2011-03-31,2011-03-31,2019-04-11,-40200000.0,9623600000.0,9595450000.0,1870800000.0,7752800000.0,0.51,38.328,-245700000.0,195300000.0,195300000.0,4111300000.0,296700000.0,1.359,2.207,2380500000.0,218800000.0,2161700000.0,2380500000.0,0.0,258600000.0,0.0,0.054,2.72,623100000.0,881700000.0,0.18,881700000.0,623100000.0,481000000.0,3.77,3.75,3.77,3001100000.0,2923025000.0,3001100000.0,6409678271.0,10.0,7.27,445100000.0,5.685,1.0,782200000.0,0.16,642500000.0,142100000.0,9789500000.0,9613100000.0,93700000.0,0.0,0.0,0.0,6622500000.0,1376800000.0,5245700000.0,3940178271.0,-63800000.0,0.0,30800000.0,-247000000.0,-187000000.0,-525300000.0,-239000000.0,-8000000.0,690800000.0,0.0,297000000.0,293900000.0,293900000.0,21500000.0,-300000.0,0.06,280000000.0,502200000.0,409100000.0,0.721,1.313,13.407,13.398,4997900000.0,3100000.0,50.51,0.805,0.808,873000000.0,420700000.0,4893500000.0,4893500000.0,0.0,0.031,0.101,0.065,0.127,0.0,0.0,1.0,78007885.0,78300000.0,78600000.0,62.497,8981100000.0,219000000.0,184000000.0,1098700000.0,114.701,494000000.0
17,TEG,MRT,2010-12-31,2010-12-31,2010-12-31,2019-04-11,-44700000.0,9816800000.0,9835675000.0,2050400000.0,7766400000.0,0.526,37.494,-257700000.0,179000000.0,179000000.0,4432600000.0,223700000.0,1.237,2.378,2648500000.0,486900000.0,2161600000.0,2648500000.0,0.0,260400000.0,0.0,0.056,2.72,533000000.0,793400000.0,0.153,793400000.0,533000000.0,386300000.0,2.85,2.83,2.85,2905800000.0,2887825000.0,2905800000.0,6048303887.0,11.0,7.623,457000000.0,5.897,1.0,737200000.0,0.143,642500000.0,146700000.0,9986000000.0,9574225000.0,247900000.0,0.0,0.0,0.0,6911000000.0,1657800000.0,5253200000.0,3763503887.0,134500000.0,0.0,31300000.0,-79300000.0,-186100000.0,-391400000.0,-198600000.0,-6900000.0,714700000.0,0.0,224000000.0,220900000.0,220900000.0,21500000.0,-300000.0,0.043,329700000.0,407500000.0,453000000.0,0.954,1.295,17.037,17.021,5013400000.0,3100000.0,48.51,0.728,0.727,832100000.0,350800000.0,5169800000.0,5169800000.0,0.0,0.022,0.076,0.056,0.103,0.0,0.0,1.0,77582022.0,77500000.0,78000000.0,66.707,9174300000.0,337600000.0,162300000.0,995900000.0,118.378,392600000.0
18,TEG,MRT,2010-09-30,2010-09-30,2010-09-30,2019-04-11,-67200000.0,9430600000.0,10342625000.0,1808200000.0,7622400000.0,0.531,36.786,-289000000.0,165300000.0,165300000.0,4752600000.0,176500000.0,1.019,2.299,2450100000.0,537400000.0,1912700000.0,2450100000.0,0.0,259500000.0,0.0,0.052,2.72,456700000.0,716200000.0,0.13,716200000.0,456700000.0,305100000.0,2.25,2.24,2.25,2858300000.0,2873875000.0,2858300000.0,6202667004.0,14.0,8.661,598400000.0,7.701,1.0,737100000.0,0.134,642500000.0,151600000.0,9298000000.0,9763525000.0,323900000.0,0.0,0.0,0.0,6572300000.0,1774900000.0,4797400000.0,4020767004.0,15900000.0,0.0,26200000.0,-298300000.0,-191000000.0,-639900000.0,-230400000.0,-15300000.0,887400000.0,0.0,177100000.0,174000000.0,174000000.0,-300000.0,-600000.0,0.032,432900000.0,304200000.0,378000000.0,1.209,1.407,23.108,23.138,4887300000.0,3100000.0,52.06,0.732,0.737,497100000.0,339800000.0,5489700000.0,5489700000.0,0.0,0.017,0.061,0.047,0.083,0.0,0.0,1.0,77233327.0,77700000.0,78100000.0,70.653,8788100000.0,82600000.0,128000000.0,740200000.0,113.103,33300000.0
19,TEG,MRT,2010-06-30,2010-06-30,2010-06-30,2019-04-11,-35700000.0,9510800000.0,11126275000.0,1840500000.0,7670300000.0,0.52,37.815,-379400000.0,233200000.0,233200000.0,5050000000.0,206800000.0,1.101,2.249,2415100000.0,350300000.0,2064800000.0,2415100000.0,0.0,248000000.0,0.0,0.062,2.72,512700000.0,760700000.0,0.131,760700000.0,512700000.0,354600000.0,2.66,2.64,2.66,2926900000.0,2878425000.0,2926900000.0,5741939633.0,11.0,7.548,736800000.0,9.519,1.0,739600000.0,0.128,642500000.0,158100000.0,9378900000.0,10157925000.0,157700000.0,0.0,0.0,0.0,6583900000.0,1671300000.0,4912600000.0,3368739633.0,26800000.0,0.0,18800000.0,-288100000.0,-196100000.0,-775100000.0,-317600000.0,-23700000.0,1116200000.0,0.0,207800000.0,204700000.0,204700000.0,-2600000.0,-1000000.0,0.035,388600000.0,351000000.0,413000000.0,1.023,1.151,16.457,16.444,4932700000.0,3100000.0,43.74,0.582,0.585,598800000.0,369500000.0,5789600000.0,5789600000.0,0.0,0.018,0.071,0.05,0.089,0.0,0.0,1.0,77017367.0,77400000.0,77900000.0,74.801,8868300000.0,83300000.0,146800000.0,752600000.0,114.578,169200000.0
20,TEG,MRT,2010-03-31,2010-03-31,2010-03-31,2019-04-11,-55100000.0,10584500000.0,12214650000.0,2848200000.0,7736300000.0,0.508,37.195,-418100000.0,259100000.0,259100000.0,5498700000.0,162500000.0,1.062,2.7,2632300000.0,566100000.0,2066200000.0,2632300000.0,0.0,237800000.0,0.0,0.057,2.72,445800000.0,683600000.0,0.11,683600000.0,445800000.0,284300000.0,2.09,2.07,2.09,2860300000.0,2858650000.0,2860300000.0,6314430222.0,14.0,9.237,755000000.0,9.818,1.0,703700000.0,0.113,642500000.0,161500000.0,9634000000.0,10535200000.0,94900000.0,0.0,0.0,0.0,7724200000.0,2681200000.0,5043000000.0,3625630222.0,-72600000.0,0.0,7700000.0,-303700000.0,-201700000.0,-886000000.0,-363000000.0,-30600000.0,1173100000.0,0.0,163400000.0,160300000.0,160300000.0,-2900000.0,-900000.0,0.026,423200000.0,280500000.0,536900000.0,1.301,1.268,22.618,22.67,4929000000.0,3100000.0,47.38,0.585,0.587,1021400000.0,343000000.0,6202400000.0,6202400000.0,0.0,0.013,0.056,0.042,0.072,0.0,0.0,1.0,76522377.0,76900000.0,77200000.0,80.655,9942000000.0,98600000.0,120900000.0,728500000.0,129.285,167000000.0
21,TEG,MRT,2009-12-31,2009-12-31,2009-12-31,2019-04-11,-44000000.0,11844600000.0,13168450000.0,3512200000.0,8332400000.0,0.57,37.109,-444200000.0,44500000.0,44500000.0,6815800000.0,-67500000.0,1.116,3.156,2733300000.0,338600000.0,2394700000.0,2733300000.0,0.0,230600000.0,0.0,0.065,2.72,182000000.0,412600000.0,0.055,412600000.0,182000000.0,17200000.0,-0.91,-0.91,-0.91,2850000000.0,2852375000.0,2850000000.0,5813180545.0,32.0,14.089,1162100000.0,15.132,1.0,684000000.0,0.091,642500000.0,164800000.0,10743200000.0,10819625000.0,304300000.0,0.0,0.0,0.0,8994600000.0,3147700000.0,5846900000.0,3208880545.0,-209600000.0,0.0,0.0,-901400000.0,-206900000.0,-1378400000.0,-440700000.0,-34100000.0,1606300000.0,0.0,-66500000.0,-69600000.0,-69600000.0,-2800000.0,-1000000.0,-0.009,670600000.0,13400000.0,639400000.0,-2.989,1.126,-46.105,-46.143,4941800000.0,3100000.0,41.99,0.428,0.43,958000000.0,337000000.0,7499800000.0,7499800000.0,0.0,-0.005,-0.024,0.017,0.024,0.0,0.0,1.0,76420113.0,76800000.0,76800000.0,97.654,11202100000.0,186000000.0,83700000.0,780800000.0,145.861,364500000.0
22,TEG,MRT,2009-09-30,2009-09-30,2009-09-30,2019-04-11,-52600000.0,12565200000.0,13775425000.0,4025400000.0,8539800000.0,0.678,37.454,-519900000.0,149400000.0,149400000.0,8745400000.0,-76400000.0,1.103,3.368,2753700000.0,357000000.0,2396700000.0,2753700000.0,0.0,229600000.0,0.0,0.076,2.71,154200000.0,383800000.0,0.041,383800000.0,154200000.0,-17400000.0,-1.03,-1.04,-1.03,2876500000.0,2914775000.0,2876500000.0,5244203704.0,34.0,13.664,1023900000.0,13.332,1.0,599100000.0,0.064,642800000.0,171600000.0,10875600000.0,10887225000.0,414900000.0,0.0,0.0,0.0,9688700000.0,3651100000.0,6037600000.0,2742803704.0,94000000.0,0.0,0.0,-610400000.0,-206200000.0,-955000000.0,-503100000.0,-34100000.0,1543800000.0,0.0,-75600000.0,-78700000.0,-78700000.0,-7200000.0,-800000.0,-0.008,624500000.0,-25400000.0,640000000.0,-2.631,0.954,-34.851,-34.845,4915100000.0,3100000.0,35.89,0.294,0.295,926300000.0,374000000.0,9344500000.0,9344500000.0,0.0,-0.006,-0.027,0.014,0.017,0.0,0.0,1.0,76422505.0,76800000.0,76900000.0,121.673,11922400000.0,169000000.0,58200000.0,684100000.0,155.24,374300000.0
23,TEG,MRT,2009-06-30,2009-06-30,2009-06-30,2019-04-11,-77000000.0,13864300000.0,13808850000.0,5181900000.0,8682400000.0,0.816,37.081,-521900000.0,206400000.0,206400000.0,10843600000.0,-186200000.0,1.072,3.868,2707800000.0,384700000.0,2323100000.0,2707800000.0,0.0,228800000.0,0.0,0.09,2.7,-19800000.0,209000000.0,0.019,209000000.0,-19800000.0,-189200000.0,-2.47,-2.47,-2.47,2847800000.0,2989400000.0,2847800000.0,4900894087.0,-248.0,23.449,41200000.0,0.536,1.0,426200000.0,0.038,642800000.0,169400000.0,10888000000.0,10793950000.0,287100000.0,0.0,0.0,0.0,11016500000.0,4834900000.0,6181600000.0,2291994087.0,160400000.0,0.0,0.0,182100000.0,-205500000.0,102300000.0,-508800000.0,-35800000.0,563100000.0,0.0,-185800000.0,-188900000.0,-188900000.0,-4900000.0,-400000.0,-0.017,620700000.0,-194500000.0,964800000.0,-1.093,0.805,-12.133,-12.142,4844400000.0,3100000.0,29.99,0.203,0.204,1285800000.0,373100000.0,11269800000.0,11269800000.0,0.0,-0.014,-0.063,-0.002,-0.002,0.0,0.0,1.0,76425278.0,76800000.0,76800000.0,146.742,13221500000.0,148600000.0,-3400000.0,662300000.0,172.155,347000000.0
24,TEG,MRT,2009-03-31,2009-03-31,2009-03-31,2019-04-11,-104200000.0,14399700000.0,14124675000.0,5897000000.0,8502700000.0,0.939,36.965,-553200000.0,331700000.0,331700000.0,12867300000.0,-196600000.0,1.054,4.079,2940600000.0,703700000.0,2236900000.0,2940600000.0,0.0,227100000.0,0.0,0.103,2.69,-37900000.0,189200000.0,0.014,189200000.0,-37900000.0,-200800000.0,-2.61,-2.61,-2.61,2835200000.0,3100175000.0,2835200000.0,5388226191.0,-142.0,28.479,-439400000.0,-5.729,1.0,392100000.0,0.03,642800000.0,162900000.0,10771700000.0,10709275000.0,247700000.0,0.0,0.0,0.0,11564500000.0,5594100000.0,5970400000.0,1990126191.0,233900000.0,-700000.0,0.0,493100000.0,-204600000.0,571100000.0,-454800000.0,-41000000.0,113800000.0,0.0,-196400000.0,-199500000.0,-199500000.0,-4700000.0,-200000.0,-0.015,597800000.0,-205700000.0,1267300000.0,-1.031,0.702,-9.976,-9.977,4790700000.0,3100000.0,26.04,0.15,0.151,2052800000.0,390500000.0,13259400000.0,13259400000.0,0.0,-0.014,-0.064,-0.004,-0.003,0.0,0.0,1.0,76425737.0,76700000.0,76700000.0,172.874,13756900000.0,99600000.0,-4400000.0,592600000.0,179.36,302900000.0
25,TEG,MRT,2008-12-31,2008-12-31,2008-12-31,2019-04-11,-72800000.0,14272500000.0,13619475000.0,5917000000.0,8355500000.0,1.031,40.412,-532800000.0,254100000.0,254100000.0,13572700000.0,119500000.0,1.035,3.605,3645600000.0,1359900000.0,2285700000.0,3645600000.0,0.0,221400000.0,0.0,0.062,2.68,338800000.0,560200000.0,0.04,560200000.0,338800000.0,180700000.0,1.52,1.51,1.52,3099600000.0,3220975000.0,3099600000.0,6593162130.0,19.0,11.769,-782800000.0,-10.206,1.0,475100000.0,0.034,933900000.0,158100000.0,11013600000.0,10400000000.0,732800000.0,0.0,0.0,0.0,11172900000.0,5716500000.0,5456400000.0,3284662130.0,212900000.0,-17400000.0,0.0,848800000.0,-203900000.0,911300000.0,-452200000.0,-37800000.0,-250000000.0,0.0,119600000.0,116500000.0,116500000.0,-4700000.0,-100000.0,0.008,299200000.0,175900000.0,1534300000.0,1.763,1.06,28.195,28.276,4748500000.0,3100000.0,42.98,0.234,0.235,1892600000.0,624600000.0,14047800000.0,14047800000.0,0.0,0.009,0.036,0.033,0.024,0.0,0.0,1.0,76423037.0,76700000.0,77000000.0,183.153,13338600000.0,0.0,61100000.0,544200000.0,173.906,200500000.0
26,TEG,MRT,2008-09-30,2008-09-30,2008-09-30,2019-04-11,0.0,12698900000.0,12859950000.0,5038700000.0,7660200000.0,1.065,41.395,-504100000.0,55400000.0,55400000.0,13093300000.0,188900000.0,1.105,3.0,3363900000.0,1105200000.0,2258700000.0,3363900000.0,0.0,203500000.0,0.0,0.053,2.67,449000000.0,652500000.0,0.048,652500000.0,449000000.0,300800000.0,2.45,2.44,2.45,3175000000.0,3255025000.0,3175000000.0,6294689440.0,14.0,9.647,-874800000.0,-11.405,1.0,597800000.0,0.044,943700000.0,148200000.0,10502500000.0,10092900000.0,1127900000.0,0.0,0.0,0.0,9523900000.0,4561200000.0,4962700000.0,3816589440.0,-200900000.0,-17400000.0,9600000.0,725300000.0,-203000000.0,738300000.0,-434800000.0,-41200000.0,-370700000.0,0.0,189000000.0,185900000.0,185900000.0,5900000.0,-100000.0,0.014,291200000.0,306600000.0,1355500000.0,1.09,1.202,20.53,20.384,4645400000.0,3100000.0,49.94,0.279,0.28,1568100000.0,,13691100000.0,13691100000.0,0.0,0.014,0.057,0.044,0.033,0.0,0.0,1.0,76423497.0,76700000.0,76700000.0,178.502,11755200000.0,0.0,111800000.0,595800000.0,153.262,477500000.0
27,TEG,MRT,2008-06-30,2008-06-30,2008-06-30,2019-04-11,0.0,15127600000.0,12375325000.0,6670500000.0,8457100000.0,1.017,42.962,-440100000.0,46000000.0,46000000.0,11866600000.0,291200000.0,1.091,3.597,2524100000.0,265500000.0,2258600000.0,2524100000.0,0.0,196300000.0,0.0,0.052,2.66,603400000.0,799700000.0,0.064,799700000.0,603400000.0,446500000.0,3.79,3.77,3.79,3290900000.0,3256675000.0,3290900000.0,6234736749.0,10.0,7.796,-116800000.0,-1.525,1.0,723900000.0,0.057,944400000.0,156900000.0,10549300000.0,9751300000.0,1017300000.0,0.0,0.0,0.0,11836700000.0,6112000000.0,5724700000.0,3884636749.0,14300000.0,-41300000.0,20400000.0,-536000000.0,-202000000.0,-607900000.0,-388200000.0,-49100000.0,323300000.0,0.0,291300000.0,288200000.0,288200000.0,-26400000.0,-100000.0,0.023,303900000.0,420000000.0,1789600000.0,0.702,1.18,13.479,13.412,4538600000.0,3100000.0,50.83,0.309,0.309,1829900000.0,,12590500000.0,12590500000.0,0.0,0.023,0.088,0.062,0.048,0.0,0.0,1.0,76424095.0,76600000.0,76900000.0,164.367,14183200000.0,0.0,155200000.0,545100000.0,185.159,558500000.0
28,TEG,MRT,2008-03-31,2008-03-31,2008-03-31,2019-04-11,0.0,12378900000.0,11438525000.0,4821800000.0,7557100000.0,1.008,43.321,-405600000.0,97800000.0,97800000.0,10909900000.0,250700000.0,1.136,2.73,2447900000.0,184500000.0,2263400000.0,2447900000.0,0.0,199400000.0,0.0,0.057,2.65,539200000.0,738600000.0,0.064,738600000.0,539200000.0,373200000.0,3.26,3.24,3.26,3318400000.0,3226950000.0,3318400000.0,6311719791.0,12.0,8.546,6100000.0,0.08,1.0,625100000.0,0.054,948000000.0,166000000.0,9534600000.0,9616450000.0,494700000.0,0.0,0.0,0.0,9060500000.0,4246400000.0,4814100000.0,3564419791.0,40500000.0,-40600000.0,33700000.0,-452300000.0,-200900000.0,-569200000.0,-473700000.0,-55300000.0,411700000.0,0.0,250800000.0,247700000.0,247700000.0,-50300000.0,-100000.0,0.021,302300000.0,322800000.0,1602500000.0,0.813,1.074,14.39,14.307,4470800000.0,3100000.0,46.64,0.309,0.31,2182500000.0,,11535000000.0,11535000000.0,0.0,0.022,0.077,0.056,0.047,0.0,0.0,1.0,76424095.0,76600000.0,76900000.0,150.587,11430900000.0,0.0,122400000.0,542600000.0,149.228,575400000.0
29,TEG,MRT,2007-12-31,2007-12-31,2007-12-31,2019-04-11,-1300000.0,11234400000.0,11079300000.0,3726300000.0,7508100000.0,0.929,45.193,-392600000.0,41200000.0,41200000.0,9729900000.0,254300000.0,1.147,2.472,2788500000.0,523400000.0,2265100000.0,2788500000.0,0.0,195100000.0,0.0,0.039,2.039,504900000.0,700000000.0,0.068,700000000.0,504900000.0,340400000.0,3.51,3.5,3.51,3235800000.0,3198100000.0,3235800000.0,6326499496.0,13.0,9.038,-154100000.0,-2.152,1.0,562500000.0,0.055,948300000.0,164500000.0,9785200000.0,9569000000.0,663400000.0,0.0,0.0,0.0,7998600000.0,3248200000.0,4750400000.0,3942099496.0,18000000.0,-23900000.0,45600000.0,-365000000.0,-177000000.0,-459200000.0,-451500000.0,-44500000.0,238500000.0,0.0,254400000.0,251300000.0,251300000.0,-73300000.0,-100000.0,0.024,295500000.0,267000000.0,1331800000.0,0.581,1.218,15.687,14.726,4463800000.0,3100000.0,51.69,0.383,0.36,1870000000.0,701900000.0,10292400000.0,10292400000.0,0.0,0.023,0.079,0.053,0.049,0.0,0.0,1.0,76264258.0,71600000.0,71800000.0,143.749,10286100000.0,0.0,86000000.0,546600000.0,143.661,478100000.0
30,TEG,MRT,2007-09-30,2007-09-30,2007-09-30,2019-04-11,0.0,10760400000.0,9986125000.0,3314200000.0,7446200000.0,0.911,41.753,-324100000.0,256300000.0,256300000.0,8673900000.0,190600000.0,1.081,2.382,2640700000.0,497700000.0,2143000000.0,2640700000.0,0.0,188200000.0,0.0,0.038,1.954,382000000.0,570200000.0,0.063,570200000.0,382000000.0,225400000.0,3.24,3.22,3.24,3181600000.0,2772550000.0,3181600000.0,6924738246.0,18.0,12.144,-17100000.0,-0.224,1.0,421500000.0,0.046,943000000.0,156600000.0,9136100000.0,8533375000.0,761700000.0,0.0,0.0,0.0,7578800000.0,3065700000.0,4513100000.0,3893238246.0,224500000.0,-93900000.0,42400000.0,-402600000.0,-151600000.0,-508600000.0,-417900000.0,400000.0,307000000.0,0.0,190600000.0,187500000.0,187500000.0,-79000000.0,0.0,0.021,275100000.0,146400000.0,956800000.0,0.603,1.224,20.764,15.812,4364700000.0,3100000.0,51.23,0.428,0.429,1239200000.0,,9095400000.0,9095400000.0,0.0,0.019,0.068,0.045,0.042,0.0,0.0,1.0,75995281.0,76200000.0,76500000.0,119.362,9817400000.0,2400000.0,34800000.0,696100000.0,128.837,248500000.0
31,TEG,MRT,2007-06-30,2007-06-30,2007-06-30,2019-04-11,0.0,11380400000.0,8919575000.0,3951700000.0,7428700000.0,0.956,41.737,-678700000.0,31700000.0,31700000.0,8136700000.0,186900000.0,1.144,2.588,3063200000.0,920500000.0,2142700000.0,3063200000.0,0.0,170700000.0,0.0,0.037,1.869,349600000.0,520300000.0,0.061,520300000.0,349600000.0,212100000.0,3.58,3.57,3.58,3172000000.0,2366850000.0,3172000000.0,6681640301.0,19.0,12.842,-227400000.0,-2.992,1.0,391300000.0,0.046,946800000.0,137500000.0,10009900000.0,7518750000.0,651700000.0,0.0,0.0,0.0,8208400000.0,3455200000.0,4753200000.0,3839340301.0,14200000.0,263300000.0,37900000.0,73100000.0,-126200000.0,-55700000.0,-440100000.0,4900000.0,451300000.0,0.0,186900000.0,183800000.0,183800000.0,-58900000.0,0.0,0.022,238100000.0,153200000.0,1154000000.0,0.522,1.21,20.889,14.17,4325000000.0,3100000.0,50.73,0.45,0.452,1399000000.0,,8528000000.0,8528000000.0,0.0,0.021,0.078,0.046,0.041,0.0,0.0,1.0,75681851.0,76000000.0,76000000.0,112.211,10433600000.0,13200000.0,25200000.0,575500000.0,137.284,496500000.0
32,TEG,MRT,2007-03-31,2007-03-31,2007-03-31,2019-04-11,0.0,10942000000.0,7569100000.0,3856600000.0,7085400000.0,1.01,55.704,-988900000.0,57300000.0,57300000.0,7170100000.0,238200000.0,1.126,2.416,2899600000.0,754300000.0,2145300000.0,2899600000.0,0.0,141000000.0,0.0,0.032,1.774,415000000.0,556000000.0,0.073,556000000.0,415000000.0,297700000.0,4.63,4.62,4.63,3203000000.0,1958725000.0,3203000000.0,6179875327.0,15.0,11.115,-635400000.0,-11.05,1.0,471500000.0,0.062,1015400000.0,117300000.0,9344800000.0,6345850000.0,514100000.0,0.0,0.0,0.0,7739000000.0,3424100000.0,4314900000.0,4188575327.0,34600000.0,303300000.0,170100000.0,266100000.0,-100600000.0,292100000.0,-691200000.0,9000000.0,353500000.0,0.0,238200000.0,235100000.0,235100000.0,-28700000.0,0.0,0.031,202500000.0,269000000.0,1277400000.0,0.383,1.308,17.816,11.989,4286200000.0,3100000.0,55.51,0.548,0.418,1744300000.0,,7641600000.0,7641600000.0,0.0,0.031,0.12,0.065,0.054,0.0,0.0,1.0,75456230.0,57500000.0,57800000.0,132.897,9926600000.0,7300000.0,59500000.0,501700000.0,172.637,432500000.0
33,TEG,MRT,2006-12-31,2006-12-31,2006-12-31,2019-04-11,0.0,6861700000.0,6187950000.0,2927400000.0,3934300000.0,1.114,36.255,-996800000.0,45200000.0,45200000.0,6520200000.0,158900000.0,1.007,3.474,2036500000.0,749300000.0,1287200000.0,2036500000.0,0.0,121300000.0,0.0,0.042,2.28,303100000.0,424400000.0,0.062,424400000.0,303100000.0,203900000.0,3.68,3.67,3.68,1533600000.0,1500550000.0,1533600000.0,4232159285.0,14.0,9.972,-923900000.0,-21.842,1.0,370500000.0,0.054,303900000.0,99200000.0,5642700000.0,5169125000.0,456300000.0,0.0,0.0,0.0,5328100000.0,2906400000.0,2421700000.0,2337159285.0,-4500000.0,-11600000.0,164600000.0,901000000.0,-96000000.0,891700000.0,-1030100000.0,-23700000.0,72900000.0,0.0,158900000.0,155800000.0,155800000.0,-7300000.0,0.0,0.023,173900000.0,196600000.0,949400000.0,0.62,1.524,15.001,14.682,2534800000.0,3100000.0,54.03,0.339,0.332,1222100000.0,,6890700000.0,6890700000.0,0.0,0.025,0.104,0.059,0.044,0.0,0.0,1.0,43256696.0,42300000.0,42400000.0,162.901,6557800000.0,0.0,45000000.0,114300000.0,155.031,21000000.0
34,TEG,MRT,2006-09-30,2006-09-30,2006-09-30,2019-04-11,0.0,6494200000.0,5838150000.0,2635400000.0,3858800000.0,1.26,36.0,-1029000000.0,31800000.0,31800000.0,7061300000.0,158500000.0,0.89,3.166,1926800000.0,1061100000.0,865700000.0,1926800000.0,0.0,107800000.0,0.0,0.046,2.27,291900000.0,399700000.0,0.054,399700000.0,291900000.0,205700000.0,3.71,3.69,3.71,1558800000.0,1443200000.0,1558800000.0,3995636138.0,14.0,9.997,-1078300000.0,-24.903,1.0,293600000.0,0.04,349300000.0,86200000.0,5077600000.0,4810950000.0,437200000.0,0.0,0.0,0.0,4935400000.0,2962300000.0,1973100000.0,2140436138.0,4400000.0,153500000.0,261800000.0,905200000.0,-93700000.0,998700000.0,-965800000.0,-89100000.0,-49300000.0,0.0,158500000.0,153900000.0,153900000.0,-16100000.0,0.0,0.021,114600000.0,179000000.0,749800000.0,0.612,1.373,13.908,13.377,2498300000.0,4600000.0,49.63,0.291,0.292,935400000.0,,7354900000.0,7354900000.0,0.0,0.026,0.107,0.061,0.04,0.0,0.0,1.0,43127869.0,43300000.0,43400000.0,169.859,6144900000.0,0.0,47200000.0,133600000.0,141.915,-326900000.0
35,TEG,MRT,2006-06-30,2006-06-30,2006-06-30,2019-04-11,0.0,5978500000.0,5584225000.0,2236700000.0,3741800000.0,1.347,36.481,-572700000.0,17500000.0,17500000.0,7202100000.0,166500000.0,0.889,2.883,1872700000.0,1007000000.0,865700000.0,1872700000.0,0.0,89000000.0,0.0,0.046,2.26,301300000.0,390300000.0,0.052,390300000.0,301300000.0,228600000.0,4.06,4.03,4.06,1539500000.0,1344850000.0,1539500000.0,3493301507.0,12.0,8.95,-720800000.0,-17.081,1.0,317800000.0,0.042,0.0,72700000.0,5318300000.0,4528475000.0,468300000.0,0.0,0.0,0.0,4439000000.0,2515400000.0,1923600000.0,1999201507.0,-5700000.0,-179800000.0,262300000.0,739300000.0,-90500000.0,865900000.0,-717500000.0,-93800000.0,-148100000.0,0.0,166500000.0,162600000.0,162600000.0,-7400000.0,0.0,0.022,101700000.0,216100000.0,686400000.0,0.557,1.299,12.295,12.217,2276500000.0,3900000.0,49.6,0.266,0.278,820200000.0,,7519900000.0,7519900000.0,0.0,0.029,0.121,0.067,0.04,0.0,0.0,1.0,40306482.0,42200000.0,42200000.0,178.197,5978500000.0,5800000.0,62100000.0,119800000.0,141.671,-278700000.0
36,TEG,MRT,2006-03-31,2006-03-31,2006-03-31,2019-04-11,0.0,5417400000.0,5202725000.0,2088800000.0,3328600000.0,1.414,34.002,-294100000.0,22700000.0,22700000.0,7054300000.0,154700000.0,0.919,2.953,1516800000.0,649600000.0,867200000.0,1516800000.0,0.0,135500000.0,0.0,0.046,2.25,270800000.0,406300000.0,0.055,406300000.0,270800000.0,205300000.0,3.86,3.82,3.86,1370300000.0,1247725000.0,1370300000.0,3084923190.0,11.0,7.593,-351300000.0,-8.717,1.0,304800000.0,0.041,0.0,65500000.0,4637900000.0,4259650000.0,351500000.0,0.0,0.0,0.0,4047100000.0,2273600000.0,1773500000.0,1976723190.0,-26400000.0,-219800000.0,123800000.0,430000000.0,-87100000.0,451600000.0,-480000000.0,-107900000.0,-57200000.0,0.0,154700000.0,151600000.0,151600000.0,-8900000.0,0.0,0.021,144200000.0,160600000.0,842200000.0,0.583,1.443,13.039,12.751,2093000000.0,3100000.0,49.22,0.269,0.27,904200000.0,,7359100000.0,7359100000.0,0.0,0.029,0.122,0.064,0.037,0.0,0.0,1.0,40160975.0,40300000.0,40600000.0,182.608,5417400000.0,0.0,50600000.0,104700000.0,134.427,-184800000.0
37,TEG,MRT,2005-12-31,2005-12-31,2005-12-31,2019-04-11,0.0,5462500000.0,5019650000.0,2522400000.0,2940100000.0,1.36,34.052,-289400000.0,27700000.0,27700000.0,6516900000.0,160500000.0,1.085,3.188,1135900000.0,268800000.0,867100000.0,1135900000.0,0.0,149700000.0,0.0,0.04,2.24,262100000.0,411800000.0,0.06,411800000.0,262100000.0,200100000.0,4.11,4.07,4.11,1304200000.0,1189100000.0,1304200000.0,3100921231.0,12.0,7.53,-212000000.0,-5.535,1.0,308600000.0,0.045,36800000.0,62000000.0,4210000000.0,4142550000.0,304400000.0,0.0,0.0,0.0,4158300000.0,2323900000.0,1834400000.0,2107021231.0,-12300000.0,95100000.0,127300000.0,-28400000.0,-85400000.0,-800000.0,-148800000.0,-101200000.0,77400000.0,0.0,160500000.0,157400000.0,157400000.0,-11500000.0,0.0,0.023,149700000.0,158900000.0,1078900000.0,0.545,1.616,13.386,13.457,2044000000.0,3100000.0,55.31,0.309,0.31,1156900000.0,,6825500000.0,6825500000.0,0.0,0.031,0.132,0.063,0.038,0.0,0.0,1.0,38094761.0,38300000.0,38700000.0,178.211,5425700000.0,7300000.0,39600000.0,94100000.0,141.663,198500000.0
38,TEG,MRT,2005-09-30,2005-09-30,2005-09-30,2019-04-11,0.0,5478500000.0,4748225000.0,2595700000.0,2882800000.0,1.234,30.508,-245000000.0,27400000.0,27400000.0,5437600000.0,195700000.0,1.028,3.701,1021300000.0,151700000.0,869600000.0,1021300000.0,0.0,162400000.0,0.0,0.039,2.23,303500000.0,465900000.0,0.08,465900000.0,303500000.0,246500000.0,5.17,5.13,5.17,1165400000.0,1136000000.0,1165400000.0,3304277989.0,11.0,7.092,-59200000.0,-1.55,1.0,421600000.0,0.072,0.0,57000000.0,3947700000.0,4138100000.0,272900000.0,0.0,0.0,0.0,4313100000.0,2524700000.0,1788400000.0,2194277989.0,-27700000.0,0.0,27700000.0,6500000.0,-83400000.0,-77500000.0,-201700000.0,-295200000.0,185800000.0,0.0,195700000.0,195700000.0,195700000.0,15000000.0,0.0,0.033,201900000.0,219700000.0,851200000.0,0.431,1.883,11.212,11.18,2056000000.0,0.0,57.8,0.375,0.377,867800000.0,,5859200000.0,5859200000.0,0.0,0.041,0.172,0.073,0.052,0.0,0.0,1.0,37963287.0,38200000.0,38600000.0,153.382,5478500000.0,0.0,50800000.0,38100000.0,143.416,71000000.0
39,TEG,MRT,2005-06-30,2005-06-30,2005-06-30,2019-04-11,0.0,4452500000.0,4462300000.0,1272500000.0,3180000000.0,1.172,30.289,-336800000.0,23200000.0,23200000.0,4823800000.0,182300000.0,0.964,2.868,1133200000.0,263600000.0,869600000.0,1133200000.0,0.0,189500000.0,0.0,0.039,2.22,283600000.0,473100000.0,0.09,473100000.0,283600000.0,227300000.0,4.84,4.81,4.84,1151000000.0,1108575000.0,1151000000.0,3165474438.0,11.0,6.691,-133100000.0,-3.503,1.0,407200000.0,0.078,0.0,56300000.0,4243000000.0,4165675000.0,183800000.0,0.0,0.0,0.0,3301500000.0,1319500000.0,1982000000.0,2127374438.0,-43100000.0,0.0,26900000.0,189800000.0,-82600000.0,106400000.0,-410200000.0,-295400000.0,203700000.0,0.0,182300000.0,182300000.0,182300000.0,18500000.0,0.0,0.035,204200000.0,203000000.0,540400000.0,0.459,1.848,11.67,11.622,2143000000.0,0.0,56.25,0.407,0.409,579200000.0,,5231000000.0,5231000000.0,0.0,0.041,0.164,0.068,0.054,0.0,0.0,1.0,37819990.0,38000000.0,38400000.0,137.658,4452500000.0,0.0,45000000.0,47400000.0,117.171,-47000000.0
40,TEG,MRT,2005-03-31,2005-03-31,2005-03-31,2019-04-11,0.0,4685100000.0,4348050000.0,1631600000.0,3053500000.0,1.144,30.048,-283400000.0,49100000.0,49100000.0,4604500000.0,163000000.0,1.05,3.125,1087200000.0,222300000.0,864900000.0,1087200000.0,0.0,152500000.0,0.0,0.042,2.21,253500000.0,406000000.0,0.082,406000000.0,253500000.0,198000000.0,4.33,4.31,4.33,1135800000.0,1080000000.0,1135800000.0,3118960546.0,12.0,7.682,-74800000.0,-1.979,1.0,371500000.0,0.075,0.0,55500000.0,4169500000.0,4086575000.0,156900000.0,0.0,0.0,0.0,3549300000.0,1553700000.0,1995600000.0,1994160546.0,-12300000.0,0.0,25900000.0,198800000.0,-82000000.0,134200000.0,-346900000.0,-276700000.0,208600000.0,0.0,163000000.0,163000000.0,163000000.0,13800000.0,0.0,0.033,163800000.0,207700000.0,606200000.0,0.51,1.756,12.234,12.222,2061000000.0,0.0,52.92,0.401,0.402,641100000.0,,4976000000.0,4976000000.0,0.0,0.037,0.151,0.062,0.051,0.0,0.0,1.0,37682550.0,37800000.0,38100000.0,131.64,4685100000.0,0.0,35000000.0,92500000.0,123.944,77900000.0
41,TEG,MRT,2004-12-31,2004-12-31,2004-12-31,2019-04-11,0.0,4376800000.0,4180675000.0,1372700000.0,3004100000.0,1.166,29.193,-262900000.0,40000000.0,40000000.0,4533600000.0,139700000.0,1.048,3.009,1164800000.0,299100000.0,865700000.0,1164800000.0,0.0,145600000.0,0.0,0.044,2.2,224300000.0,369900000.0,0.076,369900000.0,224300000.0,170100000.0,3.74,3.72,3.74,1091800000.0,1056275000.0,1091800000.0,2831440881.0,13.0,7.655,-20400000.0,-0.545,1.0,342500000.0,0.07,0.0,54200000.0,4192200000.0,4004200000.0,196100000.0,0.0,0.0,0.0,3285000000.0,1309400000.0,1975600000.0,1867840881.0,-10700000.0,0.0,26300000.0,146100000.0,-81300000.0,73500000.0,-312400000.0,-265600000.0,242500000.0,0.0,139700000.0,139700000.0,139700000.0,13800000.0,0.0,0.029,152600000.0,189900000.0,589400000.0,0.588,1.711,13.37,13.358,2076500000.0,0.0,49.96,0.383,0.383,644500000.0,,4876100000.0,4876100000.0,0.0,0.033,0.132,0.056,0.046,0.0,0.0,1.0,37386727.0,37400000.0,37600000.0,130.377,4376800000.0,0.0,30400000.0,96300000.0,117.027,63300000.0
42,TEG,MRT,2004-09-30,2004-09-30,2004-09-30,2019-04-11,0.0,4334800000.0,4159550000.0,1458500000.0,2876300000.0,1.126,28.227,-247400000.0,55100000.0,55100000.0,4374000000.0,106900000.0,1.176,3.106,1018700000.0,149900000.0,868800000.0,1018700000.0,0.0,192300000.0,0.0,0.049,2.19,197000000.0,389300000.0,0.083,389300000.0,197000000.0,134200000.0,2.92,2.9,2.92,1055700000.0,1034125000.0,1055700000.0,2553534200.0,13.0,6.559,-27700000.0,-0.741,1.0,310100000.0,0.066,0.0,62800000.0,4058000000.0,3954700000.0,187600000.0,0.0,0.0,0.0,3279100000.0,1240400000.0,2038700000.0,1676034200.0,14400000.0,0.0,195700000.0,-14100000.0,-80900000.0,115800000.0,-320700000.0,-446700000.0,219700000.0,0.0,106900000.0,106900000.0,106900000.0,-6300000.0,0.0,0.023,175500000.0,134600000.0,461000000.0,0.75,1.588,15.679,15.408,1927400000.0,0.0,44.99,0.358,0.359,445200000.0,,4684100000.0,4684100000.0,0.0,0.026,0.103,0.05,0.042,0.0,0.0,1.0,37253483.0,37400000.0,37600000.0,125.243,4334800000.0,0.0,27300000.0,114000000.0,115.904,218100000.0
43,TEG,MRT,2004-06-30,2004-06-30,2004-06-30,2019-04-11,0.0,3995500000.0,4020625000.0,1206100000.0,2789400000.0,1.14,27.794,-211100000.0,66300000.0,66300000.0,4265700000.0,106200000.0,1.274,2.854,943800000.0,74300000.0,869500000.0,943800000.0,0.0,190400000.0,0.0,0.047,2.18,202100000.0,392500000.0,0.086,392500000.0,202100000.0,140200000.0,3.04,3.01,3.04,1036700000.0,972825000.0,1036700000.0,2546097932.0,13.0,6.487,-19600000.0,-0.525,1.0,315900000.0,0.069,0.0,61900000.0,3926600000.0,3826875000.0,123100000.0,0.0,0.0,0.0,2958800000.0,946400000.0,2012400000.0,1719997932.0,12000000.0,0.0,196300000.0,-26700000.0,-78000000.0,99200000.0,-278100000.0,-429700000.0,191500000.0,0.0,106200000.0,106200000.0,106200000.0,-7900000.0,0.0,0.023,180700000.0,135200000.0,423200000.0,0.717,1.659,16.196,15.247,1876300000.0,0.0,46.35,0.375,0.377,413100000.0,,4581600000.0,4581600000.0,0.0,0.026,0.109,0.053,0.044,0.0,0.0,1.0,37108909.0,37300000.0,37500000.0,122.831,3995500000.0,0.0,34000000.0,106600000.0,107.118,259700000.0
44,TEG,MRT,2004-03-31,2004-03-31,2004-03-31,2019-04-11,0.0,4015600000.0,3952500000.0,1305100000.0,2710500000.0,1.137,28.057,-157400000.0,61400000.0,61400000.0,4178300000.0,104300000.0,1.303,2.858,887500000.0,16100000.0,871400000.0,887500000.0,0.0,187800000.0,0.0,0.045,2.17,198200000.0,386000000.0,0.086,386000000.0,198200000.0,136900000.0,3.0,2.97,3.0,1040900000.0,914950000.0,1040900000.0,2731627158.0,14.0,7.077,-7100000.0,-0.191,1.0,315700000.0,0.07,0.0,61300000.0,3840000000.0,3716825000.0,96600000.0,0.0,0.0,0.0,2974700000.0,1001700000.0,1973000000.0,1764327158.0,-35300000.0,0.0,200300000.0,-40400000.0,-74800000.0,88000000.0,-259400000.0,-459800000.0,150300000.0,0.0,104300000.0,104300000.0,104300000.0,-2100000.0,0.0,0.023,185200000.0,130500000.0,471300000.0,0.723,1.695,16.916,15.933,1835700000.0,0.0,47.8,0.393,0.395,517300000.0,,4494000000.0,4494000000.0,0.0,0.026,0.114,0.053,0.044,0.0,0.0,1.0,36910610.0,37100000.0,37300000.0,121.132,4015600000.0,0.0,32600000.0,106000000.0,108.237,303400000.0
45,TEG,MRT,2003-12-31,2003-12-31,2003-12-31,2019-04-11,0.0,4292300000.0,3885600000.0,1545500000.0,2746800000.0,1.133,30.4,-145900000.0,50700000.0,50700000.0,4102700000.0,94700000.0,1.221,3.279,1018000000.0,146100000.0,871900000.0,1018000000.0,0.0,188500000.0,0.0,0.047,2.16,183500000.0,372000000.0,0.084,372000000.0,183500000.0,121700000.0,2.87,2.85,2.87,1003200000.0,857500000.0,1003200000.0,2450014503.0,13.0,6.586,-86700000.0,-2.627,1.0,299800000.0,0.068,0.0,61800000.0,3994200000.0,3594025000.0,178300000.0,0.0,0.0,0.0,3289100000.0,1265400000.0,2023700000.0,1510214503.0,7400000.0,0.0,196700000.0,49000000.0,-71800000.0,195600000.0,-247400000.0,-452200000.0,59200000.0,0.0,94700000.0,94700000.0,94700000.0,0.0,0.0,0.022,185600000.0,114200000.0,510700000.0,0.753,1.505,15.947,16.108,1828700000.0,0.0,46.23,0.343,0.347,592400000.0,,4402500000.0,4402500000.0,0.0,0.024,0.11,0.051,0.042,0.0,0.0,1.0,32667413.0,33000000.0,33200000.0,133.409,4292300000.0,0.0,27000000.0,98200000.0,130.07,280100000.0
46,TEG,MRT,2003-09-30,2003-09-30,2003-09-30,2019-04-11,0.0,3779100000.0,3730325000.0,1168800000.0,2610300000.0,0.964,24.862,-151400000.0,40700000.0,40700000.0,3292100000.0,96700000.0,0.997,3.663,980500000.0,167500000.0,813000000.0,980500000.0,0.0,138600000.0,0.0,0.052,2.15,177100000.0,315700000.0,0.088,315700000.0,177100000.0,124400000.0,3.08,3.04,3.08,810500000.0,802400000.0,810500000.0,2209908435.0,12.0,7.0,-61500000.0,-1.887,1.0,303400000.0,0.084,0.0,52700000.0,3546700000.0,3483675000.0,176700000.0,0.0,0.0,0.0,2968600000.0,1172200000.0,1796400000.0,1338608435.0,-3100000.0,69900000.0,27900000.0,142700000.0,-68800000.0,107000000.0,-183600000.0,-120700000.0,89900000.0,0.0,96700000.0,99000000.0,99000000.0,15300000.0,0.0,0.028,153500000.0,149900000.0,462200000.0,0.698,1.652,13.521,13.377,2018400000.0,-2300000.0,41.2,0.372,0.374,400600000.0,,3595500000.0,3595500000.0,0.0,0.027,0.123,0.051,0.049,0.0,0.0,1.0,32490496.0,32600000.0,32900000.0,110.291,3779100000.0,0.0,27700000.0,113700000.0,115.923,-3400000.0
47,TEG,MRT,2003-06-30,2003-06-30,2003-06-30,2019-04-11,0.0,3723000000.0,3509050000.0,1118100000.0,2604900000.0,0.85,24.852,-149900000.0,54300000.0,54300000.0,2688400000.0,93900000.0,1.009,3.624,925600000.0,112100000.0,813500000.0,925600000.0,0.0,145900000.0,0.0,0.053,2.14,173600000.0,319500000.0,0.107,319500000.0,173600000.0,119700000.0,2.99,2.95,2.99,805200000.0,791150000.0,805200000.0,2082728224.0,12.0,6.519,-7500000.0,-0.231,1.0,294800000.0,0.099,0.0,53900000.0,3486400000.0,3285250000.0,140400000.0,0.0,0.0,0.0,2917800000.0,1107900000.0,1809900000.0,1295128224.0,35400000.0,67400000.0,26600000.0,114200000.0,-68100000.0,92300000.0,-183100000.0,-117800000.0,142400000.0,0.0,93900000.0,95400000.0,95400000.0,16900000.0,0.0,0.032,148700000.0,146100000.0,522900000.0,0.716,1.608,13.576,13.445,1996500000.0,-1500000.0,40.2,0.434,0.437,405400000.0,,2983200000.0,2983200000.0,0.0,0.027,0.121,0.053,0.058,0.0,0.0,1.0,32217120.0,32400000.0,32700000.0,92.074,3723000000.0,0.0,25800000.0,97300000.0,114.907,10200000.0
48,TEG,MRT,2003-03-31,2003-03-31,2003-03-31,2019-04-11,0.0,3748000000.0,3272400000.0,1239500000.0,2508500000.0,0.716,25.268,-182400000.0,96700000.0,96700000.0,2042400000.0,113700000.0,1.044,3.621,884300000.0,69400000.0,814900000.0,884300000.0,0.0,140500000.0,0.0,0.053,2.13,199700000.0,340200000.0,0.145,340200000.0,199700000.0,145600000.0,3.59,3.55,3.59,811100000.0,777225000.0,811100000.0,2162594240.0,11.0,6.357,9300000.0,0.29,1.0,300800000.0,0.128,0.0,54100000.0,3348800000.0,3123825000.0,62200000.0,0.0,0.0,0.0,2936900000.0,1186800000.0,1750100000.0,1280594240.0,20700000.0,0.0,24800000.0,100300000.0,-67700000.0,80300000.0,-242600000.0,-72600000.0,191700000.0,0.0,113700000.0,114400000.0,114400000.0,11100000.0,0.0,0.049,138500000.0,162300000.0,656800000.0,0.593,1.579,11.194,11.142,1980200000.0,-700000.0,40.0,0.547,0.548,614800000.0,,2343200000.0,2343200000.0,0.0,0.035,0.147,0.064,0.085,0.0,0.0,1.0,32014856.0,32100000.0,32400000.0,72.997,3748000000.0,0.0,31900000.0,99600000.0,116.76,52700000.0
49,TEG,MRT,2002-12-31,2002-12-31,2002-12-31,2019-04-11,0.0,3671200000.0,3031025000.0,1151900000.0,2519300000.0,0.482,24.694,-203200000.0,43300000.0,43300000.0,1171200000.0,109400000.0,1.097,3.69,975300000.0,100900000.0,874400000.0,975300000.0,0.0,141300000.0,0.0,0.055,2.12,193900000.0,335200000.0,0.229,335200000.0,193900000.0,138100000.0,3.45,3.42,3.45,782800000.0,758875000.0,782800000.0,2048573720.0,11.0,6.111,-14700000.0,-0.464,1.0,289900000.0,0.198,0.0,55800000.0,3552800000.0,2993700000.0,110300000.0,0.0,0.0,0.0,2888400000.0,1050400000.0,1838000000.0,1237773720.0,-600000.0,0.0,27000000.0,124600000.0,-67100000.0,93100000.0,-265400000.0,-72300000.0,188500000.0,0.0,109400000.0,109400000.0,109400000.0,6000000.0,0.0,0.075,134700000.0,155200000.0,452000000.0,0.614,1.581,11.314,11.252,1712300000.0,0.0,38.82,0.847,0.842,399200000.0,,1461100000.0,1461100000.0,0.0,0.036,0.144,0.065,0.133,0.0,0.0,1.0,31884949.0,31700000.0,32000000.0,46.091,3671200000.0,0.0,28700000.0,93000000.0,115.811,101500000.0
50,TEG,MRT,2002-09-30,2002-09-30,2002-09-30,2019-04-11,0.0,2894000000.0,2830725000.0,879200000.0,2014800000.0,0.127,23.997,-146000000.0,43800000.0,43800000.0,87800000.0,101000000.0,0.924,2.781,854600000.0,196100000.0,658500000.0,854600000.0,0.0,146900000.0,0.0,0.06,2.11,185700000.0,332600000.0,0.924,332600000.0,185700000.0,130900000.0,3.24,3.22,3.24,765500000.0,742150000.0,765500000.0,1936491920.0,10.0,5.822,29300000.0,0.918,1.0,272000000.0,0.756,0.0,54800000.0,2753000000.0,2819425000.0,126900000.0,0.0,0.0,0.0,2128500000.0,951800000.0,1176700000.0,1124791920.0,16600000.0,-70000000.0,104500000.0,-9700000.0,-65700000.0,34400000.0,-181300000.0,9000000.0,175300000.0,0.0,101000000.0,100900000.0,100900000.0,6900000.0,0.0,0.28,109100000.0,162900000.0,312800000.0,0.651,1.469,11.148,10.938,1585200000.0,100000.0,35.44,3.126,3.142,263400000.0,,359800000.0,359800000.0,0.0,0.036,0.136,0.066,0.516,0.0,0.0,1.0,31737921.0,31900000.0,31900000.0,11.279,2894000000.0,0.0,29900000.0,102800000.0,90.721,-72600000.0
51,TEG,MRT,2002-06-30,2002-06-30,2002-06-30,2019-04-11,0.0,2776400000.0,2770984000.0,726700000.0,2049700000.0,0.18,23.644,-187700000.0,18900000.0,18900000.0,244400000.0,92300000.0,0.972,2.704,830600000.0,120400000.0,710200000.0,830600000.0,0.0,122500000.0,0.0,0.051,2.1,167800000.0,290300000.0,0.581,290300000.0,167800000.0,114200000.0,3.04,3.03,3.04,749500000.0,705900750.0,749500000.0,2025328974.0,12.0,6.977,50300000.0,1.587,1.0,255400000.0,0.511,0.0,53600000.0,2840700000.0,2797575000.0,102300000.0,0.0,0.0,0.0,2026900000.0,747400000.0,1279500000.0,1287528974.0,2300000.0,-67500000.0,103500000.0,-15200000.0,-63700000.0,21100000.0,-245000000.0,7500000.0,238000000.0,0.0,92300000.0,92200000.0,92200000.0,6900000.0,0.0,0.184,109200000.0,146200000.0,300600000.0,0.691,1.718,13.965,13.431,1570100000.0,100000.0,40.83,2.576,2.59,236200000.0,,499800000.0,499800000.0,0.0,0.033,0.131,0.06,0.336,0.0,0.0,1.0,31533896.0,31700000.0,31700000.0,15.767,2776400000.0,0.0,21900000.0,103900000.0,87.584,-20700000.0
52,TEG,MRT,2002-03-31,2002-03-31,2002-03-31,2019-04-11,0.0,2782500000.0,2704954250.0,811700000.0,1970800000.0,0.275,23.494,-185200000.0,76000000.0,76000000.0,495100000.0,82300000.0,1.173,2.772,813800000.0,36800000.0,777000000.0,813800000.0,0.0,112000000.0,0.0,0.053,2.09,150400000.0,262400000.0,0.352,262400000.0,150400000.0,97400000.0,2.77,2.76,2.77,737700000.0,671415250.0,737700000.0,2016552708.0,13.0,7.685,6900000.0,0.22,1.0,249900000.0,0.335,0.0,53000000.0,2828300000.0,2731124500.0,78200000.0,0.0,0.0,0.0,2044800000.0,692000000.0,1352800000.0,1229852708.0,58200000.0,-100000.0,99900000.0,-2900000.0,-61700000.0,15400000.0,-137500000.0,44300000.0,192100000.0,0.0,82300000.0,82200000.0,82200000.0,6900000.0,0.0,0.11,106100000.0,143800000.0,314300000.0,0.755,1.667,14.962,14.238,1479400000.0,100000.0,39.44,1.651,1.662,306800000.0,,745000000.0,745000000.0,0.0,0.03,0.122,0.055,0.202,0.0,0.0,1.0,31182878.0,31400000.0,31400000.0,23.726,2782500000.0,0.0,15100000.0,93300000.0,88.615,119700000.0
53,TEG,MRT,2001-12-31,2001-12-31,2001-12-31,2019-04-11,0.0,2870000000.0,2601693250.0,869700000.0,2000300000.0,0.517,25.387,-185500000.0,43900000.0,43900000.0,1111900000.0,77600000.0,1.086,3.009,830600000.0,102800000.0,727800000.0,830600000.0,0.0,95200000.0,0.0,0.057,2.08,140200000.0,235400000.0,0.175,235400000.0,140200000.0,86800000.0,2.75,2.74,2.75,715900000.0,626303500.0,715900000.0,1889051309.0,13.0,8.025,-41400000.0,-1.468,1.0,233500000.0,0.174,0.0,53400000.0,2855700000.0,2634366750.0,102500000.0,0.0,0.0,0.0,2154100000.0,801000000.0,1353100000.0,1049951309.0,31100000.0,0.0,95300000.0,17600000.0,-58800000.0,33600000.0,-134800000.0,45900000.0,144100000.0,0.0,77600000.0,77600000.0,77600000.0,6900000.0,0.0,0.058,120800000.0,112700000.0,334600000.0,0.756,1.467,13.53,13.291,1463600000.0,0.0,36.55,0.78,0.766,304500000.0,,1345400000.0,1345400000.0,0.0,0.03,0.124,0.053,0.104,0.0,0.0,1.0,28726438.0,28200000.0,28300000.0,47.709,2870000000.0,0.0,9200000.0,90500000.0,101.773,68700000.0
54,TEG,MRT,2001-09-30,2001-09-30,2001-09-30,2019-04-11,0.0,2655036000.0,2588218250.0,855600000.0,1799436000.0,1.086,21.62,-343938000.0,27160000.0,27160000.0,2746565000.0,76146000.0,1.08,3.279,866260000.0,85696000.0,780564000.0,866260000.0,0.0,86481000.0,0.0,0.06,2.07,128962000.0,215443000.0,0.077,215443000.0,128962000.0,72875000.0,2.57,2.57,2.57,620503000.0,584353500.0,620503000.0,1811154947.0,14.0,8.407,-169129000.0,-5.893,1.0,64266000.0,0.023,36118000.0,56087000.0,2665600000.0,2525091750.0,127747000.0,171876000.0,0.0,171876000.0,2034533000.0,792418000.0,1242115000.0,986097947.0,19170000.0,100000.0,12805000.0,135200000.0,-56764000.0,70043000.0,-225682000.0,42300000.0,174809000.0,0.0,76146000.0,70646000.0,70646000.0,0.0,0.0,0.025,-45612000.0,109878000.0,217240000.0,0.805,1.589,13.958,13.385,1418264000.0,5500000.0,34.4,0.351,0.351,218577000.0,,2810831000.0,2810831000.0,0.0,0.027,0.121,0.051,0.046,0.0,0.0,1.0,28665638.0,28700000.0,28700000.0,97.938,2618918000.0,0.0,-3271000.0,131742000.0,91.251,63182000.0
55,TEG,MRT,2001-06-30,2001-06-30,2001-06-30,2019-04-11,0.0,2512281000.0,2471585250.0,790884000.0,1721397000.0,1.113,21.383,-287190000.0,16584000.0,16584000.0,2635085000.0,66413000.0,1.037,3.108,841641000.0,158167000.0,683474000.0,841641000.0,0.0,96884000.0,0.0,0.058,2.06,115466000.0,212350000.0,0.077,212350000.0,115466000.0,60147000.0,2.3,2.3,2.3,611558000.0,564875500.0,611558000.0,1775401412.0,15.0,8.361,-222211000.0,-7.77,1.0,115531000.0,0.042,0.0,55319000.0,2574898000.0,2452422750.0,106650000.0,203247000.0,0.0,203247000.0,1900723000.0,762440000.0,1138283000.0,991662412.0,-72093000.0,100000.0,8484000.0,113090000.0,-55364000.0,47636000.0,-184708000.0,42300000.0,64979000.0,0.0,66413000.0,61713000.0,61713000.0,0.0,0.0,0.022,4530000.0,111001000.0,202603000.0,0.896,1.622,16.069,15.326,1356734000.0,4700000.0,35.25,0.361,0.367,249950000.0,,2750616000.0,2750616000.0,0.0,0.025,0.109,0.047,0.042,0.0,0.0,1.0,28132267.0,28600000.0,28600000.0,96.175,2512281000.0,0.0,-6266000.0,129595000.0,87.842,28444000.0
56,TEG,MRT,2001-03-31,2001-03-31,2001-03-31,2019-04-11,0.0,2369456000.0,2367494500.0,724153000.0,1645303000.0,1.076,21.028,-207966000.0,17848000.0,17848000.0,2373283000.0,65268000.0,1.017,3.252,801587000.0,143162000.0,658425000.0,801587000.0,0.0,107639000.0,0.0,0.045,1.545,119057000.0,226696000.0,0.089,226696000.0,119057000.0,65131000.0,2.32,2.32,2.32,557253000.0,547558750.0,557253000.0,1689433406.0,14.0,7.452,-117151000.0,-4.421,1.0,174906000.0,0.069,0.0,53926000.0,2441269000.0,2382459500.0,65363000.0,195517000.0,0.0,195517000.0,1812203000.0,711926000.0,1100277000.0,904382406.0,1080000.0,100000.0,3634000.0,154790000.0,-53979000.0,101828000.0,-191563000.0,0.0,90815000.0,0.0,65268000.0,61368000.0,61368000.0,0.0,0.0,0.024,70101000.0,104805000.0,311609000.0,0.666,1.623,14.737,14.711,1309129000.0,3900000.0,34.13,0.355,0.355,375910000.0,,2548189000.0,2548189000.0,0.0,0.026,0.112,0.05,0.047,0.0,0.0,1.0,26498166.0,26500000.0,26500000.0,96.158,2369456000.0,0.0,-137000.0,133553000.0,89.413,12227000.0
57,TEG,MRT,2000-12-31,2000-12-31,2000-12-31,2019-04-11,0.0,2816100000.0,2260734250.0,1201200000.0,1614900000.0,0.862,20.683,-167800000.0,12800000.0,12800000.0,1705100000.0,70100000.0,1.016,4.138,797900000.0,137900000.0,660000000.0,797900000.0,0.0,119500000.0,0.0,0.028,1.03,126900000.0,246400000.0,0.126,246400000.0,126900000.0,76100000.0,2.53,2.53,2.53,548100000.0,543776750.0,548100000.0,1690283969.0,13.0,6.86,-23900000.0,-0.902,1.0,243900000.0,0.125,0.0,50800000.0,2418600000.0,2476168000.0,84100000.0,0.0,0.0,0.0,2268000000.0,1182600000.0,1085400000.0,975391969.0,2300000.0,0.0,-10500000.0,116800000.0,-53900000.0,50500000.0,-192100000.0,0.0,143900000.0,0.0,70100000.0,67000000.0,67000000.0,0.0,0.0,0.034,133700000.0,110200000.0,334300000.0,0.407,1.78,14.558,14.549,1350800000.0,3100000.0,36.81,0.5,0.5,401700000.0,,1949000000.0,1949000000.0,0.0,0.03,0.123,0.051,0.065,0.0,0.0,1.0,26498016.0,26500000.0,26500000.0,73.547,2816100000.0,0.0,6000000.0,124400000.0,106.268,18600000.0
58,TEG,MRT,2000-09-30,2000-09-30,2000-09-30,2019-04-11,0.0,2188504000.0,2010846250.0,597629000.0,1590875000.0,0.759,20.547,-242434000.0,8077000.0,8077000.0,1243839000.0,69542000.0,1.131,3.033,722969000.0,67941000.0,655028000.0,722969000.0,0.0,119139000.0,0.0,0.016,0.515,134988000.0,254127000.0,0.166,254127000.0,134988000.0,88286000.0,2.51,2.51,2.51,542591000.0,540826750.0,542591000.0,1499524396.0,11.0,5.901,-118855000.0,-4.501,1.0,282677000.0,0.185,0.0,46702000.0,2374924000.0,2433658500.0,96946000.0,110006000.0,0.0,110006000.0,1645913000.0,528472000.0,1117441000.0,867974396.0,1440000.0,0.0,-9598000.0,206499000.0,-53628000.0,140860000.0,-262999000.0,0.0,123579000.0,0.0,69542000.0,66442000.0,66442000.0,0.0,0.0,0.044,166502000.0,116175000.0,172046000.0,0.205,1.6,13.064,13.048,1342938000.0,3100000.0,32.75,0.569,0.567,195205000.0,,1526516000.0,1526516000.0,0.0,0.033,0.123,0.055,0.088,0.0,0.0,1.0,26503035.0,26407000.0,26407000.0,57.807,2188504000.0,0.0,18744000.0,149306000.0,82.876,69157000.0
59,TEG,MRT,2000-06-30,2000-06-30,2000-06-30,2019-04-11,0.0,2095918000.0,1870099000.0,554056000.0,1541862000.0,0.706,20.543,-213095000.0,88740000.0,88740000.0,1052032000.0,70494000.0,1.281,2.865,720290000.0,62946000.0,657344000.0,720290000.0,0.0,112567000.0,0.0,0.0,0.0,133043000.0,245610000.0,0.186,245610000.0,133043000.0,91458000.0,2.54,2.54,2.54,542291000.0,538661750.0,542291000.0,2020280210.0,15.0,8.226,-74211000.0,-2.811,1.0,268604000.0,0.203,0.0,41585000.0,2295045000.0,2454945000.0,71619000.0,110611000.0,0.0,110611000.0,1553627000.0,432423000.0,1121204000.0,795994210.0,79234000.0,0.0,-6819000.0,234529000.0,-53436000.0,170640000.0,-230290000.0,0.0,138884000.0,0.0,70494000.0,67394000.0,67394000.0,0.0,0.0,0.051,154692000.0,113912000.0,159371000.0,0.0,1.468,11.811,11.831,1298097000.0,3100000.0,30.05,0.603,0.601,186632000.0,,1320636000.0,1320636000.0,0.0,0.036,0.125,0.054,0.101,0.0,0.0,1.0,26488992.0,26398000.0,26398000.0,50.028,2095918000.0,0.0,20964000.0,145920000.0,79.397,121633000.0
60,TEG,MRT,2000-03-31,2000-03-31,2000-03-31,2019-04-11,0.0,1942415000.0,1746752750.0,390122000.0,1552293000.0,0.668,20.355,-280614000.0,16767000.0,16767000.0,912289000.0,69180000.0,1.113,2.583,1241053000.0,57412000.0,1183641000.0,1241053000.0,0.0,105725000.0,0.0,0.0,0.0,130225000.0,235950000.0,0.202,235950000.0,130225000.0,93494000.0,2.49,2.49,2.49,542125000.0,535836500.0,542125000.0,1489803107.0,11.0,6.314,-121070000.0,-4.546,1.0,255226000.0,0.219,0.0,36731000.0,2816103000.0,2486973250.0,60951000.0,116685000.0,0.0,116685000.0,1400290000.0,350598000.0,1049692000.0,696516107.0,7560000.0,0.0,-3840000.0,204563000.0,-53364000.0,143976000.0,-295960000.0,0.0,159544000.0,0.0,69180000.0,66080000.0,66080000.0,0.0,0.0,0.057,134239000.0,120987000.0,137203000.0,0.0,1.285,10.54,10.418,1298818000.0,3100000.0,25.94,0.597,0.592,190762000.0,357412000.0,1167515000.0,1167515000.0,0.0,0.038,0.123,0.052,0.112,0.0,0.0,1.0,26851045.0,26634000.0,26634000.0,43.836,1942415000.0,0.0,24314000.0,148303000.0,72.93,39524000.0
61,TEG,MRT,1999-12-31,1999-12-31,1999-12-31,2019-04-11,0.0,1816548000.0,1632637750.0,292925000.0,1523623000.0,0.673,20.162,-273200000.0,10547000.0,10547000.0,863300000.0,62700000.0,1.254,2.387,676122000.0,91620000.0,584502000.0,676122000.0,0.0,98600000.0,0.0,0.0,0.0,125100000.0,223700000.0,0.204,223700000.0,125100000.0,92400000.0,2.24,2.24,2.24,536300000.0,532565500.0,536300000.0,1728329041.0,14.0,7.726,-155300000.0,-5.838,1.0,235200000.0,0.214,0.0,32700000.0,2248562000.0,2302200500.0,82619000.0,107257000.0,0.0,107257000.0,1280248000.0,233561000.0,1046687000.0,673999041.0,3400000.0,0.0,8400000.0,202900000.0,-53000000.0,155000000.0,-269500000.0,0.0,117900000.0,0.0,62700000.0,59600000.0,59600000.0,0.0,0.0,0.054,115500000.0,119700000.0,103437000.0,0.0,1.257,11.309,11.214,1280254000.0,3100000.0,25.12,0.614,0.608,170888000.0,341701000.0,1098500000.0,1098500000.0,0.0,0.037,0.112,0.054,0.114,0.0,0.0,1.0,26831172.0,26600000.0,26600000.0,41.297,1816548000.0,0.0,29700000.0,146684000.0,68.291,59364000.0
62,TEG,MRT,1999-09-30,1999-09-30,1999-09-30,2019-04-11,0.0,1625515000.0,1495396250.0,213823000.0,1411692000.0,0.732,20.011,-42143000.0,6624000.0,6624000.0,687534000.0,53027000.0,0.973,2.044,1060954000.0,107794000.0,953160000.0,1060954000.0,0.0,98949000.0,0.0,0.0,0.0,107038000.0,205987000.0,0.188,205987000.0,107038000.0,77733000.0,2.0,2.0,2.0,533931000.0,518917500.0,533931000.0,1771112025.0,17.0,8.598,99082000.0,3.713,1.0,407385000.0,0.372,0.0,29305000.0,2460070000.0,2191043000.0,67030000.0,75738000.0,0.0,75738000.0,1091584000.0,219775000.0,871809000.0,750091025.0,174000.0,0.0,7339000.0,95334000.0,-52852000.0,49076000.0,-190127000.0,0.0,141225000.0,0.0,53027000.0,53027000.0,53027000.0,0.0,0.0,0.048,300996000.0,106389000.0,83250000.0,0.0,1.405,14.145,14.03,1210028000.0,0.0,28.06,0.685,0.684,116162000.0,342058000.0,1094919000.0,1094919000.0,0.0,0.035,0.102,0.049,0.098,0.0,0.0,1.0,26731683.0,26682000.0,26682000.0,41.036,1625515000.0,0.0,24706000.0,156342000.0,60.922,-5952000.0
63,TEG,MRT,1999-06-30,1999-06-30,1999-06-30,2019-04-11,0.0,1602533000.0,1446533250.0,205240000.0,1397293000.0,0.755,19.961,-44374000.0,9493000.0,9493000.0,687253000.0,51007000.0,1.024,2.018,1030514000.0,76982000.0,953532000.0,1030514000.0,0.0,99176000.0,0.0,0.0,0.0,105232000.0,204408000.0,0.187,204408000.0,105232000.0,76935000.0,1.93,1.93,1.93,530990000.0,516102500.0,530990000.0,1549427890.0,15.0,7.58,91998000.0,3.458,1.0,404589000.0,0.371,0.0,28297000.0,2423158000.0,2066892250.0,53504000.0,76574000.0,0.0,76574000.0,1071543000.0,200396000.0,871147000.0,796558890.0,-50523000.0,0.0,4581000.0,-4728000.0,-52207000.0,-4572000.0,-182323000.0,0.0,136372000.0,0.0,51007000.0,51007000.0,51007000.0,0.0,0.0,0.047,298153000.0,106436000.0,83267000.0,0.0,1.5,15.617,15.544,1193565000.0,0.0,30.0,0.73,0.731,111961000.0,341647000.0,1091842000.0,1091842000.0,0.0,0.035,0.099,0.051,0.096,0.0,0.0,1.0,26551963.0,26601000.0,26601000.0,41.045,1602533000.0,0.0,25928000.0,157359000.0,60.243,4844000.0
64,TEG,MRT,1999-03-31,1999-03-31,1999-03-31,2019-04-11,0.0,1485955000.0,1380762250.0,222488000.0,1263467000.0,0.798,19.949,-13309000.0,9194000.0,9194000.0,699877000.0,51431000.0,1.375,1.809,762063000.0,25187000.0,736876000.0,762063000.0,0.0,100422000.0,0.0,0.0,0.0,105840000.0,206262000.0,0.187,206262000.0,105840000.0,77380000.0,1.94,1.94,1.94,529041000.0,504226750.0,529041000.0,1424450448.0,13.0,6.906,115365000.0,4.35,1.0,402467000.0,0.365,0.0,28460000.0,2077012000.0,1819030500.0,41898000.0,79073000.0,0.0,79073000.0,956914000.0,161812000.0,795102000.0,783266448.0,-13964000.0,0.0,1852000.0,-11375000.0,-51603000.0,-13171000.0,-129467000.0,0.0,128674000.0,0.0,51431000.0,51431000.0,51431000.0,0.0,0.0,0.047,294480000.0,107987000.0,93676000.0,0.0,1.481,15.229,15.206,1054133000.0,0.0,29.5,0.711,0.71,148084000.0,344749000.0,1102344000.0,1102344000.0,0.0,0.037,0.102,0.058,0.096,0.0,0.0,1.0,26551405.0,26520000.0,26520000.0,41.567,1485955000.0,0.0,25949000.0,162978000.0,56.031,60676000.0
65,TEG,MRT,1998-12-31,1998-12-31,1998-12-31,2019-04-11,0.0,1267582000.0,1335959000.0,162785000.0,1104797000.0,0.796,18.17,-16075000.0,1882000.0,1882000.0,672640000.0,46631000.0,1.553,1.631,643066000.0,35000000.0,608066000.0,643066000.0,0.0,102531000.0,0.0,0.0,0.0,98713000.0,201244000.0,0.189,201244000.0,98713000.0,70076000.0,1.76,1.76,1.76,481708000.0,492706250.0,481708000.0,1628687696.0,16.0,8.093,93636000.0,3.532,1.0,391096000.0,0.368,0.0,28637000.0,1803932000.0,1669038500.0,47342000.0,64932000.0,0.0,64932000.0,785874000.0,104834000.0,681040000.0,935956696.0,-1361000.0,0.0,-554000.0,16660000.0,-50985000.0,12930000.0,-124002000.0,0.0,109711000.0,0.0,46631000.0,46631000.0,46631000.0,0.0,0.0,0.044,291052000.0,100044000.0,60680000.0,0.0,1.943,20.072,20.028,911512000.0,0.0,35.25,0.88,0.879,94070000.0,284726000.0,1063736000.0,1063736000.0,0.0,0.035,0.095,0.059,0.093,0.0,0.0,1.0,26551963.0,26511000.0,26511000.0,40.124,1267582000.0,0.0,23445000.0,145838000.0,47.813,57951000.0
66,TEG,MRT,1998-09-30,1998-09-30,1998-09-30,2019-04-11,0.0,1430063000.0,1327552000.0,191606000.0,1238457000.0,0.587,19.717,-6299000.0,6450000.0,6450000.0,424983000.0,61806000.0,1.203,1.736,699181000.0,58021000.0,641160000.0,699181000.0,0.0,96217000.0,0.0,0.0,0.0,120058000.0,216275000.0,0.278,216275000.0,120058000.0,94657000.0,,,,522671000.0,486559500.0,522671000.0,1165555392.0,10.0,5.389,111561000.0,4.208,1.0,353841000.0,0.454,0.0,25401000.0,1963467000.0,1662419000.0,53239000.0,138021000.0,0.0,138021000.0,907392000.0,159327000.0,748065000.0,854316392.0,-285000.0,0.0,0.0,-21877000.0,-699000.0,-32699000.0,-85446000.0,-560000.0,117860000.0,0.0,61806000.0,58695000.0,58695000.0,0.0,0.0,0.075,240310000.0,113531000.0,80684000.0,,1.635,14.555,,1029631000.0,3111000.0,35.75,1.097,1.217,110830000.0,341883000.0,778824000.0,778824000.0,0.0,0.044,0.121,0.072,0.154,0.0,0.0,1.0,23896962.0,26509000.0,,29.38,1430063000.0,0.0,32851000.0,155291000.0,53.946,32279000.0
67,TEG,MRT,1998-06-30,1998-06-30,1998-06-30,2019-04-11,0.0,1339449000.0,,229555000.0,1109894000.0,,18.237,-10026000.0,56929000.0,56929000.0,381499000.0,62763000.0,1.048,1.77,368168000.0,116179000.0,251989000.0,368168000.0,0.0,99913000.0,0.0,0.0,0.0,123380000.0,223293000.0,0.306,223293000.0,123380000.0,97448000.0,,,,483487000.0,,483487000.0,1090236323.0,9.0,4.883,123389000.0,4.654,1.0,348240000.0,0.477,0.0,25932000.0,1431711000.0,,45241000.0,127554000.0,0.0,127554000.0,855962000.0,218977000.0,636985000.0,784059323.0,52786000.0,0.0,0.0,60346000.0,-2376000.0,-1000000.0,-79629000.0,-617000.0,133415000.0,0.0,62763000.0,59652000.0,59652000.0,0.0,0.0,0.082,234545000.0,113695000.0,74924000.0,,1.622,13.144,,909953000.0,3111000.0,32.81,1.074,1.192,103790000.0,,729739000.0,729739000.0,0.0,,,,0.169,0.0,0.0,1.0,23896962.0,26512000.0,,27.525,1339449000.0,0.0,34685000.0,125246000.0,50.522,10578000.0
68,TEG,MRT,1998-03-31,1998-03-31,1998-03-31,2019-04-11,0.0,1306742000.0,,205817000.0,1100925000.0,,18.214,-2501000.0,20395000.0,20395000.0,352867000.0,61869000.0,1.515,1.706,326572000.0,22111000.0,304461000.0,326572000.0,0.0,97048000.0,0.0,0.0,0.0,121323000.0,218371000.0,0.317,218371000.0,121323000.0,96520000.0,,,,482959000.0,,482959000.0,1432824804.0,12.0,6.561,130694000.0,4.929,1.0,336178000.0,0.488,0.0,24803000.0,1477044000.0,,36222000.0,122847000.0,0.0,122847000.0,823783000.0,135875000.0,687908000.0,796007804.0,16177000.0,0.0,0.0,13895000.0,-1188000.0,-46279000.0,-70739000.0,0.0,133195000.0,0.0,61869000.0,58758000.0,58758000.0,0.0,0.0,0.085,228493000.0,107685000.0,84575000.0,,1.648,13.547,,901390000.0,3111000.0,33.31,1.155,1.282,132692000.0,,689045000.0,689045000.0,0.0,,,,0.176,0.0,0.0,1.0,23896962.0,26516000.0,,25.986,1306742000.0,0.0,34651000.0,129206000.0,49.281,69942000.0
69,TEG,MRT,1997-12-31,1997-12-31,1997-12-31,2019-04-11,0.0,1233954000.0,1246451000.0,156670000.0,1077284000.0,0.554,19.129,-111000.0,3921000.0,3921000.0,342568000.0,64742000.0,1.679,1.699,640738000.0,25500000.0,615238000.0,640738000.0,0.0,90484000.0,0.0,0.0,0.0,126070000.0,216554000.0,0.314,216554000.0,126070000.0,99881000.0,,,,457121000.0,452773000.0,457121000.0,,,,140486000.0,5.879,1.0,347910000.0,0.504,0.0,26189000.0,1777454000.0,1784783500.0,45951000.0,56616000.0,0.0,56616000.0,776833000.0,93317000.0,683516000.0,807956285.0,-244000.0,0.0,0.0,-13500000.0,0.0,-72493000.0,-68348000.0,0.0,140597000.0,0.0,64742000.0,61631000.0,61631000.0,0.0,0.0,0.089,234560000.0,113350000.0,46453000.0,,1.767,13.11,,889332000.0,3111000.0,33.81,1.17,1.17,86643000.0,297489000.0,690478000.0,690478000.0,0.0,0.049,0.136,0.071,0.183,0.0,0.0,1.0,23896962.0,23896962.0,,28.894,1233954000.0,0.0,35139000.0,165728000.0,51.636,63353000.0
70,TEG,MRT,1997-09-30,1997-09-30,1997-09-30,2019-04-11,,,,,,,,,,,,,,,,,,,,,,0.0,0.0,,,,,,,,,,,,,,,,,,1.0,,,,,,,,,,,,,,,,,,,,,,,,,,,,,,,,,,,,,,,,28.94,,,,,,,,,,,,,,1.0,,26525000.0,,,,,,,,
71,TEG,MRT,1997-06-30,1997-06-30,1997-06-30,2019-04-11,,,,,,,,,,,,,,,,,,,,,,0.0,0.0,,,,,,,,,,,,,,,,,,1.0,,,,,,,,,,,,,,,,,,,,,,,,,,,,,,,,,,,,,,,,26.75,,,,,,,,,,,,,,1.0,,23875000.0,,,,,,,,
72,TEG,MRT,1997-03-31,1997-03-31,1997-03-31,2019-04-11,,,,,,,,,,,,,,,,,,,,,,0.0,0.0,,,,,,,,,,,,,,,,,,1.0,,,,,,,,,,,,,,,,,,,,,,,,,,,,,,,,,,,,,,,,26.0,,,,,,,,,,,,,,1.0,,23880000.0,,,,,,,,
73,TEG,MRT,1996-12-31,1996-12-31,1996-12-31,2019-04-11,0.0,1258948000.0,,172374000.0,1086574000.0,,,-86800000.0,4165000.0,4165000.0,341277000.0,60390000.0,1.398,1.807,660638000.0,39000000.0,621638000.0,660638000.0,0.0,91522000.0,0.0,0.0,0.0,118755000.0,210277000.0,0.3,210277000.0,118755000.0,93683000.0,,,,448425000.0,,448425000.0,,,,47492000.0,,1.0,360586000.0,0.514,0.0,25072000.0,1792113000.0,,44460000.0,92612000.0,0.0,92612000.0,810523000.0,123308000.0,687215000.0,,-306000.0,0.0,0.0,19268000.0,-55926000.0,-39769000.0,-94829000.0,0.0,134292000.0,0.0,60390000.0,57279000.0,57279000.0,0.0,0.0,0.082,247093000.0,113493000.0,62500000.0,,,,,897042000.0,3111000.0,28.5,,,101560000.0,291740000.0,701863000.0,701863000.0,0.0,,,,0.169,0.0,0.0,1.0,,,,,1258948000.0,0.0,33293000.0,161568000.0,,49066000.0
74,TEG,MRT,1995-12-31,1995-12-31,1995-12-31,2019-04-11,,,,,,,,106000.0,,,311465000.0,59238000.0,,,,,,,,98718000.0,,0.0,0.0,117968000.0,216686000.0,0.326,216686000.0,117968000.0,92101000.0,,,,,,,,,,137368000.0,,1.0,352228000.0,0.531,,25867000.0,,,,,,,,,,,1022000.0,0.0,0.0,-1000000.0,-43970000.0,-48081000.0,-88159000.0,0.0,137262000.0,0.0,59238000.0,56127000.0,56127000.0,0.0,0.0,0.085,240449000.0,111779000.0,,,,,,,3111000.0,34.0,,,,,663693000.0,663693000.0,0.0,,,,0.178,0.0,0.0,,,,,,,,32863000.0,,,
