None,ticker,dimension,calendardate,datekey,reportperiod,lastupdated,accoci,assets,assetsavg,assetsc,assetsnc,assetturnover,bvps,capex,cashneq,cashnequsd,cor,consolinc,currentratio,de,debt,debtc,debtnc,debtusd,deferredrev,depamor,deposits,divyield,dps,ebit,ebitda,ebitdamargin,ebitdausd,ebitusd,ebt,eps,epsdil,epsusd,equity,equityavg,equityusd,ev,evebit,evebitda,fcf,fcfps,fxusd,gp,grossmargin,intangibles,intexp,invcap,invcapavg,inventory,investments,investmentsc,investmentsnc,liabilities,liabilitiesc,liabilitiesnc,marketcap,ncf,ncfbus,ncfcommon,ncfdebt,ncfdiv,ncff,ncfi,ncfinv,ncfo,ncfx,netinc,netinccmn,netinccmnusd,netincdis,netincnci,netmargin,opex,opinc,payables,payoutratio,pb,pe,pe1,ppnenet,prefdivis,price,ps,ps1,receivables,retearn,revenue,revenueusd,rnd,roa,roe,roic,ros,sbcomp,sgna,sharefactor,sharesbas,shareswa,shareswadil,sps,tangibles,taxassets,taxexp,taxliabilities,tbvps,workingcapital
0,QEP,MRY,2020-12-31,2020-12-31,2020-12-31,2021-02-24,-12800000.0,5114200000.0,5442700000.0,197000000.0,4917200000.0,0.133,11.052,-357600000.0,60400000.0,60400000.0,273400000.0,3200000.0,0.658,0.915,1646400000.0,23800000.0,1622600000.0,1646400000.0,0.0,574000000.0,0.0,0.008,0.02,27200000.0,601200000.0,0.83,601200000.0,27200000.0,-76700000.0,0.01,0.01,0.01,2670200000.0,2834925000.0,2670200000.0,2217808479.0,82.0,3.689,315600000.0,1.306,1.0,451000000.0,0.623,0.0,103900000.0,6400600000.0,6787825000.0,0.0,0.0,0.0,0.0,2444000000.0,299600000.0,2144400000.0,578908479.0,-104100000.0,0.0,-1700000.0,-426400000.0,-4800000.0,-433500000.0,-343800000.0,0.0,673200000.0,0.0,3200000.0,3200000.0,3200000.0,0.0,0.0,0.004,674700000.0,-223700000.0,159300000.0,2.0,0.217,180.909,239.0,4830900000.0,0.0,2.39,0.799,0.797,89100000.0,1268000000.0,724400000.0,724400000.0,200000.0,0.001,0.001,0.004,0.038,12400000.0,93000000.0,1.0,242221121.0,241600000.0,241600000.0,2.998,5114200000.0,33200000.0,-79900000.0,397400000.0,21.168,-102600000.0
1,QEP,MRY,2019-12-31,2019-12-31,2019-12-31,2021-02-24,-12500000.0,5477800000.0,5505725000.0,325200000.0,5152600000.0,0.219,11.193,-566200000.0,166300000.0,166300000.0,351700000.0,-97300000.0,0.962,1.059,2096700000.0,36300000.0,2060400000.0,2096700000.0,0.0,540000000.0,0.0,0.009,0.04,-16900000.0,523100000.0,0.434,523100000.0,-16900000.0,-140300000.0,-0.41,-0.41,-0.41,2660600000.0,2689000000.0,2660600000.0,3123163010.0,-185.0,5.97,700000.0,0.003,1.0,854500000.0,0.708,0.0,123400000.0,7070100000.0,7165075000.0,0.0,0.0,0.0,0.0,2817200000.0,338100000.0,2479100000.0,1070063010.0,168300000.0,0.0,-7600000.0,-494100000.0,-9600000.0,-511300000.0,112700000.0,0.0,566900000.0,0.0,-97300000.0,-97300000.0,-97300000.0,0.0,0.0,-0.081,697000000.0,157500000.0,227200000.0,-0.098,0.402,-10.998,-10.976,5099100000.0,0.0,4.5,0.887,0.887,108400000.0,1269600000.0,1206200000.0,1206200000.0,100000.0,-0.018,-0.036,-0.002,-0.014,20800000.0,155800000.0,1.0,237791780.0,237700000.0,237700000.0,5.074,5477800000.0,37400000.0,-43000000.0,293400000.0,23.045,-12900000.0
2,QEP,MRY,2018-12-31,2018-12-31,2018-12-31,2021-02-24,-14300000.0,6117800000.0,7068325000.0,280600000.0,5837200000.0,0.273,11.563,-1299700000.0,0.0,0.0,578000000.0,-1011600000.0,0.839,1.224,2521700000.0,14600000.0,2507100000.0,2521700000.0,0.0,857100000.0,0.0,0.0,0.0,-1170000000.0,-312900000.0,-0.162,-312900000.0,-1170000000.0,-1329000000.0,-4.25,-4.25,-4.25,2750900000.0,3295975000.0,2750900000.0,3799420302.0,-3.0,-12.143,-483500000.0,-2.032,1.0,1354600000.0,0.701,0.0,159000000.0,8305200000.0,9048150000.0,0.0,0.0,0.0,0.0,3366900000.0,334300000.0,3032600000.0,1333020302.0,4700000.0,0.0,-67100000.0,311500000.0,0.0,244600000.0,-1056100000.0,0.0,816200000.0,0.0,-1011600000.0,-1011600000.0,-1011600000.0,0.0,0.0,-0.523,2615000000.0,-1260400000.0,258100000.0,0.0,0.485,-1.318,-1.325,5059500000.0,0.0,5.63,0.69,0.693,104300000.0,1376500000.0,1932600000.0,1932600000.0,300000.0,-0.143,-0.307,-0.129,-0.605,30900000.0,221700000.0,1.0,236770924.0,237900000.0,237900000.0,8.124,6117800000.0,75900000.0,-317400000.0,293300000.0,25.716,-53700000.0
3,QEP,MRY,2017-12-31,2017-12-31,2017-12-31,2021-02-24,-11100000.0,7394800000.0,7310675000.0,162000000.0,7232800000.0,0.222,15.785,-1974800000.0,0.0,0.0,726000000.0,269300000.0,0.285,0.947,2204800000.0,44000000.0,2160800000.0,2204800000.0,0.0,754500000.0,0.0,0.0,0.0,93300000.0,847800000.0,0.522,847800000.0,93300000.0,-42900000.0,1.12,1.12,1.12,3797900000.0,3663350000.0,3797900000.0,3547748323.0,38.0,4.185,-1374600000.0,-5.713,1.0,896900000.0,0.553,0.0,136200000.0,9031500000.0,8532800000.0,0.0,0.0,0.0,0.0,3596900000.0,568100000.0,3028800000.0,2305748323.0,-442000000.0,0.0,-6800000.0,147000000.0,0.0,125800000.0,-1168000000.0,0.0,600200000.0,0.0,269300000.0,269300000.0,269300000.0,0.0,0.0,0.166,795400000.0,101500000.0,360100000.0,0.0,0.607,8.562,8.545,5866700000.0,0.0,9.57,1.421,1.419,140000000.0,2442600000.0,1622900000.0,1622900000.0,22000000.0,0.037,0.074,0.011,0.057,26900000.0,153500000.0,1.0,240935039.0,240600000.0,240600000.0,6.745,7394800000.0,4900000.0,-312200000.0,549600000.0,30.735,-406100000.0
4,QEP,MRY,2016-12-31,2016-12-31,2016-12-31,2021-02-24,-16700000.0,7245400000.0,7321225000.0,640100000.0,6605300000.0,0.188,15.799,-1208100000.0,443800000.0,443800000.0,719200000.0,-1245000000.0,1.243,1.069,2033200000.0,12300000.0,2020900000.0,2033200000.0,0.0,871100000.0,0.0,0.0,0.0,-1833700000.0,-962600000.0,-0.699,-962600000.0,-1833700000.0,-1953200000.0,-5.62,-5.62,-5.62,3502700000.0,3568900000.0,3502700000.0,5401662522.0,-3.0,-5.612,-540900000.0,-2.44,1.0,657900000.0,0.478,0.0,119500000.0,8320000000.0,8185275000.0,10400000.0,0.0,0.0,0.0,3742700000.0,514800000.0,3227900000.0,4410262522.0,71200000.0,0.0,777300000.0,-194300000.0,0.0,583100000.0,-1179100000.0,0.0,667200000.0,0.0,-1245000000.0,-1245000000.0,-1245000000.0,0.0,0.0,-0.904,2258600000.0,-1600700000.0,269700000.0,0.0,1.259,-3.542,-3.276,6539000000.0,0.0,18.41,3.203,2.964,155700000.0,2173300000.0,1377100000.0,1377100000.0,1700000.0,-0.17,-0.349,-0.224,-1.332,35600000.0,196500000.0,1.0,239557986.0,221700000.0,221700000.0,6.212,7245400000.0,18600000.0,-708200000.0,856000000.0,32.681,125300000.0
5,QEP,MRY,2015-12-31,2015-12-31,2015-12-31,2021-02-24,-12400000.0,8398200000.0,8452950000.0,931800000.0,7466400000.0,0.239,22.355,-1239400000.0,376100000.0,376100000.0,1280300000.0,-149400000.0,1.452,1.127,2221300000.0,206600000.0,2014700000.0,2221300000.0,0.0,881100000.0,0.0,0.006,0.08,-87300000.0,793800000.0,0.393,793800000.0,-87300000.0,-243000000.0,-0.85,-0.85,-0.85,3947900000.0,3971900000.0,3947900000.0,4103775210.0,-47.0,5.17,-758100000.0,-4.293,1.0,738300000.0,0.366,0.0,155700000.0,9601800000.0,9569775000.0,13300000.0,0.0,0.0,0.0,4450300000.0,641600000.0,3808700000.0,2368275210.0,-784000000.0,0.0,-2700000.0,-24900000.0,-14100000.0,-47700000.0,-1217600000.0,0.0,481300000.0,0.0,-149400000.0,-149400000.0,-149400000.0,0.0,0.0,-0.074,1102800000.0,-364500000.0,351700000.0,-0.094,0.6,-15.852,-15.765,7384600000.0,0.0,13.4,1.173,1.172,278200000.0,3418300000.0,2018600000.0,2018600000.0,2700000.0,-0.018,-0.038,-0.009,-0.043,34700000.0,168000000.0,1.0,176736956.0,176600000.0,176600000.0,11.43,8398200000.0,87300000.0,-93600000.0,1525900000.0,47.555,290200000.0
6,QEP,MRY,2014-12-31,2014-12-31,2014-12-31,2021-02-24,-24300000.0,9286800000.0,10176350000.0,2001500000.0,7285300000.0,0.324,22.666,-2726400000.0,1160100000.0,1160100000.0,1639700000.0,784400000.0,1.488,1.279,2272800000.0,54700000.0,2218100000.0,2272800000.0,0.0,1040600000.0,0.0,0.004,0.08,721000000.0,1761600000.0,0.535,1761600000.0,721000000.0,551900000.0,4.36,4.36,4.36,4075300000.0,3582075000.0,4075300000.0,6794914398.0,9.0,3.857,-1183900000.0,-6.585,1.0,1653500000.0,0.502,0.0,169100000.0,9054700000.0,12022650000.0,13700000.0,0.0,0.0,0.0,5211500000.0,1344800000.0,3866700000.0,3642614398.0,1130100000.0,50000000.0,-105900000.0,-834400000.0,-14600000.0,-990600000.0,578200000.0,0.0,1542500000.0,0.0,784400000.0,784400000.0,784400000.0,-1193900000.0,0.0,0.238,2500800000.0,-847300000.0,575400000.0,0.018,0.894,4.644,4.638,7231200000.0,0.0,20.22,1.106,1.104,441900000.0,3587900000.0,3293200000.0,3293200000.0,9900000.0,0.077,0.219,0.06,0.219,27900000.0,204400000.0,1.0,180149080.0,179800000.0,179800000.0,18.316,9286800000.0,0.0,-232500000.0,2041000000.0,51.651,656700000.0
7,QEP,MRY,2013-12-31,2013-12-31,2013-12-31,2021-02-24,-26500000.0,9408900000.0,9326650000.0,551100000.0,8857800000.0,0.288,18.843,-1602600000.0,11900000.0,11900000.0,1356500000.0,159400000.0,0.818,1.638,3106600000.0,109100000.0,2997500000.0,3106600000.0,0.0,1016000000.0,0.0,0.003,0.08,384600000.0,1400600000.0,0.522,1400600000.0,384600000.0,219500000.0,0.89,0.89,0.89,3376600000.0,3362075000.0,3376600000.0,8255865776.0,21.0,5.895,-410900000.0,-2.293,1.0,1328600000.0,0.495,0.0,165100000.0,11830000000.0,11774325000.0,13400000.0,50000000.0,0.0,50000000.0,5532100000.0,673600000.0,4858500000.0,5494965776.0,30000000.0,-50000000.0,440300000.0,-140700000.0,-14300000.0,279800000.0,-1441500000.0,0.0,1191700000.0,0.0,159400000.0,159400000.0,159400000.0,-107300000.0,0.0,0.059,1125600000.0,203000000.0,361900000.0,0.09,1.627,34.473,34.438,7592500000.0,0.0,30.65,2.046,2.046,330300000.0,2917800000.0,2685100000.0,2685100000.0,11900000.0,0.017,0.047,0.033,0.143,27100000.0,160400000.0,1.0,179281102.0,179200000.0,179500000.0,14.984,9408900000.0,27900000.0,60100000.0,1428300000.0,52.505,-122500000.0
8,QEP,MRY,2012-12-31,2012-12-31,2012-12-31,2021-02-24,32800000.0,9108500000.0,8318825000.0,657300000.0,8451200000.0,0.249,18.369,-2799700000.0,0.0,0.0,1151300000.0,128300000.0,0.854,1.774,3246600000.0,39700000.0,3206900000.0,3246600000.0,0.0,905300000.0,0.0,0.003,0.08,252700000.0,1158000000.0,0.559,1158000000.0,252700000.0,126400000.0,0.72,0.72,0.72,3266000000.0,3342500000.0,3266000000.0,8599794355.0,34.0,7.426,-1503700000.0,-8.457,1.0,920400000.0,0.444,59500000.0,126300000.0,11526200000.0,10130425000.0,13100000.0,41200000.0,0.0,41200000.0,5794800000.0,769400000.0,5025400000.0,5391594355.0,0.0,0.0,0.0,1537100000.0,-14200000.0,1498500000.0,-2794500000.0,0.0,1296000000.0,0.0,128300000.0,128300000.0,128300000.0,-125900000.0,0.0,0.062,1241600000.0,-321200000.0,643400000.0,0.111,1.651,42.023,42.042,8299500000.0,0.0,30.27,2.602,2.598,387500000.0,2773000000.0,2071700000.0,2071700000.0,11200000.0,0.015,0.038,0.025,0.122,25600000.0,248400000.0,1.0,178116761.0,177800000.0,178700000.0,11.652,9049000000.0,0.0,-1900000.0,1540300000.0,50.894,-112100000.0
9,QEP,MRY,2011-12-31,2011-12-31,2011-12-31,2021-02-24,207900000.0,7442700000.0,7158275000.0,731000000.0,6711700000.0,0.441,18.705,-1431100000.0,0.0,0.0,1537200000.0,270400000.0,1.146,1.239,1708800000.0,29400000.0,1679400000.0,1708800000.0,0.0,765600000.0,0.0,0.003,0.08,511600000.0,1277200000.0,0.404,1277200000.0,511600000.0,421600000.0,1.51,1.5,1.51,3301500000.0,3187350000.0,3301500000.0,6794108133.0,13.0,5.32,-138500000.0,-0.785,1.0,1622000000.0,0.513,59500000.0,90000000.0,8454200000.0,8153725000.0,16200000.0,42200000.0,0.0,42200000.0,4090600000.0,637800000.0,3452800000.0,5184708133.0,0.0,0.0,0.0,157900000.0,-14100000.0,130300000.0,-1422900000.0,0.0,1292600000.0,0.0,267200000.0,267200000.0,267200000.0,0.0,3200000.0,0.085,1116100000.0,505900000.0,457300000.0,0.053,1.57,19.404,19.404,6448900000.0,0.0,29.3,1.641,1.637,397400000.0,2673500000.0,3159200000.0,3159200000.0,10500000.0,0.037,0.084,0.063,0.162,22000000.0,123200000.0,1.0,176952496.0,176500000.0,178400000.0,17.899,7383200000.0,0.0,154400000.0,1610100000.0,41.831,93200000.0
10,QEP,MRY,2010-12-31,2010-12-31,2010-12-31,2021-02-24,194300000.0,6785300000.0,6666450000.0,654200000.0,6131100000.0,0.345,17.172,-1469000000.0,0.0,0.0,934200000.0,329100000.0,1.048,1.236,1550300000.0,78000000.0,1472300000.0,1550300000.0,0.0,643400000.0,0.0,0.001,0.04,577600000.0,1221000000.0,0.531,1221000000.0,577600000.0,493200000.0,1.86,1.84,1.86,3010300000.0,2990275000.0,3010300000.0,7730193862.0,13.0,6.331,-402900000.0,-2.298,1.0,1366400000.0,0.594,59600000.0,84400000.0,7651700000.0,7309750000.0,16400000.0,44500000.0,0.0,44500000.0,3722200000.0,624300000.0,3097900000.0,6376793862.0,-19300000.0,0.0,250000000.0,161600000.0,-7000000.0,346800000.0,-1430400000.0,52900000.0,1066100000.0,1800000.0,326200000.0,326200000.0,326200000.0,-43200000.0,2900000.0,0.142,821100000.0,545300000.0,332200000.0,0.022,2.118,19.549,19.522,5955400000.0,0.0,36.31,2.772,2.767,269900000.0,2420000000.0,2300600000.0,2300600000.0,23000000.0,0.049,0.109,0.079,0.251,16100000.0,107200000.0,1.0,175620872.0,175300000.0,177300000.0,13.124,6725700000.0,0.0,167000000.0,1424400000.0,38.367,29900000.0
11,QEP,MRY,2009-12-31,2009-12-31,2009-12-31,2021-02-24,87100000.0,6481400000.0,6250675000.0,605200000.0,5876200000.0,0.322,15.817,-1196900000.0,19300000.0,19300000.0,731100000.0,296100000.0,0.91,1.334,1388000000.0,39300000.0,1348700000.0,1388000000.0,0.0,559100000.0,0.0,,0.0,481200000.0,1040300000.0,0.517,1040300000.0,481200000.0,411100000.0,1.69,1.67,1.69,2753800000.0,2727600000.0,2753800000.0,,,,126900000.0,0.729,1.0,1280100000.0,0.636,60100000.0,70100000.0,7125100000.0,6979050000.0,17500000.0,43900000.0,0.0,43900000.0,3672700000.0,664900000.0,3007800000.0,,-5800000.0,0.0,0.0,-600000.0,0.0,-62200000.0,-1262600000.0,36300000.0,1323800000.0,-4800000.0,293500000.0,293500000.0,293500000.0,-80700000.0,2600000.0,0.146,694600000.0,585500000.0,313000000.0,0.0,,,,5759500000.0,0.0,,,,272700000.0,2538200000.0,2011200000.0,2011200000.0,25000000.0,0.047,0.108,0.069,0.239,13400000.0,91700000.0,1.0,172377080.0,174100000.0,176300000.0,11.552,6421300000.0,21200000.0,117600000.0,1223500000.0,36.883,-59700000.0
12,QEP,MRY,2008-12-31,2008-12-31,2008-12-31,2021-02-24,341600000.0,6234400000.0,5398025000.0,894400000.0,5340000000.0,0.43,15.914,-2136700000.0,20300000.0,20300000.0,931700000.0,594500000.0,1.243,1.256,1388500000.0,89400000.0,1299100000.0,1388500000.0,0.0,362500000.0,0.0,,0.0,930800000.0,1293300000.0,0.558,1293300000.0,930800000.0,869100000.0,3.39,3.32,3.39,2749900000.0,2173550000.0,2749900000.0,,,,-782600000.0,-4.529,1.0,1387100000.0,0.598,60200000.0,61700000.0,6822900000.0,5811275000.0,23600000.0,44400000.0,0.0,44400000.0,3455000000.0,719500000.0,2735500000.0,,22400000.0,0.0,0.0,827000000.0,0.0,830800000.0,-2164600000.0,-9000000.0,1354100000.0,2100000.0,585500000.0,585500000.0,585500000.0,-73900000.0,9000000.0,0.253,453900000.0,933200000.0,425800000.0,0.0,,,,5193200000.0,0.0,,,,304400000.0,2262100000.0,2318800000.0,2318800000.0,29300000.0,0.108,0.269,0.16,0.401,10500000.0,78100000.0,1.0,172377080.0,172800000.0,176100000.0,13.419,6174200000.0,0.0,283600000.0,1322600000.0,35.73,174900000.0
13,QEP,MRY,2007-12-31,2007-12-31,2007-12-31,2021-02-24,31000000.0,3806400000.0,3499000000.0,524900000.0,3281500000.0,0.527,10.791,-943900000.0,0.0,0.0,744200000.0,420800000.0,1.032,1.046,618200000.0,118900000.0,499300000.0,618200000.0,0.0,296000000.0,0.0,,0.0,697700000.0,993700000.0,0.539,993700000.0,697700000.0,662100000.0,,,,1860100000.0,1736450000.0,1860100000.0,,,,-48400000.0,-0.281,1.0,1099200000.0,0.596,60900000.0,35600000.0,3855300000.0,3522325000.0,23200000.0,56700000.0,0.0,56700000.0,1946300000.0,508400000.0,1437900000.0,,-18200000.0,0.0,0.0,76300000.0,-17300000.0,25600000.0,-939300000.0,-14800000.0,895500000.0,0.0,420800000.0,420800000.0,420800000.0,0.0,0.0,0.228,425800000.0,673400000.0,316700000.0,,,,,3173800000.0,0.0,,,,367600000.0,1693900000.0,1843400000.0,1843400000.0,22000000.0,0.12,0.242,0.198,0.378,8900000.0,91300000.0,1.0,172377080.0,172377080.0,,10.694,3745500000.0,4600000.0,241300000.0,785600000.0,21.729,16500000.0
14,QEP,MRY,2006-12-31,2006-12-31,2006-12-31,2021-02-24,128100000.0,3249600000.0,2828517000.0,581500000.0,2668100000.0,0.649,8.962,-752700000.0,18200000.0,18200000.0,922400000.0,356100000.0,1.039,1.104,541800000.0,142600000.0,399200000.0,541800000.0,0.0,236800000.0,0.0,,0.0,596600000.0,833400000.0,0.454,833400000.0,596600000.0,562700000.0,,,,1544800000.0,1326305000.0,1544800000.0,,,,-24300000.0,-0.141,1.0,913400000.0,0.498,60900000.0,33900000.0,3152600000.0,2767856000.0,27700000.0,41700000.0,0.0,41700000.0,1704800000.0,559700000.0,1145100000.0,,13800000.0,0.0,0.0,8800000.0,-17300000.0,9100000.0,-723700000.0,-6300000.0,728400000.0,0.0,356100000.0,356100000.0,356100000.0,0.0,0.0,0.194,326500000.0,586900000.0,312600000.0,,,,,2527500000.0,0.0,,,,327500000.0,1290400000.0,1835800000.0,1835800000.0,34400000.0,0.126,0.268,0.216,0.325,6000000.0,69200000.0,1.0,172377080.0,172377080.0,,10.65,3188700000.0,1400000.0,206600000.0,674100000.0,18.498,21800000.0
15,QEP,MRY,2005-12-31,2005-12-31,2005-12-31,2021-02-24,-198100000.0,2621300000.0,2291073000.0,577700000.0,2043600000.0,0.798,5.069,-576200000.0,4400000.0,4400000.0,1149100000.0,258200000.0,0.75,2.0,530800000.0,180800000.0,350000000.0,530800000.0,0.0,174900000.0,0.0,,0.0,439200000.0,614100000.0,0.336,614100000.0,439200000.0,408300000.0,,,,873800000.0,831335000.0,873800000.0,,,,-55800000.0,-0.324,1.0,679100000.0,0.371,61500000.0,30900000.0,2316100000.0,2137614000.0,33200000.0,35300000.0,0.0,35300000.0,1747500000.0,770100000.0,977400000.0,,4400000.0,0.0,0.0,115300000.0,-17300000.0,58300000.0,-574300000.0,0.0,520400000.0,0.0,258200000.0,258200000.0,258200000.0,0.0,0.0,0.141,253000000.0,426100000.0,301200000.0,,,,,1958000000.0,0.0,,,,374400000.0,951600000.0,1828200000.0,1828200000.0,11500000.0,0.113,0.311,0.205,0.24,0.0,54600000.0,1.0,172377080.0,172377080.0,,10.606,2559800000.0,111200000.0,150100000.0,466000000.0,14.85,-192400000.0
16,QEP,MRY,2004-12-31,2004-12-31,2004-12-31,2021-02-24,-42150000.0,1960846000.0,,324800000.0,1636046000.0,,,-336800000.0,0.0,0.0,686700000.0,165400000.0,0.913,1.486,415594000.0,65594000.0,350000000.0,415594000.0,0.0,147100000.0,0.0,,0.0,283900000.0,431000000.0,0.364,431000000.0,283900000.0,256500000.0,,,,788870000.0,,788870000.0,,,,80000000.0,,1.0,498600000.0,0.421,61423000.0,27400000.0,1959128000.0,,22604000.0,38326000.0,0.0,38326000.0,1171976000.0,355889000.0,816087000.0,,-3700000.0,0.0,0.0,-26000000.0,-17300000.0,-85800000.0,-334700000.0,-1000000.0,416800000.0,0.0,165400000.0,165400000.0,165400000.0,0.0,0.0,0.14,222000000.0,276600000.0,183346000.0,,,,,1527696000.0,0.0,,,,234178000.0,710684000.0,1185300000.0,1185300000.0,9200000.0,,,,0.24,0.0,49600000.0,1.0,,,,,1899423000.0,33421000.0,91100000.0,381207000.0,,-31089000.0
17,QEP,MRY,2003-12-31,2003-12-31,2003-12-31,2021-02-24,,,,,,,,-212011000.0,,,482386000.0,115990000.0,,,,,,,,125673000.0,,,0.0,213274000.0,338947000.0,0.39,338947000.0,213274000.0,185116000.0,,,,,,,,,,46119000.0,,1.0,386622000.0,0.445,,28158000.0,,,,,,,,,,,-6688000.0,0.0,0.0,-118400000.0,-17300000.0,-47110000.0,-217708000.0,-14750000.0,258130000.0,0.0,115990000.0,115990000.0,115990000.0,0.0,0.0,0.133,176277000.0,210345000.0,,,,,,,0.0,,,,,,869008000.0,869008000.0,4498000.0,,,,0.245,0.0,44113000.0,1.0,,,,,,,69126000.0,,,
0,QEP,MRQ,2020-12-31,2020-12-31,2020-12-31,2021-02-24,-12800000.0,5114200000.0,,197000000.0,4917200000.0,,10.998,-69000000.0,60400000.0,60400000.0,71300000.0,-130600000.0,0.658,0.915,1646400000.0,23800000.0,1622600000.0,1646400000.0,0.0,149400000.0,0.0,0.008,0.0,-146200000.0,3200000.0,0.016,3200000.0,-146200000.0,-168000000.0,-0.54,-0.54,-0.54,2670200000.0,,2670200000.0,2217808479.0,82.0,3.689,50200000.0,0.207,1.0,128900000.0,0.644,0.0,21800000.0,6400600000.0,,0.0,0.0,0.0,0.0,2444000000.0,299600000.0,2144400000.0,578908479.0,51800000.0,0.0,-900000.0,2200000.0,0.0,1200000.0,-68600000.0,0.0,119200000.0,0.0,-130600000.0,-130600000.0,-130600000.0,0.0,0.0,-0.652,190800000.0,-61900000.0,159300000.0,0.0,0.217,180.909,239.0,4830900000.0,0.0,2.39,0.799,0.797,89100000.0,1268000000.0,200200000.0,200200000.0,200000.0,,,,,3100000.0,29900000.0,1.0,242221121.0,242800000.0,242800000.0,0.825,5114200000.0,33200000.0,-37400000.0,397400000.0,21.063,-102600000.0
1,QEP,MRQ,2020-09-30,2020-09-30,2020-09-30,2021-02-24,-12000000.0,5236700000.0,,230100000.0,5006600000.0,,11.55,-38700000.0,9500000.0,9500000.0,66100000.0,-49200000.0,0.964,0.871,1648400000.0,22600000.0,1625800000.0,1648400000.0,0.0,133000000.0,0.0,0.044,0.0,-83700000.0,49300000.0,0.277,49300000.0,-83700000.0,-104400000.0,-0.2,-0.2,-0.2,2798600000.0,,2798600000.0,2141470858.0,21.0,3.183,290900000.0,1.201,1.0,111700000.0,0.628,0.0,20700000.0,6636900000.0,,0.0,0.0,0.0,0.0,2438100000.0,238700000.0,2199400000.0,218770858.0,6300000.0,0.0,-100000.0,-285000000.0,0.0,-285100000.0,-38200000.0,0.0,329600000.0,0.0,-49200000.0,-49200000.0,-49200000.0,0.0,0.0,-0.277,153800000.0,-42100000.0,164500000.0,0.0,0.078,9.349,8.207,4920100000.0,0.0,0.903,0.259,0.259,84100000.0,1398600000.0,177800000.0,177800000.0,0.0,,,,,2900000.0,20900000.0,1.0,242324832.0,242300000.0,242300000.0,0.734,5236700000.0,50500000.0,-55200000.0,450700000.0,21.612,-8600000.0
2,QEP,MRQ,2020-06-30,2020-06-30,2020-06-30,2021-02-24,-12100000.0,5524100000.0,,446400000.0,5077700000.0,,11.741,-82300000.0,3400000.0,3400000.0,57400000.0,-184400000.0,0.894,0.942,1926100000.0,297500000.0,1628600000.0,1926100000.0,0.0,149400000.0,0.0,0.047,0.0,-210800000.0,-61400000.0,-0.509,-61400000.0,-210800000.0,-238000000.0,-0.76,-0.76,-0.76,2844900000.0,,2844900000.0,2226115277.0,7.0,2.454,-9800000.0,-0.04,1.0,63200000.0,0.524,0.0,27200000.0,6947200000.0,,0.0,0.0,0.0,0.0,2679200000.0,499600000.0,2179600000.0,312415277.0,-66700000.0,0.0,100000.0,-56800000.0,0.0,-57200000.0,-82000000.0,0.0,72500000.0,0.0,-184400000.0,-184400000.0,-184400000.0,0.0,0.0,-1.529,175700000.0,-112500000.0,157000000.0,0.0,0.11,2.034,1.985,5017200000.0,0.0,1.29,0.32,0.32,97900000.0,1447800000.0,120600000.0,120600000.0,0.0,,,,,3100000.0,26300000.0,1.0,242182385.0,242300000.0,242300000.0,0.498,5524100000.0,165000000.0,-53600000.0,425300000.0,22.799,-53200000.0
3,QEP,MRQ,2020-03-31,2020-03-31,2020-03-31,2021-02-24,-12400000.0,5895800000.0,,697000000.0,5198800000.0,,12.656,-167600000.0,70300000.0,70300000.0,78600000.0,367400000.0,1.084,0.948,1984000000.0,354300000.0,1629700000.0,1984000000.0,0.0,142200000.0,0.0,0.179,0.02,467900000.0,610100000.0,2.702,610100000.0,467900000.0,433700000.0,1.54,1.54,1.54,3026000000.0,,3026000000.0,2009897562.0,3.0,1.665,-15700000.0,-0.066,1.0,147200000.0,0.652,0.0,34200000.0,7166600000.0,,0.0,0.0,0.0,0.0,2869800000.0,642900000.0,2226900000.0,79497562.0,-95500000.0,0.0,-800000.0,-86800000.0,-4800000.0,-92400000.0,-155000000.0,0.0,151900000.0,0.0,367400000.0,367400000.0,367400000.0,0.0,0.0,1.627,154400000.0,-7200000.0,243100000.0,0.013,0.026,0.206,0.208,5128500000.0,0.0,0.335,0.069,0.069,81100000.0,1632200000.0,225800000.0,225800000.0,0.0,,,,,3300000.0,15900000.0,1.0,237660873.0,239100000.0,239100000.0,0.944,5895800000.0,165400000.0,66300000.0,477500000.0,24.658,54100000.0
4,QEP,MRQ,2019-12-31,2019-12-31,2019-12-31,2021-02-24,-12500000.0,5477800000.0,,325200000.0,5152600000.0,,11.193,-97400000.0,166300000.0,166300000.0,98400000.0,-110400000.0,0.962,1.059,2096700000.0,36300000.0,2060400000.0,2096700000.0,0.0,144500000.0,0.0,0.009,0.02,-69700000.0,74800000.0,0.232,74800000.0,-69700000.0,-97700000.0,-0.47,-0.47,-0.47,2660600000.0,,2660600000.0,3123163010.0,-185.0,5.97,127500000.0,0.536,1.0,223500000.0,0.694,0.0,28000000.0,7070100000.0,,0.0,0.0,0.0,0.0,2817200000.0,338100000.0,2479100000.0,1070063010.0,74300000.0,0.0,-600000.0,-50200000.0,-4800000.0,-55600000.0,-95000000.0,0.0,224900000.0,0.0,-110400000.0,-110400000.0,-110400000.0,0.0,0.0,-0.343,174600000.0,48900000.0,227200000.0,-0.043,0.402,-10.998,-10.976,5099100000.0,0.0,4.5,0.887,0.887,108400000.0,1269600000.0,321900000.0,321900000.0,100000.0,,,,,4600000.0,31400000.0,1.0,237791780.0,237700000.0,237700000.0,1.354,5477800000.0,37400000.0,12700000.0,293400000.0,23.045,-12900000.0
5,QEP,MRQ,2019-09-30,2019-09-30,2019-09-30,2021-02-24,-14300000.0,5570600000.0,,350100000.0,5220500000.0,,11.644,-150200000.0,92400000.0,92400000.0,79500000.0,81000000.0,1.044,1.011,2145500000.0,70800000.0,2074700000.0,2145500000.0,0.0,144200000.0,0.0,0.005,0.02,139500000.0,283700000.0,0.923,283700000.0,139500000.0,107600000.0,0.34,0.34,0.34,2770000000.0,,2770000000.0,2934977242.0,-4.0,-19.021,-3900000.0,-0.016,1.0,228000000.0,0.741,0.0,31900000.0,7288500000.0,,0.0,0.0,0.0,0.0,2800600000.0,335200000.0,2465400000.0,880277242.0,-4200000.0,0.0,-700000.0,-4600000.0,-4800000.0,-10100000.0,-140400000.0,0.0,146300000.0,0.0,81000000.0,81000000.0,81000000.0,0.0,0.0,0.263,175900000.0,52100000.0,206200000.0,0.059,0.318,-1.429,-1.423,5142800000.0,0.0,3.7,0.68,0.68,104300000.0,1384800000.0,307500000.0,307500000.0,0.0,,,,,5000000.0,29600000.0,1.0,237912768.0,237900000.0,237900000.0,1.293,5570600000.0,75500000.0,26600000.0,225700000.0,23.416,14900000.0
6,QEP,MRQ,2019-06-30,2019-06-30,2019-06-30,2021-02-24,-14400000.0,5504300000.0,,271400000.0,5232900000.0,,11.3,-153400000.0,97100000.0,97100000.0,82200000.0,48800000.0,0.721,1.047,2151800000.0,75800000.0,2076000000.0,2151800000.0,0.0,128000000.0,0.0,0.0,0.0,110800000.0,238800000.0,0.806,238800000.0,110800000.0,78500000.0,0.2,0.2,0.2,2689300000.0,,2689300000.0,3789367721.0,-5.0,-24.558,-36000000.0,-0.151,1.0,214000000.0,0.722,0.0,32300000.0,7182500000.0,,0.0,0.0,0.0,0.0,2815000000.0,376500000.0,2438500000.0,1721067721.0,7800000.0,0.0,-500000.0,-5000000.0,0.0,-5500000.0,-104100000.0,0.0,117400000.0,0.0,48800000.0,48800000.0,48800000.0,0.0,0.0,0.165,141700000.0,72300000.0,227900000.0,0.0,0.64,-2.495,-2.485,5163500000.0,0.0,7.23,1.112,1.112,93500000.0,1308600000.0,296200000.0,296200000.0,0.0,,,,,3200000.0,31500000.0,1.0,238045328.0,238000000.0,238000000.0,1.245,5504300000.0,70800000.0,29700000.0,197300000.0,23.127,-105100000.0
7,QEP,MRQ,2019-03-31,2019-03-31,2019-03-31,2021-02-24,-14500000.0,5470200000.0,,246400000.0,5223800000.0,,11.118,-165200000.0,89900000.0,89900000.0,91600000.0,-116700000.0,0.588,1.075,2158200000.0,82100000.0,2076100000.0,2158200000.0,0.0,123300000.0,0.0,0.0,0.0,-197500000.0,-74200000.0,-0.264,-74200000.0,-197500000.0,-228700000.0,-0.49,-0.49,-0.49,2636100000.0,,2636100000.0,4362994708.0,-3.0,-7.907,-86900000.0,-0.367,1.0,189000000.0,0.674,0.0,31200000.0,7119200000.0,,0.0,0.0,0.0,0.0,2834100000.0,419300000.0,2414800000.0,1841294708.0,90400000.0,0.0,-5800000.0,-434300000.0,0.0,-440100000.0,452200000.0,0.0,78300000.0,0.0,-116700000.0,-116700000.0,-116700000.0,0.0,0.0,-0.416,204800000.0,-15800000.0,216000000.0,0.0,0.698,-1.713,-1.72,5163800000.0,0.0,7.79,1.032,1.035,80200000.0,1259800000.0,280600000.0,280600000.0,0.0,,,,,8000000.0,63300000.0,1.0,236366458.0,237100000.0,237100000.0,1.183,5470200000.0,68800000.0,-112000000.0,173200000.0,23.071,-172900000.0
8,QEP,MRQ,2018-12-31,2018-12-31,2018-12-31,2021-02-24,-14300000.0,6117800000.0,,280600000.0,5837200000.0,,11.622,-219300000.0,0.0,0.0,127900000.0,-629300000.0,0.839,1.224,2521700000.0,14600000.0,2507100000.0,2521700000.0,0.0,183500000.0,0.0,0.0,0.0,-786100000.0,-602600000.0,-1.468,-602600000.0,-786100000.0,-829100000.0,-2.65,-2.65,-2.65,2750900000.0,,2750900000.0,3799420302.0,-3.0,-12.143,-78000000.0,-0.33,1.0,282600000.0,0.688,0.0,43000000.0,8305200000.0,,0.0,0.0,0.0,0.0,3366900000.0,334300000.0,3032600000.0,1333020302.0,900000.0,0.0,-900000.0,53700000.0,0.0,52800000.0,-193200000.0,0.0,141300000.0,0.0,-629300000.0,-629300000.0,-629300000.0,0.0,0.0,-1.533,1399400000.0,-1116800000.0,258100000.0,0.0,0.485,-1.318,-1.325,5059500000.0,0.0,5.63,0.69,0.693,104300000.0,1376500000.0,410500000.0,410500000.0,200000.0,,,,,6900000.0,57500000.0,1.0,236770924.0,236700000.0,236700000.0,1.734,6117800000.0,75900000.0,-199800000.0,293300000.0,25.846,-53700000.0
9,QEP,MRQ,2018-09-30,2018-09-30,2018-09-30,2021-02-24,-9900000.0,7157200000.0,,221400000.0,6935800000.0,,14.246,-271000000.0,0.0,0.0,147900000.0,7300000.0,0.351,1.121,2466400000.0,15300000.0,2451100000.0,2466400000.0,0.0,234900000.0,0.0,0.0,0.0,48800000.0,283700000.0,0.506,283700000.0,48800000.0,9800000.0,0.03,0.03,0.03,3374900000.0,,3374900000.0,5340467833.0,-9.0,18.543,27000000.0,0.114,1.0,412900000.0,0.736,0.0,39000000.0,8993000000.0,,0.0,0.0,0.0,0.0,3782300000.0,630600000.0,3151700000.0,2682567833.0,1100000.0,0.0,-1900000.0,-192700000.0,0.0,-194600000.0,-102300000.0,0.0,298000000.0,0.0,7300000.0,7300000.0,7300000.0,0.0,0.0,0.013,256100000.0,156800000.0,335600000.0,0.0,0.795,-11.563,-11.551,6877400000.0,0.0,11.32,1.375,1.374,191700000.0,2002000000.0,560800000.0,560800000.0,0.0,,,,,7700000.0,48300000.0,1.0,236975957.0,236900000.0,237000000.0,2.367,7157200000.0,4100000.0,2500000.0,439700000.0,30.212,-409200000.0
10,QEP,MRQ,2018-06-30,2018-06-30,2018-06-30,2021-02-24,-10200000.0,7389700000.0,,214100000.0,7175600000.0,,14.183,-402500000.0,0.0,0.0,148500000.0,-336000000.0,0.342,1.198,2657900000.0,8500000.0,2649400000.0,2657900000.0,0.0,242200000.0,0.0,0.0,0.0,-400900000.0,-158700000.0,-0.298,-158700000.0,-400900000.0,-442200000.0,-1.42,-1.42,-1.42,3361400000.0,,3361400000.0,5392204322.0,-9.0,25.8,-186000000.0,-0.785,1.0,383900000.0,0.721,0.0,41300000.0,9420900000.0,,0.0,0.0,0.0,0.0,4028300000.0,626700000.0,3401600000.0,2914304322.0,1600000.0,0.0,-6800000.0,178700000.0,0.0,172100000.0,-387000000.0,0.0,216500000.0,0.0,-336000000.0,-336000000.0,-336000000.0,0.0,0.0,-0.631,705700000.0,-321800000.0,388000000.0,0.0,0.867,-12.013,-12.02,6901900000.0,0.0,12.26,1.637,1.632,175000000.0,1994700000.0,532400000.0,532400000.0,100000.0,,,,,7100000.0,55800000.0,1.0,237708346.0,237000000.0,237000000.0,2.246,7389700000.0,5300000.0,-106200000.0,434000000.0,31.18,-412600000.0
11,QEP,MRQ,2018-03-31,2018-03-31,2018-03-31,2021-02-24,-10500000.0,7608600000.0,,149800000.0,7458800000.0,,15.345,-406900000.0,0.0,0.0,153700000.0,-53600000.0,0.244,1.058,2477900000.0,19800000.0,2458100000.0,2477900000.0,0.0,196500000.0,0.0,0.0,0.0,-31800000.0,164700000.0,0.384,164700000.0,-31800000.0,-67500000.0,-0.22,-0.22,-0.22,3696700000.0,,3696700000.0,4563885834.0,-48.0,6.863,-246500000.0,-1.023,1.0,275200000.0,0.642,0.0,35700000.0,9473500000.0,,2100000.0,0.0,0.0,0.0,3911900000.0,613000000.0,3298900000.0,2359085834.0,1100000.0,0.0,-57500000.0,271800000.0,0.0,214300000.0,-373600000.0,0.0,160400000.0,0.0,-53600000.0,-53600000.0,-53600000.0,0.0,0.0,-0.125,253800000.0,21400000.0,400900000.0,0.0,0.638,16.996,16.593,7380200000.0,0.0,9.79,1.446,1.445,130200000.0,2336300000.0,428900000.0,428900000.0,0.0,,,,,9200000.0,60100000.0,1.0,240968931.0,240900000.0,240900000.0,1.78,7608600000.0,4700000.0,-13900000.0,535900000.0,31.584,-463200000.0
12,QEP,MRQ,2017-12-31,2017-12-31,2017-12-31,2021-02-24,-11100000.0,7394800000.0,,162000000.0,7232800000.0,,15.765,-1100700000.0,0.0,0.0,171500000.0,150300000.0,0.285,0.947,2204800000.0,44000000.0,2160800000.0,2204800000.0,0.0,194300000.0,0.0,0.0,0.0,-196000000.0,-1700000.0,-0.004,-1700000.0,-196000000.0,-231600000.0,0.63,0.63,0.63,3797900000.0,,3797900000.0,3547748323.0,38.0,4.185,-983300000.0,-4.082,1.0,257500000.0,0.6,0.0,35600000.0,9031500000.0,,0.0,0.0,0.0,0.0,3596900000.0,568100000.0,3028800000.0,2305748323.0,-818400000.0,0.0,0.0,159300000.0,0.0,146000000.0,-1081800000.0,0.0,117400000.0,0.0,150300000.0,150300000.0,150300000.0,0.0,0.0,0.35,282000000.0,-24500000.0,360100000.0,0.0,0.607,8.562,8.545,5866700000.0,0.0,9.57,1.421,1.419,140000000.0,2442600000.0,429000000.0,429000000.0,300000.0,,,,,13400000.0,45200000.0,1.0,240935039.0,240900000.0,240900000.0,1.781,7394800000.0,4900000.0,-381900000.0,549600000.0,30.697,-406100000.0
13,QEP,MRQ,2017-09-30,2017-09-30,2017-09-30,2021-02-24,-14500000.0,7347400000.0,,941000000.0,6406400000.0,,15.112,-319600000.0,782600000.0,782600000.0,173500000.0,-3300000.0,1.552,1.02,2024600000.0,134000000.0,1890600000.0,2024600000.0,0.0,176900000.0,0.0,0.0,0.0,27800000.0,204700000.0,0.525,204700000.0,27800000.0,-6500000.0,-0.01,-0.01,-0.01,3637500000.0,,3637500000.0,3917657087.0,39.0,4.539,-132800000.0,-0.552,1.0,216600000.0,0.555,0.0,34300000.0,7983200000.0,,6100000.0,0.0,0.0,0.0,3709900000.0,606200000.0,3103700000.0,2061557087.0,640600000.0,0.0,-400000.0,-11800000.0,0.0,-12200000.0,466000000.0,0.0,186800000.0,0.0,-3300000.0,-3300000.0,-3300000.0,0.0,0.0,-0.008,84500000.0,132100000.0,388600000.0,0.0,0.567,-144.165,285.667,6292200000.0,0.0,8.57,1.294,1.294,120400000.0,2292300000.0,390100000.0,390100000.0,21300000.0,,,,,5800000.0,43400000.0,1.0,240555086.0,240700000.0,240700000.0,1.621,7347400000.0,17900000.0,-3200000.0,933100000.0,30.525,334800000.0
14,QEP,MRQ,2017-06-30,2017-06-30,2017-06-30,2021-02-24,-14800000.0,7265500000.0,,424300000.0,6841200000.0,,15.114,-309000000.0,178800000.0,178800000.0,181600000.0,45400000.0,0.817,0.999,2034900000.0,145900000.0,1889000000.0,2034900000.0,0.0,191500000.0,0.0,0.0,0.0,105800000.0,297300000.0,0.775,297300000.0,105800000.0,72700000.0,0.19,0.19,0.19,3635000000.0,,3635000000.0,4122291501.0,150.0,4.953,-162900000.0,-0.677,1.0,202100000.0,0.527,0.0,33100000.0,8602500000.0,,8600000.0,0.0,0.0,0.0,3630500000.0,519100000.0,3111400000.0,2429091501.0,-159300000.0,0.0,0.0,2600000.0,0.0,1500000.0,-306900000.0,0.0,146100000.0,0.0,45400000.0,45400000.0,45400000.0,0.0,0.0,0.118,203000000.0,-900000.0,305900000.0,0.0,0.668,-39.242,-59.412,6737300000.0,0.0,10.1,1.532,1.532,165000000.0,2295600000.0,383700000.0,383700000.0,0.0,,,,,1700000.0,31300000.0,1.0,240504109.0,240500000.0,240600000.0,1.595,7265500000.0,12900000.0,27300000.0,927300000.0,30.21,-94800000.0
15,QEP,MRQ,2017-03-31,2017-03-31,2017-03-31,2021-02-24,-14800000.0,7235000000.0,,512600000.0,6722400000.0,,14.917,-245500000.0,338400000.0,338400000.0,199400000.0,76900000.0,1.238,1.019,2031600000.0,9200000.0,2022400000.0,2031600000.0,0.0,191800000.0,0.0,0.0,0.0,155700000.0,347500000.0,0.827,347500000.0,155700000.0,122500000.0,0.32,0.32,0.32,3583000000.0,,3583000000.0,4634287203.0,-13.0,9.818,-95600000.0,-0.398,1.0,220700000.0,0.525,0.0,33200000.0,8514000000.0,,6500000.0,0.0,0.0,0.0,3652000000.0,414200000.0,3237800000.0,3044887203.0,-104900000.0,0.0,-6400000.0,-3100000.0,0.0,-9500000.0,-245300000.0,0.0,149900000.0,0.0,76900000.0,76900000.0,76900000.0,0.0,0.0,0.183,225900000.0,-5200000.0,296200000.0,0.0,0.85,-10.006,-10.087,6627600000.0,0.0,12.71,1.982,1.988,136200000.0,2250200000.0,420100000.0,420100000.0,400000.0,,,,,6000000.0,33600000.0,1.0,239566263.0,240200000.0,240300000.0,1.749,7235000000.0,18600000.0,45600000.0,903400000.0,30.121,98400000.0
16,QEP,MRQ,2016-12-31,2016-12-31,2016-12-31,2021-02-24,-16700000.0,7245400000.0,,640100000.0,6605300000.0,,14.613,-757000000.0,443800000.0,443800000.0,187100000.0,-133300000.0,1.243,1.069,2033200000.0,12300000.0,2020900000.0,2033200000.0,0.0,203600000.0,0.0,0.0,0.0,-190000000.0,13600000.0,0.034,13600000.0,-190000000.0,-200300000.0,-0.47,-0.47,-0.47,3502700000.0,,3502700000.0,5401662522.0,-3.0,-5.612,-622700000.0,-2.598,1.0,212600000.0,0.532,0.0,10300000.0,8320000000.0,,10400000.0,0.0,0.0,0.0,3742700000.0,514800000.0,3227900000.0,4410262522.0,-584900000.0,30000000.0,-200000.0,8000000.0,0.0,7700000.0,-726900000.0,0.0,134300000.0,0.0,-133300000.0,-133300000.0,-133300000.0,0.0,0.0,-0.334,249100000.0,-36500000.0,269700000.0,0.0,1.259,-3.542,-3.276,6539000000.0,0.0,18.41,3.203,2.964,155700000.0,2173300000.0,399700000.0,399700000.0,800000.0,,,,,6600000.0,38600000.0,1.0,239557986.0,239700000.0,239700000.0,1.668,7245400000.0,18600000.0,-67000000.0,856000000.0,30.227,125300000.0
17,QEP,MRQ,2016-09-30,2016-09-30,2016-09-30,2021-02-24,-11500000.0,7275200000.0,,1209000000.0,6066200000.0,,15.172,-150900000.0,1032200000.0,1032200000.0,191300000.0,-50900000.0,3.257,1.001,2023600000.0,4300000.0,2019300000.0,2023600000.0,0.0,217800000.0,0.0,0.001,0.0,-44000000.0,173800000.0,0.454,173800000.0,-44000000.0,-79900000.0,-0.21,-0.21,-0.21,3635100000.0,,3635100000.0,5835799165.0,-3.0,-7.597,162400000.0,0.678,1.0,191100000.0,0.5,0.0,35900000.0,7895400000.0,,10800000.0,0.0,0.0,0.0,3640100000.0,371200000.0,3268900000.0,4679499165.0,-6100000.0,0.0,-1000000.0,-172500000.0,0.0,-173700000.0,-145700000.0,0.0,313300000.0,0.0,-50900000.0,-50900000.0,-50900000.0,0.0,0.0,-0.133,284200000.0,-93100000.0,259300000.0,0.0,1.287,-4.068,-3.321,5970600000.0,0.0,19.53,3.237,3.237,135600000.0,2306600000.0,382400000.0,382400000.0,200000.0,,,,,9900000.0,66500000.0,1.0,239605692.0,239600000.0,239600000.0,1.596,7275200000.0,22500000.0,-29000000.0,939500000.0,30.364,837800000.0
18,QEP,MRQ,2016-06-30,2016-06-30,2016-06-30,2021-02-24,-11800000.0,7481700000.0,,1371300000.0,6110400000.0,,16.904,-99600000.0,1038300000.0,1038300000.0,171200000.0,-197000000.0,2.664,1.033,2194600000.0,176800000.0,2017800000.0,2194600000.0,0.0,209700000.0,0.0,0.002,0.0,-272600000.0,-62900000.0,-0.188,-62900000.0,-272600000.0,-310300000.0,-0.9,-0.9,-0.9,3680100000.0,,3680100000.0,5397764366.0,-3.0,-8.46,38300000.0,0.176,1.0,162500000.0,0.487,0.0,37700000.0,8123200000.0,,7200000.0,0.0,0.0,0.0,3801600000.0,514800000.0,3286800000.0,3821264366.0,421900000.0,-30000000.0,412800000.0,0.0,0.0,412800000.0,-128800000.0,0.0,137900000.0,0.0,-197000000.0,-197000000.0,-197000000.0,0.0,0.0,-0.59,254600000.0,-92100000.0,213800000.0,0.0,1.038,-3.544,-3.177,6018600000.0,0.0,17.63,2.433,2.443,132500000.0,2357500000.0,333700000.0,333700000.0,400000.0,,,,,11100000.0,42900000.0,1.0,216747837.0,217700000.0,217700000.0,1.533,7481700000.0,170500000.0,-113300000.0,959900000.0,34.367,856500000.0
19,QEP,MRQ,2016-03-31,2016-03-31,2016-03-31,2021-02-24,-12200000.0,7282600000.0,,1065200000.0,6217400000.0,,18.227,-200600000.0,616400000.0,616400000.0,169600000.0,-863800000.0,2.333,1.106,2192900000.0,176700000.0,2016200000.0,2192900000.0,0.0,240000000.0,0.0,0.004,0.0,-1328100000.0,-1088100000.0,-4.164,-1088100000.0,-1328100000.0,-1362700000.0,-4.55,-4.55,-4.55,3457700000.0,,3457700000.0,4366538900.0,-3.0,-9.879,-118900000.0,-0.627,1.0,91700000.0,0.351,0.0,34600000.0,8402500000.0,,7900000.0,0.0,0.0,0.0,3824900000.0,456600000.0,3368300000.0,2494038900.0,240300000.0,0.0,365700000.0,-29800000.0,0.0,336300000.0,-177700000.0,0.0,81700000.0,0.0,-863800000.0,-863800000.0,-863800000.0,0.0,0.0,-3.306,1470700000.0,-1379000000.0,204700000.0,0.0,0.721,-2.604,-2.778,6135700000.0,0.0,14.11,1.377,1.477,115500000.0,2554500000.0,261300000.0,261300000.0,300000.0,,,,,8000000.0,48500000.0,1.0,176756832.0,189700000.0,189700000.0,1.377,7282600000.0,170100000.0,-498900000.0,1074800000.0,38.39,608600000.0
20,QEP,MRQ,2015-12-31,2015-12-31,2015-12-31,2021-02-24,-12400000.0,8398200000.0,,931800000.0,7466400000.0,,22.317,-353300000.0,376100000.0,376100000.0,318300000.0,-38600000.0,1.452,1.127,2221300000.0,206600000.0,2014700000.0,2221300000.0,0.0,231800000.0,0.0,0.006,0.02,-22800000.0,209000000.0,0.446,209000000.0,-22800000.0,-70600000.0,-0.22,-0.22,-0.22,3947900000.0,,3947900000.0,4103775210.0,-47.0,5.17,-145900000.0,-0.825,1.0,150000000.0,0.32,0.0,47800000.0,9601800000.0,,13300000.0,0.0,0.0,0.0,4450300000.0,641600000.0,3808700000.0,2368275210.0,-119700000.0,0.0,-400000.0,17000000.0,-3500000.0,9600000.0,-336700000.0,0.0,207400000.0,0.0,-38600000.0,-38600000.0,-38600000.0,0.0,0.0,-0.082,281500000.0,-131500000.0,351700000.0,-0.091,0.6,-15.852,-15.765,7384600000.0,0.0,13.4,1.173,1.172,278200000.0,3418300000.0,468300000.0,468300000.0,0.0,,,,,11400000.0,27300000.0,1.0,176736956.0,176900000.0,176900000.0,2.647,8398200000.0,87300000.0,-32000000.0,1525900000.0,47.474,290200000.0
21,QEP,MRQ,2015-09-30,2015-09-30,2015-09-30,2021-02-24,-23100000.0,8456100000.0,,1040500000.0,7415600000.0,,22.479,-234800000.0,495800000.0,495800000.0,312300000.0,21100000.0,1.409,1.129,2231300000.0,189500000.0,2041800000.0,2231300000.0,0.0,238100000.0,0.0,0.006,0.02,65900000.0,304000000.0,0.599,304000000.0,65900000.0,29800000.0,0.12,0.12,0.12,3972100000.0,,3972100000.0,3993940229.0,10.0,3.031,41700000.0,0.236,1.0,195300000.0,0.385,0.0,36100000.0,9453000000.0,,12200000.0,0.0,0.0,0.0,4484000000.0,738600000.0,3745400000.0,2213640229.0,50200000.0,0.0,-400000.0,5400000.0,-3500000.0,900000.0,-227200000.0,0.0,276500000.0,0.0,21100000.0,21100000.0,21100000.0,0.0,0.0,0.042,283000000.0,-87700000.0,409200000.0,0.167,0.557,3.988,4.081,7348500000.0,0.0,12.53,0.993,0.993,316200000.0,3459300000.0,507600000.0,507600000.0,800000.0,,,,,7700000.0,42000000.0,1.0,176667217.0,176700000.0,176700000.0,2.873,8456100000.0,0.0,8700000.0,1529400000.0,47.856,301900000.0
22,QEP,MRQ,2015-06-30,2015-06-30,2015-06-30,2021-02-24,-23500000.0,8433100000.0,,1044100000.0,7389000000.0,,22.341,-309200000.0,445600000.0,445600000.0,347400000.0,-76300000.0,1.728,1.136,2225900000.0,7400000.0,2218500000.0,2225900000.0,0.0,215800000.0,0.0,0.004,0.02,-82700000.0,133100000.0,0.232,133100000.0,-82700000.0,-115100000.0,-0.43,-0.43,-0.43,3947700000.0,,3947700000.0,5003701329.0,8.0,3.183,-39100000.0,-0.221,1.0,227200000.0,0.395,0.0,32400000.0,9609100000.0,,10400000.0,0.0,0.0,0.0,4485400000.0,604300000.0,3881100000.0,3270001329.0,-54800000.0,0.0,0.0,-8400000.0,-3600000.0,-11700000.0,-313200000.0,0.0,270100000.0,0.0,-76300000.0,-76300000.0,-76300000.0,0.0,0.0,-0.133,243900000.0,-16700000.0,463300000.0,-0.047,0.828,4.638,4.746,7347400000.0,0.0,18.51,1.243,1.243,330800000.0,3442800000.0,574600000.0,574600000.0,800000.0,,,,,6500000.0,51300000.0,1.0,176661336.0,176700000.0,176700000.0,3.252,8433100000.0,55700000.0,-38800000.0,1477600000.0,47.726,439800000.0
23,QEP,MRQ,2015-03-31,2015-03-31,2015-03-31,2021-02-24,-23600000.0,8524400000.0,,1176900000.0,7347500000.0,,22.814,-342100000.0,500400000.0,500400000.0,302300000.0,-55600000.0,1.831,1.121,2234100000.0,15800000.0,2218300000.0,2234100000.0,0.0,195400000.0,0.0,0.004,0.02,-47700000.0,147700000.0,0.316,147700000.0,-47700000.0,-87100000.0,-0.32,-0.32,-0.32,4019900000.0,,4019900000.0,4772916124.0,8.0,3.022,-614800000.0,-3.489,1.0,165800000.0,0.354,0.0,39400000.0,9615200000.0,,7600000.0,0.0,0.0,0.0,4504500000.0,642900000.0,3861600000.0,3660216124.0,-659700000.0,0.0,-1900000.0,-38900000.0,-3500000.0,-46500000.0,-340500000.0,0.0,-272700000.0,0.0,-55600000.0,-55600000.0,-55600000.0,0.0,0.0,-0.119,294400000.0,-128600000.0,453500000.0,-0.063,0.911,5.312,5.458,7297000000.0,0.0,20.85,1.243,1.248,319400000.0,3522600000.0,468100000.0,468100000.0,1100000.0,,,,,9100000.0,47400000.0,1.0,175549934.0,176200000.0,176200000.0,2.657,8524400000.0,0.0,-31500000.0,1488800000.0,48.379,534000000.0
24,QEP,MRQ,2014-12-31,2014-12-31,2014-12-31,2021-02-24,-24300000.0,9286800000.0,,2001500000.0,7285300000.0,,22.742,-506300000.0,1160100000.0,1160100000.0,323100000.0,665900000.0,1.488,1.279,2272800000.0,54700000.0,2218100000.0,2272800000.0,0.0,284800000.0,0.0,0.004,0.02,448000000.0,732800000.0,1.08,732800000.0,448000000.0,407300000.0,3.7,3.7,3.7,4075300000.0,,4075300000.0,6794914398.0,9.0,3.857,-183500000.0,-1.024,1.0,355400000.0,0.524,0.0,40700000.0,9054700000.0,,13700000.0,0.0,0.0,0.0,5211500000.0,1344800000.0,3866700000.0,3642614398.0,1142000000.0,0.0,-99300000.0,-1100800000.0,-3800000.0,-1219700000.0,2038900000.0,0.0,322800000.0,0.0,665900000.0,665900000.0,665900000.0,-1135700000.0,0.0,0.981,1422700000.0,-1067300000.0,575400000.0,0.005,0.894,4.644,4.638,7231200000.0,0.0,20.22,1.106,1.104,441900000.0,3587900000.0,678500000.0,678500000.0,5200000.0,,,,,4200000.0,57400000.0,1.0,180149080.0,179200000.0,178000000.0,3.786,9286800000.0,0.0,-258600000.0,2041000000.0,51.824,656700000.0
25,QEP,MRQ,2014-09-30,2014-09-30,2014-09-30,2021-02-24,-23700000.0,10276200000.0,,837500000.0,9438700000.0,,19.465,-491700000.0,0.0,0.0,481400000.0,171100000.0,0.833,1.79,3152300000.0,36800000.0,3115500000.0,3152300000.0,0.0,265900000.0,0.0,0.003,0.02,292500000.0,558400000.0,0.614,558400000.0,292500000.0,251000000.0,0.95,0.94,0.95,3505600000.0,,3505600000.0,8757415970.0,37.0,7.001,-132300000.0,-0.735,1.0,428600000.0,0.471,0.0,41500000.0,12423700000.0,,16400000.0,0.0,0.0,0.0,6275900000.0,1004800000.0,5271100000.0,5543215970.0,-702300000.0,0.0,-1100000.0,-561400000.0,-3500000.0,-573100000.0,-488600000.0,0.0,359400000.0,0.0,171100000.0,171100000.0,171100000.0,-17400000.0,0.0,0.188,313500000.0,115100000.0,691400000.0,0.021,1.581,83.357,83.189,8212400000.0,0.0,30.78,1.714,1.714,599400000.0,3025400000.0,910000000.0,910000000.0,800000.0,,,,,9100000.0,49400000.0,1.0,180091487.0,180100000.0,180600000.0,5.053,10276200000.0,0.0,79900000.0,1577200000.0,57.058,-167300000.0
26,QEP,MRQ,2014-06-30,2014-06-30,2014-06-30,2021-02-24,-24600000.0,10562800000.0,,1384000000.0,9178800000.0,,18.49,-451600000.0,702300000.0,702300000.0,431500000.0,-92300000.0,1.52,2.023,3916500000.0,5700000.0,3910800000.0,3916500000.0,0.0,249700000.0,0.0,0.002,0.02,-109200000.0,140500000.0,0.158,140500000.0,-109200000.0,-154200000.0,-0.51,-0.51,-0.51,3330100000.0,,3330100000.0,10206127317.0,335.0,9.886,86300000.0,0.479,1.0,455700000.0,0.514,0.0,45000000.0,12866600000.0,,8600000.0,36700000.0,0.0,36700000.0,6736900000.0,910400000.0,5826500000.0,6212427317.0,698400000.0,0.0,0.0,-81200000.0,-3700000.0,-91300000.0,251800000.0,0.0,537900000.0,0.0,-92300000.0,-92300000.0,-92300000.0,-13800000.0,0.0,-0.104,491600000.0,-35900000.0,692600000.0,-0.039,1.866,-92.309,-93.243,9096300000.0,0.0,34.5,2.041,2.041,555700000.0,2857900000.0,887200000.0,887200000.0,1700000.0,,,,,7100000.0,52300000.0,1.0,180070357.0,180100000.0,180100000.0,4.926,10562800000.0,50700000.0,-61900000.0,1663300000.0,58.65,473600000.0
27,QEP,MRQ,2014-03-31,2014-03-31,2014-03-31,2021-02-24,-25500000.0,10579600000.0,,710400000.0,9869200000.0,,19.017,-1276800000.0,3900000.0,3900000.0,403700000.0,39700000.0,0.858,1.95,3997600000.0,78400000.0,3919200000.0,3997600000.0,0.0,240200000.0,0.0,0.003,0.02,86900000.0,327100000.0,0.4,327100000.0,86900000.0,47900000.0,0.22,0.22,0.22,3417300000.0,,3417300000.0,8356041146.0,18.0,5.699,-954400000.0,-5.311,1.0,413800000.0,0.506,0.0,39000000.0,13745600000.0,,7800000.0,38500000.0,0.0,38500000.0,6663900000.0,827700000.0,5836200000.0,5279541146.0,-8000000.0,50000000.0,-5500000.0,909000000.0,-3600000.0,893500000.0,-1223900000.0,0.0,322400000.0,0.0,39700000.0,39700000.0,39700000.0,-27000000.0,0.0,0.049,273000000.0,140800000.0,581000000.0,0.091,1.545,25.956,26.053,9781600000.0,0.0,29.44,1.815,1.819,586500000.0,2953800000.0,817500000.0,817500000.0,2200000.0,,,,,7500000.0,45300000.0,1.0,179332240.0,179700000.0,180000000.0,4.549,10579600000.0,50400000.0,8200000.0,1664000000.0,58.874,-117300000.0
28,QEP,MRQ,2013-12-31,2013-12-31,2013-12-31,2021-02-24,-26500000.0,9408900000.0,,551100000.0,8857800000.0,,18.843,-473700000.0,11900000.0,11900000.0,297400000.0,-52000000.0,0.818,1.638,3106600000.0,109100000.0,2997500000.0,3106600000.0,0.0,258900000.0,0.0,0.003,0.02,-34000000.0,224900000.0,0.363,224900000.0,-34000000.0,-74400000.0,-0.29,-0.29,-0.29,3376600000.0,,3376600000.0,8255865776.0,21.0,5.895,-260900000.0,-1.456,1.0,322900000.0,0.521,0.0,40400000.0,11830000000.0,,13400000.0,50000000.0,0.0,50000000.0,5532100000.0,673600000.0,4858500000.0,5494965776.0,-93000000.0,-50000000.0,-600000.0,222400000.0,-3500000.0,215100000.0,-520900000.0,0.0,212800000.0,0.0,-52000000.0,-52000000.0,-52000000.0,-32500000.0,0.0,-0.084,389400000.0,-66500000.0,361900000.0,-0.069,1.627,34.473,34.438,7592500000.0,0.0,30.65,2.046,2.046,330300000.0,2917800000.0,620300000.0,620300000.0,2400000.0,,,,,7100000.0,43600000.0,1.0,179281102.0,179200000.0,179800000.0,3.461,9408900000.0,27900000.0,-22400000.0,1428300000.0,52.505,-122500000.0
29,QEP,MRQ,2013-09-30,2013-09-30,2013-09-30,2021-02-24,-24000000.0,9306700000.0,,546800000.0,8759900000.0,,19.108,-387000000.0,123000000.0,123000000.0,364300000.0,37300000.0,0.773,1.571,2883900000.0,1600000.0,2882300000.0,2883900000.0,0.0,253100000.0,0.0,0.003,0.02,86800000.0,339900000.0,0.472,339900000.0,86800000.0,45400000.0,0.21,0.21,0.21,3426100000.0,,3426100000.0,8326029689.0,22.0,5.989,94000000.0,0.524,1.0,355200000.0,0.494,59500000.0,41400000.0,11300700000.0,,13100000.0,39000000.0,0.0,39000000.0,5381800000.0,707400000.0,4674400000.0,4964529689.0,-16700000.0,0.0,448400000.0,-617400000.0,-3600000.0,-176000000.0,-321700000.0,0.0,481000000.0,0.0,37300000.0,37300000.0,37300000.0,-25200000.0,0.0,0.052,271900000.0,83300000.0,593600000.0,0.095,1.449,26.365,26.371,8602400000.0,0.0,27.69,1.914,1.914,321900000.0,2973700000.0,719500000.0,719500000.0,1800000.0,,,,,6800000.0,40700000.0,1.0,179289624.0,179300000.0,179500000.0,4.013,9247200000.0,0.0,8100000.0,1562200000.0,51.574,-160600000.0
30,QEP,MRQ,2013-06-30,2013-06-30,2013-06-30,2021-02-24,-5400000.0,9447100000.0,,793100000.0,8654000000.0,,18.988,-357300000.0,139700000.0,139700000.0,350600000.0,179800000.0,1.161,1.761,3501200000.0,95500000.0,3405700000.0,3501200000.0,0.0,249800000.0,0.0,0.003,0.02,324600000.0,574400000.0,0.765,574400000.0,324600000.0,283200000.0,0.99,0.99,0.99,3404600000.0,,3404600000.0,8447173894.0,27.0,6.45,-31500000.0,-0.176,1.0,400400000.0,0.533,59500000.0,41400000.0,12065700000.0,,3800000.0,40000000.0,0.0,40000000.0,5996000000.0,683400000.0,5312600000.0,4979973894.0,139700000.0,0.0,0.0,33800000.0,-3600000.0,29700000.0,-215800000.0,0.0,325800000.0,0.0,178400000.0,178400000.0,178400000.0,0.0,1400000.0,0.238,193100000.0,207300000.0,496700000.0,0.02,1.463,33.671,33.878,8483900000.0,0.0,27.78,2.061,2.061,489800000.0,2940000000.0,751000000.0,751000000.0,2600000.0,,,,,7100000.0,40900000.0,1.0,179264719.0,179300000.0,179500000.0,4.189,9387600000.0,6400000.0,104800000.0,1654000000.0,52.357,109700000.0
31,QEP,MRQ,2013-03-31,2013-03-31,2013-03-31,2021-02-24,13900000.0,9143900000.0,,593100000.0,8550800000.0,,18.311,-384600000.0,0.0,0.0,326200000.0,-3700000.0,0.911,1.807,3467200000.0,99700000.0,3367500000.0,3467200000.0,0.0,254200000.0,0.0,0.003,0.02,32900000.0,287100000.0,0.412,287100000.0,32900000.0,-6500000.0,-0.02,-0.02,-0.02,3241000000.0,,3241000000.0,8931687529.0,525.0,9.14,-212500000.0,-1.201,1.0,370300000.0,0.532,59500000.0,39400000.0,11900900000.0,,7100000.0,41000000.0,0.0,41000000.0,5856100000.0,650700000.0,5205400000.0,5685087529.0,0.0,0.0,-7500000.0,220500000.0,-3600000.0,211000000.0,-383100000.0,0.0,172100000.0,0.0,-4300000.0,-4300000.0,-4300000.0,0.0,600000.0,-0.006,305500000.0,64800000.0,455500000.0,-1.0,1.754,-182.214,-187.294,8390700000.0,0.0,31.84,2.626,2.603,432300000.0,2765200000.0,696500000.0,696500000.0,5100000.0,,,,,6100000.0,46000000.0,1.0,178551744.0,177000000.0,177000000.0,3.935,9084400000.0,18100000.0,-2200000.0,1542100000.0,51.324,-57600000.0
32,QEP,MRQ,2012-12-31,2012-12-31,2012-12-31,2021-02-24,32800000.0,9108500000.0,,657300000.0,8451200000.0,,18.307,-358700000.0,0.0,0.0,326300000.0,-25800000.0,0.854,1.774,3246600000.0,39700000.0,3206900000.0,3246600000.0,0.0,257000000.0,0.0,0.003,0.02,-68100000.0,188900000.0,0.443,188900000.0,-68100000.0,-111500000.0,-0.13,-0.13,-0.13,3266000000.0,,3266000000.0,8599794355.0,34.0,7.426,-34700000.0,-0.195,1.0,100500000.0,0.235,59500000.0,43400000.0,11526200000.0,,13100000.0,41200000.0,0.0,41200000.0,5794800000.0,769400000.0,5025400000.0,5391594355.0,0.0,0.0,0.0,38200000.0,-3500000.0,34800000.0,-358800000.0,0.0,324000000.0,0.0,-23100000.0,-23100000.0,-23100000.0,-125900000.0,-2700000.0,-0.054,403100000.0,-302600000.0,643400000.0,-0.154,1.651,42.023,42.042,8299500000.0,0.0,30.27,2.602,2.598,387500000.0,2773000000.0,426800000.0,426800000.0,4900000.0,,,,,6100000.0,133900000.0,1.0,178116761.0,178400000.0,179000000.0,2.392,9049000000.0,0.0,-88400000.0,1540300000.0,50.723,-112100000.0
33,QEP,MRQ,2012-09-30,2012-09-30,2012-09-30,2021-02-24,77400000.0,8996100000.0,,619800000.0,8376300000.0,,18.713,-1755500000.0,0.0,0.0,267500000.0,-2100000.0,1.005,1.688,3208200000.0,27500000.0,3180700000.0,3208200000.0,0.0,234600000.0,0.0,0.003,0.02,24600000.0,259200000.0,0.478,259200000.0,24600000.0,-5400000.0,-0.02,-0.02,-0.02,3329000000.0,,3329000000.0,7348374075.0,21.0,6.178,-1477800000.0,-8.307,1.0,274900000.0,0.507,59500000.0,30000000.0,11528100000.0,,14000000.0,41700000.0,0.0,41700000.0,5619100000.0,616700000.0,5002400000.0,5628174075.0,-146400000.0,0.0,9800000.0,1341500000.0,-3600000.0,1329700000.0,-1753800000.0,0.0,277700000.0,0.0,-3100000.0,-3100000.0,-3100000.0,0.0,1000000.0,-0.006,287500000.0,-12600000.0,464600000.0,-1.0,1.691,37.248,37.69,8284800000.0,0.0,31.66,2.253,2.255,274300000.0,2805600000.0,542400000.0,542400000.0,2200000.0,,,,,7200000.0,41700000.0,1.0,177769238.0,177900000.0,177900000.0,3.049,8936600000.0,0.0,-2300000.0,1604000000.0,50.234,3100000.0
34,QEP,MRQ,2012-06-30,2012-06-30,2012-06-30,2021-02-24,118100000.0,7637600000.0,,795600000.0,6842000000.0,,18.948,-347600000.0,146400000.0,146400000.0,246100000.0,200000.0,1.633,1.254,1866600000.0,0.0,1866600000.0,1866600000.0,0.0,214400000.0,0.0,0.003,0.02,27600000.0,242000000.0,0.485,242000000.0,27600000.0,-600000.0,0.0,0.0,0.0,3367000000.0,,3367000000.0,7078336242.0,14.0,5.434,18200000.0,0.102,1.0,253200000.0,0.507,59500000.0,28200000.0,8811000000.0,,11600000.0,41900000.0,0.0,41900000.0,4221400000.0,487300000.0,3734100000.0,5346236242.0,146400000.0,0.0,-500000.0,134200000.0,-3500000.0,127900000.0,-347300000.0,0.0,365800000.0,0.0,-700000.0,-700000.0,-700000.0,0.0,900000.0,-0.001,308700000.0,-55500000.0,373800000.0,,1.588,20.908,20.813,6713600000.0,0.0,29.97,1.885,1.878,236900000.0,2820700000.0,499300000.0,499300000.0,2100000.0,,,,,6600000.0,36800000.0,1.0,178386261.0,177700000.0,177700000.0,2.81,7578100000.0,0.0,100000.0,1641300000.0,42.645,308300000.0
35,QEP,MRQ,2012-03-31,2012-03-31,2012-03-31,2021-02-24,161900000.0,7533100000.0,,775400000.0,6757700000.0,,19.211,-337900000.0,0.0,0.0,311400000.0,156000000.0,1.412,1.196,1732100000.0,58600000.0,1673500000.0,1732100000.0,0.0,199300000.0,0.0,0.003,0.02,268600000.0,467900000.0,0.776,467900000.0,268600000.0,243900000.0,0.87,0.87,0.87,3408000000.0,,3408000000.0,7122503823.0,11.0,5.029,-9400000.0,-0.053,1.0,291800000.0,0.484,59500000.0,24700000.0,8656400000.0,,10900000.0,42600000.0,0.0,42600000.0,4075400000.0,549300000.0,3526100000.0,5413703823.0,0.0,0.0,-9300000.0,23200000.0,-3600000.0,6100000.0,-334600000.0,0.0,328500000.0,0.0,155200000.0,155200000.0,155200000.0,0.0,800000.0,0.257,242300000.0,49500000.0,380700000.0,0.023,1.589,15.503,15.561,6585700000.0,0.0,30.5,1.722,1.721,303500000.0,2825100000.0,603200000.0,603200000.0,2000000.0,,,,,5700000.0,36000000.0,1.0,177498486.0,177400000.0,178500000.0,3.4,7473600000.0,0.0,88700000.0,1655600000.0,42.129,226100000.0
36,QEP,MRQ,2011-12-31,2011-12-31,2011-12-31,2021-02-24,207900000.0,7442700000.0,,731000000.0,6711700000.0,,18.705,-432700000.0,0.0,0.0,398700000.0,700000.0,1.146,1.239,1708800000.0,29400000.0,1679400000.0,1708800000.0,0.0,199200000.0,0.0,0.003,0.02,21100000.0,220300000.0,0.258,220300000.0,21100000.0,-1900000.0,-0.01,0.0,-0.01,3301500000.0,,3301500000.0,6794108133.0,13.0,5.32,-95800000.0,-0.543,1.0,454600000.0,0.533,59500000.0,23000000.0,8454200000.0,,16200000.0,42200000.0,0.0,42200000.0,4090600000.0,637800000.0,3452800000.0,5184708133.0,0.0,0.0,0.0,99200000.0,-3500000.0,95000000.0,-431900000.0,0.0,336900000.0,0.0,-300000.0,-300000.0,-300000.0,0.0,1000000.0,0.0,438100000.0,16500000.0,457300000.0,-2.0,1.57,19.404,19.404,6448900000.0,0.0,29.3,1.641,1.637,397400000.0,2673500000.0,853300000.0,853300000.0,3000000.0,,,,,5500000.0,34100000.0,1.0,176952496.0,176500000.0,178100000.0,4.835,7383200000.0,0.0,-1600000.0,1610100000.0,41.831,93200000.0
37,QEP,MRQ,2011-09-30,2011-09-30,2011-09-30,2021-02-24,184400000.0,7296900000.0,,719500000.0,6577400000.0,,18.549,-336600000.0,0.0,0.0,471900000.0,102400000.0,1.221,1.212,1609400000.0,26700000.0,1582700000.0,1609400000.0,0.0,189000000.0,0.0,0.003,0.02,183400000.0,372400000.0,0.423,372400000.0,183400000.0,160600000.0,0.58,0.57,0.58,3275700000.0,,3275700000.0,6379419270.0,10.0,4.712,-9500000.0,-0.054,1.0,408000000.0,0.464,59500000.0,22800000.0,8257700000.0,,16100000.0,44100000.0,0.0,44100000.0,3970300000.0,589100000.0,3381200000.0,4788819270.0,0.0,0.0,0.0,18700000.0,-3500000.0,3700000.0,-330800000.0,0.0,327100000.0,0.0,101500000.0,101500000.0,101500000.0,0.0,900000.0,0.115,224600000.0,183400000.0,455300000.0,0.034,1.462,14.402,14.323,6411300000.0,0.0,27.07,1.633,1.63,355300000.0,2677200000.0,879900000.0,879900000.0,2400000.0,,,,,5700000.0,28700000.0,1.0,176905034.0,176600000.0,178500000.0,4.982,7237400000.0,0.0,59100000.0,1596100000.0,40.982,130400000.0
38,QEP,MRQ,2011-06-30,2011-06-30,2011-06-30,2021-02-24,145700000.0,7075000000.0,,655600000.0,6419400000.0,,17.74,-319300000.0,0.0,0.0,416500000.0,93500000.0,1.125,1.242,1590600000.0,18000000.0,1572600000.0,1590600000.0,0.0,186600000.0,0.0,0.002,0.02,169100000.0,355700000.0,0.44,355700000.0,169100000.0,147000000.0,0.52,0.52,0.52,3132800000.0,,3132800000.0,8991777310.0,16.0,6.971,9900000.0,0.056,1.0,391600000.0,0.485,59600000.0,22100000.0,8023100000.0,,11700000.0,44000000.0,0.0,44000000.0,3890600000.0,582900000.0,3307700000.0,7393777310.0,0.0,0.0,0.0,-7400000.0,-3600000.0,-10600000.0,-318600000.0,0.0,329200000.0,0.0,92800000.0,92800000.0,92800000.0,0.0,700000.0,0.115,222700000.0,168900000.0,430600000.0,0.038,2.36,24.475,24.462,6267700000.0,0.0,41.83,2.826,2.823,340700000.0,2579400000.0,808100000.0,808100000.0,2300000.0,,,,,3400000.0,28700000.0,1.0,176757765.0,176600000.0,178600000.0,4.576,7015400000.0,0.0,54200000.0,1503900000.0,39.725,72700000.0
39,QEP,MRQ,2011-03-31,2011-03-31,2011-03-31,2021-02-24,146500000.0,6818500000.0,,580500000.0,6238000000.0,,17.25,-342500000.0,0.0,0.0,250100000.0,73800000.0,1.217,1.226,1598000000.0,25500000.0,1572500000.0,1598000000.0,0.0,190800000.0,0.0,0.001,0.02,138000000.0,328800000.0,0.532,328800000.0,138000000.0,115900000.0,0.42,0.41,0.42,3039400000.0,,3039400000.0,8697715078.0,16.0,7.031,-43100000.0,-0.245,1.0,367800000.0,0.595,59600000.0,22100000.0,7879900000.0,,7500000.0,44000000.0,0.0,44000000.0,3727200000.0,477000000.0,3250200000.0,7147415078.0,0.0,0.0,0.0,47400000.0,-3500000.0,42200000.0,-341600000.0,0.0,299400000.0,0.0,73200000.0,73200000.0,73200000.0,0.0,600000.0,0.118,230700000.0,137100000.0,306400000.0,0.048,2.352,23.817,23.708,6083700000.0,0.0,40.54,3.057,3.055,262900000.0,2490000000.0,617900000.0,617900000.0,2800000.0,,,,,7400000.0,31700000.0,1.0,176305256.0,176200000.0,178300000.0,3.507,6758900000.0,0.0,42700000.0,1440400000.0,38.359,103500000.0
40,QEP,MRQ,2010-12-31,2010-12-31,2010-12-31,2021-02-24,194300000.0,6785300000.0,,654200000.0,6131100000.0,,17.143,-433100000.0,0.0,0.0,264900000.0,65800000.0,1.048,1.236,1550300000.0,78000000.0,1472300000.0,1550300000.0,0.0,173900000.0,0.0,0.001,0.02,123100000.0,297000000.0,0.474,297000000.0,123100000.0,101500000.0,0.37,0.37,0.37,3010300000.0,,3010300000.0,7730193862.0,13.0,6.331,-203600000.0,-1.159,1.0,361300000.0,0.577,59600000.0,21600000.0,7651700000.0,,16400000.0,44500000.0,0.0,44500000.0,3722200000.0,624300000.0,3097900000.0,6376793862.0,-2200000.0,0.0,0.0,194600000.0,-3500000.0,201200000.0,-432900000.0,0.0,229500000.0,3600000.0,65000000.0,65000000.0,65000000.0,0.0,800000.0,0.104,235800000.0,125500000.0,332200000.0,0.054,2.118,19.549,19.522,5955400000.0,0.0,36.31,2.772,2.767,269900000.0,2420000000.0,626200000.0,626200000.0,13800000.0,,,,,4800000.0,31600000.0,1.0,175620872.0,175600000.0,176400000.0,3.566,6725700000.0,0.0,36500000.0,1424400000.0,38.301,29900000.0
41,QEP,MRQ,2010-09-30,2010-09-30,2010-09-30,2021-02-24,278800000.0,6720400000.0,,754300000.0,5966100000.0,,17.207,-379800000.0,2200000.0,2200000.0,215600000.0,71900000.0,1.176,1.209,1355600000.0,58500000.0,1297100000.0,1355600000.0,0.0,170500000.0,0.0,0.001,0.02,137900000.0,308400000.0,0.546,308400000.0,137900000.0,115300000.0,0.4,0.4,0.4,3018100000.0,,3018100000.0,6540162158.0,10.0,5.166,-79900000.0,-0.456,1.0,349000000.0,0.618,59600000.0,22600000.0,7372900000.0,,93100000.0,44500000.0,0.0,44500000.0,3649000000.0,641300000.0,3007700000.0,5278762158.0,2200000.0,0.0,0.0,93700000.0,-3500000.0,61400000.0,-359100000.0,0.0,299900000.0,0.0,71100000.0,71100000.0,71100000.0,0.0,800000.0,0.126,199700000.0,149300000.0,393300000.0,0.05,1.749,13.991,13.954,5657600000.0,0.0,30.14,2.323,2.326,297800000.0,2349600000.0,564600000.0,564600000.0,2900000.0,,,,,4200000.0,24700000.0,1.0,175141412.0,175400000.0,177900000.0,3.219,6660800000.0,0.0,44200000.0,1473600000.0,37.975,113000000.0
42,QEP,MRQ,2010-06-30,2010-06-30,2010-06-30,2021-02-24,209900000.0,6356400000.0,,603600000.0,5752800000.0,,16.517,-367700000.0,0.0,0.0,201100000.0,91500000.0,0.852,1.179,1261400000.0,164600000.0,1096800000.0,1261400000.0,0.0,151300000.0,0.0,0.0,0.0,151500000.0,302800000.0,0.572,302800000.0,151500000.0,131200000.0,0.52,0.51,0.52,2892200000.0,,2892200000.0,6727585376.0,10.0,5.419,-99800000.0,-0.57,1.0,328500000.0,0.62,60000000.0,20300000.0,6849000000.0,,83500000.0,44200000.0,0.0,44200000.0,3410400000.0,708800000.0,2701600000.0,5314385376.0,0.0,0.0,250000000.0,-150000000.0,0.0,89600000.0,-357500000.0,27900000.0,267900000.0,0.0,90800000.0,90800000.0,90800000.0,-22000000.0,700000.0,0.171,200900000.0,127600000.0,388100000.0,0.0,1.837,13.346,13.463,5476600000.0,0.0,30.83,2.42,2.458,253900000.0,2298200000.0,529600000.0,529600000.0,2700000.0,,,,,3500000.0,25700000.0,1.0,172377080.0,175100000.0,177600000.0,3.025,6296400000.0,0.0,40400000.0,1344600000.0,35.959,-105200000.0
43,QEP,MRQ,2010-03-31,2010-03-31,2010-03-31,2021-02-24,275100000.0,6803700000.0,,693000000.0,6110700000.0,,17.384,-288400000.0,0.0,0.0,252600000.0,99900000.0,0.876,1.22,1413200000.0,214500000.0,1198700000.0,1413200000.0,0.0,147700000.0,0.0,,0.0,165100000.0,312800000.0,0.539,312800000.0,165100000.0,145200000.0,0.57,0.56,0.57,3040500000.0,,3040500000.0,,,,-19600000.0,-0.112,1.0,327600000.0,0.565,60100000.0,19900000.0,7365400000.0,,8900000.0,44100000.0,0.0,44100000.0,3708900000.0,791400000.0,2917500000.0,,-19300000.0,0.0,0.0,23300000.0,0.0,-5400000.0,-280900000.0,25000000.0,268800000.0,-1800000.0,99300000.0,99300000.0,99300000.0,-21200000.0,600000.0,0.171,184700000.0,142900000.0,391700000.0,0.0,,,,5881400000.0,0.0,,,,268300000.0,2633100000.0,580200000.0,580200000.0,3600000.0,,,,,3600000.0,25200000.0,1.0,172377080.0,174900000.0,177200000.0,3.317,6743600000.0,0.0,45900000.0,1409900000.0,38.557,-98400000.0
44,QEP,MRQ,2009-12-31,2009-12-31,2009-12-31,2021-02-24,87100000.0,6481400000.0,,605200000.0,5876200000.0,,15.79,-396200000.0,19300000.0,19300000.0,238400000.0,117000000.0,0.91,1.334,1388000000.0,39300000.0,1348700000.0,1388000000.0,0.0,156700000.0,0.0,,0.0,185300000.0,342000000.0,0.572,342000000.0,185300000.0,164400000.0,0.67,0.66,0.67,2753800000.0,,2753800000.0,,,,-59800000.0,-0.343,1.0,360000000.0,0.602,60100000.0,20900000.0,7125100000.0,,17500000.0,43900000.0,0.0,43900000.0,3672700000.0,664900000.0,3007800000.0,,19300000.0,0.0,0.0,106500000.0,0.0,89200000.0,-406300000.0,16300000.0,336400000.0,0.0,116100000.0,116100000.0,116100000.0,-21500000.0,900000.0,0.194,195500000.0,164500000.0,313000000.0,0.0,,,,5759500000.0,0.0,,,,272700000.0,2538200000.0,598400000.0,598400000.0,6700000.0,,,,,3200000.0,24200000.0,1.0,172377080.0,174400000.0,176900000.0,3.431,6421300000.0,21200000.0,48300000.0,1223500000.0,36.819,-59700000.0
45,QEP,MRQ,2009-09-30,2009-09-30,2009-09-30,2021-02-24,95000000.0,6070000000.0,,531500000.0,5538500000.0,,15.185,-235900000.0,0.0,0.0,172100000.0,92600000.0,1.012,1.273,1283500000.0,9800000.0,1273700000.0,1283500000.0,0.0,132600000.0,0.0,,0.0,151200000.0,283800000.0,0.582,283800000.0,151200000.0,134000000.0,0.53,0.52,0.53,2646800000.0,,2646800000.0,,,,97400000.0,0.559,1.0,315900000.0,0.647,60100000.0,17200000.0,6768400000.0,,12900000.0,49000000.0,6300000.0,42700000.0,3368100000.0,525000000.0,2843100000.0,,0.0,0.0,0.0,-75400000.0,0.0,-90900000.0,-242400000.0,17100000.0,333300000.0,0.0,92000000.0,92000000.0,92000000.0,-20600000.0,600000.0,0.189,168600000.0,147300000.0,363000000.0,0.0,,,,5489500000.0,0.0,,,,206400000.0,2426500000.0,488000000.0,488000000.0,6300000.0,,,,,2800000.0,24400000.0,1.0,172377080.0,174300000.0,176300000.0,2.8,6009900000.0,0.0,42000000.0,1200500000.0,34.48,6500000.0
46,QEP,MRQ,2009-06-30,2009-06-30,2009-06-30,2021-02-24,253600000.0,6162300000.0,,685300000.0,5477000000.0,,15.593,-214800000.0,0.0,0.0,142300000.0,65300000.0,1.35,1.249,1359500000.0,10300000.0,1349200000.0,1359500000.0,0.0,129800000.0,0.0,,0.0,106900000.0,236700000.0,0.535,236700000.0,106900000.0,91100000.0,0.37,0.37,0.37,2714700000.0,,2714700000.0,,,,114800000.0,0.659,1.0,300400000.0,0.679,60100000.0,15800000.0,6954100000.0,,6800000.0,58200000.0,16400000.0,41800000.0,3391800000.0,507600000.0,2884200000.0,,-4800000.0,0.0,0.0,-35300000.0,4300000.0,-59800000.0,-269800000.0,2900000.0,329600000.0,-4800000.0,64700000.0,64700000.0,64700000.0,-19800000.0,600000.0,0.146,181800000.0,118600000.0,330700000.0,0.0,,,,5402500000.0,0.0,,,,194800000.0,2338800000.0,442700000.0,442700000.0,8900000.0,,,,,3700000.0,24100000.0,1.0,172377080.0,174100000.0,176100000.0,2.543,6102200000.0,0.0,26400000.0,1258900000.0,35.05,177700000.0
47,QEP,MRQ,2009-03-31,2009-03-31,2009-03-31,2021-02-24,397800000.0,6289000000.0,,843600000.0,5445400000.0,,16.215,-350000000.0,0.0,0.0,189800000.0,21200000.0,1.527,1.229,1392100000.0,43000000.0,1349100000.0,1392100000.0,0.0,140000000.0,0.0,,0.0,48200000.0,188200000.0,0.347,188200000.0,48200000.0,32000000.0,,,,2795100000.0,,2795100000.0,,,,-25500000.0,-0.148,1.0,352000000.0,0.65,60100000.0,16200000.0,7068600000.0,,8600000.0,41300000.0,0.0,41300000.0,3435800000.0,552400000.0,2883400000.0,,-20300000.0,0.0,0.0,3600000.0,-4300000.0,-700000.0,-344100000.0,0.0,324500000.0,0.0,20700000.0,20700000.0,20700000.0,0.0,500000.0,0.038,168000000.0,184000000.0,334000000.0,,,,,5320500000.0,0.0,,,,223100000.0,2278500000.0,541800000.0,541800000.0,3100000.0,,,,,3700000.0,23300000.0,1.0,172377080.0,172377080.0,,3.143,6228900000.0,0.0,11300000.0,1307300000.0,36.135,291200000.0
48,QEP,MRQ,2008-12-31,2008-12-31,2008-12-31,2021-02-24,341600000.0,6234400000.0,,894400000.0,5340000000.0,,15.914,-361900000.0,20300000.0,20300000.0,136900000.0,88600000.0,1.243,1.256,1388500000.0,89400000.0,1299100000.0,1388500000.0,0.0,72500000.0,0.0,,0.0,84000000.0,156500000.0,0.435,156500000.0,84000000.0,71300000.0,,,,2749900000.0,,2749900000.0,,,,-20400000.0,-0.118,1.0,222500000.0,0.619,60200000.0,12700000.0,6822900000.0,,23600000.0,44400000.0,0.0,44400000.0,3455000000.0,719500000.0,2735500000.0,,0.0,0.0,0.0,250100000.0,13000000.0,169000000.0,-490200000.0,2500000.0,341500000.0,,86500000.0,86500000.0,86500000.0,-73900000.0,2100000.0,0.241,125500000.0,97000000.0,425800000.0,,,,,5193200000.0,0.0,,,,304400000.0,2262100000.0,359400000.0,359400000.0,14600000.0,,,,,2400000.0,11600000.0,1.0,172377080.0,172800000.0,,2.08,6174200000.0,0.0,-15200000.0,1322600000.0,35.73,174900000.0
49,QEP,MRQ,2008-09-30,2008-09-30,2008-09-30,2021-02-24,162700000.0,5556300000.0,,646400000.0,4909900000.0,,14.421,-454200000.0,0.0,0.0,229900000.0,200000000.0,1.123,1.235,1199800000.0,25700000.0,1174100000.0,1199800000.0,0.0,105200000.0,0.0,,0.0,334100000.0,439300000.0,0.664,439300000.0,334100000.0,316100000.0,,,,2485900000.0,,2485900000.0,,,,-56200000.0,-0.326,1.0,431500000.0,0.652,60200000.0,18000000.0,6120300000.0,,16300000.0,30400000.0,0.0,30400000.0,3070400000.0,575600000.0,2494800000.0,,0.0,0.0,0.0,-31300000.0,-4300000.0,-37100000.0,-360900000.0,-7500000.0,398000000.0,,197600000.0,197600000.0,197600000.0,0.0,2400000.0,0.299,77900000.0,353600000.0,470800000.0,,,,,4828300000.0,0.0,,,,269500000.0,2179900000.0,661400000.0,661400000.0,7400000.0,,,,,2600000.0,18400000.0,1.0,172377080.0,172377080.0,,3.837,5496100000.0,0.0,118500000.0,1110500000.0,31.884,70800000.0
50,QEP,MRQ,2008-06-30,2008-06-30,2008-06-30,2021-02-24,-473600000.0,5123400000.0,,648200000.0,4475200000.0,,9.594,-367800000.0,0.0,0.0,291100000.0,164200000.0,0.61,2.098,1231000000.0,131900000.0,1099100000.0,1231000000.0,0.0,94600000.0,0.0,,0.0,277600000.0,372200000.0,0.547,372200000.0,277600000.0,259200000.0,,,,1653700000.0,,1653700000.0,,,,-29300000.0,-0.17,1.0,389400000.0,0.572,60900000.0,18400000.0,5231100000.0,,9900000.0,22300000.0,0.0,22300000.0,3469700000.0,1062400000.0,2407300000.0,,0.0,0.0,0.0,29400000.0,-4400000.0,22500000.0,-361000000.0,-2500000.0,338500000.0,,162100000.0,162100000.0,162100000.0,0.0,2100000.0,0.238,129500000.0,259900000.0,472900000.0,,,,,4408700000.0,0.0,,,,365200000.0,1986600000.0,680500000.0,680500000.0,3800000.0,,,,,2800000.0,25100000.0,1.0,172377080.0,172377080.0,,3.948,5062500000.0,190700000.0,97100000.0,776200000.0,29.369,-414200000.0
51,QEP,MRQ,2008-03-31,2008-03-31,2008-03-31,2021-02-24,-162100000.0,4678000000.0,,461700000.0,4216300000.0,,10.469,-952800000.0,0.0,0.0,273800000.0,141700000.0,0.62,1.592,1198700000.0,149400000.0,1049300000.0,1198700000.0,0.0,90200000.0,0.0,,0.0,235100000.0,325300000.0,0.527,325300000.0,235100000.0,222500000.0,,,,1804700000.0,,1804700000.0,,,,-676700000.0,-3.926,1.0,343700000.0,0.557,60900000.0,12600000.0,5070800000.0,,9200000.0,19700000.0,0.0,19700000.0,2873300000.0,745000000.0,2128300000.0,,0.0,0.0,0.0,578800000.0,-4300000.0,676400000.0,-952500000.0,-1500000.0,276100000.0,,139300000.0,139300000.0,139300000.0,0.0,2400000.0,0.226,121000000.0,222700000.0,375500000.0,,,,,4133800000.0,0.0,,,,292700000.0,1828900000.0,617500000.0,617500000.0,3500000.0,,,,,2700000.0,23000000.0,1.0,172377080.0,172377080.0,,3.582,4617100000.0,97000000.0,83200000.0,798600000.0,26.785,-283300000.0
52,QEP,MRQ,2007-12-31,2007-12-31,2007-12-31,2021-02-24,31000000.0,3806400000.0,,524900000.0,3281500000.0,,10.791,-289500000.0,0.0,0.0,176300000.0,100500000.0,1.032,1.046,618200000.0,118900000.0,499300000.0,618200000.0,0.0,76600000.0,0.0,,0.0,164200000.0,240800000.0,0.517,240800000.0,164200000.0,154500000.0,,,,1860100000.0,,1860100000.0,,,,-47100000.0,-0.273,1.0,289100000.0,0.621,60900000.0,9700000.0,3855300000.0,,23200000.0,56700000.0,0.0,56700000.0,1946300000.0,508400000.0,1437900000.0,,0.0,0.0,0.0,74300000.0,-4300000.0,46700000.0,-289100000.0,-5900000.0,242400000.0,0.0,100500000.0,100500000.0,100500000.0,0.0,0.0,0.216,122000000.0,167100000.0,316700000.0,,,,,3173800000.0,0.0,,,,367600000.0,1693900000.0,465400000.0,465400000.0,15300000.0,,,,,2400000.0,24000000.0,1.0,172377080.0,172377080.0,,2.7,3745500000.0,4600000.0,54000000.0,785600000.0,21.729,16500000.0
53,QEP,MRQ,2007-09-30,2007-09-30,2007-09-30,2021-02-24,99600000.0,3586700000.0,,478400000.0,3108300000.0,,10.617,-242600000.0,0.0,0.0,155700000.0,108700000.0,1.01,0.96,543900000.0,144600000.0,399300000.0,543900000.0,0.0,71600000.0,0.0,,0.0,182000000.0,253600000.0,0.599,253600000.0,182000000.0,173100000.0,,,,1830100000.0,,1830100000.0,,,,-11700000.0,-0.068,1.0,267900000.0,0.632,60900000.0,8900000.0,3596000000.0,,17800000.0,45900000.0,0.0,45900000.0,1756600000.0,473700000.0,1282900000.0,,0.0,0.0,0.0,-2600000.0,-4400000.0,11300000.0,-242200000.0,-2400000.0,230900000.0,0.0,108700000.0,108700000.0,108700000.0,0.0,0.0,0.257,100200000.0,167700000.0,296600000.0,,,,,2969400000.0,0.0,,,,281600000.0,1597700000.0,423600000.0,423600000.0,1600000.0,,,,,2400000.0,23400000.0,1.0,172377080.0,172377080.0,,2.457,3525800000.0,0.0,64400000.0,734500000.0,20.454,4700000.0
54,QEP,MRQ,2007-06-30,2007-06-30,2007-06-30,2021-02-24,56200000.0,3388800000.0,,485900000.0,2902900000.0,,9.746,-207600000.0,0.0,0.0,172100000.0,102100000.0,1.038,1.017,546500000.0,147200000.0,399300000.0,546500000.0,0.0,74500000.0,0.0,,0.0,170200000.0,244700000.0,0.542,244700000.0,170200000.0,161500000.0,,,,1680000000.0,,1680000000.0,,,,1800000.0,0.01,1.0,279500000.0,0.619,60900000.0,8700000.0,3406400000.0,,12000000.0,45200000.0,0.0,45200000.0,1708800000.0,468000000.0,1240800000.0,,0.0,0.0,0.0,9800000.0,-4300000.0,-2500000.0,-206900000.0,-3100000.0,209400000.0,0.0,102100000.0,102100000.0,102100000.0,0.0,0.0,0.226,106400000.0,173100000.0,295700000.0,,,,,2798100000.0,0.0,,,,317500000.0,1493400000.0,451600000.0,451600000.0,3100000.0,,,,,2200000.0,24700000.0,1.0,172377080.0,172377080.0,,2.62,3327900000.0,0.0,59400000.0,661000000.0,19.306,17900000.0
55,QEP,MRQ,2007-03-31,2007-03-31,2007-03-31,2021-02-24,51800000.0,3214100000.0,,466800000.0,2747300000.0,,9.14,-204200000.0,0.0,0.0,240100000.0,109500000.0,1.019,1.04,536600000.0,137400000.0,399200000.0,536600000.0,0.0,73300000.0,0.0,,0.0,181300000.0,254600000.0,0.506,254600000.0,181300000.0,173000000.0,,,,1575600000.0,,1575600000.0,,,,8600000.0,0.05,1.0,262700000.0,0.522,60900000.0,8300000.0,3231600000.0,,15200000.0,40000000.0,0.0,40000000.0,1638500000.0,458200000.0,1180300000.0,,-18200000.0,0.0,0.0,-5200000.0,-4300000.0,-29900000.0,-201100000.0,-3400000.0,212800000.0,0.0,109500000.0,109500000.0,109500000.0,0.0,0.0,0.218,97200000.0,165500000.0,302200000.0,,,,,2634600000.0,0.0,,,,317500000.0,1395600000.0,502800000.0,502800000.0,2000000.0,,,,,1900000.0,19200000.0,1.0,172377080.0,172377080.0,,2.917,3153200000.0,0.0,63500000.0,613200000.0,18.292,8600000.0
56,QEP,MRQ,2006-12-31,2006-12-31,2006-12-31,2021-02-24,128100000.0,3249600000.0,,581500000.0,2668100000.0,,8.962,-225100000.0,18200000.0,18200000.0,246800000.0,90100000.0,1.039,1.104,541800000.0,142600000.0,399200000.0,541800000.0,0.0,65800000.0,0.0,,0.0,149700000.0,215500000.0,0.453,215500000.0,149700000.0,141200000.0,,,,1544800000.0,,1544800000.0,,,,-18500000.0,-0.107,1.0,229300000.0,0.482,60900000.0,8500000.0,3152600000.0,,27700000.0,41700000.0,0.0,41700000.0,1704800000.0,559700000.0,1145100000.0,,18200000.0,0.0,0.0,34900000.0,-4300000.0,38600000.0,-227000000.0,0.0,206600000.0,0.0,90100000.0,90100000.0,90100000.0,0.0,0.0,0.189,66600000.0,162700000.0,312600000.0,,,,,2527500000.0,0.0,,,,327500000.0,1290400000.0,476100000.0,476100000.0,4200000.0,,,,,1900000.0,18900000.0,1.0,172377080.0,172377080.0,,2.762,3188700000.0,1400000.0,51100000.0,674100000.0,18.498,21800000.0
57,QEP,MRQ,2006-09-30,2006-09-30,2006-09-30,2021-02-24,100078000.0,2940546000.0,,467803000.0,2472743000.0,,8.291,-212300000.0,0.0,0.0,236400000.0,92000000.0,1.127,1.058,506904000.0,107712000.0,399192000.0,506904000.0,0.0,62000000.0,0.0,,0.0,153800000.0,215800000.0,0.461,215800000.0,153800000.0,145900000.0,,,,1429101000.0,,1429101000.0,,,,-39600000.0,-0.23,1.0,231500000.0,0.495,60882000.0,7900000.0,2971631000.0,,20256000.0,37437000.0,0.0,37437000.0,1511445000.0,414937000.0,1096508000.0,,0.0,0.0,0.0,25300000.0,-4400000.0,11300000.0,-184000000.0,-3800000.0,172700000.0,0.0,92000000.0,92000000.0,92000000.0,0.0,0.0,0.197,100500000.0,131000000.0,275640000.0,,,,,2334012000.0,0.0,,,,281880000.0,1204598000.0,467900000.0,467900000.0,16800000.0,,,,,1600000.0,18200000.0,1.0,172377080.0,172377080.0,,2.714,2879664000.0,6627000.0,53900000.0,568755000.0,16.706,52866000.0
58,QEP,MRQ,2006-06-30,2006-06-30,2006-06-30,2021-02-24,-22168000.0,2596532000.0,,348111000.0,2248421000.0,,7.063,-141500000.0,0.0,0.0,202800000.0,79300000.0,0.958,1.133,481524000.0,82353000.0,399171000.0,481524000.0,0.0,55800000.0,0.0,,0.0,135100000.0,190900000.0,0.45,190900000.0,135100000.0,125400000.0,,,,1217582000.0,,1217582000.0,,,,-11000000.0,-0.064,1.0,221500000.0,0.522,61423000.0,9700000.0,2653338000.0,,15854000.0,33915000.0,0.0,33915000.0,1378950000.0,363295000.0,1015655000.0,,0.0,0.0,0.0,100000.0,-4300000.0,9100000.0,-139600000.0,-2500000.0,130500000.0,0.0,79300000.0,79300000.0,79300000.0,0.0,0.0,0.187,83200000.0,138300000.0,252394000.0,,,,,2161781000.0,0.0,,,,246043000.0,1116921000.0,424300000.0,424300000.0,10100000.0,,,,,1300000.0,15500000.0,1.0,172377080.0,172377080.0,,2.461,2535109000.0,32085000.0,46100000.0,482260000.0,14.707,-15184000.0
59,QEP,MRQ,2006-03-31,2006-03-31,2006-03-31,2021-02-24,-49723000.0,2527390000.0,,374593000.0,2152797000.0,,6.461,-173800000.0,0.0,0.0,236400000.0,94700000.0,0.575,1.269,479262000.0,329262000.0,150000000.0,479262000.0,0.0,53200000.0,0.0,,0.0,158000000.0,211200000.0,0.452,211200000.0,158000000.0,150200000.0,,,,1113737000.0,,1113737000.0,,,,44800000.0,0.26,1.0,231100000.0,0.494,61423000.0,7800000.0,2293855000.0,,11382000.0,32322000.0,0.0,32322000.0,1413653000.0,651374000.0,762279000.0,,-4400000.0,0.0,0.0,-51500000.0,-4300000.0,-49900000.0,-173100000.0,0.0,218600000.0,0.0,94700000.0,94700000.0,94700000.0,0.0,0.0,0.203,76200000.0,154900000.0,270895000.0,,,,,2068624000.0,0.0,,,,282558000.0,1041961000.0,467500000.0,467500000.0,3300000.0,,,,,1200000.0,16600000.0,1.0,172377080.0,172377080.0,,2.712,2465967000.0,31827000.0,55500000.0,454507000.0,14.306,-276781000.0
60,QEP,MRQ,2005-12-31,2005-12-31,2005-12-31,2021-02-24,-198100000.0,2621300000.0,,577700000.0,2043600000.0,,5.069,-196063000.0,4400000.0,4400000.0,411408000.0,81539000.0,0.75,2.0,530800000.0,180800000.0,350000000.0,530800000.0,0.0,49114000.0,0.0,,0.0,136914000.0,186028000.0,0.303,186028000.0,136914000.0,128370000.0,,,,873800000.0,,873800000.0,,,,209140000.0,1.213,1.0,202241000.0,0.33,61500000.0,8544000.0,2316100000.0,,33200000.0,35300000.0,0.0,35300000.0,1747500000.0,770100000.0,977400000.0,,-4201000.0,0.0,0.0,-126506000.0,-4325000.0,-213531000.0,-195873000.0,6787000.0,405203000.0,0.0,81539000.0,81539000.0,81539000.0,0.0,0.0,0.133,68336000.0,133905000.0,301200000.0,,,,,1958000000.0,0.0,,,,374400000.0,951600000.0,613649000.0,613649000.0,2077000.0,,,,,0.0,13563000.0,1.0,172377080.0,172377080.0,,3.56,2559800000.0,111200000.0,46831000.0,466000000.0,14.85,-192400000.0
61,QEP,MRQ,2005-09-30,2005-09-30,2005-09-30,2021-02-24,,,,,,,,-171223000.0,,,311607000.0,65279000.0,,,,,,,,44279000.0,,,0.0,111933000.0,156212000.0,0.324,156212000.0,111933000.0,103387000.0,,,,,,,,,,-232968000.0,,1.0,169885000.0,0.353,,8546000.0,,,,,,,,,,,0.0,0.0,0.0,237149000.0,-4325000.0,240524000.0,-170178000.0,-4945000.0,-61745000.0,,65279000.0,65279000.0,65279000.0,0.0,0.0,0.136,63471000.0,106414000.0,,,,,,,0.0,,,,,,481492000.0,481492000.0,2574000.0,,,,,0.0,13332000.0,1.0,,,,,,,38108000.0,,,
62,QEP,MRQ,2005-06-30,2005-06-30,2005-06-30,2021-02-24,,,,,,,,-106745000.0,,,226649000.0,54761000.0,,,,,,,,41453000.0,,,0.0,93627000.0,135080000.0,0.355,135080000.0,93627000.0,86611000.0,,,,,,,,,,691000.0,,1.0,153988000.0,0.405,,7016000.0,,,,,,,,,,,0.0,0.0,0.0,-3532000.0,-4325000.0,-1157000.0,-106279000.0,-759000.0,107436000.0,,54761000.0,54761000.0,54761000.0,0.0,0.0,0.144,62925000.0,91063000.0,,,,,,,0.0,,,,,,380637000.0,380637000.0,5476000.0,,,,,0.0,13335000.0,1.0,,,,,,,31850000.0,,,
63,QEP,MRQ,2005-03-31,2005-03-31,2005-03-31,2021-02-24,,,,,,,,-102169000.0,,,199436000.0,56621000.0,,,,,,,,40054000.0,,,0.0,96726000.0,136780000.0,0.388,136780000.0,96726000.0,89932000.0,,,,,,,,,,-32663000.0,,1.0,152986000.0,0.434,,6794000.0,,,,,,,,,,,0.0,0.0,0.0,8189000.0,-4325000.0,32464000.0,-101970000.0,-1083000.0,69506000.0,,56621000.0,56621000.0,56621000.0,0.0,0.0,0.161,58268000.0,94718000.0,,,,,,,0.0,,,,,,352422000.0,352422000.0,1373000.0,,,,,0.0,14370000.0,1.0,,,,,,,33311000.0,,,
64,QEP,MRQ,2004-12-31,2004-12-31,2004-12-31,2021-02-24,-42150000.0,1960846000.0,,324800000.0,1636046000.0,,,,0.0,0.0,,,0.913,1.486,415594000.0,65594000.0,350000000.0,415594000.0,0.0,,0.0,,0.0,,,,,,,,,,788870000.0,,788870000.0,,,,,,1.0,,,61423000.0,,1959128000.0,,22604000.0,38326000.0,0.0,38326000.0,1171976000.0,355889000.0,816087000.0,,,,,,,,,,,,,,,,,,,,183346000.0,,,,,1527696000.0,,,,,234178000.0,710684000.0,,,,,,,,,,1.0,,,,,1899423000.0,33421000.0,,381207000.0,,-31089000.0
0,QEP,MRT,2020-12-31,2020-12-31,2020-12-31,2021-02-24,-12800000.0,5114200000.0,5442700000.0,197000000.0,4917200000.0,0.133,11.052,-357600000.0,60400000.0,60400000.0,273400000.0,3200000.0,0.658,0.915,1646400000.0,23800000.0,1622600000.0,1646400000.0,0.0,574000000.0,0.0,0.008,0.02,27200000.0,601200000.0,0.83,601200000.0,27200000.0,-76700000.0,0.01,0.01,0.01,2670200000.0,2834925000.0,2670200000.0,2217808479.0,82.0,3.689,315600000.0,1.306,1.0,451000000.0,0.623,0.0,103900000.0,6400600000.0,6787825000.0,0.0,0.0,0.0,0.0,2444000000.0,299600000.0,2144400000.0,578908479.0,-104100000.0,0.0,-1700000.0,-426400000.0,-4800000.0,-433500000.0,-343800000.0,0.0,673200000.0,0.0,3200000.0,3200000.0,3200000.0,0.0,0.0,0.004,674700000.0,-223700000.0,159300000.0,2.0,0.217,180.909,239.0,4830900000.0,0.0,2.39,0.799,0.797,89100000.0,1268000000.0,724400000.0,724400000.0,200000.0,0.001,0.001,0.004,0.038,12400000.0,93000000.0,1.0,242221121.0,241600000.0,241600000.0,2.998,5114200000.0,33200000.0,-79900000.0,397400000.0,21.168,-102600000.0
1,QEP,MRT,2020-09-30,2020-09-30,2020-09-30,2021-02-24,-12000000.0,5236700000.0,5533600000.0,230100000.0,5006600000.0,0.153,11.55,-386000000.0,9500000.0,9500000.0,300500000.0,23400000.0,0.964,0.871,1648400000.0,22600000.0,1625800000.0,1648400000.0,0.0,569100000.0,0.0,0.044,0.04,103700000.0,672800000.0,0.795,672800000.0,103700000.0,-6400000.0,0.11,0.11,0.11,2798600000.0,2832525000.0,2798600000.0,2141470858.0,21.0,3.183,392900000.0,1.622,1.0,545600000.0,0.645,0.0,110100000.0,6636900000.0,6955200000.0,0.0,0.0,0.0,0.0,2438100000.0,238700000.0,2199400000.0,218770858.0,-81600000.0,0.0,-1400000.0,-478800000.0,-9600000.0,-490300000.0,-370200000.0,0.0,778900000.0,0.0,23400000.0,23400000.0,23400000.0,0.0,0.0,0.028,658500000.0,-112900000.0,164500000.0,0.364,0.078,9.349,8.207,4920100000.0,0.0,0.903,0.259,0.259,84100000.0,1398600000.0,846100000.0,846100000.0,100000.0,0.004,0.008,0.015,0.123,13900000.0,94500000.0,1.0,242324832.0,242300000.0,242300000.0,3.492,5236700000.0,50500000.0,-29800000.0,450700000.0,21.612,-8600000.0
2,QEP,MRT,2020-06-30,2020-06-30,2020-06-30,2021-02-24,-12100000.0,5524100000.0,5617075000.0,446400000.0,5077700000.0,0.174,11.741,-497500000.0,3400000.0,3400000.0,313900000.0,153600000.0,0.894,0.942,1926100000.0,297500000.0,1628600000.0,1926100000.0,0.0,580300000.0,0.0,0.047,0.06,326900000.0,907200000.0,0.93,907200000.0,326900000.0,205600000.0,0.65,0.65,0.65,2844900000.0,2825375000.0,2844900000.0,2226115277.0,7.0,2.454,98100000.0,0.405,1.0,661900000.0,0.678,0.0,121300000.0,6947200000.0,7118100000.0,0.0,0.0,0.0,0.0,2679200000.0,499600000.0,2179600000.0,312415277.0,-92100000.0,0.0,-2000000.0,-198400000.0,-14400000.0,-215300000.0,-472400000.0,0.0,595600000.0,0.0,153600000.0,153600000.0,153600000.0,0.0,0.0,0.157,680600000.0,-18700000.0,157000000.0,0.092,0.11,2.034,1.985,5017200000.0,0.0,1.29,0.32,0.32,97900000.0,1447800000.0,975800000.0,975800000.0,100000.0,0.027,0.054,0.046,0.335,16000000.0,103200000.0,1.0,242182385.0,242300000.0,242300000.0,4.027,5524100000.0,165000000.0,52000000.0,425300000.0,22.799,-53200000.0
3,QEP,MRT,2020-03-31,2020-03-31,2020-03-31,2021-02-24,-12400000.0,5895800000.0,5612125000.0,697000000.0,5198800000.0,0.205,12.656,-568600000.0,70300000.0,70300000.0,338700000.0,386800000.0,1.084,0.948,1984000000.0,354300000.0,1629700000.0,1984000000.0,0.0,558900000.0,0.0,0.179,0.06,648500000.0,1207400000.0,1.049,1207400000.0,648500000.0,522100000.0,1.61,1.61,1.61,3026000000.0,2786475000.0,3026000000.0,2009897562.0,3.0,1.665,71900000.0,0.301,1.0,812700000.0,0.706,0.0,126400000.0,7166600000.0,7176925000.0,0.0,0.0,0.0,0.0,2869800000.0,642900000.0,2226900000.0,79497562.0,-17600000.0,0.0,-2600000.0,-146600000.0,-14400000.0,-163600000.0,-494500000.0,0.0,640500000.0,0.0,386800000.0,386800000.0,386800000.0,0.0,0.0,0.336,646600000.0,166100000.0,243100000.0,0.037,0.026,0.206,0.208,5128500000.0,0.0,0.335,0.069,0.069,81100000.0,1632200000.0,1151400000.0,1151400000.0,100000.0,0.069,0.139,0.09,0.563,16100000.0,108400000.0,1.0,237660873.0,239100000.0,239100000.0,4.816,5895800000.0,165400000.0,135300000.0,477500000.0,24.658,54100000.0
4,QEP,MRT,2019-12-31,2019-12-31,2019-12-31,2021-02-24,-12500000.0,5477800000.0,5505725000.0,325200000.0,5152600000.0,0.219,11.193,-566200000.0,166300000.0,166300000.0,351700000.0,-97300000.0,0.962,1.059,2096700000.0,36300000.0,2060400000.0,2096700000.0,0.0,540000000.0,0.0,0.009,0.04,-16900000.0,523100000.0,0.434,523100000.0,-16900000.0,-140300000.0,-0.41,-0.41,-0.41,2660600000.0,2689000000.0,2660600000.0,3123163010.0,-185.0,5.97,700000.0,0.003,1.0,854500000.0,0.708,0.0,123400000.0,7070100000.0,7165075000.0,0.0,0.0,0.0,0.0,2817200000.0,338100000.0,2479100000.0,1070063010.0,168300000.0,0.0,-7600000.0,-494100000.0,-9600000.0,-511300000.0,112700000.0,0.0,566900000.0,0.0,-97300000.0,-97300000.0,-97300000.0,0.0,0.0,-0.081,697000000.0,157500000.0,227200000.0,-0.098,0.402,-10.998,-10.976,5099100000.0,0.0,4.5,0.887,0.887,108400000.0,1269600000.0,1206200000.0,1206200000.0,100000.0,-0.018,-0.036,-0.002,-0.014,20800000.0,155800000.0,1.0,237791780.0,237700000.0,237700000.0,5.074,5477800000.0,37400000.0,-43000000.0,293400000.0,23.045,-12900000.0
5,QEP,MRT,2019-09-30,2019-09-30,2019-09-30,2021-02-24,-14300000.0,5570600000.0,5665725000.0,350100000.0,5220500000.0,0.229,11.644,-688100000.0,92400000.0,92400000.0,381200000.0,-616200000.0,1.044,1.011,2145500000.0,70800000.0,2074700000.0,2145500000.0,0.0,579000000.0,0.0,0.005,0.02,-733300000.0,-154300000.0,-0.119,-154300000.0,-733300000.0,-871700000.0,-2.6,-2.6,-2.6,2770000000.0,2711575000.0,2770000000.0,2934977242.0,-4.0,-19.021,-204800000.0,-0.861,1.0,913600000.0,0.706,0.0,138400000.0,7288500000.0,7473850000.0,0.0,0.0,0.0,0.0,2800600000.0,335200000.0,2465400000.0,880277242.0,94900000.0,0.0,-7900000.0,-390200000.0,-4800000.0,-402900000.0,14500000.0,0.0,483300000.0,0.0,-616200000.0,-616200000.0,-616200000.0,0.0,0.0,-0.476,1921800000.0,-1008200000.0,206200000.0,-0.008,0.318,-1.429,-1.423,5142800000.0,0.0,3.7,0.68,0.68,104300000.0,1384800000.0,1294800000.0,1294800000.0,200000.0,-0.109,-0.227,-0.098,-0.566,23100000.0,181900000.0,1.0,237912768.0,237900000.0,237900000.0,5.443,5570600000.0,75500000.0,-255500000.0,225700000.0,23.416,14900000.0
6,QEP,MRT,2019-06-30,2019-06-30,2019-06-30,2021-02-24,-14400000.0,5504300000.0,6062375000.0,271400000.0,5232900000.0,0.255,11.3,-808900000.0,97100000.0,97100000.0,449600000.0,-689900000.0,0.721,1.047,2151800000.0,75800000.0,2076000000.0,2151800000.0,0.0,669700000.0,0.0,0.0,0.0,-824000000.0,-154300000.0,-0.1,-154300000.0,-824000000.0,-969500000.0,-2.91,-2.91,-2.91,2689300000.0,2862800000.0,2689300000.0,3789367721.0,-5.0,-24.558,-173900000.0,-0.731,1.0,1098500000.0,0.71,0.0,145500000.0,7182500000.0,7899975000.0,0.0,0.0,0.0,0.0,2815000000.0,376500000.0,2438500000.0,1721067721.0,100200000.0,0.0,-9100000.0,-578300000.0,0.0,-587400000.0,52600000.0,0.0,635000000.0,0.0,-689900000.0,-689900000.0,-689900000.0,0.0,0.0,-0.446,2002000000.0,-903500000.0,227900000.0,0.0,0.64,-2.495,-2.485,5163500000.0,0.0,7.23,1.112,1.112,93500000.0,1308600000.0,1548100000.0,1548100000.0,200000.0,-0.114,-0.241,-0.104,-0.532,25800000.0,200600000.0,1.0,238045328.0,238000000.0,238000000.0,6.505,5504300000.0,70800000.0,-279600000.0,197300000.0,23.127,-105100000.0
7,QEP,MRT,2019-03-31,2019-03-31,2019-03-31,2021-02-24,-14500000.0,5470200000.0,6533725000.0,246400000.0,5223800000.0,0.273,11.118,-1058000000.0,89900000.0,89900000.0,515900000.0,-1074700000.0,0.588,1.075,2158200000.0,82100000.0,2076100000.0,2158200000.0,0.0,783900000.0,0.0,0.0,0.0,-1335700000.0,-551800000.0,-0.309,-551800000.0,-1335700000.0,-1490200000.0,-4.53,-4.53,-4.53,2636100000.0,3030825000.0,2636100000.0,4362994708.0,-3.0,-7.907,-323900000.0,-1.366,1.0,1268400000.0,0.711,0.0,154500000.0,7119200000.0,8459575000.0,0.0,0.0,0.0,0.0,2834100000.0,419300000.0,2414800000.0,1841294708.0,94000000.0,0.0,-15400000.0,-394600000.0,0.0,-409800000.0,-230300000.0,0.0,734100000.0,0.0,-1074700000.0,-1074700000.0,-1074700000.0,0.0,0.0,-0.602,2566000000.0,-1297600000.0,216000000.0,0.0,0.698,-1.713,-1.72,5163800000.0,0.0,7.79,1.032,1.035,80200000.0,1259800000.0,1784300000.0,1784300000.0,300000.0,-0.164,-0.355,-0.158,-0.749,29700000.0,224900000.0,1.0,236366458.0,237100000.0,237100000.0,7.526,5470200000.0,68800000.0,-415500000.0,173200000.0,23.071,-172900000.0
8,QEP,MRT,2018-12-31,2018-12-31,2018-12-31,2021-02-24,-14300000.0,6117800000.0,7068325000.0,280600000.0,5837200000.0,0.273,11.563,-1299700000.0,0.0,0.0,578000000.0,-1011600000.0,0.839,1.224,2521700000.0,14600000.0,2507100000.0,2521700000.0,0.0,857100000.0,0.0,0.0,0.0,-1170000000.0,-312900000.0,-0.162,-312900000.0,-1170000000.0,-1329000000.0,-4.25,-4.25,-4.25,2750900000.0,3295975000.0,2750900000.0,3799420302.0,-3.0,-12.143,-483500000.0,-2.032,1.0,1354600000.0,0.701,0.0,159000000.0,8305200000.0,9048150000.0,0.0,0.0,0.0,0.0,3366900000.0,334300000.0,3032600000.0,1333020302.0,4700000.0,0.0,-67100000.0,311500000.0,0.0,244600000.0,-1056100000.0,0.0,816200000.0,0.0,-1011600000.0,-1011600000.0,-1011600000.0,0.0,0.0,-0.523,2615000000.0,-1260400000.0,258100000.0,0.0,0.485,-1.318,-1.325,5059500000.0,0.0,5.63,0.69,0.693,104300000.0,1376500000.0,1932600000.0,1932600000.0,300000.0,-0.143,-0.307,-0.129,-0.605,30900000.0,221700000.0,1.0,236770924.0,237900000.0,237900000.0,8.124,6117800000.0,75900000.0,-317400000.0,293300000.0,25.716,-53700000.0
9,QEP,MRT,2018-09-30,2018-09-30,2018-09-30,2021-02-24,-9900000.0,7157200000.0,7387575000.0,221400000.0,6935800000.0,0.264,14.246,-2181100000.0,0.0,0.0,621600000.0,-232000000.0,0.351,1.121,2466400000.0,15300000.0,2451100000.0,2466400000.0,0.0,867900000.0,0.0,0.0,0.0,-579900000.0,288000000.0,0.148,288000000.0,-579900000.0,-731500000.0,-0.98,-0.98,-0.98,3374900000.0,3557725000.0,3374900000.0,5340467833.0,-9.0,18.543,-1388800000.0,-5.862,1.0,1329500000.0,0.681,0.0,151600000.0,8993000000.0,9229725000.0,0.0,0.0,0.0,0.0,3782300000.0,630600000.0,3151700000.0,2682567833.0,-814600000.0,0.0,-66200000.0,417100000.0,0.0,337800000.0,-1944700000.0,0.0,792300000.0,0.0,-232000000.0,-232000000.0,-232000000.0,0.0,0.0,-0.119,1497600000.0,-168100000.0,335600000.0,0.0,0.795,-11.563,-11.551,6877400000.0,0.0,11.32,1.375,1.374,191700000.0,2002000000.0,1951100000.0,1951100000.0,400000.0,-0.031,-0.065,-0.063,-0.297,37400000.0,209400000.0,1.0,236975957.0,236900000.0,237000000.0,8.236,7157200000.0,4100000.0,-499500000.0,439700000.0,30.212,-409200000.0
10,QEP,MRT,2018-06-30,2018-06-30,2018-06-30,2021-02-24,-10200000.0,7389700000.0,7435125000.0,214100000.0,7175600000.0,0.239,14.183,-2229700000.0,0.0,0.0,647200000.0,-242600000.0,0.342,1.198,2657900000.0,8500000.0,2649400000.0,2657900000.0,0.0,809900000.0,0.0,0.0,0.0,-600900000.0,209000000.0,0.117,209000000.0,-600900000.0,-747800000.0,-1.02,-1.02,-1.02,3361400000.0,3623375000.0,3361400000.0,5392204322.0,-9.0,25.8,-1548600000.0,-6.534,1.0,1133200000.0,0.636,0.0,146900000.0,9420900000.0,8977275000.0,0.0,0.0,0.0,0.0,4028300000.0,626700000.0,3401600000.0,2914304322.0,-175100000.0,0.0,-64700000.0,598000000.0,0.0,520200000.0,-1376400000.0,0.0,681100000.0,0.0,-242600000.0,-242600000.0,-242600000.0,0.0,0.0,-0.136,1326000000.0,-192800000.0,388000000.0,0.0,0.867,-12.013,-12.02,6901900000.0,0.0,12.26,1.637,1.632,175000000.0,1994700000.0,1780400000.0,1780400000.0,21700000.0,-0.033,-0.067,-0.067,-0.338,35500000.0,204500000.0,1.0,237708346.0,237000000.0,237000000.0,7.512,7389700000.0,5300000.0,-505200000.0,434000000.0,31.18,-412600000.0
11,QEP,MRT,2018-03-31,2018-03-31,2018-03-31,2021-02-24,-10500000.0,7608600000.0,7404075000.0,149800000.0,7458800000.0,0.22,15.345,-2136200000.0,0.0,0.0,680300000.0,138800000.0,0.244,1.058,2477900000.0,19800000.0,2458100000.0,2477900000.0,0.0,759200000.0,0.0,0.0,0.0,-94200000.0,665000000.0,0.408,665000000.0,-94200000.0,-232900000.0,0.59,0.59,0.59,3696700000.0,3691775000.0,3696700000.0,4563885834.0,-48.0,6.863,-1525500000.0,-6.333,1.0,951400000.0,0.583,0.0,138700000.0,9473500000.0,8772675000.0,2100000.0,0.0,0.0,0.0,3911900000.0,613000000.0,3298900000.0,2359085834.0,-336000000.0,0.0,-57900000.0,421900000.0,0.0,349600000.0,-1296300000.0,0.0,610700000.0,0.0,138800000.0,138800000.0,138800000.0,0.0,0.0,0.085,823300000.0,128100000.0,400900000.0,0.0,0.638,16.996,16.593,7380200000.0,0.0,9.79,1.446,1.445,130200000.0,2336300000.0,1631700000.0,1631700000.0,21600000.0,0.019,0.038,-0.011,-0.058,30100000.0,180000000.0,1.0,240968931.0,240900000.0,240900000.0,6.773,7608600000.0,4700000.0,-371700000.0,535900000.0,31.584,-463200000.0
12,QEP,MRT,2017-12-31,2017-12-31,2017-12-31,2021-02-24,-11100000.0,7394800000.0,7310675000.0,162000000.0,7232800000.0,0.222,15.785,-1974800000.0,0.0,0.0,726000000.0,269300000.0,0.285,0.947,2204800000.0,44000000.0,2160800000.0,2204800000.0,0.0,754500000.0,0.0,0.0,0.0,93300000.0,847800000.0,0.522,847800000.0,93300000.0,-42900000.0,1.12,1.12,1.12,3797900000.0,3663350000.0,3797900000.0,3547748323.0,38.0,4.185,-1374600000.0,-5.713,1.0,896900000.0,0.553,0.0,136200000.0,9031500000.0,8532800000.0,0.0,0.0,0.0,0.0,3596900000.0,568100000.0,3028800000.0,2305748323.0,-442000000.0,0.0,-6800000.0,147000000.0,0.0,125800000.0,-1168000000.0,0.0,600200000.0,0.0,269300000.0,269300000.0,269300000.0,0.0,0.0,0.166,795400000.0,101500000.0,360100000.0,0.0,0.607,8.562,8.545,5866700000.0,0.0,9.57,1.421,1.419,140000000.0,2442600000.0,1622900000.0,1622900000.0,22000000.0,0.037,0.074,0.011,0.057,26900000.0,153500000.0,1.0,240935039.0,240600000.0,240600000.0,6.745,7394800000.0,4900000.0,-312200000.0,549600000.0,30.735,-406100000.0
13,QEP,MRT,2017-09-30,2017-09-30,2017-09-30,2021-02-24,-14500000.0,7347400000.0,7273325000.0,941000000.0,6406400000.0,0.219,15.112,-1631100000.0,782600000.0,782600000.0,741600000.0,-14300000.0,1.552,1.02,2024600000.0,134000000.0,1890600000.0,2024600000.0,0.0,763800000.0,0.0,0.0,0.0,99300000.0,863100000.0,0.542,863100000.0,99300000.0,-11600000.0,0.03,0.03,0.03,3637500000.0,3589550000.0,3637500000.0,3917657087.0,39.0,4.539,-1014000000.0,-4.213,1.0,852000000.0,0.535,0.0,110900000.0,7983200000.0,8354925000.0,6100000.0,0.0,0.0,0.0,3709900000.0,606200000.0,3103700000.0,2061557087.0,-208500000.0,30000000.0,-7000000.0,-4300000.0,0.0,-12500000.0,-813100000.0,0.0,617100000.0,0.0,-14300000.0,-14300000.0,-14300000.0,0.0,0.0,-0.009,762500000.0,89500000.0,388600000.0,0.0,0.567,-144.165,285.667,6292200000.0,0.0,8.57,1.294,1.294,120400000.0,2292300000.0,1593600000.0,1593600000.0,22500000.0,-0.002,-0.004,0.012,0.062,20100000.0,146900000.0,1.0,240555086.0,240700000.0,240700000.0,6.621,7347400000.0,17900000.0,2700000.0,933100000.0,30.525,334800000.0
14,QEP,MRT,2017-06-30,2017-06-30,2017-06-30,2021-02-24,-14800000.0,7265500000.0,7255275000.0,424300000.0,6841200000.0,0.219,15.114,-1462400000.0,178800000.0,178800000.0,759400000.0,-61900000.0,0.817,0.999,2034900000.0,145900000.0,1889000000.0,2034900000.0,0.0,804700000.0,0.0,0.0,0.0,27500000.0,832200000.0,0.525,832200000.0,27500000.0,-85000000.0,-0.17,-0.17,-0.17,3635000000.0,3588950000.0,3635000000.0,4122291501.0,150.0,4.953,-718800000.0,-2.989,1.0,826500000.0,0.521,0.0,112500000.0,8602500000.0,8332975000.0,8600000.0,0.0,0.0,0.0,3630500000.0,519100000.0,3111400000.0,2429091501.0,-855200000.0,30000000.0,-7600000.0,-165000000.0,0.0,-174000000.0,-1424800000.0,0.0,743600000.0,0.0,-61900000.0,-61900000.0,-61900000.0,0.0,0.0,-0.039,962200000.0,-135700000.0,305900000.0,0.0,0.668,-39.242,-59.412,6737300000.0,0.0,10.1,1.532,1.532,165000000.0,2295600000.0,1585900000.0,1585900000.0,1400000.0,-0.009,-0.017,0.003,0.017,24200000.0,170000000.0,1.0,240504109.0,240500000.0,240600000.0,6.594,7265500000.0,12900000.0,-23100000.0,927300000.0,30.21,-94800000.0
15,QEP,MRT,2017-03-31,2017-03-31,2017-03-31,2021-02-24,-14800000.0,7235000000.0,7309325000.0,512600000.0,6722400000.0,0.21,14.917,-1253000000.0,338400000.0,338400000.0,749000000.0,-304300000.0,1.238,1.019,2031600000.0,9200000.0,2022400000.0,2031600000.0,0.0,822900000.0,0.0,0.0,0.0,-350900000.0,472000000.0,0.307,472000000.0,-350900000.0,-468000000.0,-1.26,-1.26,-1.26,3583000000.0,3600225000.0,3583000000.0,4634287203.0,-13.0,9.818,-517600000.0,-2.155,1.0,786900000.0,0.512,0.0,117100000.0,8514000000.0,8213150000.0,6500000.0,0.0,0.0,0.0,3652000000.0,414200000.0,3237800000.0,3044887203.0,-274000000.0,0.0,405200000.0,-167600000.0,0.0,237300000.0,-1246700000.0,0.0,735400000.0,0.0,-304300000.0,-304300000.0,-304300000.0,0.0,0.0,-0.198,1013800000.0,-226900000.0,296200000.0,0.0,0.85,-10.006,-10.087,6627600000.0,0.0,12.71,1.982,1.988,136200000.0,2250200000.0,1535900000.0,1535900000.0,1800000.0,-0.042,-0.085,-0.043,-0.228,33600000.0,181600000.0,1.0,239566263.0,240200000.0,240300000.0,6.394,7235000000.0,18600000.0,-163700000.0,903400000.0,30.121,98400000.0
16,QEP,MRT,2016-12-31,2016-12-31,2016-12-31,2021-02-24,-16700000.0,7245400000.0,7321225000.0,640100000.0,6605300000.0,0.188,15.799,-1208100000.0,443800000.0,443800000.0,719200000.0,-1245000000.0,1.243,1.069,2033200000.0,12300000.0,2020900000.0,2033200000.0,0.0,871100000.0,0.0,0.0,0.0,-1833700000.0,-962600000.0,-0.699,-962600000.0,-1833700000.0,-1953200000.0,-5.62,-5.62,-5.62,3502700000.0,3568900000.0,3502700000.0,5401662522.0,-3.0,-5.612,-540900000.0,-2.44,1.0,657900000.0,0.478,0.0,119500000.0,8320000000.0,8185275000.0,10400000.0,0.0,0.0,0.0,3742700000.0,514800000.0,3227900000.0,4410262522.0,71200000.0,0.0,777300000.0,-194300000.0,0.0,583100000.0,-1179100000.0,0.0,667200000.0,0.0,-1245000000.0,-1245000000.0,-1245000000.0,0.0,0.0,-0.904,2258600000.0,-1600700000.0,269700000.0,0.0,1.259,-3.542,-3.276,6539000000.0,0.0,18.41,3.203,2.964,155700000.0,2173300000.0,1377100000.0,1377100000.0,1700000.0,-0.17,-0.349,-0.224,-1.332,35600000.0,196500000.0,1.0,239557986.0,221700000.0,221700000.0,6.212,7245400000.0,18600000.0,-708200000.0,856000000.0,32.681,125300000.0
17,QEP,MRT,2016-09-30,2016-09-30,2016-09-30,2021-02-24,-11500000.0,7275200000.0,7609425000.0,1209000000.0,6066200000.0,0.19,15.172,-804400000.0,1032200000.0,1032200000.0,850400000.0,-1150300000.0,3.257,1.001,2023600000.0,4300000.0,2019300000.0,2023600000.0,0.0,899300000.0,0.0,0.001,0.02,-1667500000.0,-768200000.0,-0.531,-768200000.0,-1667500000.0,-1823500000.0,-5.88,-5.88,-5.88,3635100000.0,3680200000.0,3635100000.0,5835799165.0,-3.0,-7.597,-64100000.0,-0.268,1.0,595300000.0,0.412,0.0,156000000.0,7895400000.0,8505725000.0,10800000.0,0.0,0.0,0.0,3640100000.0,371200000.0,3268900000.0,4679499165.0,536400000.0,-30000000.0,777100000.0,-185300000.0,-3500000.0,585000000.0,-788900000.0,0.0,740300000.0,0.0,-1150300000.0,-1150300000.0,-1150300000.0,0.0,0.0,-0.796,2291000000.0,-1695700000.0,259300000.0,-0.003,1.287,-4.068,-3.321,5970600000.0,0.0,19.53,3.237,3.237,135600000.0,2306600000.0,1445700000.0,1445700000.0,900000.0,-0.151,-0.313,-0.196,-1.153,40400000.0,185200000.0,1.0,239605692.0,239600000.0,239600000.0,6.034,7275200000.0,22500000.0,-673200000.0,939500000.0,30.364,837800000.0
18,QEP,MRT,2016-06-30,2016-06-30,2016-06-30,2021-02-24,-11800000.0,7481700000.0,7904650000.0,1371300000.0,6110400000.0,0.199,16.904,-888300000.0,1038300000.0,1038300000.0,971400000.0,-1078300000.0,2.664,1.033,2194600000.0,176800000.0,2017800000.0,2194600000.0,0.0,919600000.0,0.0,0.002,0.04,-1557600000.0,-638000000.0,-0.406,-638000000.0,-1557600000.0,-1713800000.0,-5.55,-5.55,-5.55,3680100000.0,3764450000.0,3680100000.0,5397764366.0,-3.0,-8.46,-184800000.0,-0.849,1.0,599500000.0,0.382,0.0,156200000.0,8123200000.0,8895125000.0,7200000.0,0.0,0.0,0.0,3801600000.0,514800000.0,3286800000.0,3821264366.0,592700000.0,-30000000.0,777700000.0,-7400000.0,-7000000.0,759600000.0,-870400000.0,0.0,703500000.0,0.0,-1078300000.0,-1078300000.0,-1078300000.0,0.0,0.0,-0.686,2289800000.0,-1690300000.0,213800000.0,-0.007,1.038,-3.544,-3.177,6018600000.0,0.0,17.63,2.433,2.443,132500000.0,2357500000.0,1570900000.0,1570900000.0,1500000.0,-0.136,-0.286,-0.175,-0.992,38200000.0,160700000.0,1.0,216747837.0,217700000.0,217700000.0,7.216,7481700000.0,170500000.0,-635500000.0,959900000.0,34.367,856500000.0
19,QEP,MRT,2016-03-31,2016-03-31,2016-03-31,2021-02-24,-12200000.0,7282600000.0,8142500000.0,1065200000.0,6217400000.0,0.223,18.227,-1097900000.0,616400000.0,616400000.0,1147600000.0,-957600000.0,2.333,1.106,2192900000.0,176700000.0,2016200000.0,2192900000.0,0.0,925700000.0,0.0,0.004,0.06,-1367700000.0,-442000000.0,-0.244,-442000000.0,-1367700000.0,-1518600000.0,-5.08,-5.08,-5.08,3457700000.0,3831350000.0,3457700000.0,4366538900.0,-3.0,-9.879,-262200000.0,-1.382,1.0,664200000.0,0.367,0.0,150900000.0,8402500000.0,9266600000.0,7900000.0,0.0,0.0,0.0,3824900000.0,456600000.0,3368300000.0,2494038900.0,116000000.0,0.0,364900000.0,-15800000.0,-10600000.0,335100000.0,-1054800000.0,0.0,835700000.0,0.0,-957600000.0,-957600000.0,-957600000.0,0.0,0.0,-0.529,2279100000.0,-1614900000.0,204700000.0,-0.012,0.721,-2.604,-2.778,6135700000.0,0.0,14.11,1.377,1.477,115500000.0,2554500000.0,1811800000.0,1811800000.0,1900000.0,-0.118,-0.25,-0.148,-0.755,33600000.0,169100000.0,1.0,176756832.0,189700000.0,189700000.0,9.551,7282600000.0,170100000.0,-561000000.0,1074800000.0,38.39,608600000.0
20,QEP,MRT,2015-12-31,2015-12-31,2015-12-31,2021-02-24,-12400000.0,8398200000.0,8452950000.0,931800000.0,7466400000.0,0.239,22.355,-1239400000.0,376100000.0,376100000.0,1280300000.0,-149400000.0,1.452,1.127,2221300000.0,206600000.0,2014700000.0,2221300000.0,0.0,881100000.0,0.0,0.006,0.08,-87300000.0,793800000.0,0.393,793800000.0,-87300000.0,-243000000.0,-0.85,-0.85,-0.85,3947900000.0,3971900000.0,3947900000.0,4103775210.0,-47.0,5.17,-758100000.0,-4.293,1.0,738300000.0,0.366,0.0,155700000.0,9601800000.0,9569775000.0,13300000.0,0.0,0.0,0.0,4450300000.0,641600000.0,3808700000.0,2368275210.0,-784000000.0,0.0,-2700000.0,-24900000.0,-14100000.0,-47700000.0,-1217600000.0,0.0,481300000.0,0.0,-149400000.0,-149400000.0,-149400000.0,0.0,0.0,-0.074,1102800000.0,-364500000.0,351700000.0,-0.094,0.6,-15.852,-15.765,7384600000.0,0.0,13.4,1.173,1.172,278200000.0,3418300000.0,2018600000.0,2018600000.0,2700000.0,-0.018,-0.038,-0.009,-0.043,34700000.0,168000000.0,1.0,176736956.0,176600000.0,176600000.0,11.43,8398200000.0,87300000.0,-93600000.0,1525900000.0,47.555,290200000.0
21,QEP,MRT,2015-09-30,2015-09-30,2015-09-30,2021-02-24,-23100000.0,8456100000.0,8675100000.0,1040500000.0,7415600000.0,0.257,22.479,-1392400000.0,495800000.0,495800000.0,1285100000.0,555100000.0,1.409,1.129,2231300000.0,189500000.0,2041800000.0,2231300000.0,0.0,934100000.0,0.0,0.006,0.08,383500000.0,1317600000.0,0.591,1317600000.0,383500000.0,234900000.0,3.07,3.07,3.07,3972100000.0,4003750000.0,3972100000.0,3993940229.0,10.0,3.031,-795700000.0,-4.503,1.0,943700000.0,0.423,0.0,148600000.0,9453000000.0,9433000000.0,12200000.0,0.0,0.0,0.0,4484000000.0,738600000.0,3745400000.0,2213640229.0,477700000.0,0.0,-101600000.0,-1142700000.0,-14400000.0,-1277000000.0,1158000000.0,0.0,596700000.0,0.0,555100000.0,555100000.0,555100000.0,-1135700000.0,0.0,0.249,2244000000.0,-1300300000.0,409200000.0,0.026,0.557,3.988,4.081,7348500000.0,0.0,12.53,0.993,0.993,316200000.0,3459300000.0,2228800000.0,2228800000.0,7900000.0,0.064,0.139,0.041,0.172,27500000.0,198100000.0,1.0,176667217.0,176700000.0,176700000.0,12.613,8456100000.0,0.0,-320200000.0,1529400000.0,47.856,301900000.0
22,QEP,MRT,2015-06-30,2015-06-30,2015-06-30,2021-02-24,-23500000.0,8433100000.0,9130125000.0,1044100000.0,7389000000.0,0.288,22.341,-1649300000.0,445600000.0,445600000.0,1454200000.0,705100000.0,1.728,1.136,2225900000.0,7400000.0,2218500000.0,2225900000.0,0.0,961900000.0,0.0,0.004,0.08,610100000.0,1572000000.0,0.597,1572000000.0,610100000.0,456100000.0,3.9,3.89,3.9,3947700000.0,3887125000.0,3947700000.0,5003701329.0,8.0,3.183,-969700000.0,-5.488,1.0,1177000000.0,0.447,0.0,154000000.0,9609100000.0,10175675000.0,10400000.0,0.0,0.0,0.0,4485400000.0,604300000.0,3881100000.0,3270001329.0,-274800000.0,0.0,-102300000.0,-1709500000.0,-14400000.0,-1851000000.0,896600000.0,0.0,679600000.0,0.0,705100000.0,705100000.0,705100000.0,-1153100000.0,0.0,0.268,2274500000.0,-1097500000.0,463300000.0,0.021,0.828,4.638,4.746,7347400000.0,0.0,18.51,1.243,1.243,330800000.0,3442800000.0,2631200000.0,2631200000.0,7900000.0,0.077,0.181,0.06,0.232,28900000.0,205500000.0,1.0,176661336.0,176700000.0,176700000.0,14.891,8433100000.0,55700000.0,-249000000.0,1477600000.0,47.726,439800000.0
23,QEP,MRT,2015-03-31,2015-03-31,2015-03-31,2021-02-24,-23600000.0,8524400000.0,9662550000.0,1176900000.0,7347500000.0,0.305,22.814,-1791700000.0,500400000.0,500400000.0,1538300000.0,689100000.0,1.831,1.121,2234100000.0,15800000.0,2218300000.0,2234100000.0,0.0,995800000.0,0.0,0.004,0.08,583600000.0,1579400000.0,0.537,1579400000.0,583600000.0,417000000.0,3.82,3.81,3.82,4019900000.0,3732725000.0,4019900000.0,4772916124.0,8.0,3.022,-844300000.0,-4.792,1.0,1405500000.0,0.477,0.0,166600000.0,9615200000.0,10990050000.0,7600000.0,0.0,0.0,0.0,4504500000.0,642900000.0,3861600000.0,3660216124.0,478400000.0,0.0,-102300000.0,-1782300000.0,-14500000.0,-1930600000.0,1461600000.0,0.0,947400000.0,0.0,689100000.0,689100000.0,689100000.0,-1166900000.0,0.0,0.234,2522200000.0,-1116700000.0,453500000.0,0.021,0.911,5.312,5.458,7297000000.0,0.0,20.85,1.243,1.248,319400000.0,3522600000.0,2943800000.0,2943800000.0,8800000.0,0.071,0.185,0.053,0.198,29500000.0,206500000.0,1.0,175549934.0,176200000.0,176200000.0,16.707,8524400000.0,0.0,-272100000.0,1488800000.0,48.379,534000000.0
24,QEP,MRT,2014-12-31,2014-12-31,2014-12-31,2021-02-24,-24300000.0,9286800000.0,10176350000.0,2001500000.0,7285300000.0,0.324,22.666,-2726400000.0,1160100000.0,1160100000.0,1639700000.0,784400000.0,1.488,1.279,2272800000.0,54700000.0,2218100000.0,2272800000.0,0.0,1040600000.0,0.0,0.004,0.08,721000000.0,1761600000.0,0.535,1761600000.0,721000000.0,551900000.0,4.36,4.36,4.36,4075300000.0,3582075000.0,4075300000.0,6794914398.0,9.0,3.857,-1183900000.0,-6.585,1.0,1653500000.0,0.502,0.0,169100000.0,9054700000.0,12022650000.0,13700000.0,0.0,0.0,0.0,5211500000.0,1344800000.0,3866700000.0,3642614398.0,1130100000.0,50000000.0,-105900000.0,-834400000.0,-14600000.0,-990600000.0,578200000.0,0.0,1542500000.0,0.0,784400000.0,784400000.0,784400000.0,-1193900000.0,0.0,0.238,2500800000.0,-847300000.0,575400000.0,0.018,0.894,4.644,4.638,7231200000.0,0.0,20.22,1.106,1.104,441900000.0,3587900000.0,3293200000.0,3293200000.0,9900000.0,0.077,0.219,0.06,0.219,27900000.0,204400000.0,1.0,180149080.0,179800000.0,179800000.0,18.316,9286800000.0,0.0,-232500000.0,2041000000.0,51.651,656700000.0
25,QEP,MRT,2014-09-30,2014-09-30,2014-09-30,2021-02-24,-23700000.0,10276200000.0,10206875000.0,837500000.0,9438700000.0,0.317,19.465,-2693800000.0,0.0,0.0,1614000000.0,66500000.0,0.833,1.79,3152300000.0,36800000.0,3115500000.0,3152300000.0,0.0,1014700000.0,0.0,0.003,0.08,236200000.0,1250900000.0,0.387,1250900000.0,236200000.0,70300000.0,0.37,0.36,0.37,3505600000.0,3407400000.0,3505600000.0,8757415970.0,37.0,7.001,-1261300000.0,-7.003,1.0,1621000000.0,0.501,0.0,165900000.0,12423700000.0,12716475000.0,16400000.0,0.0,0.0,0.0,6275900000.0,1004800000.0,5271100000.0,5543215970.0,-104900000.0,0.0,-7200000.0,488800000.0,-14300000.0,444200000.0,-1981600000.0,0.0,1432500000.0,0.0,66500000.0,66500000.0,66500000.0,-90700000.0,0.0,0.021,1467500000.0,153500000.0,691400000.0,0.216,1.581,83.357,83.189,8212400000.0,0.0,30.78,1.714,1.714,599400000.0,3025400000.0,3235000000.0,3235000000.0,7100000.0,0.007,0.02,0.019,0.073,30800000.0,190600000.0,1.0,180091487.0,180100000.0,180600000.0,17.962,10276200000.0,0.0,3800000.0,1577200000.0,57.058,-167300000.0
26,QEP,MRT,2014-06-30,2014-06-30,2014-06-30,2021-02-24,-24600000.0,10562800000.0,9964500000.0,1384000000.0,9178800000.0,0.306,18.49,-2589100000.0,702300000.0,702300000.0,1496900000.0,-67300000.0,1.52,2.023,3916500000.0,5700000.0,3910800000.0,3916500000.0,0.0,1001900000.0,0.0,0.002,0.08,30500000.0,1032400000.0,0.339,1032400000.0,30500000.0,-135300000.0,-0.37,-0.37,-0.37,3330100000.0,3387525000.0,3330100000.0,10206127317.0,335.0,9.886,-1035000000.0,-5.747,1.0,1547600000.0,0.508,0.0,165800000.0,12866600000.0,12435725000.0,8600000.0,36700000.0,0.0,36700000.0,6736900000.0,910400000.0,5826500000.0,6212427317.0,580700000.0,0.0,442300000.0,432800000.0,-14400000.0,841300000.0,-1814700000.0,0.0,1554100000.0,0.0,-67300000.0,-67300000.0,-67300000.0,-98500000.0,0.0,-0.022,1425900000.0,121700000.0,692600000.0,-0.216,1.866,-92.309,-93.243,9096300000.0,0.0,34.5,2.041,2.041,555700000.0,2857900000.0,3044500000.0,3044500000.0,8100000.0,-0.007,-0.02,0.002,0.01,28500000.0,181900000.0,1.0,180070357.0,180100000.0,180100000.0,16.904,10562800000.0,50700000.0,-68000000.0,1663300000.0,58.65,473600000.0
27,QEP,MRT,2014-03-31,2014-03-31,2014-03-31,2021-02-24,-25500000.0,10579600000.0,9685575000.0,710400000.0,9869200000.0,0.3,19.017,-2494800000.0,3900000.0,3900000.0,1416000000.0,204800000.0,0.858,1.95,3997600000.0,78400000.0,3919200000.0,3997600000.0,0.0,1002000000.0,0.0,0.003,0.08,464300000.0,1466300000.0,0.504,1466300000.0,464300000.0,302100000.0,1.13,1.13,1.13,3417300000.0,3406150000.0,3417300000.0,8356041146.0,18.0,5.699,-1152800000.0,-6.415,1.0,1492300000.0,0.513,0.0,162200000.0,13745600000.0,12235500000.0,7800000.0,38500000.0,0.0,38500000.0,6663900000.0,827700000.0,5836200000.0,5279541146.0,22000000.0,0.0,442300000.0,547800000.0,-14300000.0,962300000.0,-2282300000.0,0.0,1342000000.0,0.0,203400000.0,203400000.0,203400000.0,-84700000.0,1400000.0,0.07,1127400000.0,364900000.0,581000000.0,0.071,1.545,25.956,26.053,9781600000.0,0.0,29.44,1.815,1.819,586500000.0,2953800000.0,2908300000.0,2908300000.0,9000000.0,0.021,0.06,0.038,0.16,28500000.0,170500000.0,1.0,179332240.0,179700000.0,180000000.0,16.184,10579600000.0,50400000.0,98700000.0,1664000000.0,58.874,-117300000.0
28,QEP,MRT,2013-12-31,2013-12-31,2013-12-31,2021-02-24,-26500000.0,9408900000.0,9326650000.0,551100000.0,8857800000.0,0.288,18.843,-1602600000.0,11900000.0,11900000.0,1356500000.0,159400000.0,0.818,1.638,3106600000.0,109100000.0,2997500000.0,3106600000.0,0.0,1016000000.0,0.0,0.003,0.08,384600000.0,1400600000.0,0.522,1400600000.0,384600000.0,219500000.0,0.89,0.89,0.89,3376600000.0,3362075000.0,3376600000.0,8255865776.0,21.0,5.895,-410900000.0,-2.293,1.0,1328600000.0,0.495,0.0,165100000.0,11830000000.0,11774325000.0,13400000.0,50000000.0,0.0,50000000.0,5532100000.0,673600000.0,4858500000.0,5494965776.0,30000000.0,-50000000.0,440300000.0,-140700000.0,-14300000.0,279800000.0,-1441500000.0,0.0,1191700000.0,0.0,159400000.0,159400000.0,159400000.0,-107300000.0,0.0,0.059,1125600000.0,203000000.0,361900000.0,0.09,1.627,34.473,34.438,7592500000.0,0.0,30.65,2.046,2.046,330300000.0,2917800000.0,2685100000.0,2685100000.0,11900000.0,0.017,0.047,0.033,0.143,27100000.0,160400000.0,1.0,179281102.0,179200000.0,179500000.0,14.984,9408900000.0,27900000.0,60100000.0,1428300000.0,52.505,-122500000.0
29,QEP,MRT,2013-09-30,2013-09-30,2013-09-30,2021-02-24,-24000000.0,9306700000.0,9251550000.0,546800000.0,8759900000.0,0.28,19.108,-1487600000.0,123000000.0,123000000.0,1367400000.0,187600000.0,0.773,1.571,2883900000.0,1600000.0,2882300000.0,2883900000.0,0.0,1014100000.0,0.0,0.003,0.08,376200000.0,1390300000.0,0.536,1390300000.0,376200000.0,210600000.0,1.05,1.05,1.05,3426100000.0,3334425000.0,3426100000.0,8326029689.0,22.0,5.989,-184700000.0,-1.03,1.0,1226400000.0,0.473,59500000.0,165600000.0,11300700000.0,11698375000.0,13100000.0,39000000.0,0.0,39000000.0,5381800000.0,707400000.0,4674400000.0,4964529689.0,123000000.0,0.0,440900000.0,-324900000.0,-14300000.0,99500000.0,-1279400000.0,0.0,1302900000.0,0.0,188300000.0,188300000.0,188300000.0,-151100000.0,-700000.0,0.073,1173600000.0,52800000.0,593600000.0,0.076,1.449,26.365,26.371,8602400000.0,0.0,27.69,1.914,1.914,321900000.0,2973700000.0,2593800000.0,2593800000.0,14400000.0,0.02,0.056,0.032,0.145,26100000.0,261500000.0,1.0,179289624.0,179300000.0,179500000.0,14.466,9247200000.0,0.0,22300000.0,1562200000.0,51.574,-160600000.0
30,QEP,MRT,2013-06-30,2013-06-30,2013-06-30,2021-02-24,-5400000.0,9447100000.0,9173900000.0,793100000.0,8654000000.0,0.263,18.988,-2856100000.0,139700000.0,139700000.0,1270600000.0,148200000.0,1.161,1.761,3501200000.0,95500000.0,3405700000.0,3501200000.0,0.0,995600000.0,0.0,0.003,0.08,314000000.0,1309600000.0,0.542,1309600000.0,314000000.0,159800000.0,0.82,0.82,0.82,3404600000.0,3310150000.0,3404600000.0,8447173894.0,27.0,6.45,-1756500000.0,-9.796,1.0,1146100000.0,0.474,59500000.0,154200000.0,12065700000.0,11755225000.0,3800000.0,40000000.0,0.0,40000000.0,5996000000.0,683400000.0,5312600000.0,4979973894.0,-6700000.0,0.0,2300000.0,1634000000.0,-14300000.0,1605200000.0,-2711500000.0,0.0,1099600000.0,0.0,147900000.0,147900000.0,147900000.0,-125900000.0,300000.0,0.061,1189200000.0,-43100000.0,496700000.0,0.098,1.463,33.671,33.878,8483900000.0,0.0,27.78,2.061,2.061,489800000.0,2940000000.0,2416700000.0,2416700000.0,14800000.0,0.016,0.045,0.027,0.13,26500000.0,262500000.0,1.0,179264719.0,179300000.0,179500000.0,13.479,9387600000.0,6400000.0,11900000.0,1654000000.0,52.357,109700000.0
31,QEP,MRT,2013-03-31,2013-03-31,2013-03-31,2021-02-24,13900000.0,9143900000.0,8721525000.0,593100000.0,8550800000.0,0.248,18.311,-2846400000.0,0.0,0.0,1166100000.0,-31400000.0,0.911,1.807,3467200000.0,99700000.0,3367500000.0,3467200000.0,0.0,960200000.0,0.0,0.003,0.08,17000000.0,977200000.0,0.451,977200000.0,17000000.0,-124000000.0,-0.17,-0.17,-0.17,3241000000.0,3300750000.0,3241000000.0,8931687529.0,525.0,9.14,-1706800000.0,-9.643,1.0,998900000.0,0.461,59500000.0,141000000.0,11900900000.0,10941550000.0,7100000.0,41000000.0,0.0,41000000.0,5856100000.0,650700000.0,5205400000.0,5685087529.0,0.0,0.0,1800000.0,1734400000.0,-14200000.0,1703400000.0,-2843000000.0,0.0,1139600000.0,0.0,-31200000.0,-31200000.0,-31200000.0,-125900000.0,-200000.0,-0.014,1304800000.0,-305900000.0,455500000.0,-0.471,1.754,-182.214,-187.294,8390700000.0,0.0,31.84,2.626,2.603,432300000.0,2765200000.0,2165000000.0,2165000000.0,14300000.0,-0.004,-0.009,0.002,0.008,26000000.0,258400000.0,1.0,178551744.0,177000000.0,177000000.0,12.232,9084400000.0,18100000.0,-92800000.0,1542100000.0,51.324,-57600000.0
32,QEP,MRT,2012-12-31,2012-12-31,2012-12-31,2021-02-24,32800000.0,9108500000.0,8318825000.0,657300000.0,8451200000.0,0.249,18.369,-2799700000.0,0.0,0.0,1151300000.0,128300000.0,0.854,1.774,3246600000.0,39700000.0,3206900000.0,3246600000.0,0.0,905300000.0,0.0,0.003,0.08,252700000.0,1158000000.0,0.559,1158000000.0,252700000.0,126400000.0,0.72,0.72,0.72,3266000000.0,3342500000.0,3266000000.0,8599794355.0,34.0,7.426,-1503700000.0,-8.457,1.0,920400000.0,0.444,59500000.0,126300000.0,11526200000.0,10130425000.0,13100000.0,41200000.0,0.0,41200000.0,5794800000.0,769400000.0,5025400000.0,5391594355.0,0.0,0.0,0.0,1537100000.0,-14200000.0,1498500000.0,-2794500000.0,0.0,1296000000.0,0.0,128300000.0,128300000.0,128300000.0,-125900000.0,0.0,0.062,1241600000.0,-321200000.0,643400000.0,0.111,1.651,42.023,42.042,8299500000.0,0.0,30.27,2.602,2.598,387500000.0,2773000000.0,2071700000.0,2071700000.0,11200000.0,0.015,0.038,0.025,0.122,25600000.0,248400000.0,1.0,178116761.0,177800000.0,178700000.0,11.652,9049000000.0,0.0,-1900000.0,1540300000.0,50.894,-112100000.0
33,QEP,MRT,2012-09-30,2012-09-30,2012-09-30,2021-02-24,77400000.0,8996100000.0,7902375000.0,619800000.0,8376300000.0,0.316,18.713,-2873700000.0,0.0,0.0,1223700000.0,154800000.0,1.005,1.688,3208200000.0,27500000.0,3180700000.0,3208200000.0,0.0,847500000.0,0.0,0.003,0.08,341900000.0,1189400000.0,0.476,1189400000.0,341900000.0,236000000.0,0.84,0.85,0.84,3329000000.0,3351375000.0,3329000000.0,7348374075.0,21.0,6.178,-1564800000.0,-8.796,1.0,1274500000.0,0.51,59500000.0,105900000.0,11528100000.0,9362425000.0,14000000.0,41700000.0,0.0,41700000.0,5619100000.0,616700000.0,5002400000.0,5628174075.0,0.0,0.0,0.0,1598100000.0,-14200000.0,1558700000.0,-2867600000.0,0.0,1308900000.0,0.0,151100000.0,151100000.0,151100000.0,0.0,3700000.0,0.06,1276600000.0,-2100000.0,464600000.0,0.095,1.691,37.248,37.69,8284800000.0,0.0,31.66,2.253,2.255,274300000.0,2805600000.0,2498200000.0,2498200000.0,9300000.0,0.019,0.045,0.037,0.137,25000000.0,148600000.0,1.0,177769238.0,177900000.0,177900000.0,14.043,8936600000.0,0.0,84900000.0,1604000000.0,50.234,3100000.0
34,QEP,MRT,2012-06-30,2012-06-30,2012-06-30,2021-02-24,118100000.0,7637600000.0,7477575000.0,795600000.0,6842000000.0,0.379,18.948,-1454800000.0,146400000.0,146400000.0,1428100000.0,259300000.0,1.633,1.254,1866600000.0,0.0,1866600000.0,1866600000.0,0.0,801900000.0,0.0,0.003,0.08,500700000.0,1302600000.0,0.459,1302600000.0,500700000.0,402000000.0,1.44,1.44,1.44,3367000000.0,3338050000.0,3367000000.0,7078336242.0,14.0,5.434,-96500000.0,-0.543,1.0,1407600000.0,0.496,59500000.0,98700000.0,8811000000.0,8544825000.0,11600000.0,41900000.0,0.0,41900000.0,4221400000.0,487300000.0,3734100000.0,5346236242.0,146400000.0,0.0,-9800000.0,275300000.0,-14100000.0,232700000.0,-1444600000.0,0.0,1358300000.0,0.0,255700000.0,255700000.0,255700000.0,0.0,3600000.0,0.09,1213700000.0,193900000.0,373800000.0,0.056,1.588,20.908,20.813,6713600000.0,0.0,29.97,1.885,1.878,236900000.0,2820700000.0,2835700000.0,2835700000.0,9500000.0,0.034,0.077,0.059,0.177,23500000.0,135600000.0,1.0,178386261.0,177700000.0,177700000.0,15.958,7578100000.0,0.0,146300000.0,1641300000.0,42.645,308300000.0
35,QEP,MRT,2012-03-31,2012-03-31,2012-03-31,2021-02-24,161900000.0,7533100000.0,7336925000.0,775400000.0,6757700000.0,0.429,19.211,-1426500000.0,0.0,0.0,1598500000.0,352600000.0,1.412,1.196,1732100000.0,58600000.0,1673500000.0,1732100000.0,0.0,774100000.0,0.0,0.003,0.08,642200000.0,1416300000.0,0.45,1416300000.0,642200000.0,549600000.0,1.96,1.96,1.96,3408000000.0,3279500000.0,3408000000.0,7122503823.0,11.0,5.029,-104800000.0,-0.591,1.0,1546000000.0,0.492,59500000.0,92600000.0,8656400000.0,8347850000.0,10900000.0,42600000.0,0.0,42600000.0,4075400000.0,549300000.0,3526100000.0,5413703823.0,0.0,0.0,-9300000.0,133700000.0,-14200000.0,94200000.0,-1415900000.0,0.0,1321700000.0,0.0,349200000.0,349200000.0,349200000.0,0.0,3400000.0,0.111,1127700000.0,418300000.0,380700000.0,0.041,1.589,15.503,15.561,6585700000.0,0.0,30.5,1.722,1.721,303500000.0,2825100000.0,3144500000.0,3144500000.0,9700000.0,0.048,0.106,0.077,0.204,20300000.0,127500000.0,1.0,177498486.0,177400000.0,178500000.0,17.725,7473600000.0,0.0,200400000.0,1655600000.0,42.129,226100000.0
36,QEP,MRT,2011-12-31,2011-12-31,2011-12-31,2021-02-24,207900000.0,7442700000.0,7158275000.0,731000000.0,6711700000.0,0.441,18.705,-1431100000.0,0.0,0.0,1537200000.0,270400000.0,1.146,1.239,1708800000.0,29400000.0,1679400000.0,1708800000.0,0.0,765600000.0,0.0,0.003,0.08,511600000.0,1277200000.0,0.404,1277200000.0,511600000.0,421600000.0,1.51,1.5,1.51,3301500000.0,3187350000.0,3301500000.0,6794108133.0,13.0,5.32,-138500000.0,-0.785,1.0,1622000000.0,0.513,59500000.0,90000000.0,8454200000.0,8153725000.0,16200000.0,42200000.0,0.0,42200000.0,4090600000.0,637800000.0,3452800000.0,5184708133.0,0.0,0.0,0.0,157900000.0,-14100000.0,130300000.0,-1422900000.0,0.0,1292600000.0,0.0,267200000.0,267200000.0,267200000.0,0.0,3200000.0,0.085,1116100000.0,505900000.0,457300000.0,0.053,1.57,19.404,19.404,6448900000.0,0.0,29.3,1.641,1.637,397400000.0,2673500000.0,3159200000.0,3159200000.0,10500000.0,0.037,0.084,0.063,0.162,22000000.0,123200000.0,1.0,176952496.0,176500000.0,178400000.0,17.899,7383200000.0,0.0,154400000.0,1610100000.0,41.831,93200000.0
37,QEP,MRT,2011-09-30,2011-09-30,2011-09-30,2021-02-24,184400000.0,7296900000.0,6993925000.0,719500000.0,6577400000.0,0.419,18.549,-1431500000.0,0.0,0.0,1403400000.0,335500000.0,1.221,1.212,1609400000.0,26700000.0,1582700000.0,1609400000.0,0.0,740300000.0,0.0,0.003,0.08,613600000.0,1353900000.0,0.462,1353900000.0,613600000.0,525000000.0,1.89,1.87,1.89,3275700000.0,3114550000.0,3275700000.0,6379419270.0,10.0,4.712,-246300000.0,-1.395,1.0,1528700000.0,0.521,59500000.0,88600000.0,8257700000.0,7953100000.0,16100000.0,44100000.0,0.0,44100000.0,3970300000.0,589100000.0,3381200000.0,4788819270.0,-2200000.0,0.0,0.0,253300000.0,-14100000.0,236500000.0,-1423900000.0,0.0,1185200000.0,3600000.0,332500000.0,332500000.0,332500000.0,0.0,3000000.0,0.113,913800000.0,614900000.0,455300000.0,0.042,1.462,14.402,14.323,6411300000.0,0.0,27.07,1.633,1.63,355300000.0,2677200000.0,2932100000.0,2932100000.0,21300000.0,0.048,0.107,0.077,0.209,21300000.0,120700000.0,1.0,176905034.0,176600000.0,178500000.0,16.603,7237400000.0,0.0,192500000.0,1596100000.0,40.982,130400000.0
38,QEP,MRT,2011-06-30,2011-06-30,2011-06-30,2021-02-24,145700000.0,7075000000.0,6849800000.0,655600000.0,6419400000.0,0.382,17.74,-1474700000.0,0.0,0.0,1147100000.0,305000000.0,1.125,1.242,1590600000.0,18000000.0,1572600000.0,1590600000.0,0.0,721800000.0,0.0,0.002,0.08,568100000.0,1289900000.0,0.493,1289900000.0,568100000.0,479700000.0,1.71,1.7,1.71,3132800000.0,3050150000.0,3132800000.0,8991777310.0,16.0,6.971,-316700000.0,-1.793,1.0,1469700000.0,0.562,59600000.0,88400000.0,8023100000.0,7731900000.0,11700000.0,44000000.0,0.0,44000000.0,3890600000.0,582900000.0,3307700000.0,7393777310.0,0.0,0.0,0.0,328300000.0,-14100000.0,294200000.0,-1452200000.0,0.0,1158000000.0,3600000.0,302100000.0,302100000.0,302100000.0,0.0,2900000.0,0.115,888900000.0,580800000.0,430600000.0,0.047,2.36,24.475,24.462,6267700000.0,0.0,41.83,2.826,2.823,340700000.0,2579400000.0,2616800000.0,2616800000.0,21800000.0,0.044,0.099,0.073,0.217,19800000.0,116700000.0,1.0,176757765.0,176600000.0,178600000.0,14.818,7015400000.0,0.0,177600000.0,1503900000.0,39.725,72700000.0
39,QEP,MRT,2011-03-31,2011-03-31,2011-03-31,2021-02-24,146500000.0,6818500000.0,6670150000.0,580500000.0,6238000000.0,0.351,17.25,-1523100000.0,0.0,0.0,931700000.0,303000000.0,1.217,1.226,1598000000.0,25500000.0,1572500000.0,1598000000.0,0.0,686500000.0,0.0,0.001,0.06,550500000.0,1237000000.0,0.529,1237000000.0,550500000.0,463900000.0,1.71,1.69,1.71,3039400000.0,2990000000.0,3039400000.0,8697715078.0,16.0,7.031,-426400000.0,-2.42,1.0,1406600000.0,0.602,59600000.0,86600000.0,7879900000.0,7438375000.0,7500000.0,44000000.0,0.0,44000000.0,3727200000.0,477000000.0,3250200000.0,7147415078.0,0.0,0.0,250000000.0,185700000.0,-10500000.0,394400000.0,-1491100000.0,27900000.0,1096700000.0,3600000.0,300100000.0,300100000.0,300100000.0,-22000000.0,2900000.0,0.128,867100000.0,539500000.0,306400000.0,0.035,2.352,23.817,23.708,6083700000.0,0.0,40.54,3.057,3.055,262900000.0,2490000000.0,2338300000.0,2338300000.0,22200000.0,0.045,0.1,0.074,0.235,19900000.0,113700000.0,1.0,176305256.0,176200000.0,178300000.0,13.271,6758900000.0,0.0,163800000.0,1440400000.0,38.359,103500000.0
40,QEP,MRT,2010-12-31,2010-12-31,2010-12-31,2021-02-24,194300000.0,6785300000.0,6666450000.0,654200000.0,6131100000.0,0.345,17.172,-1469000000.0,0.0,0.0,934200000.0,329100000.0,1.048,1.236,1550300000.0,78000000.0,1472300000.0,1550300000.0,0.0,643400000.0,0.0,0.001,0.04,577600000.0,1221000000.0,0.531,1221000000.0,577600000.0,493200000.0,1.86,1.84,1.86,3010300000.0,2990275000.0,3010300000.0,7730193862.0,13.0,6.331,-402900000.0,-2.298,1.0,1366400000.0,0.594,59600000.0,84400000.0,7651700000.0,7309750000.0,16400000.0,44500000.0,0.0,44500000.0,3722200000.0,624300000.0,3097900000.0,6376793862.0,-19300000.0,0.0,250000000.0,161600000.0,-7000000.0,346800000.0,-1430400000.0,52900000.0,1066100000.0,1800000.0,326200000.0,326200000.0,326200000.0,-43200000.0,2900000.0,0.142,821100000.0,545300000.0,332200000.0,0.022,2.118,19.549,19.522,5955400000.0,0.0,36.31,2.772,2.767,269900000.0,2420000000.0,2300600000.0,2300600000.0,23000000.0,0.049,0.109,0.079,0.251,16100000.0,107200000.0,1.0,175620872.0,175300000.0,177300000.0,13.124,6725700000.0,0.0,167000000.0,1424400000.0,38.367,29900000.0
41,QEP,MRT,2010-09-30,2010-09-30,2010-09-30,2021-02-24,278800000.0,6720400000.0,6590475000.0,754300000.0,5966100000.0,0.345,17.207,-1432100000.0,2200000.0,2200000.0,907700000.0,380300000.0,1.176,1.209,1355600000.0,58500000.0,1297100000.0,1355600000.0,0.0,626200000.0,0.0,0.001,0.02,639800000.0,1266000000.0,0.557,1266000000.0,639800000.0,556100000.0,2.16,2.13,2.16,3018100000.0,2926150000.0,3018100000.0,6540162158.0,10.0,5.166,-259100000.0,-1.477,1.0,1365100000.0,0.601,59600000.0,83700000.0,7372900000.0,7178100000.0,93100000.0,44500000.0,0.0,44500000.0,3649000000.0,641300000.0,3007700000.0,5278762158.0,2200000.0,0.0,250000000.0,73500000.0,-3500000.0,234800000.0,-1403800000.0,69200000.0,1173000000.0,-1800000.0,377300000.0,377300000.0,377300000.0,-64700000.0,3000000.0,0.166,780800000.0,584300000.0,393300000.0,0.009,1.749,13.991,13.954,5657600000.0,0.0,30.14,2.323,2.326,297800000.0,2349600000.0,2272800000.0,2272800000.0,15900000.0,0.057,0.129,0.089,0.282,14500000.0,99800000.0,1.0,175141412.0,175400000.0,177900000.0,12.958,6660800000.0,0.0,178800000.0,1473600000.0,37.975,113000000.0
42,QEP,MRT,2010-06-30,2010-06-30,2010-06-30,2021-02-24,209900000.0,6356400000.0,6427875000.0,603600000.0,5752800000.0,0.342,16.517,-1288200000.0,0.0,0.0,864200000.0,401000000.0,0.852,1.179,1261400000.0,164600000.0,1096800000.0,1261400000.0,0.0,588300000.0,0.0,0.0,0.0,653100000.0,1241400000.0,0.565,1241400000.0,653100000.0,574800000.0,2.29,2.25,2.29,2892200000.0,2833325000.0,2892200000.0,6727585376.0,10.0,5.419,-81800000.0,-0.467,1.0,1332000000.0,0.607,60000000.0,78300000.0,6849000000.0,7026975000.0,83500000.0,44200000.0,0.0,44200000.0,3410400000.0,708800000.0,2701600000.0,5314385376.0,0.0,0.0,250000000.0,-95600000.0,0.0,82500000.0,-1287100000.0,86300000.0,1206400000.0,-1800000.0,398200000.0,398200000.0,398200000.0,-85300000.0,2800000.0,0.181,749700000.0,582300000.0,388100000.0,0.0,1.837,13.346,13.463,5476600000.0,0.0,30.83,2.42,2.458,253900000.0,2298200000.0,2196200000.0,2196200000.0,19300000.0,0.062,0.141,0.093,0.297,13100000.0,99500000.0,1.0,172377080.0,175100000.0,177600000.0,12.543,6296400000.0,0.0,176600000.0,1344600000.0,35.959,-105200000.0
43,QEP,MRT,2010-03-31,2010-03-31,2010-03-31,2021-02-24,275100000.0,6803700000.0,6379350000.0,693000000.0,6110700000.0,0.331,17.384,-1135300000.0,0.0,0.0,805400000.0,374800000.0,0.876,1.22,1413200000.0,214500000.0,1198700000.0,1413200000.0,0.0,566800000.0,0.0,,0.0,608500000.0,1175300000.0,0.557,1175300000.0,608500000.0,534700000.0,2.14,2.11,2.14,3040500000.0,2788950000.0,3040500000.0,,,,132800000.0,0.759,1.0,1303900000.0,0.618,60100000.0,73800000.0,7365400000.0,7053250000.0,8900000.0,44100000.0,0.0,44100000.0,3708900000.0,791400000.0,2917500000.0,,-4800000.0,0.0,0.0,19100000.0,4300000.0,-66900000.0,-1199400000.0,61300000.0,1268100000.0,-6600000.0,372100000.0,372100000.0,372100000.0,-83100000.0,2700000.0,0.176,730600000.0,573300000.0,391700000.0,0.0,,,,5881400000.0,0.0,,,,268300000.0,2633100000.0,2109300000.0,2109300000.0,25500000.0,0.058,0.133,0.086,0.288,13300000.0,97900000.0,1.0,172377080.0,174900000.0,177200000.0,12.06,6743600000.0,0.0,162600000.0,1409900000.0,38.557,-98400000.0
44,QEP,MRT,2009-12-31,2009-12-31,2009-12-31,2021-02-24,87100000.0,6481400000.0,6250675000.0,605200000.0,5876200000.0,0.322,15.817,-1196900000.0,19300000.0,19300000.0,731100000.0,296100000.0,0.91,1.334,1388000000.0,39300000.0,1348700000.0,1388000000.0,0.0,559100000.0,0.0,,0.0,481200000.0,1040300000.0,0.517,1040300000.0,481200000.0,411100000.0,1.69,1.67,1.69,2753800000.0,2727600000.0,2753800000.0,,,,126900000.0,0.729,1.0,1280100000.0,0.636,60100000.0,70100000.0,7125100000.0,6979050000.0,17500000.0,43900000.0,0.0,43900000.0,3672700000.0,664900000.0,3007800000.0,,-5800000.0,0.0,0.0,-600000.0,0.0,-62200000.0,-1262600000.0,36300000.0,1323800000.0,-4800000.0,293500000.0,293500000.0,293500000.0,-80700000.0,2600000.0,0.146,694600000.0,585500000.0,313000000.0,0.0,,,,5759500000.0,0.0,,,,272700000.0,2538200000.0,2011200000.0,2011200000.0,25000000.0,0.047,0.108,0.069,0.239,13400000.0,91700000.0,1.0,172377080.0,174100000.0,176300000.0,11.552,6421300000.0,21200000.0,117600000.0,1223500000.0,36.883,-59700000.0
45,QEP,MRT,2009-09-30,2009-09-30,2009-09-30,2021-02-24,95000000.0,6070000000.0,6188925000.0,531500000.0,5538500000.0,0.296,15.185,-1162600000.0,0.0,0.0,641100000.0,267700000.0,1.012,1.273,1283500000.0,9800000.0,1273700000.0,1283500000.0,0.0,474900000.0,0.0,,0.0,390300000.0,865200000.0,0.472,865200000.0,390300000.0,328400000.0,,,,2646800000.0,2726625000.0,2646800000.0,,,,166300000.0,0.954,1.0,1190800000.0,0.65,60100000.0,61900000.0,6768400000.0,6903500000.0,12900000.0,49000000.0,6300000.0,42700000.0,3368100000.0,525000000.0,2843100000.0,,-25100000.0,0.0,0.0,143000000.0,13000000.0,17600000.0,-1346500000.0,22500000.0,1328900000.0,,263900000.0,263900000.0,263900000.0,-114300000.0,3800000.0,0.144,643900000.0,546900000.0,363000000.0,,,,,5489500000.0,0.0,,,,206400000.0,2426500000.0,1831900000.0,1831900000.0,32900000.0,0.043,0.097,0.057,0.213,12600000.0,83400000.0,1.0,172377080.0,174300000.0,,10.51,6009900000.0,0.0,64500000.0,1200500000.0,34.48,6500000.0
46,QEP,MRT,2009-06-30,2009-06-30,2009-06-30,2021-02-24,253600000.0,6162300000.0,6060500000.0,685300000.0,5477000000.0,0.331,15.593,-1380900000.0,0.0,0.0,698900000.0,375100000.0,1.35,1.249,1359500000.0,10300000.0,1349200000.0,1359500000.0,0.0,447500000.0,0.0,,0.0,573200000.0,1020700000.0,0.509,1020700000.0,573200000.0,510500000.0,,,,2714700000.0,2686400000.0,2714700000.0,,,,12700000.0,0.073,1.0,1306400000.0,0.651,60100000.0,62700000.0,6954100000.0,6741475000.0,6800000.0,58200000.0,16400000.0,41800000.0,3391800000.0,507600000.0,2884200000.0,,-25100000.0,0.0,0.0,187100000.0,8700000.0,71400000.0,-1465000000.0,-2100000.0,1393600000.0,,369500000.0,369500000.0,369500000.0,-93700000.0,5600000.0,0.184,553200000.0,753200000.0,330700000.0,,,,,5402500000.0,0.0,,,,194800000.0,2338800000.0,2005300000.0,2005300000.0,34000000.0,0.061,0.138,0.085,0.286,12400000.0,77400000.0,1.0,172377080.0,174100000.0,,11.518,6102200000.0,0.0,141000000.0,1258900000.0,35.05,177700000.0
47,QEP,MRT,2009-03-31,2009-03-31,2009-03-31,2021-02-24,397800000.0,6289000000.0,5800775000.0,843600000.0,5445400000.0,0.387,16.215,-1533900000.0,0.0,0.0,847700000.0,474000000.0,1.527,1.229,1392100000.0,43000000.0,1349100000.0,1392100000.0,0.0,412300000.0,0.0,,0.0,743900000.0,1156200000.0,0.515,1156200000.0,743900000.0,678600000.0,,,,2795100000.0,2421150000.0,2795100000.0,,,,-131400000.0,-0.762,1.0,1395400000.0,0.622,60100000.0,65300000.0,7068600000.0,6310725000.0,8600000.0,41300000.0,0.0,41300000.0,3435800000.0,552400000.0,2883400000.0,,-20300000.0,0.0,0.0,251800000.0,0.0,153700000.0,-1556200000.0,-7500000.0,1402500000.0,,466900000.0,466900000.0,466900000.0,-73900000.0,7100000.0,0.208,500900000.0,894500000.0,334000000.0,,,,,5320500000.0,0.0,,,,223100000.0,2278500000.0,2243100000.0,2243100000.0,28900000.0,0.08,0.193,0.118,0.332,11500000.0,78400000.0,1.0,172377080.0,172377080.0,,13.013,6228900000.0,0.0,211700000.0,1307300000.0,36.135,291200000.0
48,QEP,MRT,2008-12-31,2008-12-31,2008-12-31,2021-02-24,341600000.0,6234400000.0,5398025000.0,894400000.0,5340000000.0,0.43,15.914,-2136700000.0,20300000.0,20300000.0,931700000.0,594500000.0,1.243,1.256,1388500000.0,89400000.0,1299100000.0,1388500000.0,0.0,362500000.0,0.0,,0.0,930800000.0,1293300000.0,0.558,1293300000.0,930800000.0,869100000.0,3.39,3.32,3.39,2749900000.0,2173550000.0,2749900000.0,,,,-782600000.0,-4.529,1.0,1387100000.0,0.598,60200000.0,61700000.0,6822900000.0,5811275000.0,23600000.0,44400000.0,0.0,44400000.0,3455000000.0,719500000.0,2735500000.0,,22400000.0,0.0,0.0,827000000.0,0.0,830800000.0,-2164600000.0,-9000000.0,1354100000.0,2100000.0,585500000.0,585500000.0,585500000.0,-73900000.0,9000000.0,0.253,453900000.0,933200000.0,425800000.0,0.0,,,,5193200000.0,0.0,,,,304400000.0,2262100000.0,2318800000.0,2318800000.0,29300000.0,0.108,0.269,0.16,0.401,10500000.0,78100000.0,1.0,172377080.0,172800000.0,176100000.0,13.419,6174200000.0,0.0,283600000.0,1322600000.0,35.73,174900000.0
49,QEP,MRT,2008-09-30,2008-09-30,2008-09-30,2021-02-24,162700000.0,5556300000.0,4791025000.0,646400000.0,4909900000.0,0.506,14.421,-2064300000.0,0.0,0.0,971100000.0,606400000.0,1.123,1.235,1199800000.0,25700000.0,1174100000.0,1199800000.0,0.0,366600000.0,0.0,,0.0,1011000000.0,1377600000.0,0.568,1377600000.0,1011000000.0,952300000.0,,,,2485900000.0,1951100000.0,2485900000.0,,,,-809300000.0,-4.695,1.0,1453700000.0,0.6,60200000.0,58700000.0,6120300000.0,5069375000.0,16300000.0,30400000.0,0.0,30400000.0,3070400000.0,575600000.0,2494800000.0,,0.0,0.0,0.0,651200000.0,-17300000.0,708500000.0,-1963500000.0,-17400000.0,1255000000.0,,599500000.0,599500000.0,599500000.0,0.0,6900000.0,0.247,450400000.0,1003300000.0,470800000.0,,,,,4828300000.0,0.0,,,,269500000.0,2179900000.0,2424800000.0,2424800000.0,30000000.0,0.125,0.307,0.199,0.417,10500000.0,90500000.0,1.0,172377080.0,172377080.0,,14.067,5496100000.0,0.0,352800000.0,1110500000.0,31.884,70800000.0
50,QEP,MRT,2008-06-30,2008-06-30,2008-06-30,2021-02-24,-473600000.0,5123400000.0,4298625000.0,648200000.0,4475200000.0,0.509,9.594,-1852700000.0,0.0,0.0,896900000.0,515100000.0,0.61,2.098,1231000000.0,131900000.0,1099100000.0,1231000000.0,0.0,333000000.0,0.0,,0.0,858900000.0,1191900000.0,0.545,1191900000.0,858900000.0,809300000.0,,,,1653700000.0,1787150000.0,1653700000.0,,,,-764800000.0,-4.437,1.0,1290100000.0,0.59,60900000.0,49600000.0,5231100000.0,4438300000.0,9900000.0,22300000.0,0.0,22300000.0,3469700000.0,1062400000.0,2407300000.0,,0.0,0.0,0.0,679900000.0,-17400000.0,756900000.0,-1844800000.0,-12300000.0,1087900000.0,,510600000.0,510600000.0,510600000.0,0.0,4500000.0,0.233,472700000.0,817400000.0,472900000.0,,,,,4408700000.0,0.0,,,,365200000.0,1986600000.0,2187000000.0,2187000000.0,24200000.0,0.119,0.286,0.194,0.393,10300000.0,95500000.0,1.0,172377080.0,172377080.0,,12.687,5062500000.0,190700000.0,298700000.0,776200000.0,29.369,-414200000.0
51,QEP,MRT,2008-03-31,2008-03-31,2008-03-31,2021-02-24,-162100000.0,4678000000.0,3864975000.0,461700000.0,4216300000.0,0.507,10.469,-1692500000.0,0.0,0.0,777900000.0,453000000.0,0.62,1.592,1198700000.0,149400000.0,1049300000.0,1198700000.0,0.0,312900000.0,0.0,,0.0,751500000.0,1064400000.0,0.544,1064400000.0,751500000.0,711600000.0,,,,1804700000.0,1793725000.0,1804700000.0,,,,-733700000.0,-4.256,1.0,1180200000.0,0.603,60900000.0,39900000.0,5070800000.0,3982125000.0,9200000.0,19700000.0,0.0,19700000.0,2873300000.0,745000000.0,2128300000.0,,0.0,0.0,0.0,660300000.0,-17300000.0,731900000.0,-1690700000.0,-12900000.0,958800000.0,,450600000.0,450600000.0,450600000.0,0.0,2400000.0,0.23,449600000.0,730600000.0,375500000.0,,,,,4133800000.0,0.0,,,,292700000.0,1828900000.0,1958100000.0,1958100000.0,23500000.0,0.117,0.251,0.189,0.384,9700000.0,95100000.0,1.0,172377080.0,172377080.0,,11.359,4617100000.0,97000000.0,261000000.0,798600000.0,26.785,-283300000.0
52,QEP,MRT,2007-12-31,2007-12-31,2007-12-31,2021-02-24,31000000.0,3806400000.0,3499000000.0,524900000.0,3281500000.0,0.527,10.791,-943900000.0,0.0,0.0,744200000.0,420800000.0,1.032,1.046,618200000.0,118900000.0,499300000.0,618200000.0,0.0,296000000.0,0.0,,0.0,697700000.0,993700000.0,0.539,993700000.0,697700000.0,662100000.0,,,,1860100000.0,1736450000.0,1860100000.0,,,,-48400000.0,-0.281,1.0,1099200000.0,0.596,60900000.0,35600000.0,3855300000.0,3522325000.0,23200000.0,56700000.0,0.0,56700000.0,1946300000.0,508400000.0,1437900000.0,,-18200000.0,0.0,0.0,76300000.0,-17300000.0,25600000.0,-939300000.0,-14800000.0,895500000.0,0.0,420800000.0,420800000.0,420800000.0,0.0,0.0,0.228,425800000.0,673400000.0,316700000.0,,,,,3173800000.0,0.0,,,,367600000.0,1693900000.0,1843400000.0,1843400000.0,22000000.0,0.12,0.242,0.198,0.378,8900000.0,91300000.0,1.0,172377080.0,172377080.0,,10.694,3745500000.0,4600000.0,241300000.0,785600000.0,21.729,16500000.0
53,QEP,MRT,2007-09-30,2007-09-30,2007-09-30,2021-02-24,99600000.0,3586700000.0,3359800000.0,478400000.0,3108300000.0,0.552,10.617,-879500000.0,0.0,0.0,814700000.0,410400000.0,1.01,0.96,543900000.0,144600000.0,399300000.0,543900000.0,0.0,285200000.0,0.0,,0.0,683200000.0,968400000.0,0.522,968400000.0,683200000.0,648800000.0,,,,1830100000.0,1657625000.0,1830100000.0,,,,-19800000.0,-0.115,1.0,1039400000.0,0.561,60900000.0,34400000.0,3596000000.0,3346650000.0,17800000.0,45900000.0,0.0,45900000.0,1756600000.0,473700000.0,1282900000.0,,0.0,0.0,0.0,36900000.0,-17300000.0,17500000.0,-877200000.0,-8900000.0,859700000.0,0.0,410400000.0,410400000.0,410400000.0,0.0,0.0,0.221,370400000.0,669000000.0,296600000.0,,,,,2969400000.0,0.0,,,,281600000.0,1597700000.0,1854100000.0,1854100000.0,10900000.0,0.122,0.248,0.204,0.368,8400000.0,86200000.0,1.0,172377080.0,172377080.0,,10.756,3525800000.0,0.0,238400000.0,734500000.0,20.454,4700000.0
54,QEP,MRT,2007-06-30,2007-06-30,2007-06-30,2021-02-24,56200000.0,3388800000.0,3198261500.0,485900000.0,2902900000.0,0.594,9.746,-849200000.0,0.0,0.0,895400000.0,393700000.0,1.038,1.017,546500000.0,147200000.0,399300000.0,546500000.0,0.0,275600000.0,0.0,,0.0,655000000.0,930600000.0,0.49,930600000.0,655000000.0,621600000.0,,,,1680000000.0,1557375250.0,1680000000.0,,,,-47700000.0,-0.277,1.0,1003000000.0,0.528,60900000.0,33400000.0,3406400000.0,3190557750.0,12000000.0,45200000.0,0.0,45200000.0,1708800000.0,468000000.0,1240800000.0,,0.0,0.0,0.0,64800000.0,-17300000.0,17500000.0,-819000000.0,-10300000.0,801500000.0,0.0,393700000.0,393700000.0,393700000.0,0.0,0.0,0.207,370700000.0,632300000.0,295700000.0,,,,,2798100000.0,0.0,,,,317500000.0,1493400000.0,1898400000.0,1898400000.0,26100000.0,0.123,0.253,0.205,0.345,7600000.0,81000000.0,1.0,172377080.0,172377080.0,,11.013,3327900000.0,0.0,227900000.0,661000000.0,19.306,17900000.0
55,QEP,MRT,2007-03-31,2007-03-31,2007-03-31,2021-02-24,51800000.0,3214100000.0,3000194500.0,466800000.0,2747300000.0,0.624,9.14,-783100000.0,0.0,0.0,926100000.0,370900000.0,1.019,1.04,536600000.0,137400000.0,399200000.0,536600000.0,0.0,256900000.0,0.0,,0.0,619900000.0,876800000.0,0.469,876800000.0,619900000.0,585500000.0,,,,1575600000.0,1441770750.0,1575600000.0,,,,-60500000.0,-0.351,1.0,945000000.0,0.505,60900000.0,34400000.0,3231600000.0,3002292250.0,15200000.0,40000000.0,0.0,40000000.0,1638500000.0,458200000.0,1180300000.0,,0.0,0.0,0.0,55100000.0,-17300000.0,29100000.0,-751700000.0,-9700000.0,722600000.0,0.0,370900000.0,370900000.0,370900000.0,0.0,0.0,0.198,347500000.0,597500000.0,302200000.0,,,,,2634600000.0,0.0,,,,317500000.0,1395600000.0,1871100000.0,1871100000.0,33100000.0,0.124,0.257,0.206,0.331,6700000.0,71800000.0,1.0,172377080.0,172377080.0,,10.855,3153200000.0,0.0,214600000.0,613200000.0,18.292,8600000.0
56,QEP,MRT,2006-12-31,2006-12-31,2006-12-31,2021-02-24,128100000.0,3249600000.0,2828517000.0,581500000.0,2668100000.0,0.649,8.962,-752700000.0,18200000.0,18200000.0,922400000.0,356100000.0,1.039,1.104,541800000.0,142600000.0,399200000.0,541800000.0,0.0,236800000.0,0.0,,0.0,596600000.0,833400000.0,0.454,833400000.0,596600000.0,562700000.0,,,,1544800000.0,1326305000.0,1544800000.0,,,,-24300000.0,-0.141,1.0,913400000.0,0.498,60900000.0,33900000.0,3152600000.0,2767856000.0,27700000.0,41700000.0,0.0,41700000.0,1704800000.0,559700000.0,1145100000.0,,13800000.0,0.0,0.0,8800000.0,-17300000.0,9100000.0,-723700000.0,-6300000.0,728400000.0,0.0,356100000.0,356100000.0,356100000.0,0.0,0.0,0.194,326500000.0,586900000.0,312600000.0,,,,,2527500000.0,0.0,,,,327500000.0,1290400000.0,1835800000.0,1835800000.0,34400000.0,0.126,0.268,0.216,0.325,6000000.0,69200000.0,1.0,172377080.0,172377080.0,,10.65,3188700000.0,1400000.0,206600000.0,674100000.0,18.498,21800000.0
57,QEP,MRT,2006-09-30,2006-09-30,2006-09-30,2021-02-24,100078000.0,2940546000.0,2671442000.0,467803000.0,2472743000.0,0.739,8.291,-723663000.0,0.0,0.0,1087008000.0,347539000.0,1.127,1.058,506904000.0,107712000.0,399192000.0,506904000.0,0.0,220114000.0,0.0,,0.0,583814000.0,803928000.0,0.407,803928000.0,583814000.0,549870000.0,,,,1429101000.0,1158555000.0,1429101000.0,,,,203340000.0,1.18,1.0,886341000.0,0.449,60882000.0,33944000.0,2971631000.0,2558731000.0,20256000.0,37437000.0,0.0,37437000.0,1511445000.0,414937000.0,1096508000.0,,-8601000.0,0.0,0.0,-152606000.0,-17325000.0,-243031000.0,-692573000.0,487000.0,927003000.0,0.0,347539000.0,347539000.0,347539000.0,0.0,0.0,0.176,328236000.0,558105000.0,275640000.0,,,,,2334012000.0,0.0,,,,281880000.0,1204598000.0,1973349000.0,1973349000.0,32277000.0,0.13,0.3,0.228,0.296,4100000.0,63863000.0,1.0,172377080.0,172377080.0,,11.448,2879664000.0,6627000.0,202331000.0,568755000.0,16.706,52866000.0
58,QEP,MRT,2006-06-30,2006-06-30,2006-06-30,2021-02-24,-22168000.0,2596532000.0,,348111000.0,2248421000.0,,7.063,-682586000.0,0.0,0.0,1162215000.0,320818000.0,0.958,1.133,481524000.0,82353000.0,399171000.0,481524000.0,0.0,202393000.0,0.0,,0.0,541947000.0,744340000.0,0.375,744340000.0,541947000.0,507357000.0,,,,1217582000.0,,1217582000.0,,,,9972000.0,0.058,1.0,824726000.0,0.415,61423000.0,34590000.0,2653338000.0,,15854000.0,33915000.0,0.0,33915000.0,1378950000.0,363295000.0,1015655000.0,,-8601000.0,0.0,0.0,59243000.0,-17250000.0,-13807000.0,-678751000.0,-658000.0,692558000.0,,320818000.0,320818000.0,320818000.0,0.0,0.0,0.161,291207000.0,533519000.0,252394000.0,,,,,2161781000.0,0.0,,,,246043000.0,1116921000.0,1986941000.0,1986941000.0,18051000.0,,,,0.273,2500000.0,58995000.0,1.0,172377080.0,172377080.0,,11.527,2535109000.0,32085000.0,186539000.0,482260000.0,14.707,-15184000.0
59,QEP,MRT,2006-03-31,2006-03-31,2006-03-31,2021-02-24,-49723000.0,2527390000.0,,374593000.0,2152797000.0,,6.461,-647831000.0,0.0,0.0,1186064000.0,296279000.0,0.575,1.269,479262000.0,329262000.0,150000000.0,479262000.0,0.0,188046000.0,0.0,,0.0,500474000.0,688520000.0,0.354,688520000.0,500474000.0,468568000.0,,,,1113737000.0,,1113737000.0,,,,21663000.0,0.126,1.0,757214000.0,0.39,61423000.0,31906000.0,2293855000.0,,11382000.0,32322000.0,0.0,32322000.0,1413653000.0,651374000.0,762279000.0,,-8601000.0,0.0,0.0,55611000.0,-17275000.0,-24064000.0,-645430000.0,1083000.0,669494000.0,,296279000.0,296279000.0,296279000.0,0.0,0.0,0.152,270932000.0,486282000.0,270895000.0,,,,,2068624000.0,0.0,,,,282558000.0,1041961000.0,1943278000.0,1943278000.0,13427000.0,,,,0.258,1200000.0,56830000.0,1.0,172377080.0,172377080.0,,11.273,2465967000.0,31827000.0,172289000.0,454507000.0,14.306,-276781000.0
60,QEP,MRT,2005-12-31,2005-12-31,2005-12-31,2021-02-24,-198100000.0,2621300000.0,2291073000.0,577700000.0,2043600000.0,0.798,5.069,-576200000.0,4400000.0,4400000.0,1149100000.0,258200000.0,0.75,2.0,530800000.0,180800000.0,350000000.0,530800000.0,0.0,174900000.0,0.0,,0.0,439200000.0,614100000.0,0.336,614100000.0,439200000.0,408300000.0,,,,873800000.0,831335000.0,873800000.0,,,,-55800000.0,-0.324,1.0,679100000.0,0.371,61500000.0,30900000.0,2316100000.0,2137614000.0,33200000.0,35300000.0,0.0,35300000.0,1747500000.0,770100000.0,977400000.0,,4400000.0,0.0,0.0,115300000.0,-17300000.0,58300000.0,-574300000.0,0.0,520400000.0,0.0,258200000.0,258200000.0,258200000.0,0.0,0.0,0.141,253000000.0,426100000.0,301200000.0,,,,,1958000000.0,0.0,,,,374400000.0,951600000.0,1828200000.0,1828200000.0,11500000.0,0.113,0.311,0.205,0.24,0.0,54600000.0,1.0,172377080.0,172377080.0,,10.606,2559800000.0,111200000.0,150100000.0,466000000.0,14.85,-192400000.0
61,QEP,MRT,2005-09-30,2005-09-30,2005-09-30,2021-02-24,,,,,,,,,,,,,,,,,,,,,,,0.0,,,,,,,,,,,,,,,,,,1.0,,,,,,,,,,,,,,,,,,,,,,,,,,,,,,,,,,,,,,,,,,,,,,,,,,,,,,1.0,,,,,,,,,,
62,QEP,MRT,2005-06-30,2005-06-30,2005-06-30,2021-02-24,,,,,,,,,,,,,,,,,,,,,,,0.0,,,,,,,,,,,,,,,,,,1.0,,,,,,,,,,,,,,,,,,,,,,,,,,,,,,,,,,,,,,,,,,,,,,,,,,,,,,1.0,,,,,,,,,,
63,QEP,MRT,2005-03-31,2005-03-31,2005-03-31,2021-02-24,,,,,,,,,,,,,,,,,,,,,,,0.0,,,,,,,,,,,,,,,,,,1.0,,,,,,,,,,,,,,,,,,,,,,,,,,,,,,,,,,,,,,,,,,,,,,,,,,,,,,1.0,,,,,,,,,,
64,QEP,MRT,2004-12-31,2004-12-31,2004-12-31,2021-02-24,-42150000.0,1960846000.0,,324800000.0,1636046000.0,,,-336800000.0,0.0,0.0,686700000.0,165400000.0,0.913,1.486,415594000.0,65594000.0,350000000.0,415594000.0,0.0,147100000.0,0.0,,0.0,283900000.0,431000000.0,0.364,431000000.0,283900000.0,256500000.0,,,,788870000.0,,788870000.0,,,,80000000.0,,1.0,498600000.0,0.421,61423000.0,27400000.0,1959128000.0,,22604000.0,38326000.0,0.0,38326000.0,1171976000.0,355889000.0,816087000.0,,-3700000.0,0.0,0.0,-26000000.0,-17300000.0,-85800000.0,-334700000.0,-1000000.0,416800000.0,0.0,165400000.0,165400000.0,165400000.0,0.0,0.0,0.14,222000000.0,276600000.0,183346000.0,,,,,1527696000.0,0.0,,,,234178000.0,710684000.0,1185300000.0,1185300000.0,9200000.0,,,,0.24,0.0,49600000.0,1.0,,,,,1899423000.0,33421000.0,91100000.0,381207000.0,,-31089000.0
65,QEP,MRT,2003-12-31,2003-12-31,2003-12-31,2021-02-24,,,,,,,,-212011000.0,,,482386000.0,115990000.0,,,,,,,,125673000.0,,,0.0,213274000.0,338947000.0,0.39,338947000.0,213274000.0,185116000.0,,,,,,,,,,46119000.0,,1.0,386622000.0,0.445,,28158000.0,,,,,,,,,,,-6688000.0,0.0,0.0,-118400000.0,-17300000.0,-47110000.0,-217708000.0,-14750000.0,258130000.0,0.0,115990000.0,115990000.0,115990000.0,0.0,0.0,0.133,176277000.0,210345000.0,,,,,,,0.0,,,,,,869008000.0,869008000.0,4498000.0,,,,0.245,0.0,44113000.0,1.0,,,,,,,69126000.0,,,
