None,ticker,dimension,calendardate,datekey,reportperiod,lastupdated,accoci,assets,assetsavg,assetsc,assetsnc,assetturnover,bvps,capex,cashneq,cashnequsd,cor,consolinc,currentratio,de,debt,debtc,debtnc,debtusd,deferredrev,depamor,deposits,divyield,dps,ebit,ebitda,ebitdamargin,ebitdausd,ebitusd,ebt,eps,epsdil,epsusd,equity,equityavg,equityusd,ev,evebit,evebitda,fcf,fcfps,fxusd,gp,grossmargin,intangibles,intexp,invcap,invcapavg,inventory,investments,investmentsc,investmentsnc,liabilities,liabilitiesc,liabilitiesnc,marketcap,ncf,ncfbus,ncfcommon,ncfdebt,ncfdiv,ncff,ncfi,ncfinv,ncfo,ncfx,netinc,netinccmn,netinccmnusd,netincdis,netincnci,netmargin,opex,opinc,payables,payoutratio,pb,pe,pe1,ppnenet,prefdivis,price,ps,ps1,receivables,retearn,revenue,revenueusd,rnd,roa,roe,roic,ros,sbcomp,sgna,sharefactor,sharesbas,shareswa,shareswadil,sps,tangibles,taxassets,taxexp,taxliabilities,tbvps,workingcapital
0,ORCL,MRY,2021-12-31,2021-05-31,2021-05-31,2021-09-13,-1175000000.0,131107000000.0,118194000000.0,55567000000.0,75540000000.0,0.342,1.779,-2135000000.0,30098000000.0,30098000000.0,7855000000.0,13746000000.0,2.3,23.894,84245000000.0,8250000000.0,75995000000.0,84245000000.0,8775000000.0,2916000000.0,0.0,0.013,1.04,15495000000.0,18411000000.0,0.455,18411000000.0,15495000000.0,12999000000.0,4.67,4.55,4.67,5238000000.0,7886500000.0,5238000000.0,274027545900.0,18.0,14.884,13752000000.0,4.67,1.0,32624000000.0,0.806,46365000000.0,2496000000.0,114725000000.0,97095000000.0,0.0,16456000000.0,16456000000.0,0.0,125155000000.0,24164000000.0,100991000000.0,227049545900.0,-7141000000.0,-41000000.0,-19814000000.0,12303000000.0,-3063000000.0,-10378000000.0,-13098000000.0,-10922000000.0,15887000000.0,448000000.0,13746000000.0,13746000000.0,13746000000.0,0.0,0.0,0.34,17411000000.0,15213000000.0,745000000.0,0.223,43.347,16.517,16.861,7049000000.0,0.0,78.74,5.609,5.729,5409000000.0,-20120000000.0,40479000000.0,40479000000.0,6527000000.0,0.116,1.743,0.16,0.383,1837000000.0,8936000000.0,1.0,2883535000.0,2945000000,3022000000.0,13.745,84742000000.0,13636000000.0,-747000000.0,20209000000.0,28.775,31403000000.0
1,ORCL,MRY,2020-12-31,2020-05-31,2020-05-31,2021-09-13,-1716000000.0,115438000000.0,104203500000.0,52140000000.0,63298000000.0,0.375,3.76,-1564000000.0,37239000000.0,37239000000.0,7938000000.0,10135000000.0,3.031,8.508,71597000000.0,2371000000.0,69226000000.0,71597000000.0,8002000000.0,2968000000.0,0.0,0.018,0.96,14058000000.0,17026000000.0,0.436,17026000000.0,14058000000.0,12063000000.0,3.16,3.08,3.16,12074000000.0,15076250000.0,12074000000.0,197414211680.0,14.0,11.595,11575000000.0,3.605,1.0,31130000000.0,0.797,47507000000.0,1995000000.0,85089000000.0,67706250000.0,0.0,5818000000.0,5818000000.0,0.0,102721000000.0,17200000000.0,85521000000.0,169568211680.0,16725000000.0,-124000000.0,-18317000000.0,15388000000.0,-3070000000.0,-6132000000.0,9843000000.0,11531000000.0,13139000000.0,-125000000.0,10135000000.0,10135000000.0,10135000000.0,0.0,0.0,0.259,17234000000.0,13896000000.0,637000000.0,0.304,14.044,16.731,17.016,6244000000.0,0.0,53.77,4.34,4.419,5551000000.0,-12696000000.0,39068000000.0,39068000000.0,6067000000.0,0.097,0.672,0.208,0.36,1590000000.0,9275000000.0,1.0,3153584000.0,3211000000,3294000000.0,12.167,67931000000.0,3252000000.0,1928000000.0,12504000000.0,21.156,34940000000.0
2,ORCL,MRY,2019-12-31,2019-05-31,2019-05-31,2021-09-13,-1628000000.0,108709000000.0,116205750000.0,46386000000.0,62323000000.0,0.34,5.995,-1660000000.0,20514000000.0,20514000000.0,7995000000.0,11083000000.0,2.49,3.964,56167000000.0,4494000000.0,51673000000.0,56167000000.0,8374000000.0,2919000000.0,0.0,0.016,0.81,14350000000.0,17269000000.0,0.437,17269000000.0,14350000000.0,12268000000.0,3.05,2.97,3.05,21785000000.0,28534500000.0,21785000000.0,214372292400.0,15.0,12.414,12891000000.0,3.547,1.0,31511000000.0,0.798,49058000000.0,2082000000.0,76674000000.0,88480000000.0,0.0,17313000000.0,17313000000.0,0.0,86346000000.0,18630000000.0,67716000000.0,172933292400.0,-1106000000.0,-363000000.0,-34488000000.0,-4500000000.0,-2932000000.0,-42056000000.0,26557000000.0,28580000000.0,14551000000.0,-158000000.0,11083000000.0,11083000000.0,11083000000.0,0.0,0.0,0.281,17976000000.0,13535000000.0,580000000.0,0.266,7.938,15.603,16.59,6252000000.0,0.0,50.6,4.377,4.654,5134000000.0,-3496000000.0,39506000000.0,39506000000.0,6026000000.0,0.095,0.388,0.162,0.363,1653000000.0,9774000000.0,1.0,3417654000.0,3634000000,3732000000.0,10.871,59651000000.0,2696000000.0,1185000000.0,13295000000.0,16.415,27756000000.0
3,ORCL,MRY,2018-12-31,2018-05-31,2018-05-31,2021-09-13,-1689000000.0,137851000000.0,137102750000.0,76159000000.0,61692000000.0,0.287,11.253,-1736000000.0,21620000000.0,21620000000.0,8060000000.0,3587000000.0,3.982,1.962,60619000000.0,4491000000.0,56128000000.0,60619000000.0,8341000000.0,2785000000.0,0.0,0.016,0.76,14449000000.0,17234000000.0,0.438,17234000000.0,14449000000.0,12424000000.0,0.87,0.85,0.87,46372000000.0,51497000000.0,46372000000.0,231953663360.0,16.0,13.459,13650000000.0,3.312,1.0,31323000000.0,0.795,50425000000.0,2025000000.0,107301000000.0,106850250000.0,0.0,45641000000.0,45641000000.0,0.0,90978000000.0,19124000000.0,71854000000.0,190725663360.0,-164000000.0,-1724000000.0,-9451000000.0,2643000000.0,-3140000000.0,-9982000000.0,-5625000000.0,-2165000000.0,15386000000.0,57000000.0,3587000000.0,3587000000.0,3587000000.0,0.0,0.0,0.091,18059000000.0,13264000000.0,529000000.0,0.874,4.113,53.171,53.701,5897000000.0,0.0,46.72,4.843,4.889,5136000000.0,19111000000.0,39383000000.0,39383000000.0,6084000000.0,0.026,0.07,0.135,0.367,1607000000.0,9715000000.0,1.0,4082313000.0,4121000000,4238000000.0,9.557,87426000000.0,1395000000.0,8837000000.0,13429000000.0,21.215,57035000000.0
4,ORCL,MRY,2017-12-31,2017-05-31,2017-05-31,2021-09-13,-803000000.0,134991000000.0,126799000000.0,74515000000.0,60476000000.0,0.298,13.089,-2021000000.0,21784000000.0,21784000000.0,7452000000.0,9452000000.0,3.082,1.499,57909000000.0,9797000000.0,48112000000.0,57909000000.0,8233000000.0,2451000000.0,0.0,0.014,0.64,13478000000.0,15929000000.0,0.421,15929000000.0,13478000000.0,11680000000.0,2.3,2.24,2.3,53860000000.0,50093000000.0,53860000000.0,220984506760.0,16.0,13.873,12105000000.0,2.942,1.0,30340000000.0,0.803,50724000000.0,1798000000.0,96214000000.0,93938000000.0,0.0,44294000000.0,44294000000.0,0.0,80745000000.0,24178000000.0,56567000000.0,186765506760.0,1632000000.0,-11221000000.0,-1663000000.0,13638000000.0,-2631000000.0,9086000000.0,-21494000000.0,-8252000000.0,14126000000.0,-86000000.0,9452000000.0,9452000000.0,9452000000.0,0.0,0.0,0.25,17427000000.0,12913000000.0,599000000.0,0.278,3.468,19.759,19.735,5315000000.0,0.0,45.39,4.942,4.942,5300000000.0,27598000000.0,37792000000.0,37792000000.0,6153000000.0,0.075,0.189,0.143,0.357,1350000000.0,9257000000.0,1.0,4114684000.0,4115000000,4217000000.0,9.184,84267000000.0,1143000000.0,2228000000.0,5681000000.0,20.478,50337000000.0
5,ORCL,MRY,2016-12-31,2016-05-31,2016-05-31,2021-09-13,-816000000.0,112180000000.0,108315750000.0,64313000000.0,47867000000.0,0.342,11.203,-1189000000.0,20152000000.0,20152000000.0,7479000000.0,8901000000.0,3.737,1.362,43855000000.0,3750000000.0,40105000000.0,43855000000.0,7655000000.0,2509000000.0,0.0,0.015,0.6,12909000000.0,15418000000.0,0.416,15418000000.0,12909000000.0,11442000000.0,2.11,2.07,2.11,47289000000.0,46545000000.0,47289000000.0,191347573000.0,15.0,12.411,12496000000.0,2.96,1.0,29568000000.0,0.798,39533000000.0,1467000000.0,79142000000.0,78556750000.0,212000000.0,35973000000.0,35973000000.0,0.0,64390000000.0,17208000000.0,47182000000.0,166824573000.0,-1564000000.0,-650000000.0,-9104000000.0,1750000000.0,-2541000000.0,-9980000000.0,-5154000000.0,-3315000000.0,13685000000.0,-115000000.0,8901000000.0,8901000000.0,8901000000.0,0.0,0.0,0.24,16964000000.0,12604000000.0,504000000.0,0.284,3.528,18.742,19.052,4000000000.0,0.0,40.2,4.503,4.58,5385000000.0,23888000000.0,37047000000.0,37047000000.0,5787000000.0,0.082,0.191,0.164,0.348,1037000000.0,9039000000.0,1.0,4149865000.0,4221000000,4305000000.0,8.777,72647000000.0,1291000000.0,2541000000.0,4908000000.0,17.211,47105000000.0
6,ORCL,MRY,2015-12-31,2015-05-31,2015-05-31,2021-09-13,-996000000.0,110903000000.0,101937500000.0,62520000000.0,48383000000.0,0.375,11.05,-1391000000.0,21716000000.0,21716000000.0,7532000000.0,9938000000.0,4.112,1.27,41958000000.0,1999000000.0,39959000000.0,41958000000.0,7245000000.0,2861000000.0,0.0,0.012,0.51,13977000000.0,16838000000.0,0.44,16838000000.0,13977000000.0,12834000000.0,2.26,2.21,2.26,48663000000.0,47913750000.0,48663000000.0,208479874300.0,15.0,12.382,13189000000.0,2.995,1.0,30694000000.0,0.803,40493000000.0,1143000000.0,75446000000.0,64838500000.0,314000000.0,32652000000.0,32652000000.0,0.0,61805000000.0,15206000000.0,46599000000.0,189923874300.0,3947000000.0,-6239000000.0,-6285000000.0,18342000000.0,-2255000000.0,9606000000.0,-19047000000.0,-11417000000.0,14580000000.0,-1192000000.0,9938000000.0,9938000000.0,9938000000.0,0.0,0.0,0.26,16823000000.0,13871000000.0,806000000.0,0.226,3.903,19.111,19.243,3686000000.0,0.0,43.49,4.968,5.01,5618000000.0,26503000000.0,38226000000.0,38226000000.0,5524000000.0,0.097,0.207,0.216,0.366,933000000.0,8732000000.0,1.0,4367070000.0,4404000000,4503000000.0,8.68,70410000000.0,1458000000.0,2896000000.0,4386000000.0,15.988,47314000000.0
7,ORCL,MRY,2014-12-31,2014-05-31,2014-05-31,2021-09-13,-164000000.0,90266000000.0,87118000000.0,48128000000.0,42138000000.0,0.439,10.353,-580000000.0,17769000000.0,17769000000.0,7236000000.0,10955000000.0,3.345,0.913,24097000000.0,1508000000.0,22589000000.0,24097000000.0,7269000000.0,2908000000.0,0.0,0.011,0.48,14618000000.0,17526000000.0,0.458,17526000000.0,14618000000.0,13704000000.0,2.42,2.38,2.42,46878000000.0,44672250000.0,46878000000.0,194723389720.0,13.0,11.111,14341000000.0,3.167,1.0,31039000000.0,0.811,35789000000.0,914000000.0,46416000000.0,44855500000.0,189000000.0,21050000000.0,21050000000.0,0.0,42819000000.0,14389000000.0,28430000000.0,187362389720.0,3156000000.0,-3488000000.0,-7678000000.0,5566000000.0,-2178000000.0,-4068000000.0,-7539000000.0,-3471000000.0,14921000000.0,-158000000.0,10955000000.0,10955000000.0,10955000000.0,0.0,0.0,0.286,16280000000.0,14759000000.0,471000000.0,0.198,3.997,17.103,17.364,3061000000.0,0.0,42.02,4.895,4.971,6087000000.0,25965000000.0,38275000000.0,38275000000.0,5151000000.0,0.126,0.245,0.326,0.382,1035000000.0,8605000000.0,1.0,4458886000.0,4528000000,4604000000.0,8.453,54477000000.0,1751000000.0,2749000000.0,4600000000.0,12.031,33739000000.0
8,ORCL,MRY,2013-12-31,2013-05-31,2013-05-31,2021-09-13,-99000000.0,81812000000.0,79369250000.0,41692000000.0,40120000000.0,0.468,9.362,-650000000.0,14613000000.0,14613000000.0,7379000000.0,10925000000.0,3.239,0.821,18494000000.0,0.0,18494000000.0,18494000000.0,7118000000.0,2931000000.0,0.0,0.009,0.3,14695000000.0,17626000000.0,0.474,17626000000.0,14695000000.0,13898000000.0,2.29,2.26,2.29,44648000000.0,43577000000.0,44648000000.0,162777027240.0,11.0,9.235,13574000000.0,2.846,1.0,29801000000.0,0.802,33983000000.0,797000000.0,38838000000.0,36281500000.0,240000000.0,17603000000.0,17603000000.0,0.0,36667000000.0,12872000000.0,23795000000.0,159126027240.0,-342000000.0,-3305000000.0,-9494000000.0,2024000000.0,-1433000000.0,-8500000000.0,-5956000000.0,-2001000000.0,14224000000.0,-110000000.0,10925000000.0,10925000000.0,10925000000.0,0.0,0.0,0.294,15117000000.0,14684000000.0,419000000.0,0.131,3.564,14.565,14.751,3053000000.0,0.0,33.78,4.28,4.333,6049000000.0,25854000000.0,37180000000.0,37180000000.0,4850000000.0,0.138,0.251,0.405,0.395,924000000.0,8134000000.0,1.0,4710658000.0,4769000000,4844000000.0,7.796,47829000000.0,1740000000.0,2973000000.0,4810000000.0,10.029,28820000000.0
9,ORCL,MRY,2012-12-31,2012-05-31,2012-05-31,2021-09-13,112000000.0,78327000000.0,74864250000.0,40023000000.0,38304000000.0,0.496,8.711,-648000000.0,14955000000.0,14955000000.0,7995000000.0,9981000000.0,2.601,0.784,16474000000.0,2950000000.0,13524000000.0,16474000000.0,7035000000.0,2916000000.0,0.0,0.009,0.24,13728000000.0,16644000000.0,0.448,16644000000.0,13728000000.0,12962000000.0,1.99,1.96,1.99,43688000000.0,42343250000.0,43688000000.0,132687055820.0,10.0,7.972,13095000000.0,2.611,1.0,29126000000.0,0.785,33018000000.0,766000000.0,31440000000.0,32753000000.0,158000000.0,15721000000.0,15721000000.0,0.0,34240000000.0,15388000000.0,18852000000.0,131691055820.0,-1208000000.0,-4702000000.0,-5123000000.0,295000000.0,-1205000000.0,-6099000000.0,-8381000000.0,-3031000000.0,13743000000.0,-471000000.0,9981000000.0,9981000000.0,9981000000.0,0.0,0.0,0.269,15420000000.0,13706000000.0,438000000.0,0.121,3.014,13.194,13.302,3021000000.0,0.0,26.47,3.548,3.576,6377000000.0,26087000000.0,37121000000.0,37121000000.0,4523000000.0,0.133,0.236,0.419,0.37,744000000.0,8116000000.0,1.0,4975106000.0,5015000000,5095000000.0,7.402,45309000000.0,1472000000.0,2981000000.0,4287000000.0,9.035,24635000000.0
10,ORCL,MRY,2011-12-31,2011-05-31,2011-05-31,2021-09-13,542000000.0,73535000000.0,68424750000.0,39174000000.0,34361000000.0,0.521,7.88,-345000000.0,16163000000.0,16163000000.0,8398000000.0,8547000000.0,2.76,0.837,15922000000.0,1150000000.0,14772000000.0,15922000000.0,6802000000.0,2796000000.0,0.0,0.006,0.21,12219000000.0,15015000000.0,0.422,15015000000.0,12219000000.0,11411000000.0,1.69,1.67,1.69,39776000000.0,35727750000.0,39776000000.0,176058857520.0,14.0,11.726,10869000000.0,2.153,1.0,27224000000.0,0.764,29413000000.0,808000000.0,29689000000.0,29192250000.0,303000000.0,12685000000.0,12685000000.0,0.0,33290000000.0,14192000000.0,19098000000.0,173170857520.0,6249000000.0,-1847000000.0,216000000.0,1211000000.0,-1061000000.0,516000000.0,-6081000000.0,-3889000000.0,11214000000.0,600000000.0,8547000000.0,8547000000.0,8547000000.0,0.0,0.0,0.24,15191000000.0,12033000000.0,494000000.0,0.124,4.354,20.261,20.249,2857000000.0,0.0,34.22,4.861,4.849,6628000000.0,22581000000.0,35622000000.0,35622000000.0,4519000000.0,0.125,0.239,0.419,0.343,620000000.0,7549000000.0,1.0,5060516000.0,5048000000,5128000000.0,7.057,44122000000.0,2265000000.0,2864000000.0,3169000000.0,8.74,24982000000.0
11,ORCL,MRY,2010-12-31,2010-05-31,2010-05-31,2021-09-13,4000000.0,61578000000.0,56948750000.0,27004000000.0,34574000000.0,0.471,6.142,-230000000.0,9914000000.0,9914000000.0,5764000000.0,6135000000.0,1.838,0.986,14655000000.0,3145000000.0,11510000000.0,14655000000.0,5900000000.0,2271000000.0,0.0,0.009,0.2,8997000000.0,11268000000.0,0.42,11268000000.0,8997000000.0,8243000000.0,1.22,1.21,1.22,30798000000.0,28237000000.0,30798000000.0,119667883870.0,13.0,10.62,8451000000.0,1.685,1.0,21056000000.0,0.785,29746000000.0,754000000.0,21882000000.0,19820500000.0,259000000.0,8555000000.0,8555000000.0,0.0,30379000000.0,14691000000.0,15688000000.0,113280883870.0,919000000.0,-5606000000.0,-118000000.0,3638000000.0,-1004000000.0,2664000000.0,-10319000000.0,-4483000000.0,8681000000.0,-107000000.0,6135000000.0,6135000000.0,6135000000.0,0.0,0.0,0.229,11994000000.0,9062000000.0,775000000.0,0.164,3.678,18.465,18.5,2763000000.0,0.0,22.57,4.224,4.219,5585000000.0,16146000000.0,26820000000.0,26820000000.0,3254000000.0,0.108,0.217,0.454,0.335,529000000.0,5991000000.0,1.0,5019091000.0,5014000000,5073000000.0,5.349,31832000000.0,2426000000.0,2108000000.0,3119000000.0,6.349,12313000000.0
12,ORCL,MRY,2009-12-31,2009-05-31,2009-05-31,2021-09-13,216000000.0,47416000000.0,46105000000.0,18581000000.0,28835000000.0,0.504,4.949,-529000000.0,8995000000.0,8995000000.0,4794000000.0,5593000000.0,2.031,0.876,10238000000.0,1001000000.0,9237000000.0,10238000000.0,4592000000.0,1976000000.0,0.0,0.003,0.05,8464000000.0,10440000000.0,0.449,10440000000.0,8464000000.0,7834000000.0,1.1,1.09,1.1,25090000000.0,23701000000.0,25090000000.0,100652080260.0,12.0,9.641,7726000000.0,1.524,1.0,18458000000.0,0.794,26111000000.0,630000000.0,13399000000.0,13842500000.0,0.0,3629000000.0,3629000000.0,0.0,21971000000.0,9149000000.0,12822000000.0,97625080260.0,733000000.0,-1159000000.0,-3212000000.0,-1004000000.0,-250000000.0,-4422000000.0,-2599000000.0,-911000000.0,8255000000.0,-501000000.0,5593000000.0,5593000000.0,5593000000.0,0.0,0.0,0.241,10137000000.0,8321000000.0,271000000.0,0.045,3.891,17.455,17.809,1922000000.0,0.0,19.59,4.199,4.272,4430000000.0,11894000000.0,23252000000.0,23252000000.0,2767000000.0,0.121,0.236,0.611,0.364,413000000.0,5423000000.0,1.0,4983414000.0,5070000000,5130000000.0,4.586,21305000000.0,661000000.0,2241000000.0,2903000000.0,4.202,9432000000.0
13,ORCL,MRY,2008-12-31,2008-05-31,2008-05-31,2021-09-13,618000000.0,47268000000.0,38638000000.0,18103000000.0,29165000000.0,0.581,4.486,-90000000.0,8262000000.0,8262000000.0,4981000000.0,5521000000.0,1.805,1.053,11236000000.0,1001000000.0,10235000000.0,11236000000.0,4492000000.0,1480000000.0,0.0,0.0,0.0,8228000000.0,9708000000.0,0.433,9708000000.0,8228000000.0,7834000000.0,1.08,1.06,1.08,23025000000.0,20230000000.0,23025000000.0,115489837144.0,14.0,11.896,7312000000.0,1.425,1.0,17449000000.0,0.778,26386000000.0,394000000.0,13827000000.0,10036000000.0,0.0,2781000000.0,2781000000.0,0.0,24243000000.0,10029000000.0,14214000000.0,117660837144.0,2044000000.0,-7643000000.0,-735000000.0,3611000000.0,0.0,3281000000.0,-9076000000.0,-1343000000.0,7402000000.0,437000000.0,5521000000.0,5521000000.0,5521000000.0,0.0,0.0,0.246,9605000000.0,7844000000.0,383000000.0,0.0,5.11,21.312,21.148,1688000000.0,0.0,22.84,5.246,5.227,5127000000.0,9961000000.0,22430000000.0,22430000000.0,2741000000.0,0.143,0.273,0.82,0.367,503000000.0,5487000000.0,1.0,5151525269.0,5133000000,5229000000.0,4.37,20882000000.0,853000000.0,2313000000.0,2784000000.0,4.068,8074000000.0
14,ORCL,MRY,2007-12-31,2007-05-31,2007-05-31,2021-09-13,403000000.0,34572000000.0,30429000000.0,12883000000.0,21689000000.0,0.591,3.273,-317000000.0,6218000000.0,6218000000.0,4191000000.0,4274000000.0,1.372,1.043,7593000000.0,1358000000.0,6235000000.0,7593000000.0,3585000000.0,1127000000.0,0.0,0.0,0.0,6329000000.0,7456000000.0,0.414,7456000000.0,6329000000.0,5986000000.0,0.83,0.81,0.83,16919000000.0,15780750000.0,16919000000.0,100118918700.0,16.0,13.428,5203000000.0,1.006,1.0,13805000000.0,0.767,19443000000.0,343000000.0,7117000000.0,7561000000.0,0.0,802000000.0,802000000.0,0.0,17653000000.0,9387000000.0,8266000000.0,99629918700.0,-441000000.0,-5005000000.0,-3013000000.0,1661000000.0,0.0,-1139000000.0,-4971000000.0,351000000.0,5520000000.0,149000000.0,4274000000.0,4274000000.0,4274000000.0,0.0,0.0,0.237,7831000000.0,5974000000.0,315000000.0,0.0,5.889,23.311,23.349,1603000000.0,0.0,19.38,5.536,5.568,4589000000.0,6223000000.0,17996000000.0,17996000000.0,2195000000.0,0.14,0.271,0.837,0.352,286000000.0,4599000000.0,1.0,5140862678.0,5170000000,5269000000.0,3.481,15129000000.0,968000000.0,1712000000.0,2358000000.0,2.926,3496000000.0
15,ORCL,MRY,2006-12-31,2006-05-31,2006-05-31,2021-09-13,258000000.0,29029000000.0,24108750000.0,11974000000.0,17055000000.0,0.596,2.889,-96000000.0,6659000000.0,6659000000.0,3235000000.0,3381000000.0,1.728,0.934,5894000000.0,159000000.0,5735000000.0,5894000000.0,2944000000.0,806000000.0,0.0,0.0,0.0,4979000000.0,5785000000.0,0.402,5785000000.0,4979000000.0,4810000000.0,0.65,0.64,0.65,15012000000.0,13375250000.0,15012000000.0,75019910178.0,15.0,12.968,4445000000.0,0.855,1.0,11145000000.0,0.775,14337000000.0,169000000.0,6997000000.0,3933750000.0,0.0,946000000.0,946000000.0,0.0,14017000000.0,6930000000.0,7087000000.0,75858910178.0,2765000000.0,-3953000000.0,-1435000000.0,3001000000.0,0.0,1527000000.0,-3359000000.0,690000000.0,4541000000.0,56000000.0,3381000000.0,3381000000.0,3381000000.0,0.0,0.0,0.235,6409000000.0,4736000000.0,268000000.0,0.0,5.053,22.437,21.877,1391000000.0,0.0,14.22,5.275,5.138,3420000000.0,5538000000.0,14380000000.0,14380000000.0,1872000000.0,0.14,0.253,1.266,0.346,211000000.0,3732000000.0,1.0,5334663163.0,5196000000,5287000000.0,2.768,14692000000.0,714000000.0,1429000000.0,1374000000.0,2.828,5044000000.0
16,ORCL,MRY,2005-12-31,2005-05-31,2005-05-31,2021-09-13,243000000.0,20687000000.0,17569750000.0,8448000000.0,12239000000.0,0.672,2.11,-188000000.0,3894000000.0,3894000000.0,2651000000.0,2886000000.0,1.048,0.909,2852000000.0,2693000000.0,159000000.0,2852000000.0,2415000000.0,425000000.0,0.0,0.0,0.0,4186000000.0,4611000000.0,0.391,4611000000.0,4186000000.0,4051000000.0,0.56,0.55,0.56,10837000000.0,9330500000.0,10837000000.0,65956677120.0,16.0,14.304,3364000000.0,0.655,1.0,9148000000.0,0.775,10376000000.0,135000000.0,1206000000.0,2905500000.0,0.0,877000000.0,877000000.0,0.0,9850000000.0,8063000000.0,1787000000.0,65809677120.0,-244000000.0,-10656000000.0,-747000000.0,2675000000.0,0.0,1884000000.0,-5753000000.0,5091000000.0,3552000000.0,73000000.0,2886000000.0,2886000000.0,2886000000.0,0.0,0.0,0.245,5126000000.0,4022000000.0,230000000.0,0.0,6.073,22.803,22.857,1442000000.0,0.0,12.8,5.578,5.572,2900000000.0,4043000000.0,11799000000.0,11799000000.0,1491000000.0,0.164,0.309,1.441,0.355,202000000.0,3061000000.0,1.0,5141381025.0,5136000000,5231000000.0,2.297,10311000000.0,486000000.0,1165000000.0,1914000000.0,2.008,385000000.0
17,ORCL,MRY,2004-12-31,2004-05-31,2004-05-31,2021-09-13,156000000.0,12763000000.0,11867500000.0,11336000000.0,1427000000.0,0.856,1.533,-189000000.0,4138000000.0,4138000000.0,2317000000.0,2681000000.0,2.654,0.596,172000000.0,9000000.0,163000000.0,172000000.0,1540000000.0,234000000.0,0.0,0.0,0.0,3966000000.0,4200000000.0,0.414,4200000000.0,3966000000.0,3945000000.0,0.51,0.5,0.51,7995000000.0,7275500000.0,7995000000.0,55200863303.0,14.0,13.143,3006000000.0,0.576,1.0,7839000000.0,0.772,80000000.0,21000000.0,4445000000.0,3680500000.0,0.0,4449000000.0,4449000000.0,0.0,4768000000.0,4272000000.0,496000000.0,59222863303.0,-599000000.0,-21000000.0,-1145000000.0,-144000000.0,0.0,-1320000000.0,-2548000000.0,-2338000000.0,3195000000.0,74000000.0,2681000000.0,2681000000.0,2681000000.0,0.0,0.0,0.264,3975000000.0,3864000000.0,191000000.0,0.0,7.407,22.09,22.353,1068000000.0,0.0,11.4,5.831,5.854,2334000000.0,2383000000.0,10156000000.0,10156000000.0,1254000000.0,0.226,0.368,1.078,0.391,0.0,2631000000.0,1.0,5194988009.0,5215000000,5326000000.0,1.947,12683000000.0,393000000.0,1264000000.0,1009000000.0,2.432,7064000000.0
18,ORCL,MRY,2003-12-31,2003-05-31,2003-05-31,2021-09-13,127000000.0,10967000000.0,10269750000.0,9227000000.0,1740000000.0,0.923,1.192,-291000000.0,4737000000.0,4737000000.0,2342000000.0,2307000000.0,2.219,0.735,328000000.0,153000000.0,175000000.0,328000000.0,1409000000.0,286000000.0,0.0,0.0,0.0,3441000000.0,3727000000.0,0.393,3727000000.0,3441000000.0,3425000000.0,0.44,0.43,0.44,6320000000.0,5734250000.0,6320000000.0,64438382930.0,19.0,17.29,2759000000.0,0.52,1.0,7133000000.0,0.753,0.0,16000000.0,2400000000.0,2443500000.0,0.0,2015000000.0,1782000000.0,233000000.0,4647000000.0,4158000000.0,489000000.0,68211382930.0,1642000000.0,-46000000.0,-2297000000.0,9000000.0,0.0,-2481000000.0,895000000.0,1229000000.0,3050000000.0,178000000.0,2307000000.0,2307000000.0,2307000000.0,0.0,0.0,0.243,3693000000.0,3440000000.0,228000000.0,0.0,10.793,29.567,29.568,1062000000.0,0.0,13.01,7.199,7.28,2221000000.0,1092000000.0,9475000000.0,9475000000.0,1159000000.0,0.225,0.402,1.408,0.363,0.0,2491000000.0,1.0,5242996382.0,5302000000,5418000000.0,1.787,10967000000.0,481000000.0,1118000000.0,980000000.0,2.068,5069000000.0
19,ORCL,MRY,2002-12-31,2002-05-31,2002-05-31,2021-09-13,-122000000.0,10800000000.0,10661580500.0,8728000000.0,2072000000.0,0.907,1.109,-278000000.0,3095000000.0,3095000000.0,2406000000.0,2224000000.0,2.204,0.766,298000000.0,0.0,298000000.0,298000000.0,1241000000.0,363000000.0,0.0,0.0,0.0,3428000000.0,3791000000.0,0.392,3791000000.0,3428000000.0,3408000000.0,0.4,0.39,0.4,6117000000.0,6007789000.0,6117000000.0,40224373043.0,12.0,10.61,2857000000.0,0.518,1.0,7267000000.0,0.751,446000000.0,20000000.0,3597000000.0,3561639000.0,0.0,3152000000.0,2746000000.0,406000000.0,4683000000.0,3960000000.0,723000000.0,43380615043.0,-1354000000.0,0.0,-2460000000.0,-5000000.0,0.0,-2465000000.0,-2030000000.0,-1703000000.0,3135000000.0,6000000.0,2224000000.0,2224000000.0,2224000000.0,0.0,0.0,0.23,3696000000.0,3571000000.0,228000000.0,0.0,7.092,19.506,19.75,987000000.0,0.0,7.9,4.485,4.507,2329000000.0,1210000000.0,9673000000.0,9673000000.0,1076000000.0,0.209,0.37,0.962,0.354,0.0,2620000000.0,1.0,5491217094.0,5518000000,5689000000.0,1.753,10354000000.0,685000000.0,1184000000.0,1450000000.0,1.876,4768000000.0
20,ORCL,MRY,2001-12-31,2001-05-31,2001-05-31,2021-09-13,-154000000.0,11030000000.0,9729258500.0,8963000000.0,2067000000.0,1.127,1.121,-313000000.0,4449000000.0,4449000000.0,2897000000.0,2561000000.0,2.288,0.757,304000000.0,3000000.0,301000000.0,304000000.0,1214000000.0,346000000.0,0.0,0.0,0.0,3995000000.0,4341000000.0,0.396,4341000000.0,3995000000.0,3971000000.0,0.46,0.44,0.46,6277000000.0,5474608250.0,6277000000.0,82062100690.0,21.0,18.904,1811000000.0,0.324,1.0,8064000000.0,0.736,716000000.0,24000000.0,2252000000.0,1319471000.0,0.0,1438000000.0,1438000000.0,0.0,4753000000.0,3917000000.0,836000000.0,85887693690.0,-2980000000.0,0.0,-3806000000.0,0.0,0.0,-3806000000.0,-1200000000.0,-859000000.0,2124000000.0,-98000000.0,2561000000.0,2561000000.0,2561000000.0,0.0,0.0,0.234,4287000000.0,3777000000.0,270000000.0,0.0,13.683,33.537,33.261,975000000.0,0.0,15.3,7.836,7.813,2714000000.0,1610000000.0,10961000000.0,10961000000.0,1139000000.0,0.263,0.468,3.028,0.364,0.0,3148000000.0,1.0,5613574751.0,5597000000,5865000000.0,1.958,10314000000.0,649000000.0,1410000000.0,1260000000.0,1.843,5046000000.0
21,ORCL,MRY,2000-12-31,2000-05-31,2000-05-31,2021-09-13,5480000.0,13076779000.0,8345443500.0,10883334000.0,2193445000.0,1.226,1.138,-263000000.0,7429206000.0,7429206000.0,3044000000.0,6297000000.0,1.857,1.024,303461000.0,2691000.0,300770000.0,303461000.0,1133482000.0,391000000.0,0.0,0.0,0.0,10142000000.0,10533000000.0,1.03,10533000000.0,10142000000.0,10123000000.0,1.11,1.05,1.11,6461463000.0,4336695500.0,6461463000.0,204533539454.0,20.0,19.418,2660000000.0,0.468,1.0,7187000000.0,0.702,826611000.0,19000000.0,-737815000.0,1199986750.0,0.0,442792000.0,332792000.0,110000000.0,6615316000.0,5862238000.0,753078000.0,206494238454.0,5643000000.0,0.0,-4365000000.0,-5000000.0,0.0,-4183000000.0,6893000000.0,7631000000.0,2923000000.0,10000000.0,6297000000.0,6297000000.0,6297000000.0,0.0,0.0,0.615,4107000000.0,3080000000.0,287495000.0,0.0,31.958,32.792,32.77,934455000.0,0.0,36.375,20.183,20.191,2790167000.0,3343857000.0,10231000000.0,10231000000.0,1010000000.0,0.755,1.452,8.452,0.991,0.0,3097000000.0,1.0,5676817552.0,5679000000,5996000000.0,1.802,12250168000.0,535208000.0,3826000000.0,3253210000.0,2.157,5021096000.0
22,ORCL,MRY,1999-12-31,1999-05-31,1999-05-31,2021-09-13,-47411000.0,7259654000.0,6175009000.0,5447274000.0,1812380000.0,1.43,0.639,-346592000.0,1785715000.0,1785715000.0,3064148000.0,1289758000.0,1.788,0.965,307778000.0,3638000.0,304140000.0,307778000.0,1007149000.0,319823000.0,0.0,0.0,0.0,2003502000.0,2323325000.0,0.263,2323325000.0,2003502000.0,1982078000.0,0.22,0.22,0.22,3695267000.0,3283356250.0,3695267000.0,34516008672.0,17.0,14.856,1460507000.0,0.253,1.0,5763104000.0,0.653,575351000.0,21424000.0,2159943000.0,2149400750.0,0.0,1026596000.0,777049000.0,249547000.0,3564387000.0,3046423000.0,517964000.0,35713443672.0,512034000.0,0.0,-780531000.0,17000.0,0.0,-484713000.0,-802244000.0,-169594000.0,1807099000.0,-8108000.0,1289758000.0,1289758000.0,1289758000.0,0.0,0.0,0.146,3890223000.0,1872881000.0,283896000.0,0.0,9.665,27.69,28.193,987482000.0,0.0,6.202,4.046,4.063,2478996000.0,2266915000.0,8827252000.0,8827252000.0,841406000.0,0.209,0.393,0.932,0.227,0.0,3048817000.0,1.0,5757911112.0,5782352000,5936900000.0,1.527,6684303000.0,299670000.0,692320000.0,542361000.0,1.156,2400851000.0
23,ORCL,MRY,1998-12-31,1998-05-31,1998-05-31,2021-09-13,-41773000.0,5819011000.0,4982137250.0,4323050000.0,1495961000.0,1.434,0.504,-328358000.0,1273681000.0,1273681000.0,2273607000.0,813695000.0,1.74,0.968,307261000.0,2924000.0,304337000.0,307261000.0,877087000.0,286318000.0,0.0,0.0,0.0,1344477000.0,1630795000.0,0.228,1630795000.0,1344477000.0,1327819000.0,0.14,0.135,0.14,2957558000.0,2662114750.0,2957558000.0,22343321817.0,17.0,13.701,1281921000.0,0.219,1.0,4870259000.0,0.682,375100000.0,16658000.0,1993326000.0,2106191500.0,0.0,832029000.0,645518000.0,186511000.0,2861453000.0,2484165000.0,377288000.0,23002910817.0,383519000.0,-203467000.0,-285531000.0,2685000.0,0.0,-282846000.0,-918221000.0,-386396000.0,1610279000.0,-25693000.0,813695000.0,813695000.0,813695000.0,0.0,0.0,0.114,3626059000.0,1244200000.0,239698000.0,0.0,7.778,28.27,28.131,934350000.0,0.0,3.938,3.22,3.234,2065024000.0,2023056000.0,7143866000.0,7143866000.0,719143000.0,0.163,0.306,0.638,0.188,0.0,2739862000.0,1.0,5840772954.0,5865596000,5998352000.0,1.218,5443911000.0,260624000.0,514124000.0,316810000.0,0.928,1838885000.0
24,ORCL,MRY,1997-12-31,1997-05-31,1997-05-31,2021-09-13,-12476000.0,4624315000.0,3789060250.0,3271096000.0,1353219000.0,1.5,0.401,-418805000.0,890162000.0,890162000.0,1550466000.0,821457000.0,1.702,0.951,304197000.0,3361000.0,300836000.0,304197000.0,602862000.0,238243000.0,0.0,0.0,0.0,1290333000.0,1528576000.0,0.269,1528576000.0,1290333000.0,1283527000.0,0.14,0.135,0.14,2369712000.0,2142349500.0,2369712000.0,30043620337.0,23.0,19.655,611699000.0,0.104,1.0,4133870000.0,0.727,98981000.0,6806000.0,2017230000.0,1674525750.0,0.0,439365000.0,323028000.0,116337000.0,2254603000.0,1922139000.0,332464000.0,30468486337.0,174420000.0,-86340000.0,-354127000.0,297005000.0,0.0,-57122000.0,-777381000.0,-272236000.0,1030504000.0,-21581000.0,821457000.0,821457000.0,821457000.0,0.0,0.0,0.145,2870885000.0,1262985000.0,185444000.0,0.0,12.857,37.091,37.008,868948000.0,0.0,5.181,5.36,5.382,1708939000.0,1686170000.0,5684336000.0,5684336000.0,555476000.0,0.217,0.383,0.771,0.227,0.0,2278609000.0,1.0,5880685761.0,5905184000,6055772000.0,0.963,4525334000.0,274366000.0,462070000.0,332962000.0,0.766,1348957000.0
25,ORCL,MRY,1996-12-31,1996-05-31,1996-05-31,2021-09-13,12413000.0,3357243000.0,2749994000.0,2284465000.0,1072778000.0,1.536,0.318,-356423000.0,715742000.0,715742000.0,1096013000.0,603279000.0,1.57,0.795,6520000.0,5623000.0,897000.0,6520000.0,434435000.0,219494000.0,0.0,0.0,0.0,926142000.0,1145636000.0,0.271,1145636000.0,926142000.0,919510000.0,0.103,0.1,0.103,1870449000.0,1557300000.0,1870449000.0,20904263186.0,23.0,18.247,532734000.0,0.091,1.0,3127287000.0,0.74,99072000.0,6632000.0,1093985000.0,1056331500.0,0.0,167129000.0,125166000.0,41963000.0,1486794000.0,1454964000.0,31830000.0,21425962186.0,235584000.0,-133596000.0,-20296000.0,-85170000.0,0.0,-88291000.0,-551488000.0,-61469000.0,889157000.0,-13794000.0,603279000.0,603279000.0,603279000.0,0.0,0.0,0.143,2222396000.0,904891000.0,169895000.0,0.0,11.455,35.516,35.329,685754000.0,0.0,3.639,5.073,5.064,1203976000.0,1382203000.0,4223300000.0,4223300000.0,389093000.0,0.219,0.387,0.877,0.219,0.0,1782372000.0,1.0,5888050677.0,5877342000,6035922000.0,0.719,3258171000.0,171560000.0,316231000.0,290615000.0,0.554,829501000.0
26,ORCL,MRY,1995-12-31,1995-05-31,1995-05-31,2021-09-13,18234000.0,2424517000.0,1925427250.0,1617194000.0,807323000.0,1.541,0.202,-310233000.0,480158000.0,480158000.0,779012000.0,441518000.0,1.533,1.001,91320000.0,9599000.0,81721000.0,91320000.0,316273000.0,147772000.0,0.0,0.0,0.0,665952000.0,813724000.0,0.274,813724000.0,665952000.0,658982000.0,0.073,0.073,0.073,1211358000.0,939291250.0,1211358000.0,14800629192.0,22.0,18.189,258451000.0,0.043,1.0,2187866000.0,0.737,99855000.0,6970000.0,880675000.0,751712500.0,0.0,105660000.0,105660000.0,0.0,1213159000.0,1055149000.0,158010000.0,14985709192.0,75348000.0,-139824000.0,-15212000.0,-822000.0,0.0,-16034000.0,-495769000.0,-45712000.0,568684000.0,18467000.0,441518000.0,441518000.0,441518000.0,0.0,0.0,0.149,1538145000.0,649721000.0,124773000.0,0.0,12.371,33.941,35.261,535034000.0,0.0,2.574,5.051,5.196,846342000.0,854138000.0,2966878000.0,2966878000.0,260597000.0,0.229,0.47,0.886,0.224,0.0,1277548000.0,1.0,5821786305.0,5988591000,5988591000.0,0.495,2324662000.0,135491000.0,217464000.0,229060000.0,0.388,562045000.0
27,ORCL,MRY,1994-12-31,1994-05-31,1994-05-31,2021-09-13,-2542000.0,1594984000.0,1389502000.0,1075612000.0,519372000.0,1.44,0.124,-288717000.0,404810000.0,404810000.0,499213000.0,283720000.0,1.577,1.154,89743000.0,6898000.0,82845000.0,89743000.0,227118000.0,104563000.0,0.0,0.0,0.0,430334000.0,534897000.0,0.267,534897000.0,430334000.0,423463000.0,0.048,0.048,0.048,740553000.0,634296000.0,740553000.0,9620767051.0,22.0,17.986,154734000.0,0.026,1.0,1501934000.0,0.751,100329000.0,6871000.0,497487000.0,420544000.0,0.0,59948000.0,59948000.0,0.0,854431000.0,682101000.0,172330000.0,9783401051.0,120250000.0,0.0,-42445000.0,-8860000.0,0.0,-51305000.0,-269888000.0,44543000.0,443451000.0,-2008000.0,283720000.0,283720000.0,283720000.0,0.0,0.0,0.142,1081981000.0,419953000.0,95799000.0,0.0,13.211,34.483,35.237,378483000.0,0.0,1.691,4.889,5.062,515669000.0,488595000.0,2001147000.0,2001147000.0,197086000.0,0.204,0.447,1.023,0.215,0.0,884895000.0,1.0,5784346606.0,5988618000,5988618000.0,0.334,1494655000.0,53765000.0,139743000.0,146288000.0,0.25,393511000.0
28,ORCL,MRY,1993-12-31,1993-05-31,1993-05-31,2021-09-13,2697000.0,1184020000.0,,842307000.0,341713000.0,,0.089,-71960000.0,284560000.0,284560000.0,346633000.0,98256000.0,1.528,1.242,97064000.0,10684000.0,86380000.0,97064000.0,193211000.0,79204000.0,0.0,0.0,0.0,183532000.0,262736000.0,0.175,262736000.0,183532000.0,174571000.0,0.016,0.016,0.016,528039000.0,,528039000.0,,,,245523000.0,0.041,1.0,1156135000.0,0.769,101580000.0,8961000.0,343601000.0,,0.0,104491000.0,73215000.0,31276000.0,655981000.0,551343000.0,104638000.0,,131277000.0,0.0,-11928000.0,-12343000.0,0.0,-24271000.0,-158021000.0,-81273000.0,317483000.0,-3914000.0,98256000.0,98256000.0,98256000.0,0.0,0.0,0.065,939156000.0,216979000.0,72863000.0,0.0,,,64.429,189238000.0,0.0,1.031,,4.069,405589000.0,322429000.0,1502768000.0,1502768000.0,146420000.0,,,,0.122,0.0,768736000.0,1.0,,5932278000,5932278000.0,0.253,1082440000.0,49157000.0,76315000.0,89144000.0,0.182,290964000.0
29,ORCL,MRY,1992-12-31,1992-05-31,1992-05-31,2021-09-13,,,,,,,,-88456000.0,,,281562000.0,61510000.0,,,,,,,,65778000.0,,0.0,0.0,114779000.0,180557000.0,0.153,180557000.0,114779000.0,96130000.0,0.011,0.011,0.011,,,,,,,153864000.0,0.027,1.0,896934000.0,0.761,,18649000.0,,,,,,,,,,,51802000.0,0.0,22239000.0,-98639000.0,0.0,-76400000.0,-116358000.0,-23218000.0,242320000.0,2240000.0,61510000.0,61510000.0,61510000.0,0.0,0.0,0.052,783271000.0,113663000.0,,0.0,,,33.378,,0.0,0.367,,1.801,,,1178496000.0,1178496000.0,110641000.0,,,,0.097,0.0,672630000.0,1.0,,5782144500,5782144500.0,0.204,,,34620000.0,,,
0,ORCL,MRQ,2021-09-30,2021-08-31,2021-08-31,2021-09-13,-1396000000.0,122924000000.0,,47117000000.0,75807000000.0,,-0.557,-1062000000.0,23059000000.0,23059000000.0,2103000000.0,2457000000.0,2.042,-80.502,82718000000.0,6748000000.0,75970000000.0,82718000000.0,10011000000.0,757000000.0,0.0,0.013,0.32,3386000000.0,4143000000.0,0.426,4143000000.0,3386000000.0,2681000000.0,0.89,0.86,0.89,-1541000000.0,,-1541000000.0,302997960000.0,19.0,16.252,4329000000.0,1.563,1.0,7625000000.0,0.784,46043000000.0,705000000.0,113469000000.0,,0.0,16251000000.0,16251000000.0,0.0,124054000000.0,23071000000.0,100983000000.0,248850960000.0,-7039000000.0,-50000000.0,-8667000000.0,-1500000000.0,-887000000.0,-11468000000.0,-781000000.0,331000000.0,5391000000.0,-181000000.0,2457000000.0,2457000000.0,2457000000.0,0.0,0.0,0.253,4198000000.0,3427000000.0,749000000.0,0.36,-161.487,17.836,18.415,7610000000.0,0.0,89.13,6.093,6.043,4482000000.0,-25679000000.0,9728000000.0,9728000000.0,1684000000.0,,,,,545000000.0,2152000000.0,1.0,2792000000.0,2769000000,2861000000.0,3.513,76881000000.0,13391000000.0,224000000.0,19963000000.0,27.765,24046000000.0
1,ORCL,MRQ,2021-06-30,2021-05-31,2021-05-31,2021-09-13,-1175000000.0,131107000000.0,,55567000000.0,75540000000.0,,1.839,-717000000.0,30098000000.0,30098000000.0,2122000000.0,4032000000.0,2.3,23.894,84245000000.0,8250000000.0,75995000000.0,84245000000.0,8775000000.0,752000000.0,0.0,0.013,0.32,4853000000.0,5605000000.0,0.499,5605000000.0,4853000000.0,4156000000.0,1.41,1.36,1.41,5238000000.0,,5238000000.0,274027545900.0,18.0,14.884,4125000000.0,1.448,1.0,9105000000.0,0.811,46365000000.0,697000000.0,114725000000.0,,0.0,16456000000.0,16456000000.0,0.0,125155000000.0,24164000000.0,100991000000.0,227049545900.0,7777000000.0,-12000000.0,-7174000000.0,14934000000.0,-917000000.0,6798000000.0,-3911000000.0,-3182000000.0,4842000000.0,48000000.0,4032000000.0,4032000000.0,4032000000.0,0.0,0.0,0.359,4564000000.0,4541000000.0,745000000.0,0.227,43.347,16.517,16.861,7049000000.0,0.0,78.74,5.609,5.729,5409000000.0,-20120000000.0,11227000000.0,11227000000.0,1715000000.0,,,,,442000000.0,2382000000.0,1.0,2883535000.0,2849000000,2941000000.0,3.941,84742000000.0,13636000000.0,124000000.0,20209000000.0,29.744,31403000000.0
2,ORCL,MRQ,2021-03-31,2021-02-28,2021-02-28,2021-09-13,-1155000000.0,118109000000.0,,43744000000.0,74365000000.0,,3.055,-414000000.0,22321000000.0,22321000000.0,1915000000.0,5021000000.0,2.16,12.188,69299000000.0,5758000000.0,63541000000.0,69299000000.0,8088000000.0,732000000.0,0.0,0.015,0.24,3861000000.0,4593000000.0,0.455,4593000000.0,3861000000.0,3276000000.0,1.72,1.68,1.72,8900000000.0,,8900000000.0,232700633340.0,16.0,13.071,3290000000.0,1.129,1.0,8170000000.0,0.81,46708000000.0,585000000.0,98129000000.0,,0.0,13543000000.0,13543000000.0,0.0,108472000000.0,20250000000.0,88222000000.0,189919633340.0,-5680000000.0,-29000000.0,-3930000000.0,-1631000000.0,-699000000.0,-6129000000.0,-3384000000.0,-2941000000.0,3704000000.0,129000000.0,5021000000.0,5021000000.0,5021000000.0,0.0,0.0,0.498,4292000000.0,3878000000.0,812000000.0,0.14,21.339,14.803,15.072,6816000000.0,0.0,64.51,4.785,4.735,4637000000.0,-16206000000.0,10085000000.0,10085000000.0,1621000000.0,,,,,479000000.0,2245000000.0,1.0,2944034000.0,2913000000,2994000000.0,3.462,71401000000.0,13725000000.0,-1745000000.0,20208000000.0,24.511,23494000000.0
3,ORCL,MRQ,2020-12-31,2020-11-30,2020-11-30,2021-09-13,-1286000000.0,110014000000.0,,46251000000.0,63763000000.0,,2.659,-568000000.0,28001000000.0,28001000000.0,1939000000.0,2442000000.0,2.167,12.808,70782000000.0,7251000000.0,63531000000.0,70782000000.0,8062000000.0,731000000.0,0.0,0.017,0.24,3572000000.0,4303000000.0,0.439,4303000000.0,3572000000.0,2972000000.0,0.82,0.8,0.82,7917000000.0,,7917000000.0,217063332920.0,15.0,12.411,820000000.0,0.275,1.0,7861000000.0,0.802,46938000000.0,600000000.0,84510000000.0,,0.0,10592000000.0,10592000000.0,0.0,101398000000.0,21347000000.0,80051000000.0,173573332920.0,725000000.0,0.0,-3854000000.0,0.0,-717000000.0,-4554000000.0,3852000000.0,4420000000.0,1388000000.0,39000000.0,2442000000.0,2442000000.0,2442000000.0,0.0,0.0,0.249,4278000000.0,3583000000.0,724000000.0,0.293,21.924,16.722,17.128,6627000000.0,0.0,57.72,4.405,4.361,4423000000.0,-17095000000.0,9800000000.0,9800000000.0,1601000000.0,,,,,488000000.0,2160000000.0,1.0,3007161000.0,2977000000,3046000000.0,3.292,63076000000.0,3401000000.0,530000000.0,12214000000.0,21.188,24904000000.0
4,ORCL,MRQ,2020-09-30,2020-08-31,2020-08-31,2021-09-13,-1337000000.0,113546000000.0,,49939000000.0,63607000000.0,,3.121,-436000000.0,27276000000.0,27276000000.0,1880000000.0,2251000000.0,2.664,10.895,70766000000.0,2997000000.0,67769000000.0,70766000000.0,9875000000.0,701000000.0,0.0,0.017,0.24,3209000000.0,3910000000.0,0.417,3910000000.0,3209000000.0,2595000000.0,0.74,0.72,0.74,9491000000.0,,9491000000.0,209947984040.0,15.0,12.199,5517000000.0,1.814,1.0,7487000000.0,0.799,47272000000.0,614000000.0,91016000000.0,,0.0,15003000000.0,15003000000.0,0.0,103406000000.0,18748000000.0,84658000000.0,175589984040.0,-9963000000.0,0.0,-4856000000.0,-1000000000.0,-730000000.0,-6493000000.0,-9655000000.0,-9219000000.0,5953000000.0,232000000.0,2251000000.0,2251000000.0,2251000000.0,0.0,0.0,0.24,4276000000.0,3211000000.0,534000000.0,0.324,18.501,17.132,17.552,6401000000.0,0.0,57.22,4.478,4.437,4576000000.0,-15410000000.0,9367000000.0,9367000000.0,1589000000.0,,,,,428000000.0,2149000000.0,1.0,3068682000.0,3041000000,3107000000.0,3.08,66274000000.0,3152000000.0,344000000.0,12690000000.0,21.793,31191000000.0
5,ORCL,MRQ,2020-06-30,2020-05-31,2020-05-31,2021-09-13,-1716000000.0,115438000000.0,,52140000000.0,63298000000.0,,3.906,-433000000.0,37239000000.0,37239000000.0,1969000000.0,3116000000.0,3.031,8.508,71597000000.0,2371000000.0,69226000000.0,71597000000.0,8002000000.0,722000000.0,0.0,0.018,0.24,4275000000.0,4997000000.0,0.479,4997000000.0,4275000000.0,3696000000.0,1.0,0.98,1.0,12074000000.0,,12074000000.0,197414211680.0,14.0,11.595,3181000000.0,1.029,1.0,8470000000.0,0.811,47507000000.0,579000000.0,85089000000.0,,0.0,5818000000.0,5818000000.0,0.0,102721000000.0,17200000000.0,85521000000.0,169568211680.0,13410000000.0,-13000000.0,-4990000000.0,19888000000.0,-740000000.0,14133000000.0,-4256000000.0,-3810000000.0,3614000000.0,-81000000.0,3116000000.0,3116000000.0,3116000000.0,0.0,0.0,0.298,4162000000.0,4308000000.0,637000000.0,0.24,14.044,16.731,17.016,6244000000.0,0.0,53.77,4.34,4.419,5551000000.0,-12696000000.0,10439000000.0,10439000000.0,1479000000.0,,,,,386000000.0,2237000000.0,1.0,3153584000.0,3091000000,3165000000.0,3.377,67931000000.0,3252000000.0,580000000.0,12504000000.0,21.977,34940000000.0
6,ORCL,MRQ,2020-03-31,2020-02-29,2020-02-29,2021-09-13,-1679000000.0,96704000000.0,,33442000000.0,63262000000.0,,4.462,-396000000.0,23829000000.0,23829000000.0,1964000000.0,2571000000.0,2.125,5.748,51675000000.0,2355000000.0,49320000000.0,51675000000.0,7814000000.0,748000000.0,0.0,0.019,0.24,3532000000.0,4280000000.0,0.437,4280000000.0,3532000000.0,3076000000.0,0.81,0.79,0.81,14235000000.0,,14235000000.0,185779319540.0,13.0,10.817,2616000000.0,0.82,1.0,7832000000.0,0.8,47869000000.0,456000000.0,60941000000.0,,0.0,2029000000.0,2029000000.0,0.0,81823000000.0,15740000000.0,66083000000.0,158650319540.0,-711000000.0,0.0,-3389000000.0,0.0,-768000000.0,-4169000000.0,480000000.0,876000000.0,3012000000.0,-34000000.0,2571000000.0,2571000000.0,2571000000.0,0.0,0.0,0.262,4304000000.0,3528000000.0,533000000.0,0.296,11.145,14.746,15.313,6248000000.0,0.0,49.46,3.99,3.968,4162000000.0,-10771000000.0,9796000000.0,9796000000.0,1500000000.0,,,,,361000000.0,2337000000.0,1.0,3207649000.0,3190000000,3271000000.0,3.071,48835000000.0,2883000000.0,505000000.0,13168000000.0,15.309,17702000000.0
7,ORCL,MRQ,2019-12-31,2019-11-30,2019-11-30,2021-09-13,-1637000000.0,98443000000.0,,34540000000.0,63903000000.0,,4.796,-349000000.0,24540000000.0,24540000000.0,2048000000.0,2311000000.0,2.367,5.285,51669000000.0,999000000.0,50670000000.0,51669000000.0,8087000000.0,748000000.0,0.0,0.016,0.24,3275000000.0,4023000000.0,0.418,4023000000.0,3275000000.0,2810000000.0,0.71,0.69,0.71,15563000000.0,,15563000000.0,207963846200.0,15.0,12.068,164000000.0,0.051,1.0,7566000000.0,0.787,48302000000.0,465000000.0,62678000000.0,,0.0,2904000000.0,2904000000.0,0.0,82258000000.0,14592000000.0,67666000000.0,184606846200.0,-6543000000.0,-109000000.0,-4735000000.0,-2750000000.0,-767000000.0,-8294000000.0,1233000000.0,1691000000.0,513000000.0,5000000.0,2311000000.0,2311000000.0,2311000000.0,0.0,0.0,0.24,4383000000.0,3183000000.0,534000000.0,0.338,11.862,16.885,17.544,6270000000.0,0.0,56.14,4.664,4.602,4050000000.0,-9174000000.0,9614000000.0,9614000000.0,1531000000.0,,,,,397000000.0,2391000000.0,1.0,3288330000.0,3245000000,3331000000.0,2.963,50141000000.0,2751000000.0,499000000.0,13042000000.0,15.452,19948000000.0
8,ORCL,MRQ,2019-09-30,2019-08-31,2019-08-31,2021-09-13,-1571000000.0,106229000000.0,,42384000000.0,63845000000.0,,5.557,-386000000.0,31083000000.0,31083000000.0,1957000000.0,2137000000.0,2.246,4.731,54440000000.0,3748000000.0,50692000000.0,54440000000.0,10089000000.0,750000000.0,0.0,0.017,0.24,2976000000.0,3726000000.0,0.404,3726000000.0,2976000000.0,2482000000.0,0.64,0.63,0.64,18433000000.0,,18433000000.0,209315737140.0,15.0,12.165,5614000000.0,1.692,1.0,7261000000.0,0.788,48594000000.0,494000000.0,62117000000.0,,0.0,4621000000.0,4621000000.0,0.0,87210000000.0,18875000000.0,68335000000.0,173662737140.0,10569000000.0,-2000000.0,-5203000000.0,-1750000000.0,-795000000.0,-7802000000.0,12386000000.0,12774000000.0,6000000000.0,-15000000.0,2137000000.0,2137000000.0,2137000000.0,0.0,0.0,0.232,4384000000.0,2877000000.0,486000000.0,0.375,9.421,15.852,16.686,6264000000.0,0.0,52.06,4.393,4.368,3820000000.0,-6446000000.0,9218000000.0,9218000000.0,1557000000.0,,,,,446000000.0,2310000000.0,1.0,3335819000.0,3317000000,3410000000.0,2.779,57635000000.0,2654000000.0,345000000.0,13501000000.0,17.376,23509000000.0
9,ORCL,MRQ,2019-06-30,2019-05-31,2019-05-31,2021-09-13,-1628000000.0,108709000000.0,,46386000000.0,62323000000.0,,6.43,-413000000.0,20514000000.0,20514000000.0,2063000000.0,3740000000.0,2.49,3.964,56167000000.0,4494000000.0,51673000000.0,56167000000.0,8374000000.0,754000000.0,0.0,0.016,0.24,4391000000.0,5145000000.0,0.462,5145000000.0,4391000000.0,3866000000.0,1.07,1.04,1.07,21785000000.0,,21785000000.0,214372292400.0,15.0,12.414,4009000000.0,1.183,1.0,9074000000.0,0.815,49058000000.0,525000000.0,76674000000.0,,0.0,17313000000.0,17313000000.0,0.0,86346000000.0,18630000000.0,67716000000.0,172933292400.0,5794000000.0,-33000000.0,-5614000000.0,0.0,-806000000.0,-6461000000.0,7906000000.0,8352000000.0,4422000000.0,-73000000.0,3740000000.0,3740000000.0,3740000000.0,0.0,0.0,0.336,4817000000.0,4257000000.0,580000000.0,0.224,7.938,15.603,16.59,6252000000.0,0.0,50.6,4.377,4.654,5134000000.0,-3496000000.0,11137000000.0,11137000000.0,1562000000.0,,,,,394000000.0,2648000000.0,1.0,3417654000.0,3388000000,3495000000.0,3.287,59651000000.0,2696000000.0,126000000.0,13295000000.0,17.607,27756000000.0
10,ORCL,MRQ,2019-03-31,2019-02-28,2019-02-28,2021-09-13,-1734000000.0,109438000000.0,,47617000000.0,61821000000.0,,6.725,-443000000.0,14720000000.0,14720000000.0,1976000000.0,2745000000.0,2.647,3.593,56159000000.0,4487000000.0,51672000000.0,56159000000.0,8007000000.0,741000000.0,0.0,0.015,0.19,3597000000.0,4338000000.0,0.451,4338000000.0,3597000000.0,3088000000.0,0.78,0.76,0.78,23714000000.0,,23714000000.0,234304347470.0,16.0,13.558,2418000000.0,0.686,1.0,7638000000.0,0.794,49454000000.0,509000000.0,83437000000.0,,0.0,25310000000.0,25310000000.0,0.0,85200000000.0,17986000000.0,67214000000.0,187090347470.0,3896000000.0,-17000000.0,-9551000000.0,-2000000000.0,-670000000.0,-12239000000.0,13199000000.0,13659000000.0,2861000000.0,75000000.0,2745000000.0,2745000000.0,2745000000.0,0.0,0.0,0.286,4239000000.0,3399000000.0,603000000.0,0.244,7.889,17.618,18.685,6197000000.0,0.0,52.13,4.751,4.667,3993000000.0,-1284000000.0,9614000000.0,9614000000.0,1426000000.0,,,,,427000000.0,2367000000.0,1.0,3588919000.0,3526000000,3617000000.0,2.727,59984000000.0,2033000000.0,343000000.0,13208000000.0,17.012,29631000000.0
11,ORCL,MRQ,2018-12-31,2018-11-30,2018-11-30,2021-09-13,-1965000000.0,118318000000.0,,56938000000.0,61380000000.0,,8.218,-421000000.0,10824000000.0,10824000000.0,2001000000.0,2333000000.0,2.803,2.854,58038000000.0,6477000000.0,51561000000.0,58038000000.0,8246000000.0,704000000.0,0.0,0.016,0.19,3293000000.0,3997000000.0,0.418,3997000000.0,3293000000.0,2774000000.0,0.63,0.61,0.63,30572000000.0,,30572000000.0,224374929600.0,15.0,12.92,125000000.0,0.034,1.0,7561000000.0,0.791,49881000000.0,519000000.0,95336000000.0,,0.0,38567000000.0,38567000000.0,0.0,87263000000.0,20315000000.0,66948000000.0,184700929600.0,-7631000000.0,-263000000.0,-9268000000.0,0.0,-714000000.0,-10023000000.0,1920000000.0,2604000000.0,546000000.0,-74000000.0,2333000000.0,2333000000.0,2333000000.0,0.0,0.0,0.244,4460000000.0,3101000000.0,587000000.0,0.302,6.042,48.263,47.34,6003000000.0,0.0,48.76,4.682,4.598,3975000000.0,5107000000.0,9562000000.0,9562000000.0,1475000000.0,,,,,396000000.0,2400000000.0,1.0,3787960000.0,3720000000,3817000000.0,2.57,68437000000.0,1482000000.0,441000000.0,13001000000.0,18.397,36623000000.0
12,ORCL,MRQ,2018-09-30,2018-08-31,2018-08-31,2021-09-13,-1766000000.0,128358000000.0,,67009000000.0,61349000000.0,,9.751,-383000000.0,18455000000.0,18455000000.0,1953000000.0,2265000000.0,3.425,2.359,58129000000.0,3743000000.0,54386000000.0,58129000000.0,10349000000.0,720000000.0,0.0,0.016,0.19,3069000000.0,3789000000.0,0.412,3789000000.0,3069000000.0,2540000000.0,0.58,0.57,0.58,38067000000.0,,38067000000.0,232403509900.0,16.0,13.389,6339000000.0,1.624,1.0,7240000000.0,0.788,49997000000.0,529000000.0,98473000000.0,,0.0,41639000000.0,41639000000.0,0.0,89794000000.0,19562000000.0,70232000000.0,193404509900.0,-3165000000.0,-50000000.0,-10055000000.0,-2500000000.0,-742000000.0,-13333000000.0,3532000000.0,3965000000.0,6722000000.0,-86000000.0,2265000000.0,2265000000.0,2265000000.0,0.0,0.0,0.246,4462000000.0,2778000000.0,527000000.0,0.328,5.081,52.159,52.237,5918000000.0,0.0,48.58,4.9,4.805,3729000000.0,12022000000.0,9193000000.0,9193000000.0,1564000000.0,,,,,436000000.0,2360000000.0,1.0,3981155000.0,3904000000,3999000000.0,2.355,78361000000.0,1433000000.0,275000000.0,13513000000.0,20.072,47447000000.0
13,ORCL,MRQ,2018-06-30,2018-05-31,2018-05-31,2021-09-13,-1689000000.0,137851000000.0,,76159000000.0,61692000000.0,,11.461,-378000000.0,21620000000.0,21620000000.0,2173000000.0,3276000000.0,3.982,1.962,60619000000.0,4491000000.0,56128000000.0,60619000000.0,8341000000.0,702000000.0,0.0,0.016,0.19,4455000000.0,5157000000.0,0.468,5157000000.0,4455000000.0,3907000000.0,0.8,0.78,0.8,46372000000.0,,46372000000.0,231953663360.0,16.0,13.459,4282000000.0,1.058,1.0,8841000000.0,0.803,50425000000.0,548000000.0,107301000000.0,,0.0,45641000000.0,45641000000.0,0.0,90978000000.0,19124000000.0,71854000000.0,190725663360.0,2133000000.0,-1724000000.0,-4679000000.0,-2000000.0,-778000000.0,-5459000000.0,3160000000.0,5262000000.0,4660000000.0,-228000000.0,3276000000.0,3276000000.0,3276000000.0,0.0,0.0,0.297,4680000000.0,4161000000.0,529000000.0,0.237,4.113,53.171,53.701,5897000000.0,0.0,46.72,4.843,4.889,5136000000.0,19111000000.0,11014000000.0,11014000000.0,1543000000.0,,,,,396000000.0,2620000000.0,1.0,4082313000.0,4046000000,4148000000.0,2.722,87426000000.0,1395000000.0,631000000.0,13429000000.0,21.608,57035000000.0
14,ORCL,MRQ,2018-03-31,2018-02-28,2018-02-28,2021-09-13,-1296000000.0,138201000000.0,,77732000000.0,60469000000.0,,11.594,-286000000.0,19487000000.0,19487000000.0,1996000000.0,-4047000000.0,4.326,1.882,60715000000.0,4491000000.0,56224000000.0,60715000000.0,8003000000.0,699000000.0,0.0,0.015,0.19,3724000000.0,4423000000.0,0.457,4423000000.0,3724000000.0,3191000000.0,-0.98,-0.98,-0.98,47789000000.0,,47789000000.0,249112633340.0,17.0,14.482,3024000000.0,0.734,1.0,7680000000.0,0.794,49365000000.0,533000000.0,112096000000.0,,496000000.0,50968000000.0,50968000000.0,0.0,89929000000.0,17968000000.0,71961000000.0,209753633340.0,-1823000000.0,0.0,-3237000000.0,0.0,-783000000.0,-4020000000.0,-1257000000.0,-971000000.0,3310000000.0,144000000.0,-4047000000.0,-4047000000.0,-4047000000.0,0.0,0.0,-0.418,4365000000.0,3315000000.0,603000000.0,-0.194,4.389,57.31,57.58,5904000000.0,0.0,50.67,5.334,5.311,3902000000.0,20037000000.0,9676000000.0,9676000000.0,1496000000.0,,,,,389000000.0,2381000000.0,1.0,4139602000.0,4122000000,4122000000.0,2.347,88836000000.0,1815000000.0,7238000000.0,13296000000.0,21.552,59764000000.0
15,ORCL,MRQ,2017-12-31,2017-11-30,2017-11-30,2021-09-13,-902000000.0,138762000000.0,,78545000000.0,60217000000.0,,13.43,-599000000.0,21310000000.0,21310000000.0,1960000000.0,2214000000.0,5.069,1.476,60669000000.0,2499000000.0,58170000000.0,60669000000.0,8076000000.0,688000000.0,0.0,0.015,0.19,3301000000.0,3989000000.0,0.416,3989000000.0,3301000000.0,2826000000.0,0.53,0.52,0.53,55868000000.0,,55868000000.0,236699980180.0,17.0,14.275,251000000.0,0.06,1.0,7629000000.0,0.796,49758000000.0,475000000.0,112869000000.0,,436000000.0,50270000000.0,50270000000.0,0.0,82462000000.0,15494000000.0,66968000000.0,204729980180.0,-11000000.0,0.0,-1716000000.0,7445000000.0,-791000000.0,4938000000.0,-5710000000.0,-5111000000.0,850000000.0,-89000000.0,2214000000.0,2214000000.0,2214000000.0,0.0,0.0,0.231,4590000000.0,3039000000.0,554000000.0,0.358,3.665,20.584,20.357,5868000000.0,0.0,49.06,5.269,5.253,3798000000.0,28296000000.0,9589000000.0,9589000000.0,1473000000.0,,,,,419000000.0,2408000000.0,1.0,4173053000.0,4160000000,4283000000.0,2.305,89004000000.0,1222000000.0,612000000.0,6082000000.0,21.395,63051000000.0
16,ORCL,MRQ,2017-09-30,2017-08-31,2017-08-31,2021-09-13,-716000000.0,133597000000.0,,73335000000.0,60262000000.0,,13.465,-473000000.0,21321000000.0,21321000000.0,1928000000.0,2144000000.0,3.626,1.38,53291000000.0,4998000000.0,48293000000.0,53291000000.0,10269000000.0,696000000.0,0.0,0.014,0.19,2969000000.0,3665000000.0,0.403,3665000000.0,2969000000.0,2500000000.0,0.52,0.5,0.52,55959000000.0,,55959000000.0,244324205060.0,18.0,15.015,6093000000.0,1.466,1.0,7176000000.0,0.788,50206000000.0,469000000.0,95135000000.0,,312000000.0,45576000000.0,45576000000.0,0.0,77231000000.0,20226000000.0,57005000000.0,208199205060.0,-463000000.0,0.0,181000000.0,-4800000000.0,-788000000.0,-5441000000.0,-1818000000.0,-1345000000.0,6566000000.0,230000000.0,2144000000.0,2144000000.0,2144000000.0,0.0,0.0,0.236,4427000000.0,2749000000.0,593000000.0,0.365,3.721,21.323,21.147,5586000000.0,0.0,50.33,5.436,5.461,3591000000.0,28586000000.0,9104000000.0,9104000000.0,1572000000.0,,,,,403000000.0,2308000000.0,1.0,4136682000.0,4156000000,4284000000.0,2.191,83391000000.0,1181000000.0,356000000.0,5891000000.0,20.065,53109000000.0
17,ORCL,MRQ,2017-06-30,2017-05-31,2017-05-31,2021-09-13,-803000000.0,134991000000.0,,74515000000.0,60476000000.0,,13.041,-525000000.0,21784000000.0,21784000000.0,1986000000.0,3349000000.0,3.082,1.499,57909000000.0,9797000000.0,48112000000.0,57909000000.0,8233000000.0,719000000.0,0.0,0.014,0.19,4405000000.0,5124000000.0,0.468,5124000000.0,4405000000.0,3924000000.0,0.81,0.79,0.81,53860000000.0,,53860000000.0,220984506760.0,16.0,13.873,3941000000.0,0.954,1.0,8971000000.0,0.819,50724000000.0,481000000.0,96214000000.0,,0.0,44294000000.0,44294000000.0,0.0,80745000000.0,24178000000.0,56567000000.0,186765506760.0,2036000000.0,-815000000.0,332000000.0,3800000000.0,-787000000.0,3287000000.0,-5846000000.0,-4506000000.0,4466000000.0,129000000.0,3349000000.0,3349000000.0,3349000000.0,0.0,0.0,0.306,4694000000.0,4277000000.0,599000000.0,0.235,3.468,19.759,19.735,5315000000.0,0.0,45.39,4.942,4.942,5300000000.0,27598000000.0,10957000000.0,10957000000.0,1602000000.0,,,,,333000000.0,2515000000.0,1.0,4114684000.0,4130000000,4247000000.0,2.653,84267000000.0,1143000000.0,575000000.0,5681000000.0,20.404,50337000000.0
18,ORCL,MRQ,2017-03-31,2017-02-28,2017-02-28,2021-09-13,-931000000.0,125382000000.0,,66011000000.0,59371000000.0,,12.324,-440000000.0,19748000000.0,19748000000.0,1892000000.0,2239000000.0,4.181,1.469,53967000000.0,3498000000.0,50469000000.0,53967000000.0,7388000000.0,656000000.0,0.0,0.014,0.15,3148000000.0,3804000000.0,0.413,3804000000.0,3148000000.0,2698000000.0,0.55,0.53,0.55,50615000000.0,,50615000000.0,210454214270.0,16.0,13.593,2259000000.0,0.55,1.0,7313000000.0,0.794,50292000000.0,450000000.0,93519000000.0,,391000000.0,39604000000.0,39604000000.0,0.0,74359000000.0,15790000000.0,58569000000.0,174719214270.0,1156000000.0,-552000000.0,16000000.0,-344000000.0,-612000000.0,-940000000.0,-728000000.0,264000000.0,2699000000.0,125000000.0,2239000000.0,2239000000.0,2239000000.0,0.0,0.0,0.243,4354000000.0,2959000000.0,481000000.0,0.273,3.452,19.594,19.627,5070000000.0,0.0,42.59,4.668,4.673,3721000000.0,25576000000.0,9205000000.0,9205000000.0,1521000000.0,,,,,371000000.0,2245000000.0,1.0,4102353000.0,4107000000,4204000000.0,2.241,75090000000.0,918000000.0,459000000.0,5162000000.0,18.283,50221000000.0
19,ORCL,MRQ,2016-12-31,2016-11-30,2016-11-30,2021-09-13,-1072000000.0,123600000000.0,,64734000000.0,58866000000.0,,11.808,-757000000.0,18592000000.0,18592000000.0,1797000000.0,2032000000.0,3.96,1.543,54327000000.0,3838000000.0,50489000000.0,54327000000.0,7411000000.0,543000000.0,0.0,0.015,0.15,3136000000.0,3679000000.0,0.407,3679000000.0,3136000000.0,2685000000.0,0.5,0.48,0.5,48462000000.0,,48462000000.0,190444737730.0,15.0,12.373,329000000.0,0.08,1.0,7238000000.0,0.801,50051000000.0,451000000.0,92937000000.0,,327000000.0,39614000000.0,39614000000.0,0.0,74755000000.0,16347000000.0,58408000000.0,165002737730.0,-10022000000.0,-8711000000.0,-326000000.0,0.0,-614000000.0,-973000000.0,-9717000000.0,-249000000.0,1086000000.0,-418000000.0,2032000000.0,2032000000.0,2032000000.0,0.0,0.0,0.225,4201000000.0,3037000000.0,615000000.0,0.3,3.405,18.708,18.869,4882000000.0,0.0,40.19,4.431,4.43,3690000000.0,24375000000.0,9035000000.0,9035000000.0,1510000000.0,,,,,327000000.0,2263000000.0,1.0,4105567000.0,4104000000,4195000000.0,2.202,73549000000.0,895000000.0,653000000.0,5099000000.0,17.921,48387000000.0
20,ORCL,MRQ,2016-09-30,2016-08-31,2016-08-31,2021-09-13,-533000000.0,123223000000.0,,74451000000.0,48772000000.0,,11.516,-299000000.0,28614000000.0,28614000000.0,1776000000.0,1832000000.0,4.917,1.589,54056000000.0,999000000.0,53057000000.0,54056000000.0,9462000000.0,533000000.0,0.0,0.015,0.15,2789000000.0,3322000000.0,0.387,3322000000.0,2789000000.0,2373000000.0,0.44,0.43,0.44,47435000000.0,,47435000000.0,193641930600.0,15.0,12.586,5576000000.0,1.354,1.0,6819000000.0,0.793,40441000000.0,416000000.0,93082000000.0,,286000000.0,39782000000.0,39782000000.0,0.0,75391000000.0,15142000000.0,60249000000.0,169938930600.0,8462000000.0,-1143000000.0,-1685000000.0,10182000000.0,-618000000.0,7712000000.0,-5203000000.0,-3761000000.0,5875000000.0,78000000.0,1832000000.0,1832000000.0,1832000000.0,0.0,0.0,0.213,4178000000.0,2641000000.0,551000000.0,0.341,3.583,18.914,19.172,4108000000.0,0.0,41.22,4.569,4.565,3407000000.0,23380000000.0,8595000000.0,8595000000.0,1520000000.0,,,,,319000000.0,2234000000.0,1.0,4122730000.0,4119000000,4221000000.0,2.087,82782000000.0,1142000000.0,541000000.0,5031000000.0,20.098,59309000000.0
21,ORCL,MRQ,2016-06-30,2016-05-31,2016-05-31,2021-09-13,-816000000.0,112180000000.0,,64313000000.0,47867000000.0,,11.406,-180000000.0,20152000000.0,20152000000.0,1936000000.0,2814000000.0,3.737,1.362,43855000000.0,3750000000.0,40105000000.0,43855000000.0,7655000000.0,583000000.0,0.0,0.015,0.15,4094000000.0,4677000000.0,0.441,4677000000.0,4094000000.0,3732000000.0,0.68,0.66,0.68,47289000000.0,,47289000000.0,191347573000.0,15.0,12.411,3613000000.0,0.871,1.0,8658000000.0,0.817,39533000000.0,362000000.0,79142000000.0,,212000000.0,35973000000.0,35973000000.0,0.0,64390000000.0,17208000000.0,47182000000.0,166824573000.0,4569000000.0,-337000000.0,-1357000000.0,3750000000.0,-623000000.0,1770000000.0,-1128000000.0,-611000000.0,3793000000.0,134000000.0,2814000000.0,2814000000.0,2814000000.0,0.0,0.0,0.266,4690000000.0,3968000000.0,504000000.0,0.221,3.528,18.742,19.052,4000000000.0,0.0,40.2,4.503,4.58,5385000000.0,23888000000.0,10594000000.0,10594000000.0,1534000000.0,,,,,81000000.0,2629000000.0,1.0,4149865000.0,4146000000,4236000000.0,2.555,72647000000.0,1291000000.0,918000000.0,4908000000.0,17.522,47105000000.0
22,ORCL,MRQ,2016-03-31,2016-02-29,2016-02-29,2021-09-13,-1046000000.0,104894000000.0,,57069000000.0,47825000000.0,,10.968,-368000000.0,15583000000.0,15583000000.0,1839000000.0,2142000000.0,4.826,1.277,40106000000.0,0.0,40106000000.0,40106000000.0,6912000000.0,622000000.0,0.0,0.016,0.15,3092000000.0,3714000000.0,0.412,3714000000.0,3092000000.0,2732000000.0,0.51,0.5,0.51,45870000000.0,,45870000000.0,179049871600.0,14.0,11.566,3127000000.0,0.748,1.0,7173000000.0,0.796,39533000000.0,360000000.0,78059000000.0,,212000000.0,35184000000.0,35184000000.0,0.0,58558000000.0,11825000000.0,46733000000.0,154520871600.0,-1828000000.0,-166000000.0,-2052000000.0,-2000000000.0,-632000000.0,-4684000000.0,-688000000.0,-154000000.0,3495000000.0,49000000.0,2142000000.0,2142000000.0,2142000000.0,0.0,0.0,0.238,4146000000.0,3027000000.0,410000000.0,0.294,3.369,17.474,17.854,4011000000.0,0.0,36.78,4.158,4.139,3844000000.0,23390000000.0,9012000000.0,9012000000.0,1419000000.0,,,,,302000000.0,2193000000.0,1.0,4201220000.0,4182000000,4256000000.0,2.155,65361000000.0,1382000000.0,590000000.0,4418000000.0,15.629,45244000000.0
23,ORCL,MRQ,2015-12-31,2015-11-30,2015-11-30,2021-09-13,-1239000000.0,106483000000.0,,58618000000.0,47865000000.0,,10.834,-195000000.0,17411000000.0,17411000000.0,1853000000.0,2197000000.0,4.262,1.31,41940000000.0,2000000000.0,39940000000.0,41940000000.0,6998000000.0,633000000.0,0.0,0.015,0.15,3039000000.0,3672000000.0,0.408,3672000000.0,3039000000.0,2668000000.0,0.52,0.51,0.52,45924000000.0,,45924000000.0,191663953680.0,15.0,12.059,321000000.0,0.076,1.0,7140000000.0,0.794,39770000000.0,371000000.0,77488000000.0,,238000000.0,34924000000.0,34924000000.0,0.0,60151000000.0,13754000000.0,46397000000.0,166352953680.0,672000000.0,-147000000.0,-3075000000.0,0.0,-636000000.0,-3771000000.0,4133000000.0,4475000000.0,516000000.0,-206000000.0,2197000000.0,2197000000.0,2197000000.0,0.0,0.0,0.244,4185000000.0,2955000000.0,415000000.0,0.288,3.622,18.09,18.382,3855000000.0,0.0,38.97,4.439,4.408,3956000000.0,23737000000.0,8993000000.0,8993000000.0,1444000000.0,,,,,299000000.0,2230000000.0,1.0,4268744000.0,4239000000,4316000000.0,2.121,66713000000.0,1341000000.0,471000000.0,4273000000.0,15.738,44864000000.0
24,ORCL,MRQ,2015-09-30,2015-08-31,2015-08-31,2021-09-13,-1139000000.0,109706000000.0,,62122000000.0,47584000000.0,,10.91,-446000000.0,16739000000.0,16739000000.0,1850000000.0,1747000000.0,4.036,1.32,42050000000.0,2000000000.0,40050000000.0,42050000000.0,9078000000.0,671000000.0,0.0,0.015,0.15,2684000000.0,3355000000.0,0.397,3355000000.0,2684000000.0,2310000000.0,0.4,0.4,0.4,47097000000.0,,47097000000.0,181067095930.0,13.0,10.97,5435000000.0,1.259,1.0,6598000000.0,0.781,40088000000.0,374000000.0,79538000000.0,,251000000.0,39191000000.0,39191000000.0,0.0,62168000000.0,15391000000.0,46777000000.0,160825095930.0,-4977000000.0,0.0,-2620000000.0,0.0,-650000000.0,-3295000000.0,-7471000000.0,-7025000000.0,5881000000.0,-92000000.0,1747000000.0,1747000000.0,1747000000.0,0.0,0.0,0.207,3944000000.0,2654000000.0,422000000.0,0.375,3.415,16.927,17.092,3896000000.0,0.0,37.09,4.223,4.205,3475000000.0,24964000000.0,8448000000.0,8448000000.0,1390000000.0,,,,,355000000.0,1988000000.0,1.0,4336077000.0,4317000000,4412000000.0,1.957,69618000000.0,1460000000.0,563000000.0,4408000000.0,16.126,46731000000.0
25,ORCL,MRQ,2015-06-30,2015-05-31,2015-05-31,2021-09-13,-996000000.0,110903000000.0,,62520000000.0,48383000000.0,,11.164,-597000000.0,21716000000.0,21716000000.0,2053000000.0,2757000000.0,4.112,1.27,41958000000.0,1999000000.0,39959000000.0,41958000000.0,7245000000.0,717000000.0,0.0,0.012,0.15,4023000000.0,4740000000.0,0.443,4740000000.0,4023000000.0,3697000000.0,0.63,0.62,0.63,48663000000.0,,48663000000.0,208479874300.0,15.0,12.382,3930000000.0,0.902,1.0,8653000000.0,0.808,40493000000.0,326000000.0,75446000000.0,,314000000.0,32652000000.0,32652000000.0,0.0,61805000000.0,15206000000.0,46599000000.0,189923874300.0,8015000000.0,-7000000.0,-1651000000.0,9897000000.0,-655000000.0,7424000000.0,-3724000000.0,-3120000000.0,4527000000.0,-212000000.0,2757000000.0,2757000000.0,2757000000.0,0.0,0.0,0.258,4671000000.0,3982000000.0,806000000.0,0.238,3.903,19.111,19.243,3686000000.0,0.0,43.49,4.968,5.01,5618000000.0,26503000000.0,10706000000.0,10706000000.0,1436000000.0,,,,,127000000.0,2490000000.0,1.0,4367070000.0,4359000000,4464000000.0,2.456,70410000000.0,1458000000.0,940000000.0,4386000000.0,16.153,47314000000.0
26,ORCL,MRQ,2015-03-31,2015-02-28,2015-02-28,2021-09-13,-764000000.0,98816000000.0,,51294000000.0,47522000000.0,,10.958,-368000000.0,13701000000.0,13701000000.0,1900000000.0,2495000000.0,3.719,1.046,32257000000.0,1999000000.0,30258000000.0,32257000000.0,6443000000.0,704000000.0,0.0,0.011,0.12,3423000000.0,4127000000.0,0.442,4127000000.0,3423000000.0,3150000000.0,0.57,0.56,0.57,48095000000.0,,48095000000.0,208732701940.0,14.0,11.827,1895000000.0,0.432,1.0,7427000000.0,0.796,41170000000.0,273000000.0,62410000000.0,,285000000.0,30076000000.0,30076000000.0,0.0,50284000000.0,13792000000.0,36492000000.0,192429701940.0,-2452000000.0,-1110000000.0,-1447000000.0,0.0,-530000000.0,-1884000000.0,-2414000000.0,-936000000.0,2263000000.0,-417000000.0,2495000000.0,2495000000.0,2495000000.0,0.0,0.0,0.268,4044000000.0,3383000000.0,626000000.0,0.211,4.001,17.773,17.959,3335000000.0,0.0,43.82,4.954,4.952,4178000000.0,26165000000.0,9327000000.0,9327000000.0,1370000000.0,,,,,289000000.0,2091000000.0,1.0,4391367000.0,4389000000,4494000000.0,2.125,57646000000.0,1605000000.0,655000000.0,4615000000.0,13.134,37502000000.0
27,ORCL,MRQ,2014-12-31,2014-11-30,2014-11-30,2021-09-13,-468000000.0,98305000000.0,,52040000000.0,46265000000.0,,10.764,-225000000.0,16153000000.0,16153000000.0,1899000000.0,2502000000.0,4.342,1.059,32456000000.0,0.0,32456000000.0,32456000000.0,6816000000.0,733000000.0,0.0,0.011,0.12,3551000000.0,4284000000.0,0.446,4284000000.0,3551000000.0,3269000000.0,0.57,0.56,0.57,47543000000.0,,47543000000.0,196319602640.0,13.0,11.086,837000000.0,0.189,1.0,7699000000.0,0.802,40550000000.0,282000000.0,62073000000.0,,208000000.0,28580000000.0,28580000000.0,0.0,50343000000.0,11985000000.0,38358000000.0,187931602640.0,-8026000000.0,-5085000000.0,-1775000000.0,0.0,-533000000.0,-2454000000.0,-6209000000.0,-899000000.0,1062000000.0,-425000000.0,2502000000.0,2502000000.0,2502000000.0,0.0,0.0,0.261,4157000000.0,3542000000.0,490000000.0,0.211,3.953,17.246,17.381,3169000000.0,0.0,42.41,4.841,4.825,4326000000.0,25972000000.0,9598000000.0,9598000000.0,1389000000.0,,,,,257000000.0,2169000000.0,1.0,4431304000.0,4417000000,4505000000.0,2.173,57755000000.0,1334000000.0,767000000.0,4671000000.0,13.076,40055000000.0
28,ORCL,MRQ,2014-09-30,2014-08-31,2014-08-31,2021-09-13,-193000000.0,99726000000.0,,58194000000.0,41532000000.0,,10.639,-201000000.0,24179000000.0,24179000000.0,1681000000.0,2184000000.0,4.35,1.094,32567000000.0,0.0,32567000000.0,32567000000.0,8939000000.0,707000000.0,0.0,0.012,0.12,2979000000.0,3686000000.0,0.429,3686000000.0,2979000000.0,2718000000.0,0.49,0.48,0.49,47354000000.0,,47354000000.0,191417540170.0,13.0,10.884,6527000000.0,1.466,1.0,6915000000.0,0.804,35312000000.0,261000000.0,59425000000.0,,179000000.0,27437000000.0,27437000000.0,0.0,51795000000.0,13377000000.0,38418000000.0,185011540170.0,6410000000.0,-37000000.0,-1412000000.0,8445000000.0,-537000000.0,6520000000.0,-6700000000.0,-6462000000.0,6728000000.0,-138000000.0,2184000000.0,2184000000.0,2184000000.0,0.0,0.0,0.254,3952000000.0,2963000000.0,423000000.0,0.245,3.907,16.899,17.091,3086000000.0,0.0,41.53,4.806,4.802,3551000000.0,25838000000.0,8596000000.0,8596000000.0,1329000000.0,,,,,260000000.0,1982000000.0,1.0,4454889000.0,4451000000,4548000000.0,1.931,64414000000.0,1749000000.0,534000000.0,4573000000.0,14.472,44817000000.0
29,ORCL,MRQ,2014-06-30,2014-05-31,2014-05-31,2021-09-13,-164000000.0,90266000000.0,,48128000000.0,42138000000.0,,10.478,-154000000.0,17769000000.0,17769000000.0,1932000000.0,3646000000.0,3.345,0.913,24097000000.0,1508000000.0,22589000000.0,24097000000.0,7269000000.0,724000000.0,0.0,0.011,0.12,4828000000.0,5552000000.0,0.49,5552000000.0,4828000000.0,4588000000.0,0.81,0.8,0.81,46878000000.0,,46878000000.0,194723389720.0,13.0,11.111,4302000000.0,0.962,1.0,9388000000.0,0.829,35789000000.0,240000000.0,46416000000.0,,189000000.0,21050000000.0,21050000000.0,0.0,42819000000.0,14389000000.0,28430000000.0,187362389720.0,937000000.0,-422000000.0,-1356000000.0,0.0,-538000000.0,-1806000000.0,-1607000000.0,-1031000000.0,4456000000.0,-106000000.0,3646000000.0,3646000000.0,3646000000.0,0.0,0.0,0.322,4479000000.0,4909000000.0,471000000.0,0.148,3.997,17.103,17.364,3061000000.0,0.0,42.02,4.895,4.971,6087000000.0,25965000000.0,11320000000.0,11320000000.0,1348000000.0,,,,,326000000.0,2506000000.0,1.0,4458886000.0,4474000000,4568000000.0,2.53,54477000000.0,1751000000.0,942000000.0,4600000000.0,12.176,33739000000.0
30,ORCL,MRQ,2014-03-31,2014-02-28,2014-02-28,2021-09-13,-235000000.0,86562000000.0,,44404000000.0,42158000000.0,,9.944,-147000000.0,16832000000.0,16832000000.0,1775000000.0,2565000000.0,3.392,0.924,24193000000.0,1516000000.0,22677000000.0,24193000000.0,6473000000.0,710000000.0,0.0,0.009,0.12,3477000000.0,4187000000.0,0.45,4187000000.0,3477000000.0,3249000000.0,0.57,0.56,0.57,44707000000.0,,44707000000.0,185165665990.0,12.0,10.431,2880000000.0,0.641,1.0,7532000000.0,0.809,35880000000.0,228000000.0,44951000000.0,,227000000.0,20393000000.0,20393000000.0,0.0,41327000000.0,13092000000.0,28235000000.0,175893665990.0,1938000000.0,-1318000000.0,-1286000000.0,0.0,-541000000.0,-1736000000.0,698000000.0,2163000000.0,3027000000.0,-51000000.0,2565000000.0,2565000000.0,2565000000.0,0.0,0.0,0.276,3965000000.0,3567000000.0,396000000.0,0.211,3.934,15.825,16.161,3052000000.0,0.0,39.11,4.641,4.639,4071000000.0,24606000000.0,9307000000.0,9307000000.0,1292000000.0,,,,,269000000.0,2080000000.0,1.0,4497409000.0,4496000000,4575000000.0,2.07,50682000000.0,1732000000.0,684000000.0,4493000000.0,11.273,31312000000.0
31,ORCL,MRQ,2013-12-31,2013-11-30,2013-11-30,2021-09-13,-226000000.0,85238000000.0,,44252000000.0,40986000000.0,,9.606,-126000000.0,14894000000.0,14894000000.0,1807000000.0,2553000000.0,3.375,0.945,24166000000.0,1525000000.0,22641000000.0,24166000000.0,6667000000.0,729000000.0,0.0,0.012,0.12,3433000000.0,4162000000.0,0.449,4162000000.0,3433000000.0,3203000000.0,0.56,0.56,0.56,43563000000.0,,43563000000.0,165276728110.0,11.0,9.399,1020000000.0,0.225,1.0,7468000000.0,0.805,34790000000.0,230000000.0,46610000000.0,,234000000.0,22080000000.0,22080000000.0,0.0,41172000000.0,13110000000.0,28062000000.0,160832728110.0,-4770000000.0,-434000000.0,-2353000000.0,0.0,-545000000.0,-2867000000.0,-3129000000.0,-2569000000.0,1146000000.0,80000000.0,2553000000.0,2553000000.0,2553000000.0,0.0,0.0,0.275,4058000000.0,3410000000.0,408000000.0,0.214,3.692,14.55,14.828,3039000000.0,0.0,35.29,4.283,4.262,4192000000.0,24386000000.0,9275000000.0,9275000000.0,1273000000.0,,,,,213000000.0,2139000000.0,1.0,4557459000.0,4535000000,4600000000.0,2.045,50448000000.0,1723000000.0,650000000.0,4493000000.0,11.124,31142000000.0
32,ORCL,MRQ,2013-09-30,2013-08-31,2013-08-31,2021-09-13,-344000000.0,86406000000.0,,45457000000.0,40949000000.0,,9.449,-153000000.0,19664000000.0,19664000000.0,1721000000.0,2191000000.0,3.129,0.974,24108000000.0,1533000000.0,22575000000.0,24108000000.0,8524000000.0,745000000.0,0.0,0.011,0.12,2880000000.0,3625000000.0,0.433,3625000000.0,2880000000.0,2663000000.0,0.48,0.47,0.48,43541000000.0,,43541000000.0,151418511020.0,10.0,8.596,6139000000.0,1.332,1.0,6651000000.0,0.794,34879000000.0,217000000.0,41445000000.0,,243000000.0,19440000000.0,19440000000.0,0.0,42420000000.0,14526000000.0,27894000000.0,147537511020.0,5051000000.0,-1314000000.0,-2683000000.0,5566000000.0,-554000000.0,2341000000.0,-3501000000.0,-2034000000.0,6292000000.0,-81000000.0,2191000000.0,2191000000.0,2191000000.0,0.0,0.0,0.262,3778000000.0,2873000000.0,367000000.0,0.25,3.388,13.313,13.5,3052000000.0,0.0,31.86,3.948,3.928,3450000000.0,24830000000.0,8372000000.0,8372000000.0,1237000000.0,,,,,227000000.0,1880000000.0,1.0,4630807000.0,4608000000,4674000000.0,1.817,51527000000.0,1659000000.0,472000000.0,4431000000.0,11.182,30931000000.0
33,ORCL,MRQ,2013-06-30,2013-05-31,2013-05-31,2021-09-13,-99000000.0,81812000000.0,,41692000000.0,40120000000.0,,9.536,-183000000.0,14613000000.0,14613000000.0,2094000000.0,3806000000.0,3.239,0.821,18494000000.0,0.0,18494000000.0,18494000000.0,7118000000.0,742000000.0,0.0,0.009,0.0,5035000000.0,5777000000.0,0.528,5777000000.0,5035000000.0,4826000000.0,0.81,0.8,0.81,44648000000.0,,44648000000.0,162777027240.0,11.0,9.235,4381000000.0,0.936,1.0,8853000000.0,0.809,33983000000.0,209000000.0,38838000000.0,,240000000.0,17603000000.0,17603000000.0,0.0,36667000000.0,12872000000.0,23795000000.0,159126027240.0,-1488000000.0,-1713000000.0,-2590000000.0,-1250000000.0,0.0,-3626000000.0,-2229000000.0,-333000000.0,4564000000.0,-197000000.0,3806000000.0,3806000000.0,3806000000.0,0.0,0.0,0.348,3853000000.0,5000000000.0,419000000.0,0.0,3.564,14.565,14.751,3053000000.0,0.0,33.78,4.28,4.333,6049000000.0,25854000000.0,10947000000.0,10947000000.0,1264000000.0,,,,,206000000.0,2216000000.0,1.0,4710658000.0,4682000000,4757000000.0,2.338,47829000000.0,1740000000.0,1020000000.0,4810000000.0,10.216,28820000000.0
34,ORCL,MRQ,2013-03-31,2013-02-28,2013-02-28,2021-09-13,154000000.0,79450000000.0,,40686000000.0,38764000000.0,,9.155,-116000000.0,16101000000.0,16101000000.0,1716000000.0,2504000000.0,3.414,0.823,19752000000.0,1250000000.0,18502000000.0,19752000000.0,6278000000.0,725000000.0,0.0,0.011,0.18,3295000000.0,4020000000.0,0.449,4020000000.0,3295000000.0,3090000000.0,0.53,0.52,0.53,43348000000.0,,43348000000.0,165947329280.0,12.0,9.648,3078000000.0,0.65,1.0,7242000000.0,0.808,32764000000.0,205000000.0,38421000000.0,,211000000.0,17306000000.0,17306000000.0,0.0,35660000000.0,11916000000.0,23744000000.0,162102329280.0,189000000.0,-932000000.0,-1584000000.0,0.0,-850000000.0,-2309000000.0,-665000000.0,383000000.0,3194000000.0,-31000000.0,2504000000.0,2504000000.0,2504000000.0,0.0,0.0,0.28,3908000000.0,3334000000.0,361000000.0,0.34,3.74,15.335,15.706,3034000000.0,0.0,34.24,4.364,4.364,4169000000.0,24549000000.0,8958000000.0,8958000000.0,1186000000.0,,,,,248000000.0,2062000000.0,1.0,4734297000.0,4735000000,4812000000.0,1.892,46686000000.0,1480000000.0,586000000.0,3775000000.0,9.86,28770000000.0
35,ORCL,MRQ,2012-12-31,2012-11-30,2012-11-30,2021-09-13,222000000.0,79657000000.0,,41129000000.0,38528000000.0,,8.97,-212000000.0,15912000000.0,15912000000.0,1794000000.0,2581000000.0,3.331,0.843,19757000000.0,1250000000.0,18507000000.0,19757000000.0,6504000000.0,718000000.0,0.0,0.007,0.06,3475000000.0,4193000000.0,0.461,4193000000.0,3475000000.0,3280000000.0,0.54,0.53,0.54,42983000000.0,,42983000000.0,154157126800.0,11.0,8.938,583000000.0,0.122,1.0,7300000000.0,0.803,32331000000.0,195000000.0,38824000000.0,,164000000.0,17783000000.0,17783000000.0,0.0,36247000000.0,12347000000.0,23900000000.0,155053126800.0,245000000.0,-299000000.0,-2761000000.0,4974000000.0,-291000000.0,1955000000.0,-2552000000.0,-2041000000.0,795000000.0,47000000.0,2581000000.0,2581000000.0,2581000000.0,0.0,0.0,0.284,3829000000.0,3471000000.0,372000000.0,0.111,3.607,14.676,14.965,3093000000.0,0.0,32.175,4.165,4.141,4401000000.0,24746000000.0,9094000000.0,9094000000.0,1199000000.0,,,,,219000000.0,2036000000.0,1.0,4819056000.0,4792000000,4868000000.0,1.898,47326000000.0,1675000000.0,699000000.0,3906000000.0,9.876,28782000000.0
36,ORCL,MRQ,2012-09-30,2012-08-31,2012-08-31,2021-09-13,311000000.0,76558000000.0,,38172000000.0,38386000000.0,,8.903,-139000000.0,15667000000.0,15667000000.0,1775000000.0,2034000000.0,2.735,0.758,14771000000.0,1250000000.0,13521000000.0,14771000000.0,8316000000.0,746000000.0,0.0,0.008,0.06,2890000000.0,3636000000.0,0.444,3636000000.0,2890000000.0,2702000000.0,0.42,0.41,0.42,43329000000.0,,43329000000.0,156050314900.0,11.0,9.229,5532000000.0,1.137,1.0,6406000000.0,0.783,32664000000.0,188000000.0,29043000000.0,,148000000.0,15940000000.0,15940000000.0,0.0,32822000000.0,13955000000.0,18867000000.0,154531314900.0,712000000.0,-361000000.0,-2559000000.0,-1700000000.0,-292000000.0,-4520000000.0,-510000000.0,-10000000.0,5671000000.0,71000000.0,2034000000.0,2034000000.0,2034000000.0,0.0,0.0,0.249,3527000000.0,2879000000.0,388000000.0,0.143,3.566,15.186,15.515,3037000000.0,0.0,31.65,4.185,4.171,3775000000.0,25117000000.0,8181000000.0,8181000000.0,1201000000.0,,,,,251000000.0,1820000000.0,1.0,4882506000.0,4867000000,4939000000.0,1.681,43894000000.0,1460000000.0,668000000.0,3732000000.0,9.019,24217000000.0
37,ORCL,MRQ,2012-06-30,2012-05-31,2012-05-31,2021-09-13,112000000.0,78327000000.0,,40023000000.0,38304000000.0,,8.828,-217000000.0,14955000000.0,14955000000.0,2143000000.0,3452000000.0,2.601,0.784,16474000000.0,2950000000.0,13524000000.0,16474000000.0,7035000000.0,776000000.0,0.0,0.009,0.06,4575000000.0,5351000000.0,0.49,5351000000.0,4575000000.0,4383000000.0,0.69,0.68,0.69,43688000000.0,,43688000000.0,132687055820.0,10.0,7.972,3840000000.0,0.776,1.0,8773000000.0,0.804,33018000000.0,192000000.0,31440000000.0,,158000000.0,15721000000.0,15721000000.0,0.0,34240000000.0,15388000000.0,18852000000.0,131691055820.0,1174000000.0,-1869000000.0,-2179000000.0,1700000000.0,-296000000.0,-749000000.0,-1844000000.0,242000000.0,4057000000.0,-290000000.0,3452000000.0,3452000000.0,3452000000.0,0.0,0.0,0.316,4178000000.0,4595000000.0,438000000.0,0.087,3.014,13.194,13.302,3021000000.0,0.0,26.47,3.548,3.576,6377000000.0,26087000000.0,10916000000.0,10916000000.0,1226000000.0,,,,,218000000.0,2241000000.0,1.0,4975106000.0,4949000000,5026000000.0,2.206,45309000000.0,1472000000.0,931000000.0,4287000000.0,9.155,24635000000.0
38,ORCL,MRQ,2012-03-31,2012-02-29,2012-02-29,2021-09-13,416000000.0,74361000000.0,,37538000000.0,36823000000.0,,8.563,-142000000.0,13781000000.0,13781000000.0,1908000000.0,2498000000.0,3.227,0.725,14777000000.0,0.0,14777000000.0,14777000000.0,6285000000.0,730000000.0,0.0,0.008,0.06,3338000000.0,4068000000.0,0.45,4068000000.0,3338000000.0,3148000000.0,0.5,0.49,0.5,42873000000.0,,42873000000.0,148522861435.0,11.0,9.088,2868000000.0,0.573,1.0,7131000000.0,0.789,31274000000.0,190000000.0,32451000000.0,,172000000.0,15961000000.0,15961000000.0,0.0,31095000000.0,11632000000.0,19463000000.0,147030861435.0,495000000.0,-2262000000.0,-1580000000.0,-255000000.0,-302000000.0,-2119000000.0,-590000000.0,1814000000.0,3010000000.0,194000000.0,2498000000.0,2498000000.0,2498000000.0,0.0,0.0,0.276,3814000000.0,3317000000.0,442000000.0,0.12,3.429,15.097,15.237,2936000000.0,0.0,29.255,3.976,3.961,4656000000.0,25116000000.0,9039000000.0,9039000000.0,1145000000.0,,,,,187000000.0,1961000000.0,1.0,5025837000.0,5007000000,5080000000.0,1.805,43087000000.0,2267000000.0,650000000.0,3216000000.0,8.605,25906000000.0
39,ORCL,MRQ,2011-12-31,2011-11-30,2011-11-30,2021-09-13,292000000.0,72910000000.0,,38482000000.0,34428000000.0,,8.316,-129000000.0,13286000000.0,13286000000.0,1956000000.0,2192000000.0,3.476,0.731,14778000000.0,0.0,14778000000.0,14778000000.0,6091000000.0,701000000.0,0.0,0.007,0.06,3152000000.0,3853000000.0,0.438,3853000000.0,3152000000.0,2960000000.0,0.43,0.43,0.43,41920000000.0,,41920000000.0,159775272700.0,12.0,10.0,1126000000.0,0.223,1.0,6836000000.0,0.778,29146000000.0,192000000.0,34184000000.0,,218000000.0,17726000000.0,17726000000.0,0.0,30643000000.0,11072000000.0,19571000000.0,158148272700.0,124000000.0,-228000000.0,-746000000.0,0.0,-303000000.0,-1020000000.0,376000000.0,733000000.0,1255000000.0,-487000000.0,2192000000.0,2192000000.0,2192000000.0,0.0,0.0,0.249,3725000000.0,3111000000.0,445000000.0,0.14,3.773,16.902,17.038,2900000000.0,0.0,31.35,4.309,4.306,4434000000.0,24383000000.0,8792000000.0,8792000000.0,1102000000.0,,,,,176000000.0,1974000000.0,1.0,5044602000.0,5041000000,5123000000.0,1.744,43764000000.0,2361000000.0,768000000.0,3383000000.0,8.682,27410000000.0
40,ORCL,MRQ,2011-09-30,2011-08-31,2011-08-31,2021-09-13,592000000.0,73859000000.0,,39206000000.0,34653000000.0,,8.078,-160000000.0,13162000000.0,13162000000.0,1988000000.0,1840000000.0,3.003,0.798,14789000000.0,0.0,14789000000.0,14789000000.0,7925000000.0,709000000.0,0.0,0.008,0.06,2663000000.0,3372000000.0,0.403,3372000000.0,2663000000.0,2471000000.0,0.36,0.36,0.36,40892000000.0,,40892000000.0,141948006050.0,11.0,9.045,5261000000.0,1.039,1.0,6386000000.0,0.763,29493000000.0,192000000.0,32937000000.0,,259000000.0,18498000000.0,18498000000.0,0.0,32620000000.0,13056000000.0,19564000000.0,142189006050.0,-3001000000.0,-343000000.0,-618000000.0,-1150000000.0,-304000000.0,-2211000000.0,-6323000000.0,-5820000000.0,5421000000.0,112000000.0,1840000000.0,1840000000.0,1840000000.0,0.0,0.0,0.22,3703000000.0,2683000000.0,614000000.0,0.167,3.477,15.738,15.77,2930000000.0,0.0,28.07,3.896,3.893,4194000000.0,23385000000.0,8374000000.0,8374000000.0,1050000000.0,,,,,163000000.0,1941000000.0,1.0,5065515000.0,5062000000,5150000000.0,1.654,44366000000.0,2414000000.0,631000000.0,3281000000.0,8.765,26150000000.0
41,ORCL,MRQ,2011-06-30,2011-05-31,2011-05-31,2021-09-13,542000000.0,73535000000.0,,39174000000.0,34361000000.0,,7.852,-58000000.0,16163000000.0,16163000000.0,2169000000.0,3209000000.0,2.76,0.837,15922000000.0,1150000000.0,14772000000.0,15922000000.0,6802000000.0,684000000.0,0.0,0.006,0.06,4365000000.0,5049000000.0,0.469,5049000000.0,4365000000.0,4170000000.0,0.63,0.63,0.63,39776000000.0,,39776000000.0,176058857520.0,14.0,11.726,3719000000.0,0.734,1.0,8606000000.0,0.799,29413000000.0,195000000.0,29689000000.0,,303000000.0,12685000000.0,12685000000.0,0.0,33290000000.0,14192000000.0,19098000000.0,173170857520.0,4299000000.0,-174000000.0,-63000000.0,1150000000.0,-304000000.0,859000000.0,-419000000.0,-187000000.0,3777000000.0,82000000.0,3209000000.0,3209000000.0,3209000000.0,0.0,0.0,0.298,4247000000.0,4359000000.0,494000000.0,0.095,4.354,20.261,20.249,2857000000.0,0.0,34.22,4.861,4.849,6628000000.0,22581000000.0,10775000000.0,10775000000.0,1170000000.0,,,,,154000000.0,2353000000.0,1.0,5060516000.0,5066000000,5161000000.0,2.127,44122000000.0,2265000000.0,961000000.0,3169000000.0,8.709,24982000000.0
42,ORCL,MRQ,2011-03-31,2011-02-28,2011-02-28,2021-09-13,427000000.0,67666000000.0,,32459000000.0,35207000000.0,,7.241,-48000000.0,11864000000.0,11864000000.0,2012000000.0,2116000000.0,2.877,0.836,14752000000.0,0.0,14752000000.0,14752000000.0,5849000000.0,701000000.0,0.0,0.006,0.05,3003000000.0,3704000000.0,0.423,3704000000.0,3003000000.0,2799000000.0,0.42,0.41,0.42,36617000000.0,,36617000000.0,172839618000.0,16.0,12.392,2628000000.0,0.52,1.0,6752000000.0,0.77,29749000000.0,204000000.0,29523000000.0,,276000000.0,12491000000.0,12491000000.0,0.0,30607000000.0,11282000000.0,19325000000.0,166224618000.0,1444000000.0,-867000000.0,49000000.0,-2253000000.0,-253000000.0,-2431000000.0,1032000000.0,1947000000.0,2676000000.0,167000000.0,2116000000.0,2116000000.0,2116000000.0,0.0,0.0,0.241,3765000000.0,2987000000.0,673000000.0,0.119,4.54,21.585,21.503,2894000000.0,0.0,32.9,4.839,4.843,4495000000.0,20059000000.0,8764000000.0,8764000000.0,1127000000.0,,,,,156000000.0,1904000000.0,1.0,5052420000.0,5057000000,5149000000.0,1.733,37917000000.0,2712000000.0,683000000.0,3428000000.0,7.498,21177000000.0
43,ORCL,MRQ,2010-12-31,2010-11-30,2010-11-30,2021-09-13,327000000.0,67243000000.0,,32723000000.0,34520000000.0,,6.822,-121000000.0,10420000000.0,10420000000.0,2157000000.0,1870000000.0,2.454,0.941,17035000000.0,2255000000.0,14780000000.0,17035000000.0,5742000000.0,709000000.0,0.0,0.007,0.05,2860000000.0,3569000000.0,0.416,3569000000.0,2860000000.0,2646000000.0,0.37,0.37,0.37,34412000000.0,,34412000000.0,140978298130.0,14.0,11.2,823000000.0,0.163,1.0,6425000000.0,0.749,29415000000.0,214000000.0,31107000000.0,,236000000.0,14425000000.0,14425000000.0,0.0,32393000000.0,13336000000.0,19057000000.0,135958298130.0,-1598000000.0,26000000.0,310000000.0,-5000000.0,-253000000.0,128000000.0,-2778000000.0,-2683000000.0,944000000.0,108000000.0,1870000000.0,1870000000.0,1870000000.0,0.0,0.0,0.218,3655000000.0,2770000000.0,762000000.0,0.135,3.951,20.071,20.033,2870000000.0,0.0,27.045,4.25,4.264,4406000000.0,18422000000.0,8582000000.0,8582000000.0,1119000000.0,,,,,166000000.0,1686000000.0,1.0,5027114000.0,5044000000,5117000000.0,1.701,37828000000.0,2439000000.0,776000000.0,3141000000.0,7.5,19387000000.0
44,ORCL,MRQ,2010-09-30,2010-08-31,2010-08-31,2021-09-13,156000000.0,65255000000.0,,30264000000.0,34991000000.0,,6.388,-118000000.0,12018000000.0,12018000000.0,2062000000.0,1352000000.0,2.193,1.02,17038000000.0,2260000000.0,14778000000.0,17038000000.0,6903000000.0,702000000.0,0.0,0.009,0.05,1991000000.0,2693000000.0,0.359,2693000000.0,1991000000.0,1795000000.0,0.27,0.27,0.27,32106000000.0,,32106000000.0,114539365715.0,12.0,9.767,3699000000.0,0.736,1.0,5440000000.0,0.725,30025000000.0,196000000.0,26450000000.0,,235000000.0,11619000000.0,11619000000.0,0.0,32743000000.0,13800000000.0,18943000000.0,109798365715.0,2104000000.0,-832000000.0,-80000000.0,2319000000.0,-251000000.0,1960000000.0,-3916000000.0,-2966000000.0,3817000000.0,243000000.0,1352000000.0,1352000000.0,1352000000.0,0.0,0.0,0.18,3523000000.0,1917000000.0,706000000.0,0.185,3.42,17.258,17.201,2835000000.0,0.0,21.845,3.751,3.751,3721000000.0,17027000000.0,7502000000.0,7502000000.0,1103000000.0,,,,,144000000.0,1605000000.0,1.0,5026247000.0,5026000000,5083000000.0,1.493,35230000000.0,2261000000.0,443000000.0,3028000000.0,7.01,16464000000.0
45,ORCL,MRQ,2010-06-30,2010-05-31,2010-05-31,2021-09-13,4000000.0,61578000000.0,,27004000000.0,34574000000.0,,6.135,-69000000.0,9914000000.0,9914000000.0,2242000000.0,2363000000.0,1.838,0.986,14655000000.0,3145000000.0,11510000000.0,14655000000.0,5900000000.0,706000000.0,0.0,0.009,0.05,3276000000.0,3982000000.0,0.419,3982000000.0,3276000000.0,3075000000.0,0.47,0.47,0.47,30798000000.0,,30798000000.0,119667883870.0,13.0,10.62,2442000000.0,0.486,1.0,7263000000.0,0.764,29746000000.0,201000000.0,21882000000.0,,259000000.0,8555000000.0,8555000000.0,0.0,30379000000.0,14691000000.0,15688000000.0,113280883870.0,583000000.0,-39000000.0,18000000.0,-1074000000.0,-251000000.0,-1171000000.0,-550000000.0,-442000000.0,2511000000.0,-207000000.0,2363000000.0,2363000000.0,2363000000.0,0.0,0.0,0.249,3963000000.0,3300000000.0,775000000.0,0.106,3.678,18.465,18.5,2763000000.0,0.0,22.57,4.224,4.219,5585000000.0,16146000000.0,9505000000.0,9505000000.0,1063000000.0,,,,,173000000.0,2037000000.0,1.0,5019091000.0,5020000000,5091000000.0,1.893,31832000000.0,2426000000.0,712000000.0,3119000000.0,6.341,12313000000.0
46,ORCL,MRQ,2010-03-31,2010-02-28,2010-02-28,2021-09-13,246000000.0,59386000000.0,,23979000000.0,35407000000.0,,5.678,-61000000.0,9331000000.0,9331000000.0,1419000000.0,1189000000.0,1.683,1.072,15718000000.0,4220000000.0,11498000000.0,15718000000.0,5389000000.0,575000000.0,0.0,0.008,0.05,1768000000.0,2343000000.0,0.366,2343000000.0,1768000000.0,1582000000.0,0.24,0.23,0.24,28476000000.0,,28476000000.0,123359573000.0,14.0,11.528,1720000000.0,0.343,1.0,4985000000.0,0.778,30283000000.0,186000000.0,21239000000.0,,315000000.0,8158000000.0,8158000000.0,0.0,30535000000.0,14251000000.0,16284000000.0,123526573000.0,-5588000000.0,-5175000000.0,-11000000.0,251000000.0,-252000000.0,-8000000.0,-7180000000.0,-1944000000.0,1781000000.0,-181000000.0,1189000000.0,1189000000.0,1189000000.0,0.0,0.0,0.186,3142000000.0,1843000000.0,616000000.0,0.208,4.338,21.817,22.009,2869000000.0,0.0,24.65,5.109,5.113,3898000000.0,14257000000.0,6404000000.0,6404000000.0,823000000.0,,,,,139000000.0,1477000000.0,1.0,5011220000.0,5015000000,5076000000.0,1.277,29103000000.0,978000000.0,393000000.0,3614000000.0,5.803,9728000000.0
47,ORCL,MRQ,2009-12-31,2009-11-30,2009-11-30,2021-09-13,461000000.0,53833000000.0,,25235000000.0,28598000000.0,,5.495,-45000000.0,14919000000.0,14919000000.0,1096000000.0,1458000000.0,2.957,0.941,14752000000.0,1001000000.0,13751000000.0,14752000000.0,4395000000.0,498000000.0,0.0,0.007,0.05,2211000000.0,2709000000.0,0.462,2709000000.0,2211000000.0,2023000000.0,0.29,0.29,0.29,27531000000.0,,27531000000.0,109316749440.0,12.0,10.1,606000000.0,0.121,1.0,4762000000.0,0.813,25682000000.0,188000000.0,19450000000.0,,0.0,5865000000.0,5865000000.0,0.0,25918000000.0,8534000000.0,17384000000.0,110690749440.0,-1179000000.0,-313000000.0,-128000000.0,0.0,-250000000.0,-366000000.0,-1642000000.0,-1284000000.0,651000000.0,178000000.0,1458000000.0,1458000000.0,1458000000.0,0.0,0.0,0.249,2584000000.0,2178000000.0,255000000.0,0.172,4.021,19.078,19.2,1956000000.0,0.0,22.08,4.766,4.763,3086000000.0,13541000000.0,5858000000.0,5858000000.0,708000000.0,,,,,112000000.0,1316000000.0,1.0,5013168000.0,5010000000,5064000000.0,1.169,28151000000.0,703000000.0,565000000.0,2943000000.0,5.619,16701000000.0
48,ORCL,MRQ,2009-09-30,2009-08-31,2009-08-31,2021-09-13,261000000.0,52998000000.0,,24445000000.0,28553000000.0,,5.219,-55000000.0,16098000000.0,16098000000.0,1008000000.0,1124000000.0,2.669,1.014,14724000000.0,1001000000.0,13723000000.0,14724000000.0,5283000000.0,492000000.0,0.0,0.005,0.05,1741000000.0,2233000000.0,0.442,2233000000.0,1741000000.0,1562000000.0,0.22,0.22,0.22,26143000000.0,,26143000000.0,110801192400.0,13.0,10.46,3683000000.0,0.735,1.0,4046000000.0,0.801,25753000000.0,179000000.0,16711000000.0,,0.0,4467000000.0,4467000000.0,0.0,26511000000.0,9160000000.0,17351000000.0,109558192400.0,7103000000.0,-79000000.0,3000000.0,4461000000.0,-251000000.0,4209000000.0,-947000000.0,-813000000.0,3738000000.0,103000000.0,1124000000.0,1124000000.0,1124000000.0,0.0,0.0,0.222,2306000000.0,1740000000.0,260000000.0,0.227,4.191,19.425,19.712,1924000000.0,0.0,21.88,4.769,4.77,2584000000.0,12563000000.0,5054000000.0,5054000000.0,660000000.0,,,,,105000000.0,1161000000.0,1.0,5007230000.0,5009000000,5063000000.0,1.009,27245000000.0,710000000.0,438000000.0,2950000000.0,5.439,15285000000.0
49,ORCL,MRQ,2009-06-30,2009-05-31,2009-05-31,2021-09-13,216000000.0,47416000000.0,,18581000000.0,28835000000.0,,5.023,-38000000.0,8995000000.0,8995000000.0,1179000000.0,1891000000.0,2.031,0.876,10238000000.0,1001000000.0,9237000000.0,10238000000.0,4592000000.0,502000000.0,0.0,0.003,0.05,2914000000.0,3416000000.0,0.498,3416000000.0,2914000000.0,2755000000.0,0.37,0.37,0.37,25090000000.0,,25090000000.0,100652080260.0,12.0,9.641,1970000000.0,0.394,1.0,5682000000.0,0.828,26111000000.0,159000000.0,13399000000.0,,0.0,3629000000.0,3629000000.0,0.0,21971000000.0,9149000000.0,12822000000.0,97625080260.0,784000000.0,6000000.0,44000000.0,-1000000000.0,-250000000.0,-1201000000.0,-434000000.0,-402000000.0,2008000000.0,411000000.0,1891000000.0,1891000000.0,1891000000.0,0.0,0.0,0.276,2797000000.0,2885000000.0,271000000.0,0.135,3.891,17.455,17.809,1922000000.0,0.0,19.59,4.199,4.272,4430000000.0,11894000000.0,6861000000.0,6861000000.0,730000000.0,,,,,90000000.0,1540000000.0,1.0,4983414000.0,4995000000,5043000000.0,1.374,21305000000.0,661000000.0,864000000.0,2903000000.0,4.265,9432000000.0
50,ORCL,MRQ,2009-03-31,2009-02-28,2009-02-28,2021-09-13,-149000000.0,44949000000.0,,15611000000.0,29338000000.0,,4.611,-92000000.0,8211000000.0,8211000000.0,1111000000.0,1329000000.0,1.958,0.948,11238000000.0,1002000000.0,10236000000.0,11238000000.0,3952000000.0,501000000.0,0.0,0.0,0.0,1964000000.0,2465000000.0,0.452,2465000000.0,1964000000.0,1810000000.0,0.27,0.26,0.27,23077000000.0,,23077000000.0,82302590580.0,10.0,7.835,2165000000.0,0.433,1.0,4342000000.0,0.796,26346000000.0,154000000.0,13658000000.0,,0.0,3083000000.0,3083000000.0,0.0,21872000000.0,7972000000.0,13900000000.0,78417590580.0,858000000.0,-100000000.0,-1283000000.0,0.0,0.0,-1293000000.0,42000000.0,234000000.0,2257000000.0,-148000000.0,1329000000.0,1329000000.0,1329000000.0,0.0,0.0,0.244,2402000000.0,1940000000.0,272000000.0,0.0,3.398,13.664,13.752,1914000000.0,0.0,15.54,3.319,3.291,3025000000.0,10468000000.0,5453000000.0,5453000000.0,677000000.0,,,,,95000000.0,1246000000.0,1.0,5046177000.0,5005000000,5056000000.0,1.09,18603000000.0,635000000.0,481000000.0,2744000000.0,3.717,7639000000.0
51,ORCL,MRQ,2008-12-31,2008-11-30,2008-11-30,2021-09-13,-99000000.0,44802000000.0,,15138000000.0,29664000000.0,,4.451,-76000000.0,7353000000.0,7353000000.0,1196000000.0,1296000000.0,1.901,0.963,11238000000.0,1002000000.0,10236000000.0,11238000000.0,3881000000.0,496000000.0,0.0,0.0,0.0,1983000000.0,2479000000.0,0.442,2479000000.0,1983000000.0,1826000000.0,0.25,0.25,0.25,22821000000.0,,22821000000.0,85619229220.0,10.0,8.268,674000000.0,0.131,1.0,4411000000.0,0.787,26688000000.0,157000000.0,14036000000.0,,0.0,3293000000.0,3293000000.0,0.0,21981000000.0,7963000000.0,14018000000.0,82935229220.0,-1200000000.0,-670000000.0,-1753000000.0,0.0,0.0,-1739000000.0,279000000.0,1025000000.0,750000000.0,-490000000.0,1296000000.0,1296000000.0,1296000000.0,0.0,0.0,0.231,2436000000.0,1975000000.0,346000000.0,0.0,3.634,14.424,14.366,1907000000.0,0.0,16.09,3.525,3.506,3253000000.0,10177000000.0,5607000000.0,5607000000.0,651000000.0,,,,,101000000.0,1320000000.0,1.0,5154458000.0,5127000000,5187000000.0,1.094,18114000000.0,634000000.0,530000000.0,2742000000.0,3.533,7175000000.0
52,ORCL,MRQ,2008-09-30,2008-08-31,2008-08-31,2021-09-13,395000000.0,47253000000.0,,17851000000.0,29402000000.0,,4.623,-323000000.0,8553000000.0,8553000000.0,1308000000.0,1077000000.0,1.93,0.984,11237000000.0,1001000000.0,10236000000.0,11237000000.0,5017000000.0,477000000.0,0.0,0.0,0.0,1603000000.0,2080000000.0,0.39,2080000000.0,1603000000.0,1444000000.0,0.21,0.21,0.21,23816000000.0,,23816000000.0,116041615060.0,14.0,11.443,2917000000.0,0.566,1.0,4023000000.0,0.755,26413000000.0,159000000.0,14277000000.0,,0.0,4468000000.0,4468000000.0,0.0,23437000000.0,9247000000.0,14190000000.0,113067615060.0,291000000.0,-395000000.0,-220000000.0,-4000000.0,0.0,-189000000.0,-2486000000.0,-1768000000.0,3240000000.0,-274000000.0,1077000000.0,1077000000.0,1077000000.0,0.0,0.0,0.202,2502000000.0,1521000000.0,402000000.0,0.0,4.748,19.64,19.58,1886000000.0,0.0,21.93,4.867,4.863,3260000000.0,10593000000.0,5331000000.0,5331000000.0,708000000.0,,,,,127000000.0,1318000000.0,1.0,5155842000.0,5152000000,5235000000.0,1.035,20840000000.0,905000000.0,367000000.0,2852000000.0,4.045,8604000000.0
53,ORCL,MRQ,2008-06-30,2008-05-31,2008-05-31,2021-09-13,618000000.0,47268000000.0,,18103000000.0,29165000000.0,,4.473,-48000000.0,8262000000.0,8262000000.0,1341000000.0,2037000000.0,1.805,1.053,11236000000.0,1001000000.0,10235000000.0,11236000000.0,4492000000.0,411000000.0,0.0,0.0,0.0,3070000000.0,3481000000.0,0.481,3481000000.0,3070000000.0,2941000000.0,0.4,0.39,0.4,23025000000.0,,23025000000.0,115489837144.0,14.0,11.896,2247000000.0,0.436,1.0,5898000000.0,0.815,26386000000.0,129000000.0,13827000000.0,,0.0,2781000000.0,2781000000.0,0.0,24243000000.0,10029000000.0,14214000000.0,117660837144.0,-147000000.0,-6943000000.0,-262000000.0,4973000000.0,0.0,4762000000.0,-7237000000.0,-246000000.0,2295000000.0,33000000.0,2037000000.0,2037000000.0,2037000000.0,0.0,0.0,0.281,2928000000.0,2970000000.0,383000000.0,0.0,5.11,21.312,21.148,1688000000.0,0.0,22.84,5.246,5.227,5127000000.0,9961000000.0,7239000000.0,7239000000.0,734000000.0,,,,,181000000.0,1726000000.0,1.0,5151525269.0,5148000000,5232000000.0,1.406,20882000000.0,853000000.0,904000000.0,2784000000.0,4.056,8074000000.0
54,ORCL,MRQ,2008-03-31,2008-02-29,2008-02-29,2021-09-13,600000000.0,37316000000.0,,15731000000.0,21585000000.0,,4.043,114000000.0,8409000000.0,8409000000.0,1243000000.0,1340000000.0,2.303,0.793,6238000000.0,1000000.0,6237000000.0,6238000000.0,3940000000.0,357000000.0,0.0,0.0,0.0,1959000000.0,2316000000.0,0.433,2316000000.0,1959000000.0,1877000000.0,0.26,0.26,0.26,20815000000.0,,20815000000.0,96072849174.0,13.0,10.789,1918000000.0,0.373,1.0,4106000000.0,0.768,19083000000.0,82000000.0,9232000000.0,,0.0,2097000000.0,2097000000.0,0.0,16501000000.0,6830000000.0,9671000000.0,96567849174.0,1676000000.0,-49000000.0,-132000000.0,0.0,0.0,63000000.0,-352000000.0,-417000000.0,1804000000.0,161000000.0,1340000000.0,1340000000.0,1340000000.0,0.0,0.0,0.251,2231000000.0,1875000000.0,383000000.0,0.0,4.639,18.983,18.99,1570000000.0,0.0,18.8,4.594,4.604,3655000000.0,8368000000.0,5349000000.0,5349000000.0,682000000.0,,,,,79000000.0,1289000000.0,1.0,5136587722.0,5148000000,5235000000.0,1.039,18233000000.0,1221000000.0,537000000.0,2264000000.0,3.542,8901000000.0
55,ORCL,MRQ,2007-12-31,2007-11-30,2007-11-30,2021-09-13,561000000.0,35653000000.0,,13558000000.0,22095000000.0,,3.765,-69000000.0,6733000000.0,6733000000.0,1238000000.0,1303000000.0,2.07,0.848,6238000000.0,2000000.0,6236000000.0,6238000000.0,3840000000.0,360000000.0,0.0,0.0,0.0,1904000000.0,2264000000.0,0.426,2264000000.0,1904000000.0,1815000000.0,0.25,0.25,0.25,19295000000.0,,19295000000.0,103131036769.0,15.0,12.338,533000000.0,0.104,1.0,4075000000.0,0.767,19346000000.0,89000000.0,9263000000.0,,0.0,1699000000.0,1699000000.0,0.0,16358000000.0,6549000000.0,9809000000.0,103348036769.0,278000000.0,-105000000.0,-128000000.0,-1000000.0,0.0,-24000000.0,-519000000.0,-345000000.0,602000000.0,219000000.0,1303000000.0,1303000000.0,1303000000.0,0.0,0.0,0.245,2293000000.0,1782000000.0,346000000.0,0.0,5.356,21.621,21.699,1655000000.0,0.0,20.18,5.146,5.149,3637000000.0,7478000000.0,5313000000.0,5313000000.0,674000000.0,,,,,95000000.0,1301000000.0,1.0,5121310048.0,5125000000,5232000000.0,1.037,16307000000.0,1381000000.0,512000000.0,2427000000.0,3.182,7009000000.0
56,ORCL,MRQ,2007-09-30,2007-08-31,2007-08-31,2021-09-13,407000000.0,34315000000.0,,12173000000.0,22142000000.0,,3.48,-87000000.0,6455000000.0,6455000000.0,1159000000.0,840000000.0,1.791,0.929,6238000000.0,2000000.0,6236000000.0,6238000000.0,4391000000.0,352000000.0,0.0,0.0,0.0,1294000000.0,1646000000.0,0.363,1646000000.0,1294000000.0,1200000000.0,0.16,0.16,0.16,17785000000.0,,17785000000.0,105067369573.0,16.0,13.472,2614000000.0,0.512,1.0,3370000000.0,0.744,19479000000.0,94000000.0,7822000000.0,,0.0,1288000000.0,1288000000.0,0.0,16530000000.0,6797000000.0,9733000000.0,103692369573.0,237000000.0,-546000000.0,-213000000.0,-1361000000.0,0.0,-1520000000.0,-968000000.0,-335000000.0,2701000000.0,24000000.0,840000000.0,840000000.0,840000000.0,0.0,0.0,0.185,2153000000.0,1217000000.0,298000000.0,0.0,5.83,23.333,23.31,1633000000.0,0.0,20.28,5.476,5.473,3019000000.0,6619000000.0,4529000000.0,4529000000.0,652000000.0,,,,,148000000.0,1169000000.0,1.0,5113035975.0,5110000000,5217000000.0,0.886,14836000000.0,1366000000.0,360000000.0,2412000000.0,2.903,5376000000.0
57,ORCL,MRQ,2007-06-30,2007-05-31,2007-05-31,2021-09-13,403000000.0,34572000000.0,,12883000000.0,21689000000.0,,3.303,-136000000.0,6218000000.0,6218000000.0,1159000000.0,1604000000.0,1.372,1.043,7593000000.0,1358000000.0,6235000000.0,7593000000.0,3585000000.0,320000000.0,0.0,0.0,0.0,2359000000.0,2679000000.0,0.46,2679000000.0,2359000000.0,2264000000.0,0.32,0.3,0.32,16919000000.0,,16919000000.0,100118918700.0,16.0,13.428,2079000000.0,0.406,1.0,4670000000.0,0.801,19443000000.0,95000000.0,7117000000.0,,0.0,802000000.0,802000000.0,0.0,17653000000.0,9387000000.0,8266000000.0,99629918700.0,968000000.0,-2715000000.0,-764000000.0,1836000000.0,0.0,1127000000.0,-2467000000.0,384000000.0,2215000000.0,93000000.0,1604000000.0,1604000000.0,1604000000.0,0.0,0.0,0.275,2389000000.0,2281000000.0,315000000.0,0.0,5.889,23.311,23.349,1603000000.0,0.0,19.38,5.536,5.568,4589000000.0,6223000000.0,5829000000.0,5829000000.0,599000000.0,,,,,85000000.0,1464000000.0,1.0,5140862678.0,5122000000,5224000000.0,1.138,15129000000.0,968000000.0,660000000.0,2358000000.0,2.954,3496000000.0
58,ORCL,MRQ,2007-03-31,2007-02-28,2007-02-28,2021-09-13,276000000.0,29369000000.0,,10664000000.0,18705000000.0,,3.061,-75000000.0,5250000000.0,5250000000.0,1030000000.0,1033000000.0,1.685,0.86,5739000000.0,3000000.0,5736000000.0,5739000000.0,3035000000.0,282000000.0,0.0,0.0,0.0,1488000000.0,1770000000.0,0.401,1770000000.0,1488000000.0,1406000000.0,0.2,0.2,0.2,15791000000.0,,15791000000.0,86362395616.0,15.0,12.362,1364000000.0,0.264,1.0,3384000000.0,0.767,16648000000.0,82000000.0,6880000000.0,,0.0,1195000000.0,1195000000.0,0.0,13578000000.0,6330000000.0,7248000000.0,85143395616.0,566000000.0,-1802000000.0,-879000000.0,-167000000.0,0.0,-1018000000.0,137000000.0,2014000000.0,1439000000.0,8000000.0,1033000000.0,1033000000.0,1033000000.0,0.0,0.0,0.234,1990000000.0,1394000000.0,273000000.0,0.0,5.392,21.447,21.338,1465000000.0,0.0,16.43,5.003,4.98,3148000000.0,5511000000.0,4414000000.0,4414000000.0,570000000.0,,,,,57000000.0,1142000000.0,1.0,5182190847.0,5159000000,5257000000.0,0.856,12721000000.0,785000000.0,373000000.0,1419000000.0,2.466,4334000000.0
59,ORCL,MRQ,2006-12-31,2006-11-30,2006-11-30,2021-09-13,273000000.0,28927000000.0,,11662000000.0,17265000000.0,,2.993,-57000000.0,4684000000.0,4684000000.0,1025000000.0,967000000.0,1.913,0.865,5903000000.0,168000000.0,5735000000.0,5903000000.0,2885000000.0,268000000.0,0.0,0.0,0.0,1436000000.0,1704000000.0,0.409,1704000000.0,1436000000.0,1354000000.0,0.19,0.18,0.19,15514000000.0,,15514000000.0,99430772880.0,18.0,15.199,186000000.0,0.036,1.0,3138000000.0,0.754,15241000000.0,82000000.0,8809000000.0,,0.0,3141000000.0,3141000000.0,0.0,13413000000.0,6096000000.0,7317000000.0,98973772880.0,-762000000.0,-263000000.0,-596000000.0,-1000000.0,0.0,-472000000.0,-579000000.0,-259000000.0,243000000.0,46000000.0,967000000.0,967000000.0,967000000.0,0.0,0.0,0.232,1781000000.0,1357000000.0,284000000.0,0.0,6.38,26.735,26.458,1446000000.0,0.0,19.05,6.157,6.143,2836000000.0,5367000000.0,4163000000.0,4163000000.0,519000000.0,,,,,75000000.0,1085000000.0,1.0,5195473642.0,5184000000,5287000000.0,0.803,13686000000.0,706000000.0,387000000.0,1208000000.0,2.64,5566000000.0
60,ORCL,MRQ,2006-09-30,2006-08-31,2006-08-31,2021-09-13,242000000.0,28848000000.0,,11691000000.0,17157000000.0,,2.856,-49000000.0,5446000000.0,5446000000.0,980000000.0,670000000.0,1.745,0.936,5903000000.0,166000000.0,5737000000.0,5903000000.0,3383000000.0,257000000.0,0.0,0.0,0.0,1045000000.0,1302000000.0,0.363,1302000000.0,1045000000.0,962000000.0,0.13,0.13,0.13,14899000000.0,,14899000000.0,81267236885.0,15.0,13.203,1574000000.0,0.302,1.0,2611000000.0,0.727,15169000000.0,83000000.0,7438000000.0,,0.0,2852000000.0,2852000000.0,0.0,13949000000.0,6698000000.0,7251000000.0,82032236885.0,-1213000000.0,-225000000.0,-774000000.0,-7000000.0,0.0,-776000000.0,-2062000000.0,-1788000000.0,1623000000.0,2000000.0,670000000.0,670000000.0,670000000.0,0.0,0.0,0.187,1668000000.0,943000000.0,223000000.0,0.0,5.506,23.219,23.029,1437000000.0,0.0,15.66,5.395,5.373,2347000000.0,5295000000.0,3591000000.0,3591000000.0,506000000.0,,,,,69000000.0,907000000.0,1.0,5238329303.0,5217000000,5307000000.0,0.688,13679000000.0,725000000.0,292000000.0,1432000000.0,2.622,4993000000.0
61,ORCL,MRQ,2006-06-30,2006-05-31,2006-05-31,2021-09-13,258000000.0,29029000000.0,,11974000000.0,17055000000.0,,2.845,-75000000.0,6659000000.0,6659000000.0,964000000.0,1300000000.0,1.728,0.934,5894000000.0,159000000.0,5735000000.0,5894000000.0,2944000000.0,248000000.0,0.0,0.0,0.0,1962000000.0,2210000000.0,0.456,2210000000.0,1962000000.0,1879000000.0,0.25,0.24,0.25,15012000000.0,,15012000000.0,75019910178.0,15.0,12.968,1604000000.0,0.304,1.0,3887000000.0,0.801,14337000000.0,83000000.0,6997000000.0,,0.0,946000000.0,946000000.0,0.0,14017000000.0,6930000000.0,7087000000.0,75858910178.0,-262000000.0,-21000000.0,-1444000000.0,-189000000.0,0.0,-1633000000.0,-407000000.0,-311000000.0,1679000000.0,99000000.0,1300000000.0,1300000000.0,1300000000.0,0.0,0.0,0.268,2030000000.0,1857000000.0,268000000.0,0.0,5.053,22.437,21.877,1391000000.0,0.0,14.22,5.275,5.138,3420000000.0,5538000000.0,4851000000.0,4851000000.0,537000000.0,,,,,78000000.0,1246000000.0,1.0,5334663163.0,5277000000,5362000000.0,0.919,14692000000.0,714000000.0,579000000.0,1374000000.0,2.784,5044000000.0
62,ORCL,MRQ,2006-03-31,2006-02-28,2006-02-28,2021-09-13,219000000.0,28464000000.0,,11199000000.0,17265000000.0,,2.889,-24000000.0,6921000000.0,6921000000.0,790000000.0,765000000.0,1.909,0.892,6082000000.0,341000000.0,5741000000.0,6082000000.0,2578000000.0,199000000.0,0.0,0.0,0.0,1127000000.0,1326000000.0,0.382,1326000000.0,1127000000.0,1078000000.0,0.15,0.14,0.15,15043000000.0,,15043000000.0,62338354636.0,14.0,11.949,1082000000.0,0.208,1.0,2680000000.0,0.772,14778000000.0,49000000.0,6981000000.0,,0.0,843000000.0,843000000.0,0.0,13421000000.0,5866000000.0,7555000000.0,64112354636.0,4084000000.0,-3434000000.0,88000000.0,4993000000.0,0.0,5065000000.0,-2126000000.0,1332000000.0,1106000000.0,39000000.0,765000000.0,765000000.0,765000000.0,0.0,0.0,0.22,1628000000.0,1052000000.0,233000000.0,0.0,4.262,20.655,20.7,1375000000.0,0.0,12.42,4.782,4.823,2465000000.0,5828000000.0,3470000000.0,3470000000.0,467000000.0,,,,,54000000.0,902000000.0,1.0,5162025333.0,5207000000,5304000000.0,0.666,13686000000.0,778000000.0,313000000.0,1477000000.0,2.628,5333000000.0
63,ORCL,MRQ,2005-12-31,2005-11-30,2005-11-30,2021-09-13,194000000.0,19346000000.0,,6266000000.0,13080000000.0,,2.352,-15000000.0,2837000000.0,2837000000.0,757000000.0,798000000.0,1.126,0.597,1063000000.0,907000000.0,156000000.0,1063000000.0,2272000000.0,179000000.0,0.0,0.0,0.0,1138000000.0,1317000000.0,0.4,1317000000.0,1138000000.0,1122000000.0,0.15,0.15,0.15,12115000000.0,,12115000000.0,62801983660.0,15.0,12.938,283000000.0,0.055,1.0,2535000000.0,0.77,10635000000.0,16000000.0,1374000000.0,,0.0,566000000.0,566000000.0,0.0,7231000000.0,5563000000.0,1668000000.0,64912983660.0,-953000000.0,-189000000.0,13000000.0,-621000000.0,0.0,-608000000.0,-571000000.0,-367000000.0,298000000.0,-72000000.0,798000000.0,798000000.0,798000000.0,0.0,0.0,0.242,1419000000.0,1116000000.0,240000000.0,0.0,5.358,22.547,22.5,1366000000.0,0.0,12.6,5.037,5.037,2205000000.0,5063000000.0,3292000000.0,3292000000.0,468000000.0,,,,,36000000.0,815000000.0,1.0,5151824100.0,5152000000,5238000000.0,0.639,8711000000.0,522000000.0,324000000.0,1617000000.0,1.691,703000000.0
64,ORCL,MRQ,2005-09-30,2005-08-31,2005-08-31,2021-09-13,242000000.0,19596000000.0,,7189000000.0,12407000000.0,,2.201,18000000.0,3790000000.0,3790000000.0,723000000.0,519000000.0,1.098,0.729,1679000000.0,1522000000.0,157000000.0,1679000000.0,2738000000.0,180000000.0,0.0,0.0,0.0,754000000.0,934000000.0,0.337,934000000.0,754000000.0,733000000.0,0.1,0.1,0.1,11331000000.0,,11331000000.0,65813813418.0,16.0,13.858,1476000000.0,0.287,1.0,2045000000.0,0.739,10555000000.0,21000000.0,383000000.0,,0.0,842000000.0,842000000.0,0.0,8265000000.0,6547000000.0,1718000000.0,66855813418.0,-104000000.0,-309000000.0,-92000000.0,-1182000000.0,0.0,-1297000000.0,-255000000.0,36000000.0,1458000000.0,-10000000.0,519000000.0,519000000.0,519000000.0,0.0,0.0,0.188,1333000000.0,712000000.0,228000000.0,0.0,5.9,23.086,22.789,1404000000.0,0.0,12.99,5.413,5.414,1847000000.0,4334000000.0,2768000000.0,2768000000.0,400000000.0,,,,,43000000.0,771000000.0,1.0,5146713889.0,5148000000,5244000000.0,0.538,9041000000.0,508000000.0,214000000.0,1690000000.0,1.756,642000000.0
65,ORCL,MRQ,2005-06-30,2005-05-31,2005-05-31,2021-09-13,243000000.0,20687000000.0,,8448000000.0,12239000000.0,,2.106,-38000000.0,3894000000.0,3894000000.0,790000000.0,1022000000.0,1.048,0.909,2852000000.0,2693000000.0,159000000.0,2852000000.0,2415000000.0,186000000.0,0.0,0.0,0.0,1454000000.0,1640000000.0,0.423,1640000000.0,1454000000.0,1388000000.0,0.2,0.19,0.2,10837000000.0,,10837000000.0,65956677120.0,16.0,14.304,957000000.0,0.186,1.0,3088000000.0,0.796,10376000000.0,66000000.0,1206000000.0,,0.0,877000000.0,877000000.0,0.0,9850000000.0,8063000000.0,1787000000.0,65809677120.0,-3327000000.0,-764000000.0,-12000000.0,-4525000000.0,0.0,-4537000000.0,302000000.0,1099000000.0,995000000.0,-87000000.0,1022000000.0,1022000000.0,1022000000.0,0.0,0.0,0.264,1681000000.0,1407000000.0,230000000.0,0.0,6.073,22.803,22.857,1442000000.0,0.0,12.8,5.578,5.572,2900000000.0,4043000000.0,3878000000.0,3878000000.0,457000000.0,,,,,191000000.0,957000000.0,1.0,5141381025.0,5145000000,5237000000.0,0.754,10311000000.0,486000000.0,366000000.0,1914000000.0,2.004,385000000.0
66,ORCL,MRQ,2005-03-31,2005-02-28,2005-02-28,2021-09-13,322000000.0,23767000000.0,,11921000000.0,11846000000.0,,1.927,-58000000.0,7221000000.0,7221000000.0,716000000.0,540000000.0,0.974,1.408,7368000000.0,7209000000.0,159000000.0,7368000000.0,2036000000.0,134000000.0,0.0,0.0,0.0,829000000.0,963000000.0,0.326,963000000.0,829000000.0,771000000.0,0.11,0.1,0.11,9870000000.0,,9870000000.0,61928009339.0,15.0,13.92,700000000.0,0.137,1.0,2234000000.0,0.757,9944000000.0,58000000.0,1733000000.0,,0.0,1911000000.0,1911000000.0,0.0,13897000000.0,12237000000.0,1660000000.0,67662009339.0,1316000000.0,-9892000000.0,195000000.0,7200000000.0,0.0,7377000000.0,-6873000000.0,3078000000.0,758000000.0,54000000.0,540000000.0,540000000.0,540000000.0,0.0,0.0,0.183,1464000000.0,770000000.0,307000000.0,0.0,6.855,23.708,23.125,1471000000.0,0.0,12.95,6.153,6.032,2100000000.0,3245000000.0,2950000000.0,2950000000.0,411000000.0,,,,,11000000.0,814000000.0,1.0,5224865586.0,5122000000,5230000000.0,0.576,13823000000.0,344000000.0,231000000.0,1709000000.0,2.699,-316000000.0
67,ORCL,MRQ,2004-12-31,2004-11-30,2004-11-30,2021-09-13,316000000.0,13137000000.0,,11573000000.0,1564000000.0,,1.679,-58000000.0,5905000000.0,5905000000.0,590000000.0,815000000.0,2.905,0.528,171000000.0,9000000.0,162000000.0,171000000.0,1497000000.0,52000000.0,0.0,0.0,0.0,1160000000.0,1212000000.0,0.44,1212000000.0,1160000000.0,1154000000.0,0.16,0.16,0.16,8599000000.0,,8599000000.0,62159652827.0,15.0,13.829,327000000.0,0.064,1.0,2166000000.0,0.786,0.0,6000000.0,3419000000.0,,0.0,3531000000.0,3531000000.0,0.0,4538000000.0,3984000000.0,554000000.0,65336652827.0,2556000000.0,0.0,-414000000.0,0.0,0.0,-414000000.0,2477000000.0,2537000000.0,385000000.0,108000000.0,815000000.0,815000000.0,815000000.0,0.0,0.0,0.296,1035000000.0,1131000000.0,260000000.0,0.0,7.598,22.156,22.351,1084000000.0,0.0,12.74,6.19,6.183,1744000000.0,2705000000.0,2756000000.0,2756000000.0,320000000.0,,,,,0.0,685000000.0,1.0,5128465685.0,5123000000,5218000000.0,0.538,13137000000.0,379000000.0,339000000.0,921000000.0,2.564,7589000000.0
68,ORCL,MRQ,2004-09-30,2004-08-31,2004-08-31,2021-09-13,158000000.0,12688000000.0,,11277000000.0,1411000000.0,,1.555,-34000000.0,3349000000.0,3349000000.0,555000000.0,509000000.0,2.655,0.583,172000000.0,9000000.0,163000000.0,172000000.0,1782000000.0,53000000.0,0.0,0.0,0.0,744000000.0,797000000.0,0.36,797000000.0,744000000.0,738000000.0,0.1,0.1,0.1,8016000000.0,,8016000000.0,47586655404.0,12.0,11.173,1380000000.0,0.268,1.0,1660000000.0,0.749,0.0,6000000.0,5264000000.0,,0.0,6096000000.0,6096000000.0,0.0,4672000000.0,4247000000.0,425000000.0,51552655404.0,-789000000.0,0.0,-516000000.0,0.0,0.0,-542000000.0,-1659000000.0,-1623000000.0,1414000000.0,-2000000.0,509000000.0,509000000.0,509000000.0,0.0,0.0,0.23,945000000.0,715000000.0,222000000.0,0.0,6.431,18.74,18.811,1057000000.0,0.0,9.97,5.006,4.99,1410000000.0,2398000000.0,2215000000.0,2215000000.0,303000000.0,,,,,0.0,604000000.0,1.0,5170777874.0,5154000000,5241000000.0,0.43,12688000000.0,357000000.0,229000000.0,968000000.0,2.462,7030000000.0
69,ORCL,MRQ,2004-06-30,2004-05-31,2004-05-31,2021-09-13,156000000.0,12763000000.0,,11336000000.0,1427000000.0,,1.542,-45000000.0,4138000000.0,4138000000.0,573000000.0,990000000.0,2.654,0.596,172000000.0,9000000.0,163000000.0,172000000.0,1540000000.0,55000000.0,0.0,0.0,0.0,1422000000.0,1477000000.0,0.48,1477000000.0,1422000000.0,1419000000.0,0.19,0.18,0.19,7995000000.0,,7995000000.0,55200863303.0,14.0,13.143,973000000.0,0.188,1.0,2503000000.0,0.814,80000000.0,3000000.0,4445000000.0,,0.0,4449000000.0,4449000000.0,0.0,4768000000.0,4272000000.0,496000000.0,59222863303.0,-54000000.0,-9000000.0,-359000000.0,6000000.0,0.0,-353000000.0,-635000000.0,-589000000.0,1018000000.0,-84000000.0,990000000.0,990000000.0,990000000.0,0.0,0.0,0.322,1096000000.0,1407000000.0,191000000.0,0.0,7.407,22.09,22.353,1068000000.0,0.0,11.4,5.831,5.854,2334000000.0,2383000000.0,3076000000.0,3076000000.0,320000000.0,,,,,0.0,758000000.0,1.0,5194988009.0,5185000000,5284000000.0,0.593,12683000000.0,393000000.0,429000000.0,1009000000.0,2.446,7064000000.0
70,ORCL,MRQ,2004-03-31,2004-02-29,2004-02-29,2021-09-13,249000000.0,11715000000.0,,10234000000.0,1481000000.0,,1.419,-41000000.0,4192000000.0,4192000000.0,582000000.0,635000000.0,2.736,0.582,170000000.0,0.0,170000000.0,170000000.0,1355000000.0,58000000.0,0.0,0.0,0.0,951000000.0,1009000000.0,0.402,1009000000.0,951000000.0,947000000.0,0.12,0.12,0.12,7406000000.0,,7406000000.0,63427042373.0,17.0,15.747,528000000.0,0.101,1.0,1927000000.0,0.768,236000000.0,4000000.0,3717000000.0,,0.0,3826000000.0,3826000000.0,0.0,4309000000.0,3740000000.0,569000000.0,67279042373.0,19000000.0,-12000000.0,-563000000.0,-150000000.0,0.0,-723000000.0,53000000.0,106000000.0,569000000.0,120000000.0,635000000.0,635000000.0,635000000.0,0.0,0.0,0.253,1000000000.0,927000000.0,188000000.0,0.0,9.084,26.384,26.265,1080000000.0,0.0,12.87,6.788,6.776,1770000000.0,1828000000.0,2509000000.0,2509000000.0,322000000.0,,,,,0.0,655000000.0,1.0,5227586820.0,5218000000,5337000000.0,0.481,11479000000.0,498000000.0,312000000.0,866000000.0,2.2,6494000000.0
71,ORCL,MRQ,2003-12-31,2003-11-30,2003-11-30,2021-09-13,139000000.0,11777000000.0,,10307000000.0,1470000000.0,,1.378,-27000000.0,4173000000.0,4173000000.0,598000000.0,617000000.0,2.578,0.636,321000000.0,152000000.0,169000000.0,321000000.0,1349000000.0,60000000.0,0.0,0.0,0.0,916000000.0,976000000.0,0.391,976000000.0,916000000.0,916000000.0,0.12,0.12,0.12,7199000000.0,,7199000000.0,58904283898.0,16.0,14.95,309000000.0,0.059,1.0,1900000000.0,0.761,235000000.0,0.0,3692000000.0,,0.0,3901000000.0,3901000000.0,0.0,4578000000.0,3998000000.0,580000000.0,62824283898.0,-67000000.0,0.0,-64000000.0,0.0,0.0,-64000000.0,-475000000.0,-452000000.0,336000000.0,136000000.0,617000000.0,617000000.0,617000000.0,0.0,0.0,0.247,985000000.0,915000000.0,212000000.0,0.0,8.727,25.271,25.042,1073000000.0,0.0,12.02,6.471,6.47,1756000000.0,1780000000.0,2498000000.0,2498000000.0,323000000.0,,,,,0.0,662000000.0,1.0,5226645915.0,5226000000,5337000000.0,0.478,11542000000.0,523000000.0,299000000.0,1109000000.0,2.209,6309000000.0
72,ORCL,MRQ,2003-09-30,2003-08-31,2003-08-31,2021-09-13,9000000.0,11215000000.0,,9413000000.0,1802000000.0,,1.243,-76000000.0,4240000000.0,4240000000.0,563000000.0,440000000.0,2.249,0.725,320000000.0,152000000.0,168000000.0,320000000.0,1603000000.0,61000000.0,0.0,0.0,0.0,664000000.0,725000000.0,0.35,725000000.0,664000000.0,664000000.0,0.08,0.08,0.08,6502000000.0,,6502000000.0,62740305319.0,18.0,16.313,1196000000.0,0.229,1.0,1509000000.0,0.728,241000000.0,0.0,2868000000.0,,0.0,3447000000.0,3164000000.0,283000000.0,4713000000.0,4186000000.0,527000000.0,67149305319.0,-497000000.0,0.0,-159000000.0,0.0,0.0,-180000000.0,-1491000000.0,-1403000000.0,1272000000.0,-98000000.0,440000000.0,440000000.0,440000000.0,0.0,0.0,0.212,893000000.0,616000000.0,225000000.0,0.0,10.327,27.932,27.891,1081000000.0,0.0,12.83,7.053,7.048,1530000000.0,1347000000.0,2072000000.0,2072000000.0,298000000.0,,,,,0.0,595000000.0,1.0,5233772823.0,5230000000,5347000000.0,0.396,10974000000.0,568000000.0,224000000.0,1136000000.0,2.098,5227000000.0
73,ORCL,MRQ,2003-06-30,2003-05-31,2003-05-31,2021-09-13,127000000.0,10967000000.0,,9227000000.0,1740000000.0,,1.206,-203000000.0,4737000000.0,4737000000.0,580000000.0,858000000.0,2.219,0.735,328000000.0,153000000.0,175000000.0,328000000.0,1409000000.0,28000000.0,0.0,0.0,0.0,1290000000.0,1318000000.0,0.465,1318000000.0,1290000000.0,1274000000.0,0.17,0.16,0.17,6320000000.0,,6320000000.0,64438382930.0,19.0,17.29,650000000.0,0.124,1.0,2252000000.0,0.795,0.0,16000000.0,2400000000.0,,0.0,2015000000.0,1782000000.0,233000000.0,4647000000.0,4158000000.0,489000000.0,68211382930.0,649000000.0,-46000000.0,-301000000.0,9000000.0,0.0,-319000000.0,49000000.0,231000000.0,853000000.0,66000000.0,858000000.0,858000000.0,858000000.0,0.0,0.0,0.303,981000000.0,1271000000.0,228000000.0,0.0,10.793,29.567,29.568,1062000000.0,0.0,13.01,7.199,7.28,2221000000.0,1092000000.0,2832000000.0,2832000000.0,277000000.0,,,,,0.0,661000000.0,1.0,5242996382.0,5242000000,5355000000.0,0.54,10967000000.0,481000000.0,416000000.0,980000000.0,2.092,5069000000.0
74,ORCL,MRQ,2003-03-31,2003-02-28,2003-02-28,2021-09-13,6000000.0,9948000000.0,,8244000000.0,1704000000.0,,1.062,-13000000.0,4088000000.0,4088000000.0,574000000.0,571000000.0,2.159,0.782,315000000.0,153000000.0,162000000.0,315000000.0,1225000000.0,92000000.0,0.0,0.0,0.0,829000000.0,921000000.0,0.399,921000000.0,829000000.0,829000000.0,0.11,0.11,0.11,5584000000.0,,5584000000.0,60318601036.0,19.0,16.977,715000000.0,0.136,1.0,1733000000.0,0.751,357000000.0,0.0,1999000000.0,,0.0,2176000000.0,1952000000.0,224000000.0,4364000000.0,3819000000.0,545000000.0,63018601036.0,1075000000.0,0.0,-436000000.0,0.0,0.0,-436000000.0,714000000.0,723000000.0,728000000.0,69000000.0,571000000.0,571000000.0,571000000.0,0.0,0.0,0.248,937000000.0,796000000.0,223000000.0,0.0,11.286,29.938,30.667,899000000.0,0.0,11.96,6.691,6.678,1639000000.0,657000000.0,2307000000.0,2307000000.0,301000000.0,,,,,0.0,636000000.0,1.0,5269113799.0,5259000000,5383000000.0,0.439,9591000000.0,685000000.0,258000000.0,1204000000.0,1.824,4425000000.0
75,ORCL,MRQ,2002-12-31,2002-11-30,2002-11-30,2021-09-13,-84000000.0,9752000000.0,,7788000000.0,1964000000.0,,0.998,-32000000.0,3013000000.0,3013000000.0,599000000.0,535000000.0,2.072,0.841,313000000.0,0.0,313000000.0,313000000.0,1248000000.0,82000000.0,0.0,0.0,0.0,800000000.0,882000000.0,0.382,882000000.0,800000000.0,800000000.0,0.1,0.1,0.1,5298000000.0,,5298000000.0,61510604479.0,20.0,17.64,219000000.0,0.041,1.0,1710000000.0,0.741,369000000.0,0.0,2924000000.0,,0.0,2882000000.0,2468000000.0,414000000.0,4454000000.0,3759000000.0,695000000.0,65074604479.0,-862000000.0,0.0,-822000000.0,0.0,0.0,-988000000.0,-139000000.0,-133000000.0,251000000.0,14000000.0,535000000.0,535000000.0,535000000.0,0.0,0.0,0.232,916000000.0,794000000.0,216000000.0,0.0,12.283,31.868,32.838,949000000.0,0.0,12.15,6.949,6.888,1734000000.0,540000000.0,2309000000.0,2309000000.0,295000000.0,,,,,0.0,621000000.0,1.0,5355934525.0,5309000000,5420000000.0,0.435,9383000000.0,680000000.0,265000000.0,1278000000.0,1.767,4029000000.0
76,ORCL,MRQ,2002-09-30,2002-08-31,2002-08-31,2021-09-13,-100000000.0,10412000000.0,,8544000000.0,1868000000.0,,1.062,-43000000.0,3875000000.0,3875000000.0,589000000.0,343000000.0,2.146,0.816,311000000.0,0.0,311000000.0,311000000.0,1514000000.0,84000000.0,0.0,0.0,0.0,522000000.0,606000000.0,0.299,606000000.0,522000000.0,522000000.0,0.06,0.06,0.06,5735000000.0,,5735000000.0,49307321186.0,16.0,13.968,1175000000.0,0.218,1.0,1439000000.0,0.71,415000000.0,0.0,2451000000.0,,0.0,2781000000.0,2544000000.0,237000000.0,4677000000.0,3982000000.0,695000000.0,52104321186.0,780000000.0,0.0,-738000000.0,0.0,0.0,-738000000.0,271000000.0,408000000.0,1218000000.0,29000000.0,343000000.0,343000000.0,343000000.0,0.0,0.0,0.169,859000000.0,580000000.0,222000000.0,0.0,9.085,25.343,25.919,973000000.0,0.0,9.59,5.522,5.487,1549000000.0,853000000.0,2028000000.0,2028000000.0,286000000.0,,,,,0.0,573000000.0,1.0,5433193033.0,5399000000,5515000000.0,0.376,9997000000.0,691000000.0,179000000.0,1316000000.0,1.852,4562000000.0
77,ORCL,MRQ,2002-06-30,2002-05-31,2002-05-31,2021-09-13,-122000000.0,10800000000.0,,8728000000.0,2072000000.0,,1.118,-79000000.0,3095000000.0,3095000000.0,569000000.0,656000000.0,2.204,0.766,298000000.0,0.0,298000000.0,298000000.0,1241000000.0,129000000.0,0.0,0.0,0.0,1015000000.0,1144000000.0,0.412,1144000000.0,1015000000.0,995000000.0,0.12,0.12,0.12,6117000000.0,,6117000000.0,40224373043.0,12.0,10.61,898000000.0,0.164,1.0,2205000000.0,0.795,446000000.0,20000000.0,3597000000.0,,0.0,3152000000.0,2746000000.0,406000000.0,4683000000.0,3960000000.0,723000000.0,43380615043.0,-364000000.0,0.0,-626000000.0,-4000000.0,0.0,-630000000.0,-790000000.0,-671000000.0,977000000.0,79000000.0,656000000.0,656000000.0,656000000.0,0.0,0.0,0.236,979000000.0,1226000000.0,228000000.0,0.0,7.092,19.506,19.75,987000000.0,0.0,7.9,4.485,4.507,2329000000.0,1210000000.0,2774000000.0,2774000000.0,282000000.0,,,,,0.0,697000000.0,1.0,5491217094.0,5473000000,5611000000.0,0.507,10354000000.0,685000000.0,339000000.0,1450000000.0,1.892,4768000000.0
78,ORCL,MRQ,2002-03-31,2002-02-28,2002-02-28,2021-09-13,-218421000.0,10374922000.0,,8021996000.0,2352926000.0,,1.091,-39000000.0,3459191000.0,3459191000.0,572000000.0,508000000.0,2.25,0.732,302949000.0,2059000.0,300890000.0,302949000.0,1013778000.0,73000000.0,0.0,0.0,0.0,782000000.0,855000000.0,0.379,855000000.0,782000000.0,782000000.0,0.09,0.09,0.09,5989701000.0,,5989701000.0,89197543535.0,24.0,21.566,609000000.0,0.111,1.0,1682000000.0,0.746,0.0,0.0,3654060000.0,,0.0,2481558000.0,2151783000.0,329775000.0,4385221000.0,3564620000.0,820601000.0,91363089535.0,991000000.0,0.0,-166000000.0,1000000.0,0.0,-165000000.0,571000000.0,592000000.0,648000000.0,-63000000.0,508000000.0,508000000.0,508000000.0,0.0,0.0,0.225,903000000.0,779000000.0,238297000.0,0.0,15.253,37.71,37.773,984766000.0,0.0,16.62,8.901,8.893,1831527000.0,1235324000.0,2254000000.0,2254000000.0,283000000.0,,,,,0.0,620000000.0,1.0,5497177469.0,5492000000,5669000000.0,0.41,10374922000.0,854092000.0,274000000.0,1360271000.0,1.889,4457376000.0
79,ORCL,MRQ,2001-12-31,2001-11-30,2001-11-30,2021-09-13,-152170000.0,10285460000.0,,7586646000.0,2698814000.0,,1.032,-48000000.0,2467515000.0,2467515000.0,633000000.0,549000000.0,2.032,0.803,301969000.0,1238000.0,300731000.0,301969000.0,1084715000.0,80000000.0,0.0,0.0,0.0,845000000.0,925000000.0,0.389,925000000.0,845000000.0,845000000.0,0.1,0.1,0.1,5705132000.0,,5705132000.0,74419030921.0,19.0,17.504,197000000.0,0.036,1.0,1747000000.0,0.734,0.0,0.0,4387214000.0,,0.0,3072484000.0,2492013000.0,580471000.0,4580328000.0,3732700000.0,847628000.0,78030210921.0,-1448000000.0,0.0,-954000000.0,-2000000.0,0.0,-956000000.0,-706000000.0,-650000000.0,245000000.0,-31000000.0,549000000.0,549000000.0,549000000.0,0.0,0.0,0.231,927000000.0,820000000.0,265725000.0,0.0,13.677,31.243,31.178,1009371000.0,0.0,14.03,7.303,7.259,2027384000.0,910420000.0,2380000000.0,2380000000.0,257000000.0,,,,,0.0,670000000.0,1.0,5561668633.0,5528000000,5696000000.0,0.431,10285460000.0,847538000.0,296000000.0,1422266000.0,1.861,3853946000.0
80,ORCL,MRQ,2001-09-30,2001-08-31,2001-08-31,2021-09-13,-16059000.0,11185940000.0,,8577294000.0,2608646000.0,,1.115,-112000000.0,3915579000.0,3915579000.0,633000000.0,511000000.0,2.109,0.799,304399000.0,3527000.0,300872000.0,304399000.0,1367240000.0,81000000.0,0.0,0.0,0.0,786000000.0,867000000.0,0.383,867000000.0,786000000.0,786000000.0,0.09,0.09,0.09,6219323000.0,,6219323000.0,64214683410.0,16.0,14.733,1153000000.0,0.207,1.0,1632000000.0,0.721,899758000.0,0.0,2608282000.0,,0.0,2421396000.0,2135852000.0,285544000.0,4966617000.0,4066720000.0,899897000.0,68360153410.0,-533000000.0,0.0,-714000000.0,0.0,0.0,-714000000.0,-1105000000.0,-974000000.0,1265000000.0,21000000.0,511000000.0,511000000.0,511000000.0,0.0,0.0,0.226,886000000.0,746000000.0,236782000.0,0.0,10.992,26.586,26.543,1026713000.0,0.0,12.21,6.235,6.214,1963258000.0,1400483000.0,2265000000.0,2265000000.0,253000000.0,,,,,0.0,633000000.0,1.0,5598702163.0,5580000000,5780000000.0,0.406,10286182000.0,847801000.0,275000000.0,1544897000.0,1.843,4510574000.0
81,ORCL,MRQ,2001-06-30,2001-05-31,2001-05-31,2021-09-13,-154000000.0,11030000000.0,,8963000000.0,2067000000.0,,1.12,-96311000.0,4449000000.0,4449000000.0,819510000.0,854798000.0,2.288,0.757,304000000.0,3000000.0,301000000.0,304000000.0,1214000000.0,139601000.0,0.0,0.0,0.0,1349445000.0,1489046000.0,0.442,1489046000.0,1349445000.0,1325445000.0,0.16,0.15,0.16,6277000000.0,,6277000000.0,82062100690.0,21.0,18.904,1284798000.0,0.229,1.0,2545702000.0,0.756,716000000.0,24000000.0,2252000000.0,,0.0,1438000000.0,1438000000.0,0.0,4753000000.0,3917000000.0,836000000.0,85887693690.0,319868000.0,0.0,-444087000.0,4000.0,0.0,-444083000.0,-586419000.0,-562880000.0,1381109000.0,-30739000.0,854798000.0,854798000.0,854798000.0,0.0,0.0,0.254,1250867000.0,1294835000.0,270000000.0,0.0,13.683,33.537,33.261,975000000.0,0.0,15.3,7.836,7.813,2714000000.0,1610000000.0,3365212000.0,3365212000.0,320238000.0,,,,,0.0,930629000.0,1.0,5613574751.0,5603705000,5800809000.0,0.601,10314000000.0,649000000.0,470647000.0,1260000000.0,1.841,5046000000.0
82,ORCL,MRQ,2001-03-31,2001-02-28,2001-02-28,2021-09-13,-112679000.0,9450740000.0,,7459042000.0,1991698000.0,,0.951,-62692000.0,4129338000.0,4129338000.0,708614000.0,582713000.0,2.256,0.775,303745000.0,2814000.0,300931000.0,303745000.0,1040712000.0,67160000.0,0.0,0.0,0.0,903431000.0,970591000.0,0.363,970591000.0,903431000.0,903431000.0,0.1,0.1,0.1,5324072000.0,,5324072000.0,102270156346.0,10.0,9.311,946035000.0,0.169,1.0,1965753000.0,0.735,774104000.0,0.0,1545383000.0,,0.0,865900000.0,855900000.0,10000000.0,4126668000.0,3305660000.0,821008000.0,106132448346.0,-36352000.0,0.0,-282917000.0,160000.0,0.0,-282757000.0,-735992000.0,-570168000.0,1008727000.0,-26330000.0,582713000.0,582713000.0,582713000.0,0.0,0.0,0.218,1087630000.0,878123000.0,277705000.0,0.0,19.934,16.035,16.239,946268000.0,0.0,19.0,9.587,9.604,1952119000.0,1729250000.0,2674367000.0,2674367000.0,301455000.0,,,,,0.0,786175000.0,1.0,5585918334.0,5595808000,5851333000.0,0.478,8676636000.0,261326000.0,320718000.0,1002006000.0,1.551,4153382000.0
83,ORCL,MRQ,2000-12-31,2000-11-30,2000-11-30,2021-09-13,-85392000.0,8923767000.0,,6823464000.0,2100303000.0,,0.882,-80600000.0,4165690000.0,4165690000.0,694998000.0,622812000.0,2.154,0.811,303398000.0,2596000.0,300802000.0,303398000.0,1053809000.0,66079000.0,0.0,0.0,0.0,965881000.0,1031960000.0,0.388,1031960000.0,965881000.0,965881000.0,0.11,0.11,0.11,4926463000.0,,4926463000.0,143799657361.0,13.0,12.721,527371000.0,0.094,1.0,1964548000.0,0.739,838886000.0,0.0,1054964000.0,,0.0,220475000.0,190475000.0,30000000.0,3997304000.0,3167625000.0,829679000.0,148332363361.0,-671407000.0,0.0,-1213695000.0,-3088000.0,0.0,-1216783000.0,-25063000.0,90479000.0,607971000.0,-37532000.0,622812000.0,622812000.0,622812000.0,0.0,0.0,0.234,1018547000.0,946001000.0,282738000.0,0.0,30.109,21.816,21.901,941793000.0,0.0,26.5,13.676,13.644,1935767000.0,1062520000.0,2659546000.0,2659546000.0,266280000.0,,,,,0.0,752267000.0,1.0,5597447674.0,5584428000,5874987000.0,0.476,8084881000.0,289624000.0,343069000.0,965208000.0,1.448,3655839000.0
84,ORCL,MRQ,2000-09-30,2000-08-31,2000-08-31,2021-09-13,0.0,9512527000.0,,7258595000.0,2253932000.0,,0.958,-73397000.0,4837097000.0,4837097000.0,673878000.0,500677000.0,2.195,0.771,304391000.0,3660000.0,300731000.0,304391000.0,1269585000.0,73160000.0,0.0,0.0,0.0,776243000.0,849403000.0,0.376,849403000.0,776243000.0,776243000.0,0.09,0.08,0.09,5370898000.0,,5370898000.0,248862775424.0,24.0,22.745,-947204000.0,-0.169,1.0,1587997000.0,0.702,1247175000.0,0.0,425537000.0,,0.0,295475000.0,225475000.0,70000000.0,4141629000.0,3307109000.0,834520000.0,255988520424.0,-2592109000.0,0.0,-1865301000.0,2924000.0,0.0,-1862377000.0,147474000.0,183569000.0,-873807000.0,-3399000.0,500677000.0,500677000.0,500677000.0,0.0,0.0,0.221,929956000.0,658041000.0,253243000.0,0.0,47.662,39.017,38.863,936757000.0,0.0,45.47,24.36,24.249,1859167000.0,,2261875000.0,2261875000.0,251027000.0,,,,,0.0,678929000.0,1.0,5629833306.0,5604058000,5932870000.0,0.404,8265352000.0,213780000.0,275566000.0,956507000.0,1.475,3951486000.0
85,ORCL,MRQ,2000-06-30,2000-05-31,2000-05-31,2021-09-13,5480000.0,13076779000.0,,10883334000.0,2193445000.0,,1.146,-43487000.0,7429206000.0,7429206000.0,826819000.0,4912604000.0,1.857,1.024,303461000.0,2691000.0,300770000.0,303461000.0,1133482000.0,154611000.0,0.0,0.0,0.0,7976945000.0,8131556000.0,2.34,8131556000.0,7976945000.0,7957945000.0,0.87,0.82,0.87,6461463000.0,,6461463000.0,204533539454.0,20.0,19.418,1125008000.0,0.2,1.0,2648363000.0,0.762,826611000.0,19000000.0,-737815000.0,,0.0,442792000.0,332792000.0,110000000.0,6615316000.0,5862238000.0,753078000.0,206494238454.0,5161010000.0,0.0,-2644940000.0,-3840000.0,0.0,-2461780000.0,6461918000.0,6782941000.0,1168495000.0,-7623000.0,4912604000.0,4912604000.0,4912604000.0,0.0,0.0,1.414,1260012000.0,1388351000.0,287495000.0,0.0,31.958,32.792,32.77,934455000.0,0.0,36.375,20.183,20.191,2790167000.0,3343857000.0,3475182000.0,3475182000.0,270347000.0,,,,,0.0,989665000.0,1.0,5676817552.0,5638500000,6010220000.0,0.616,12250168000.0,535208000.0,3045341000.0,3253210000.0,2.173,5021096000.0
86,ORCL,MRQ,2000-03-31,2000-02-29,2000-02-29,2021-09-13,0.0,7349367000.0,,5145397000.0,2203970000.0,,0.707,-95053000.0,2267705000.0,2267705000.0,707261000.0,763176000.0,1.832,0.845,307006000.0,2234000.0,304772000.0,307006000.0,1019556000.0,82223000.0,0.0,0.0,0.0,1209330000.0,1291553000.0,0.527,1291553000.0,1209330000.0,1209330000.0,0.14,0.13,0.14,3984288000.0,,3984288000.0,208485266088.0,69.0,62.499,904235000.0,0.16,1.0,1742157000.0,0.711,1117294000.0,0.0,1462013000.0,,0.0,619896000.0,499896000.0,120000000.0,3365079000.0,2809361000.0,555718000.0,209498569088.0,950556000.0,0.0,-596572000.0,3075000.0,0.0,-593497000.0,569347000.0,831549000.0,999288000.0,-24582000.0,763176000.0,763176000.0,763176000.0,0.0,0.0,0.312,972436000.0,769721000.0,224690000.0,0.0,52.581,109.581,109.191,966676000.0,0.0,37.125,21.6,21.58,2032463000.0,,2449418000.0,2449418000.0,255552000.0,,,,,0.0,716884000.0,1.0,5643059100.0,5637878000,5996378000.0,0.434,6232073000.0,240933000.0,446154000.0,534497000.0,1.105,2336036000.0
87,ORCL,MRQ,1999-12-31,1999-11-30,1999-11-30,2021-09-13,0.0,6376229000.0,,4399856000.0,1976373000.0,,0.595,-69568000.0,1317149000.0,1317149000.0,753170000.0,384484000.0,1.781,0.875,303846000.0,3184000.0,300662000.0,303846000.0,925141000.0,77353000.0,0.0,0.0,0.0,591515000.0,668868000.0,0.288,668868000.0,591515000.0,591515000.0,0.07,0.06,0.07,3400556000.0,,3400556000.0,95125436648.0,42.0,36.999,26193000.0,0.005,1.0,1568713000.0,0.676,816494000.0,0.0,2075710000.0,,0.0,1010082000.0,816607000.0,193475000.0,2975673000.0,2470722000.0,504951000.0,96539229648.0,-401030000.0,0.0,-630783000.0,-603000.0,0.0,-631386000.0,118102000.0,201963000.0,95761000.0,16493000.0,384484000.0,384484000.0,384484000.0,0.0,0.0,0.166,992648000.0,576065000.0,244667000.0,0.0,28.389,66.953,67.81,966404000.0,0.0,16.953,10.349,10.391,1940176000.0,,2321883000.0,2321883000.0,248160000.0,,,,,0.0,744488000.0,1.0,5694689848.0,5717780000,6012600000.0,0.406,5559735000.0,229288000.0,207031000.0,297499000.0,0.972,1929134000.0
88,ORCL,MRQ,1999-09-30,1999-08-31,1999-08-31,2021-09-13,0.0,6579399000.0,,4788581000.0,1790818000.0,,0.612,-54892000.0,1718179000.0,1718179000.0,756750000.0,236736000.0,1.878,0.88,304386000.0,3580000.0,300806000.0,304386000.0,1089684000.0,76813000.0,0.0,0.0,0.0,364210000.0,441023000.0,0.222,441023000.0,364210000.0,364210000.0,0.04,0.04,0.04,3500475000.0,,3500475000.0,50734747652.0,25.0,21.218,604564000.0,0.106,1.0,1227767000.0,0.619,616245000.0,0.0,2000039000.0,,0.0,1212045000.0,1003570000.0,208475000.0,3078924000.0,2549322000.0,529602000.0,52212684652.0,-67536000.0,0.0,-492705000.0,-3632000.0,0.0,-496337000.0,-256367000.0,-185453000.0,659456000.0,25712000.0,236736000.0,236736000.0,236736000.0,0.0,0.0,0.119,881904000.0,345863000.0,255369000.0,0.0,14.916,39.214,40.556,966098000.0,0.0,9.125,5.761,5.761,1675800000.0,,1984517000.0,1984517000.0,235941000.0,,,,,0.0,645963000.0,1.0,5721938044.0,5721840000,5964804000.0,0.347,5963154000.0,296471000.0,127474000.0,335647000.0,1.042,2239259000.0
89,ORCL,MRQ,1999-06-30,1999-05-31,1999-05-31,2021-09-13,-47411000.0,7259654000.0,,5447274000.0,1812380000.0,,0.643,-63447000.0,1785715000.0,1785715000.0,812988000.0,527420000.0,1.788,0.965,307778000.0,3638000.0,304140000.0,307778000.0,1007149000.0,85905000.0,0.0,0.0,0.0,848444000.0,934349000.0,0.317,934349000.0,848444000.0,827020000.0,0.09,0.09,0.09,3695267000.0,,3695267000.0,34516008672.0,17.0,14.856,672617000.0,0.117,1.0,2130290000.0,0.724,575351000.0,21424000.0,2159943000.0,,0.0,1026596000.0,777049000.0,249547000.0,3564387000.0,3046423000.0,517964000.0,35713443672.0,281539000.0,0.0,-253285000.0,932000.0,0.0,-205363000.0,-241811000.0,-39786000.0,736064000.0,-7351000.0,527420000.0,527420000.0,527420000.0,0.0,0.0,0.179,1323992000.0,806298000.0,283896000.0,0.0,9.665,27.69,28.193,987482000.0,0.0,6.202,4.046,4.063,2478996000.0,2266915000.0,2943278000.0,2943278000.0,243307000.0,,,,,0.0,1080685000.0,1.0,5757911112.0,5747600000,5931236000.0,0.512,6684303000.0,299670000.0,299600000.0,542361000.0,1.163,2400851000.0
90,ORCL,MRQ,1999-03-31,1999-02-28,1999-02-28,2021-09-13,0.0,6102328000.0,,4336469000.0,1765859000.0,,0.58,-95289000.0,1504176000.0,1504176000.0,792023000.0,293261000.0,1.904,0.826,306741000.0,2603000.0,304138000.0,306741000.0,817895000.0,82459000.0,0.0,0.0,0.0,444335000.0,526794000.0,0.253,526794000.0,444335000.0,444335000.0,0.05,0.05,0.05,3341649000.0,,3341649000.0,52592022255.0,29.0,25.035,349369000.0,0.061,1.0,1286896000.0,0.619,485595000.0,0.0,2141485000.0,,0.0,986806000.0,684685000.0,302121000.0,2760679000.0,2277813000.0,482866000.0,53628692255.0,155427000.0,0.0,-109248000.0,-5389000.0,0.0,134174000.0,-415152000.0,-250391000.0,444658000.0,-8253000.0,293261000.0,293261000.0,293261000.0,0.0,0.0,0.141,880217000.0,406679000.0,255388000.0,0.0,16.049,46.027,47.037,978143000.0,0.0,9.313,6.464,6.468,1563853000.0,,2078919000.0,2078919000.0,209798000.0,,,,,0.0,670419000.0,1.0,5758270464.0,5761408000,5981844000.0,0.361,5616733000.0,312695000.0,151074000.0,304597000.0,0.975,2058656000.0
91,ORCL,MRQ,1998-12-31,1998-11-30,1998-11-30,2021-09-13,0.0,5646591000.0,,4087873000.0,1558718000.0,,0.521,-92397000.0,1348749000.0,1348749000.0,779847000.0,274076000.0,1.815,0.873,312079000.0,7878000.0,304201000.0,312079000.0,800214000.0,78276000.0,0.0,0.0,0.0,410721000.0,488997000.0,0.238,488997000.0,410721000.0,410721000.0,0.045,0.045,0.045,3015310000.0,,3015310000.0,31967468860.0,19.0,16.309,-63588000.0,-0.011,1.0,1276097000.0,0.621,98867000.0,0.0,2258588000.0,,0.0,711446000.0,559318000.0,152128000.0,2631281000.0,2252466000.0,378815000.0,33287747860.0,-279334000.0,0.0,-357630000.0,3932000.0,0.0,-353698000.0,29162000.0,159302000.0,28809000.0,16393000.0,274076000.0,274076000.0,274076000.0,0.0,0.0,0.133,894030000.0,382067000.0,296963000.0,0.0,11.04,30.624,30.856,976662000.0,0.0,5.708,4.179,4.144,1604336000.0,,2055944000.0,2055944000.0,200678000.0,,,,,0.0,693352000.0,1.0,5831430282.0,5783040000,5899620000.0,0.356,5547724000.0,314849000.0,136645000.0,173739000.0,0.959,1835407000.0
92,ORCL,MRQ,1998-09-30,1998-08-31,1998-08-31,2021-09-13,0.0,5691463000.0,,4134376000.0,1557087000.0,,0.528,-95459000.0,1628083000.0,1628083000.0,679290000.0,195002000.0,1.85,0.847,307804000.0,3600000.0,304204000.0,307804000.0,956370000.0,73183000.0,0.0,0.0,0.0,300003000.0,373186000.0,0.213,373186000.0,300003000.0,300003000.0,0.033,0.033,0.033,3081199000.0,,3081199000.0,18443969014.0,12.0,10.003,502109000.0,0.086,1.0,1069820000.0,0.612,98832000.0,0.0,2037587000.0,,0.0,870748000.0,673813000.0,196935000.0,2610264000.0,2234765000.0,375499000.0,19410389014.0,354402000.0,0.0,-60368000.0,542000.0,0.0,-59826000.0,-174443000.0,-38719000.0,597568000.0,-8897000.0,195002000.0,195002000.0,195002000.0,0.0,0.0,0.111,791983000.0,277837000.0,246004000.0,0.0,6.3,19.406,19.322,952849000.0,0.0,3.323,2.58,2.578,1351416000.0,,1749110000.0,1749110000.0,187623000.0,,,,,0.0,604360000.0,1.0,5840638620.0,5837364000,5934896000.0,0.3,5592631000.0,254615000.0,105001000.0,159929000.0,0.958,1899611000.0
93,ORCL,MRQ,1998-06-30,1998-05-31,1998-05-31,2021-09-13,-41773000.0,5819011000.0,,4323050000.0,1495961000.0,,0.506,121199000.0,1273681000.0,1273681000.0,670411000.0,402823000.0,1.74,0.968,307261000.0,2924000.0,304337000.0,307261000.0,877087000.0,75339000.0,0.0,0.0,0.0,636385000.0,711724000.0,0.295,711724000.0,636385000.0,619727000.0,0.07,0.068,0.07,2957558000.0,,2957558000.0,22343321817.0,17.0,13.701,752541000.0,0.129,1.0,1742142000.0,0.722,375100000.0,16658000.0,1993326000.0,,0.0,832029000.0,645518000.0,186511000.0,2861453000.0,2484165000.0,377288000.0,23002910817.0,296185000.0,-203467000.0,-34665000.0,-11094000.0,0.0,-45759000.0,-285966000.0,-203698000.0,631342000.0,-3432000.0,402823000.0,402823000.0,402823000.0,0.0,0.0,0.167,1137197000.0,604945000.0,239698000.0,0.0,7.778,28.27,28.131,934350000.0,0.0,3.938,3.22,3.234,2065024000.0,2023056000.0,2412553000.0,2412553000.0,192153000.0,,,,,0.0,945044000.0,1.0,5840772954.0,5842052000,5954612000.0,0.413,5443911000.0,260624000.0,216904000.0,316810000.0,0.932,1838885000.0
94,ORCL,MRQ,1998-03-31,1998-02-28,1998-02-28,2021-09-13,0.0,4749756000.0,,3334249000.0,1415507000.0,,0.441,-276926000.0,977496000.0,977496000.0,586398000.0,215077000.0,1.849,0.843,317907000.0,13407000.0,304500000.0,317907000.0,663818000.0,55285000.0,0.0,0.0,0.0,330888000.0,386173000.0,0.221,386173000.0,330888000.0,330888000.0,0.037,0.035,0.037,2577034000.0,,2577034000.0,23555358266.0,18.0,15.355,84195000.0,0.014,1.0,1162359000.0,0.665,98817000.0,0.0,2187910000.0,,0.0,622075000.0,539323000.0,82752000.0,2172722000.0,1803440000.0,369282000.0,24235025266.0,-16765000.0,0.0,-299370000.0,3447000.0,0.0,-295923000.0,-69094000.0,37934000.0,361121000.0,-12869000.0,215077000.0,215077000.0,215077000.0,0.0,0.0,0.123,844086000.0,318273000.0,202558000.0,0.0,9.404,31.441,30.865,920343000.0,0.0,4.105,3.628,3.595,1322781000.0,,1748757000.0,1748757000.0,184106000.0,,,,,0.0,659980000.0,1.0,5903782038.0,5849684000,5949848000.0,0.299,4650939000.0,261042000.0,115811000.0,170889000.0,0.795,1530809000.0
95,ORCL,MRQ,1997-12-31,1997-11-30,1997-11-30,2021-09-13,0.0,4762717000.0,,3312393000.0,1450324000.0,,0.453,-90705000.0,994261000.0,994261000.0,548631000.0,187324000.0,1.921,0.785,314594000.0,9992000.0,304602000.0,314594000.0,615752000.0,84557000.0,0.0,0.0,0.0,288254000.0,372811000.0,0.231,372811000.0,288254000.0,288254000.0,0.032,0.032,0.032,2668575000.0,,2668575000.0,31959324485.0,26.0,21.622,80272000.0,0.014,1.0,1065096000.0,0.66,99029000.0,0.0,2259932000.0,,0.0,659997000.0,520134000.0,139863000.0,2094142000.0,1724089000.0,370053000.0,32660381485.0,-12451000.0,0.0,31250000.0,8921000.0,0.0,40171000.0,-222398000.0,2356000.0,170977000.0,-1201000.0,187324000.0,187324000.0,187324000.0,0.0,0.0,0.116,793090000.0,272006000.0,206642000.0,0.0,12.239,45.05,45.136,898967000.0,0.0,5.552,5.182,5.192,1321368000.0,,1613727000.0,1613727000.0,183217000.0,,,,,0.0,609873000.0,1.0,5882986758.0,5894946000,6051348000.0,0.274,4663688000.0,265996000.0,100930000.0,197064000.0,0.791,1588304000.0
96,ORCL,MRQ,1997-09-30,1997-08-31,1997-08-31,2021-09-13,0.0,4597065000.0,,3134845000.0,1462220000.0,,0.416,-81926000.0,1006712000.0,1006712000.0,468167000.0,8471000.0,1.729,0.88,305655000.0,4913000.0,300742000.0,305655000.0,694123000.0,71137000.0,0.0,0.0,0.0,88950000.0,160087000.0,0.117,160087000.0,88950000.0,88950000.0,0.002,0.002,0.002,2445292000.0,,2445292000.0,36775429963.0,31.0,25.368,364913000.0,0.062,1.0,900662000.0,0.658,98938000.0,0.0,1983598000.0,,0.0,662354000.0,481614000.0,180740000.0,2151773000.0,1813472000.0,338301000.0,37361394963.0,116550000.0,0.0,17254000.0,1411000.0,0.0,18665000.0,-340763000.0,-222988000.0,446839000.0,-8191000.0,8471000.0,8471000.0,8471000.0,0.0,0.0,0.006,851686000.0,48976000.0,173955000.0,0.0,15.279,52.097,52.09,882018000.0,0.0,6.355,6.226,6.222,1183408000.0,,1368829000.0,1368829000.0,159667000.0,,,,,0.0,524965000.0,1.0,5879055069.0,5875710000,6037596000.0,0.233,4498127000.0,265785000.0,80479000.0,201203000.0,0.766,1321373000.0
97,ORCL,MRQ,1997-06-30,1997-05-31,1997-05-31,2021-09-13,-12476000.0,4624315000.0,,3271096000.0,1353219000.0,,0.403,-155983000.0,890162000.0,890162000.0,435435000.0,359937000.0,1.702,0.951,304197000.0,3361000.0,300836000.0,304197000.0,602862000.0,45816000.0,0.0,0.0,0.0,569208000.0,615024000.0,0.316,615024000.0,569208000.0,562402000.0,0.062,0.058,0.062,2369712000.0,,2369712000.0,30043620337.0,23.0,19.655,371365000.0,0.063,1.0,1512596000.0,0.776,98981000.0,6806000.0,2017230000.0,,0.0,439365000.0,323028000.0,116337000.0,2254603000.0,1922139000.0,332464000.0,30468486337.0,153996000.0,-86340000.0,-83611000.0,-8801000.0,0.0,-92412000.0,-275599000.0,-102100000.0,527348000.0,-5341000.0,359937000.0,359937000.0,359937000.0,0.0,0.0,0.185,952801000.0,559795000.0,185444000.0,0.0,12.857,37.091,37.008,868948000.0,0.0,5.181,5.36,5.382,1708939000.0,1686170000.0,1948031000.0,1948031000.0,164440000.0,,,,,0.0,788361000.0,1.0,5880685761.0,5880710000,6016574000.0,0.331,4525334000.0,274366000.0,202465000.0,332962000.0,0.77,1348957000.0
98,ORCL,MRQ,1997-03-31,1997-02-28,1997-02-28,2021-09-13,0.0,3740414000.0,,2575338000.0,1165076000.0,,0.35,-72078000.0,736166000.0,736166000.0,401441000.0,169253000.0,1.922,0.809,311300000.0,10350000.0,300950000.0,311300000.0,475568000.0,65747000.0,0.0,0.0,0.0,264457000.0,330204000.0,0.241,330204000.0,264457000.0,264457000.0,0.028,0.028,0.028,2067897000.0,,2067897000.0,25276707232.0,22.0,18.199,182335000.0,0.031,1.0,971171000.0,0.708,0.0,0.0,1975886000.0,,0.0,337265000.0,306902000.0,30363000.0,1672517000.0,1339662000.0,332855000.0,25823042232.0,176782000.0,0.0,-230972000.0,299788000.0,0.0,68816000.0,-126786000.0,-5062000.0,254413000.0,-19661000.0,169253000.0,169253000.0,169253000.0,0.0,0.0,0.123,711044000.0,260127000.0,147752000.0,0.0,12.488,35.479,35.17,874688000.0,0.0,4.361,4.966,4.957,1102175000.0,,1372612000.0,1372612000.0,138527000.0,,,,,0.0,535717000.0,1.0,5921207136.0,5910930000,6058674000.0,0.232,3740414000.0,219252000.0,95204000.0,107467000.0,0.633,1235676000.0
99,ORCL,MRQ,1996-12-31,1996-11-30,1996-11-30,2021-09-13,0.0,3460895000.0,,2327359000.0,1133536000.0,,0.351,-92259000.0,559384000.0,559384000.0,377483000.0,179496000.0,1.793,0.62,13049000.0,12085000.0,964000.0,13049000.0,443648000.0,63915000.0,0.0,0.0,0.0,280463000.0,344378000.0,0.263,344378000.0,280463000.0,280463000.0,0.03,0.03,0.03,2135936000.0,,2135936000.0,31635895082.0,29.0,23.693,-77615000.0,-0.013,1.0,933890000.0,0.712,98825000.0,0.0,1517964000.0,,0.0,332203000.0,319288000.0,12915000.0,1324959000.0,1297771000.0,27188000.0,32372512082.0,-183881000.0,0.0,-43008000.0,6212000.0,0.0,-36796000.0,-158479000.0,-64642000.0,14644000.0,-3250000.0,179496000.0,179496000.0,179496000.0,0.0,0.0,0.137,659702000.0,274188000.0,163590000.0,0.0,15.156,45.926,45.225,771373000.0,0.0,5.472,6.677,6.867,1083996000.0,,1311373000.0,1311373000.0,135300000.0,,,,,0.0,524402000.0,1.0,5915789010.0,6083544000,6083544000.0,0.216,3362070000.0,179214000.0,100967000.0,131190000.0,0.553,1029588000.0
100,ORCL,MRQ,1996-09-30,1996-08-31,1996-08-31,2021-09-13,0.0,3330617000.0,,2234643000.0,1095974000.0,,0.329,-98485000.0,743265000.0,743265000.0,336107000.0,112771000.0,1.708,0.669,6648000.0,5795000.0,853000.0,6648000.0,474634000.0,62765000.0,0.0,0.0,0.0,176205000.0,238970000.0,0.227,238970000.0,176205000.0,176205000.0,0.018,0.018,0.018,1995853000.0,,1995853000.0,23823308204.0,23.0,19.016,135614000.0,0.022,1.0,716213000.0,0.681,98962000.0,0.0,1187023000.0,,0.0,267561000.0,252522000.0,15039000.0,1334764000.0,1308015000.0,26749000.0,24532530204.0,27523000.0,0.0,3464000.0,-194000.0,0.0,3270000.0,-216517000.0,-100432000.0,234099000.0,6671000.0,112771000.0,112771000.0,112771000.0,0.0,0.0,0.107,547338000.0,168875000.0,165820000.0,0.0,12.292,37.042,36.75,731565000.0,0.0,4.153,5.447,5.592,899942000.0,,1052320000.0,1052320000.0,117209000.0,,,,,0.0,430129000.0,1.0,5907498912.0,6064290000,6064290000.0,0.174,3231655000.0,169995000.0,63434000.0,170244000.0,0.533,926628000.0
101,ORCL,MRQ,1996-06-30,1996-05-31,1996-05-31,2021-09-13,12413000.0,3357243000.0,,2284465000.0,1072778000.0,,0.346,-99923000.0,715742000.0,715742000.0,322239000.0,266325000.0,1.57,0.795,6520000.0,5623000.0,897000.0,6520000.0,434435000.0,59779000.0,0.0,0.0,0.0,415606000.0,475385000.0,0.325,475385000.0,415606000.0,408974000.0,0.048,0.044,0.048,1870449000.0,,1870449000.0,20904263186.0,23.0,18.247,264834000.0,0.049,1.0,1141835000.0,0.78,99072000.0,6632000.0,1093985000.0,,0.0,167129000.0,125166000.0,41963000.0,1486794000.0,1454964000.0,31830000.0,21425962186.0,103075000.0,-19819000.0,10170000.0,-84750000.0,0.0,-74580000.0,-180342000.0,-60600000.0,364757000.0,-6760000.0,266325000.0,266325000.0,266325000.0,0.0,0.0,0.182,735689000.0,406146000.0,169895000.0,0.0,11.455,35.516,35.329,685754000.0,0.0,3.639,5.073,5.064,1203976000.0,1382203000.0,1464074000.0,1464074000.0,118575000.0,,,,,0.0,617114000.0,1.0,5888050677.0,5410674000,6044994000.0,0.271,3258171000.0,171560000.0,142649000.0,290615000.0,0.602,829501000.0
102,ORCL,MRQ,1996-03-31,1996-02-29,1996-02-29,2021-09-13,0.0,2763032000.0,,1775908000.0,987124000.0,,0.264,-90533000.0,612667000.0,612667000.0,286843000.0,146290000.0,1.66,0.736,90968000.0,9885000.0,81083000.0,90968000.0,350219000.0,54868000.0,0.0,0.0,0.0,221651000.0,276519000.0,0.271,276519000.0,221651000.0,221651000.0,0.024,0.024,0.024,1591153000.0,,1591153000.0,22229228996.0,28.0,22.366,191070000.0,0.032,1.0,733396000.0,0.719,98951000.0,0.0,1072384000.0,,0.0,106529000.0,97078000.0,9451000.0,1171879000.0,1069998000.0,101881000.0,22635816996.0,114941000.0,-113777000.0,-24498000.0,-220000.0,0.0,-24718000.0,-139340000.0,-42167000.0,281603000.0,-2604000.0,146290000.0,146290000.0,146290000.0,0.0,0.0,0.143,513454000.0,219942000.0,153597000.0,0.0,14.226,43.645,45.316,642987000.0,0.0,3.852,5.993,6.154,774523000.0,,1020239000.0,1020239000.0,92805000.0,,,,,0.0,420649000.0,1.0,5876606336.0,6034311000,6034311000.0,0.169,2664081000.0,142136000.0,75361000.0,166636000.0,0.441,705910000.0
103,ORCL,MRQ,1995-12-31,1995-11-30,1995-11-30,2021-09-13,0.0,2530293000.0,,1591411000.0,938882000.0,,0.242,-93714000.0,497726000.0,497726000.0,255422000.0,136901000.0,1.664,0.731,91138000.0,9895000.0,81243000.0,91138000.0,301568000.0,54508000.0,0.0,0.0,0.0,207426000.0,261934000.0,0.271,261934000.0,207426000.0,207426000.0,0.022,0.022,0.022,1461696000.0,,1461696000.0,19338938850.0,27.0,21.23,-13594000.0,-0.002,1.0,711762000.0,0.736,99299000.0,0.0,1067985000.0,,0.0,64362000.0,56736000.0,7626000.0,1068597000.0,956421000.0,112176000.0,19722792850.0,22140000.0,0.0,-14352000.0,-921000.0,0.0,-15273000.0,-44961000.0,47766000.0,80120000.0,2254000.0,136901000.0,136901000.0,136901000.0,0.0,0.0,0.142,507150000.0,204612000.0,129244000.0,0.0,13.493,41.338,42.55,602993000.0,0.0,3.361,5.669,5.832,766918000.0,,967184000.0,967184000.0,93272000.0,,,,,0.0,413878000.0,1.0,5867291835.0,6036390000,6036390000.0,0.16,2430994000.0,131626000.0,70525000.0,152047000.0,0.403,634990000.0
104,ORCL,MRQ,1995-09-30,1995-08-31,1995-08-31,2021-09-13,0.0,2349408000.0,,1433864000.0,915544000.0,,0.217,-72253000.0,475586000.0,475586000.0,231509000.0,53763000.0,1.639,0.799,91732000.0,10385000.0,81347000.0,91732000.0,326669000.0,50339000.0,0.0,0.0,0.0,81459000.0,131798000.0,0.171,131798000.0,81459000.0,81459000.0,0.009,0.009,0.009,1305902000.0,,1305902000.0,17006230111.0,26.0,20.65,90424000.0,0.015,1.0,540294000.0,0.7,99509000.0,0.0,990972000.0,,0.0,112128000.0,101714000.0,10414000.0,1043506000.0,875073000.0,168433000.0,17395068111.0,-4572000.0,0.0,8384000.0,721000.0,0.0,26280000.0,-186845000.0,-6468000.0,162677000.0,-6684000.0,53763000.0,53763000.0,53763000.0,0.0,0.0,0.07,466103000.0,74191000.0,113786000.0,0.0,13.32,40.073,41.286,557373000.0,0.0,2.973,5.466,5.631,611063000.0,,771803000.0,771803000.0,84441000.0,,,,,0.0,330731000.0,1.0,5851817082.0,6027984000,6027984000.0,0.128,2249899000.0,122251000.0,27696000.0,138515000.0,0.373,558791000.0
105,ORCL,MRQ,1995-06-30,1995-05-31,1995-05-31,2021-09-13,18234000.0,2424517000.0,,1617194000.0,807323000.0,,0.202,-95899000.0,480158000.0,480158000.0,238228000.0,181675000.0,1.533,1.001,91320000.0,9599000.0,81721000.0,91320000.0,316273000.0,45517000.0,0.0,0.0,0.0,278127000.0,323644000.0,0.318,323644000.0,278127000.0,271157000.0,0.03,0.03,0.03,1211358000.0,,1211358000.0,14800629192.0,22.0,18.189,155289000.0,0.026,1.0,779651000.0,0.766,99855000.0,6970000.0,880675000.0,,0.0,105660000.0,105660000.0,0.0,1213159000.0,1055149000.0,158010000.0,14985709192.0,203242000.0,-139824000.0,28301000.0,-1511000.0,0.0,26790000.0,-84711000.0,19971000.0,251188000.0,9975000.0,181675000.0,181675000.0,181675000.0,0.0,0.0,0.178,510256000.0,269395000.0,124773000.0,0.0,12.371,33.941,35.261,535034000.0,0.0,2.574,5.051,5.196,846342000.0,854138000.0,1017879000.0,1017879000.0,80851000.0,,,,,0.0,429405000.0,1.0,5821786305.0,6003346500,6003346500.0,0.17,2324662000.0,135491000.0,89482000.0,229060000.0,0.387,562045000.0
106,ORCL,MRQ,1995-03-31,1995-02-28,1995-02-28,2021-09-13,0.0,1910409000.0,,1156023000.0,754386000.0,,0.158,-83807000.0,276916000.0,276916000.0,196683000.0,104777000.0,1.495,1.026,91836000.0,9947000.0,81889000.0,91836000.0,262140000.0,37147000.0,0.0,0.0,0.0,156384000.0,193531000.0,0.268,193531000.0,156384000.0,156384000.0,0.018,0.018,0.018,943019000.0,,943019000.0,13354072630.0,24.0,19.157,67237000.0,0.011,1.0,525562000.0,0.728,100538000.0,0.0,851375000.0,,0.0,125631000.0,125631000.0,0.0,967390000.0,773416000.0,193974000.0,13484194630.0,55819000.0,0.0,5327000.0,574000.0,0.0,5901000.0,-104830000.0,-17281000.0,151044000.0,3704000.0,104777000.0,104777000.0,104777000.0,0.0,0.0,0.145,370711000.0,154851000.0,115174000.0,0.0,14.299,36.022,36.896,487606000.0,0.0,2.324,5.152,5.312,558659000.0,,722245000.0,722245000.0,67363000.0,,,,,0.0,303348000.0,1.0,5801039755.0,5980837500,5980837500.0,0.121,1809871000.0,89196000.0,51607000.0,127450000.0,0.303,382607000.0
107,ORCL,MRQ,1994-12-31,1994-11-30,1994-11-30,2021-09-13,0.0,1744419000.0,,1036885000.0,707534000.0,,0.137,-89576000.0,221097000.0,221097000.0,187578000.0,93866000.0,1.436,1.12,90975000.0,8558000.0,82417000.0,90975000.0,237058000.0,34469000.0,0.0,0.0,0.0,140098000.0,174567000.0,0.26,174567000.0,140098000.0,140098000.0,0.016,0.016,0.016,822727000.0,,822727000.0,11448360080.0,22.0,18.048,-24926000.0,-0.004,1.0,482702000.0,0.72,100216000.0,0.0,792061000.0,,0.0,108350000.0,108350000.0,0.0,921692000.0,722020000.0,199672000.0,11815609080.0,-241451000.0,0.0,-20831000.0,-3878000.0,0.0,-24709000.0,-282692000.0,-77607000.0,64650000.0,1300000.0,93866000.0,93866000.0,93866000.0,0.0,0.0,0.14,344770000.0,137932000.0,127296000.0,0.0,14.362,34.823,35.737,442168000.0,0.0,2.037,4.969,5.129,539263000.0,,670280000.0,670280000.0,57226000.0,,,,,0.0,287544000.0,1.0,5800389912.0,5986345500,5986345500.0,0.112,1644203000.0,68166000.0,46232000.0,118695000.0,0.275,314865000.0
108,ORCL,MRQ,1994-09-30,1994-08-31,1994-08-31,2021-09-13,0.0,1622364000.0,,1082850000.0,539514000.0,,0.13,-40951000.0,462548000.0,462548000.0,156523000.0,61200000.0,1.611,1.08,95299000.0,12613000.0,82686000.0,95299000.0,243709000.0,30639000.0,0.0,0.0,0.0,91343000.0,121982000.0,0.219,121982000.0,91343000.0,91343000.0,0.01,0.01,0.01,780061000.0,,780061000.0,11913014252.0,26.0,20.647,60851000.0,0.01,1.0,399951000.0,0.719,100270000.0,0.0,482739000.0,,0.0,30743000.0,30743000.0,0.0,842303000.0,672106000.0,170197000.0,12228081252.0,57738000.0,0.0,-28009000.0,3993000.0,0.0,-24016000.0,-23536000.0,29205000.0,101802000.0,3488000.0,61200000.0,61200000.0,61200000.0,0.0,0.0,0.11,312408000.0,87543000.0,102994000.0,0.0,15.676,39.758,40.541,388755000.0,0.0,2.108,5.662,5.841,436182000.0,,556474000.0,556474000.0,55157000.0,,,,,0.0,257251000.0,1.0,5800389912.0,5983834500,5983834500.0,0.093,1522094000.0,60021000.0,30143000.0,122904000.0,0.254,410744000.0
109,ORCL,MRQ,1994-06-30,1994-05-31,1994-05-31,2021-09-13,-2542000.0,1594984000.0,,1075612000.0,519372000.0,,0.124,-63068000.0,404810000.0,404810000.0,155429000.0,114487000.0,1.577,1.154,89743000.0,6898000.0,82845000.0,89743000.0,227118000.0,29267000.0,0.0,0.0,0.0,177726000.0,206993000.0,0.31,206993000.0,177726000.0,170855000.0,0.02,0.02,0.02,740553000.0,,740553000.0,9620767051.0,22.0,17.986,135779000.0,0.023,1.0,512704000.0,0.767,100329000.0,6871000.0,497487000.0,,0.0,59948000.0,59948000.0,0.0,854431000.0,682101000.0,172330000.0,9783401051.0,150412000.0,0.0,595000.0,-2840000.0,0.0,-2245000.0,-50531000.0,17632000.0,198847000.0,4341000.0,114487000.0,114487000.0,114487000.0,0.0,0.0,0.171,343297000.0,169407000.0,95799000.0,0.0,13.211,34.483,35.237,378483000.0,0.0,1.691,4.889,5.062,515669000.0,488595000.0,668133000.0,668133000.0,56157000.0,,,,,0.0,287140000.0,1.0,5784346606.0,5978223000,5978223000.0,0.112,1494655000.0,53765000.0,56368000.0,146288000.0,0.25,393511000.0
110,ORCL,MRQ,1994-03-31,1994-02-28,1994-02-28,2021-09-13,0.0,1328704000.0,,839491000.0,489213000.0,,0.109,-85446000.0,254398000.0,254398000.0,127408000.0,69748000.0,1.502,1.032,91764000.0,7692000.0,84072000.0,91764000.0,187714000.0,26663000.0,0.0,0.0,0.0,104110000.0,130773000.0,0.271,130773000.0,104110000.0,104110000.0,0.012,0.012,0.012,653733000.0,,653733000.0,9470513908.0,26.0,20.49,41418000.0,0.007,1.0,355382000.0,0.736,100849000.0,0.0,506197000.0,,0.0,77580000.0,69042000.0,8538000.0,674971000.0,559024000.0,115947000.0,9570952908.0,59664000.0,0.0,-12029000.0,-3341000.0,0.0,-15370000.0,-52708000.0,35493000.0,126864000.0,878000.0,69748000.0,69748000.0,69748000.0,0.0,0.0,0.144,251512000.0,103870000.0,90469000.0,0.0,14.64,40.156,40.741,341626000.0,0.0,1.63,5.301,5.406,380889000.0,,482790000.0,482790000.0,48496000.0,,,,,0.0,203016000.0,1.0,5873084739.0,5989342500,5989342500.0,0.081,1227855000.0,47318000.0,34362000.0,105181000.0,0.205,280467000.0
111,ORCL,MRQ,1993-12-31,1993-11-30,1993-11-30,2021-09-13,0.0,1229312000.0,,795409000.0,433903000.0,,0.099,-28394000.0,194734000.0,194734000.0,116198000.0,62125000.0,1.504,1.073,94295000.0,9615000.0,84680000.0,94295000.0,180574000.0,25332000.0,0.0,0.0,0.0,91892000.0,117224000.0,0.259,117224000.0,91892000.0,91892000.0,0.01,0.01,0.01,593106000.0,,593106000.0,,,,36153000.0,0.006,1.0,335972000.0,0.743,101366000.0,0.0,498707000.0,,0.0,113072000.0,97037000.0,16035000.0,636206000.0,528800000.0,107406000.0,9173613348.0,15697000.0,0.0,-23853000.0,-3449000.0,0.0,-27302000.0,-19221000.0,12640000.0,64547000.0,-2327000.0,62125000.0,62125000.0,62125000.0,0.0,0.0,0.137,244051000.0,91921000.0,77439000.0,0.0,15.467,46.388,47.333,280655000.0,0.0,1.562,5.419,5.529,374780000.0,,452170000.0,452170000.0,45867000.0,,,,,0.0,198184000.0,1.0,5873084739.0,5992623000,5992623000.0,0.075,1127946000.0,47462000.0,29767000.0,91759000.0,0.188,266609000.0
112,ORCL,MRQ,1993-09-30,1993-08-31,1993-08-31,2021-09-13,,,,,,,,-111809000.0,,,100178000.0,37360000.0,,,,,,,,23301000.0,,0.0,0.0,56606000.0,79907000.0,0.201,79907000.0,56606000.0,56606000.0,0.006,0.006,0.006,,,,,,,-58616000.0,-0.01,1.0,297876000.0,0.748,,0.0,,,,,,,,,,,-105523000.0,0.0,-7158000.0,770000.0,0.0,-6388000.0,-147428000.0,-21222000.0,53193000.0,-4900000.0,37360000.0,37360000.0,37360000.0,0.0,0.0,0.094,243121000.0,54755000.0,,0.0,,,45.414,,0.0,1.272,,4.782,,,398054000.0,398054000.0,46566000.0,,,,,0.0,196555000.0,1.0,,5994243000,5994243000.0,0.066,,,19246000.0,,,
113,ORCL,MRQ,1993-06-30,1993-05-31,1993-05-31,2021-09-13,2697000.0,1184020000.0,,842307000.0,341713000.0,,0.088,-18568000.0,284560000.0,284560000.0,98515000.0,69110000.0,1.528,1.242,97064000.0,10684000.0,86380000.0,97064000.0,193211000.0,19019000.0,0.0,0.0,0.0,115285000.0,134304000.0,0.284,134304000.0,115285000.0,106324000.0,0.011,0.011,0.011,528039000.0,,528039000.0,,,,131540000.0,0.022,1.0,374100000.0,0.792,101580000.0,8961000.0,343601000.0,,0.0,104491000.0,73215000.0,31276000.0,655981000.0,551343000.0,104638000.0,,98608000.0,0.0,-6386000.0,-2805000.0,0.0,-9191000.0,-43739000.0,-20482000.0,150108000.0,1430000.0,69110000.0,69110000.0,69110000.0,0.0,0.0,0.146,268588000.0,105512000.0,72863000.0,0.0,,,64.429,189238000.0,0.0,1.031,,4.069,405589000.0,322429000.0,472615000.0,472615000.0,43707000.0,,,,,0.0,224881000.0,1.0,,5974195500,5974195500.0,0.079,1082440000.0,49157000.0,37214000.0,89144000.0,0.181,290964000.0
114,ORCL,MRQ,1993-03-31,1993-02-28,1993-02-28,2021-09-13,,,,,,,,-20058000.0,,,83776000.0,29162000.0,,,,,,,,19402000.0,,0.0,0.0,44864000.0,64266000.0,0.174,64266000.0,44864000.0,44864000.0,0.005,0.005,0.005,,,,,,,59292000.0,0.01,1.0,286319000.0,0.774,,0.0,,,,,,,,,,,54539000.0,0.0,-4930000.0,-3817000.0,0.0,-8747000.0,-13123000.0,4775000.0,79350000.0,-2941000.0,29162000.0,29162000.0,29162000.0,0.0,0.0,0.079,242490000.0,43829000.0,,0.0,,,,,0.0,0.809,,,,,370095000.0,370095000.0,38252000.0,,,,,0.0,180238000.0,1.0,,5960223000,5960223000.0,0.062,,,15702000.0,,,
115,ORCL,MRQ,1992-12-31,1992-11-30,1992-11-30,2021-09-13,,,,,,,,,,,84646000.0,33489000.0,,,,,,,,,,0.0,0.0,51522000.0,,,,51522000.0,51522000.0,0.005,0.005,0.005,,,,,,,,,1.0,268523000.0,0.76,,0.0,,,,,,,,,,,,,,,,,,,,,33489000.0,33489000.0,33489000.0,0.0,0.0,0.095,216918000.0,51605000.0,,0.0,,,,,0.0,0.549,,,,,353169000.0,353169000.0,34011000.0,,,,,,182907000.0,1.0,,5913486000,5913486000.0,0.06,,,18033000.0,,,
0,ORCL,MRT,2021-09-30,2021-08-31,2021-08-31,2021-09-13,-1396000000.0,122924000000.0,120538500000.0,47117000000.0,75807000000.0,0.339,-0.557,-2761000000.0,23059000000.0,23059000000.0,8079000000.0,13952000000.0,2.042,-80.502,82718000000.0,6748000000.0,75970000000.0,82718000000.0,10011000000.0,2972000000.0,0.0,0.013,1.12,15672000000.0,18644000000.0,0.457,18644000000.0,15672000000.0,13085000000.0,4.84,4.7,4.84,-1541000000.0,5128500000.0,-1541000000.0,302997960000.0,19.0,16.252,12564000000.0,4.537,1.0,32761000000.0,0.802,46043000000.0,2587000000.0,113469000000.0,102708250000.0,0.0,16251000000.0,16251000000.0,0.0,124054000000.0,23071000000.0,100983000000.0,248850960000.0,-4217000000.0,-91000000.0,-23625000000.0,11803000000.0,-3220000000.0,-15353000000.0,-4224000000.0,-1372000000.0,15325000000.0,35000000.0,13952000000.0,13952000000.0,13952000000.0,0.0,0.0,0.342,17332000000.0,15429000000.0,749000000.0,0.231,-161.487,17.836,18.415,7610000000.0,0.0,89.13,6.093,6.043,4482000000.0,-25679000000.0,40840000000.0,40840000000.0,6621000000.0,0.116,2.72,0.153,0.384,1954000000.0,8939000000.0,1.0,2792000000.0,2769000000,2861000000.0,14.749,76881000000.0,13391000000.0,-867000000.0,19963000000.0,27.765,24046000000.0
1,ORCL,MRT,2021-06-30,2021-05-31,2021-05-31,2021-09-13,-1175000000.0,131107000000.0,118194000000.0,55567000000.0,75540000000.0,0.342,1.779,-2135000000.0,30098000000.0,30098000000.0,7855000000.0,13746000000.0,2.3,23.894,84245000000.0,8250000000.0,75995000000.0,84245000000.0,8775000000.0,2916000000.0,0.0,0.013,1.04,15495000000.0,18411000000.0,0.455,18411000000.0,15495000000.0,12999000000.0,4.67,4.55,4.67,5238000000.0,7886500000.0,5238000000.0,274027545900.0,18.0,14.884,13752000000.0,4.67,1.0,32624000000.0,0.806,46365000000.0,2496000000.0,114725000000.0,97095000000.0,0.0,16456000000.0,16456000000.0,0.0,125155000000.0,24164000000.0,100991000000.0,227049545900.0,-7141000000.0,-41000000.0,-19814000000.0,12303000000.0,-3063000000.0,-10378000000.0,-13098000000.0,-10922000000.0,15887000000.0,448000000.0,13746000000.0,13746000000.0,13746000000.0,0.0,0.0,0.34,17411000000.0,15213000000.0,745000000.0,0.223,43.347,16.517,16.861,7049000000.0,0.0,78.74,5.609,5.729,5409000000.0,-20120000000.0,40479000000.0,40479000000.0,6527000000.0,0.116,1.743,0.16,0.383,1837000000.0,8936000000.0,1.0,2883535000.0,2945000000,3022000000.0,13.745,84742000000.0,13636000000.0,-747000000.0,20209000000.0,28.775,31403000000.0
2,ORCL,MRT,2021-03-31,2021-02-28,2021-02-28,2021-09-13,-1155000000.0,118109000000.0,114276750000.0,43744000000.0,74365000000.0,0.347,3.055,-1851000000.0,22321000000.0,22321000000.0,7703000000.0,12830000000.0,2.16,12.188,69299000000.0,5758000000.0,63541000000.0,69299000000.0,8088000000.0,2886000000.0,0.0,0.015,0.96,14917000000.0,17803000000.0,0.449,17803000000.0,14917000000.0,12539000000.0,4.28,4.18,4.28,8900000000.0,9595500000.0,8900000000.0,232700633340.0,16.0,13.071,12808000000.0,4.397,1.0,31988000000.0,0.806,46708000000.0,2378000000.0,98129000000.0,89686000000.0,0.0,13543000000.0,13543000000.0,0.0,108472000000.0,20250000000.0,88222000000.0,189919633340.0,-1508000000.0,-42000000.0,-17630000000.0,17257000000.0,-2886000000.0,-3043000000.0,-13443000000.0,-11550000000.0,14659000000.0,319000000.0,12830000000.0,12830000000.0,12830000000.0,0.0,0.0,0.323,17008000000.0,14980000000.0,812000000.0,0.224,21.339,14.803,15.072,6816000000.0,0.0,64.51,4.785,4.735,4637000000.0,-16206000000.0,39691000000.0,39691000000.0,6290000000.0,0.112,1.337,0.166,0.376,1781000000.0,8791000000.0,1.0,2944034000.0,2913000000,2994000000.0,13.625,71401000000.0,13725000000.0,-291000000.0,20208000000.0,24.511,23494000000.0
3,ORCL,MRT,2020-12-31,2020-11-30,2020-11-30,2021-09-13,-1286000000.0,110014000000.0,108925500000.0,46251000000.0,63763000000.0,0.362,2.659,-1833000000.0,28001000000.0,28001000000.0,7752000000.0,10380000000.0,2.167,12.808,70782000000.0,7251000000.0,63531000000.0,70782000000.0,8062000000.0,2902000000.0,0.0,0.017,0.96,14588000000.0,17490000000.0,0.444,17490000000.0,14588000000.0,12339000000.0,3.37,3.29,3.37,7917000000.0,10929250000.0,7917000000.0,217063332920.0,15.0,12.411,12134000000.0,4.076,1.0,31650000000.0,0.803,46938000000.0,2249000000.0,84510000000.0,80389000000.0,0.0,10592000000.0,10592000000.0,0.0,101398000000.0,21347000000.0,80051000000.0,173573332920.0,3461000000.0,-13000000.0,-17089000000.0,18888000000.0,-2955000000.0,-1083000000.0,-9579000000.0,-7733000000.0,13967000000.0,156000000.0,10380000000.0,10380000000.0,10380000000.0,0.0,0.0,0.263,17020000000.0,14630000000.0,724000000.0,0.285,21.924,16.722,17.128,6627000000.0,0.0,57.72,4.405,4.361,4423000000.0,-17095000000.0,39402000000.0,39402000000.0,6169000000.0,0.095,0.95,0.181,0.37,1663000000.0,8883000000.0,1.0,3007161000.0,2977000000,3046000000.0,13.235,63076000000.0,3401000000.0,1959000000.0,12214000000.0,21.188,24904000000.0
4,ORCL,MRT,2020-09-30,2020-08-31,2020-08-31,2021-09-13,-1337000000.0,113546000000.0,106032750000.0,49939000000.0,63607000000.0,0.37,3.121,-1614000000.0,27276000000.0,27276000000.0,7861000000.0,10249000000.0,2.664,10.895,70766000000.0,2997000000.0,67769000000.0,70766000000.0,9875000000.0,2919000000.0,0.0,0.017,0.96,14291000000.0,17210000000.0,0.439,17210000000.0,14291000000.0,12177000000.0,3.26,3.18,3.26,9491000000.0,12840750000.0,9491000000.0,209947984040.0,15.0,12.199,11478000000.0,3.774,1.0,31355000000.0,0.8,47272000000.0,2114000000.0,91016000000.0,74931000000.0,0.0,15003000000.0,15003000000.0,0.0,103406000000.0,18748000000.0,84658000000.0,175589984040.0,-3807000000.0,-122000000.0,-17970000000.0,16138000000.0,-3005000000.0,-4823000000.0,-12198000000.0,-10462000000.0,13092000000.0,122000000.0,10249000000.0,10249000000.0,10249000000.0,0.0,0.0,0.261,17125000000.0,14230000000.0,534000000.0,0.294,18.501,17.132,17.552,6401000000.0,0.0,57.22,4.478,4.437,4576000000.0,-15410000000.0,39216000000.0,39216000000.0,6099000000.0,0.097,0.798,0.191,0.364,1572000000.0,9114000000.0,1.0,3068682000.0,3041000000,3107000000.0,12.896,66274000000.0,3152000000.0,1928000000.0,12690000000.0,21.793,31191000000.0
5,ORCL,MRT,2020-06-30,2020-05-31,2020-05-31,2021-09-13,-1716000000.0,115438000000.0,104203500000.0,52140000000.0,63298000000.0,0.375,3.76,-1564000000.0,37239000000.0,37239000000.0,7938000000.0,10135000000.0,3.031,8.508,71597000000.0,2371000000.0,69226000000.0,71597000000.0,8002000000.0,2968000000.0,0.0,0.018,0.96,14058000000.0,17026000000.0,0.436,17026000000.0,14058000000.0,12063000000.0,3.16,3.08,3.16,12074000000.0,15076250000.0,12074000000.0,197414211680.0,14.0,11.595,11575000000.0,3.605,1.0,31130000000.0,0.797,47507000000.0,1995000000.0,85089000000.0,67706250000.0,0.0,5818000000.0,5818000000.0,0.0,102721000000.0,17200000000.0,85521000000.0,169568211680.0,16725000000.0,-124000000.0,-18317000000.0,15388000000.0,-3070000000.0,-6132000000.0,9843000000.0,11531000000.0,13139000000.0,-125000000.0,10135000000.0,10135000000.0,10135000000.0,0.0,0.0,0.259,17234000000.0,13896000000.0,637000000.0,0.304,14.044,16.731,17.016,6244000000.0,0.0,53.77,4.34,4.419,5551000000.0,-12696000000.0,39068000000.0,39068000000.0,6067000000.0,0.097,0.672,0.208,0.36,1590000000.0,9275000000.0,1.0,3153584000.0,3211000000,3294000000.0,12.167,67931000000.0,3252000000.0,1928000000.0,12504000000.0,21.156,34940000000.0
6,ORCL,MRT,2020-03-31,2020-02-29,2020-02-29,2021-09-13,-1679000000.0,96704000000.0,102521250000.0,33442000000.0,63262000000.0,0.388,4.462,-1544000000.0,23829000000.0,23829000000.0,8032000000.0,10759000000.0,2.125,5.748,51675000000.0,2355000000.0,49320000000.0,51675000000.0,7814000000.0,3000000000.0,0.0,0.019,0.96,14174000000.0,17174000000.0,0.432,17174000000.0,14174000000.0,12234000000.0,3.23,3.15,3.23,14235000000.0,17504000000.0,14235000000.0,185779319540.0,13.0,10.817,12403000000.0,3.888,1.0,31733000000.0,0.798,47869000000.0,1940000000.0,60941000000.0,65602500000.0,0.0,2029000000.0,2029000000.0,0.0,81823000000.0,15740000000.0,66083000000.0,158650319540.0,9109000000.0,-144000000.0,-18941000000.0,-4500000000.0,-3136000000.0,-26726000000.0,22005000000.0,23693000000.0,13947000000.0,-117000000.0,10759000000.0,10759000000.0,10759000000.0,0.0,0.0,0.271,17888000000.0,13845000000.0,533000000.0,0.297,11.145,14.746,15.313,6248000000.0,0.0,49.46,3.99,3.968,4162000000.0,-10771000000.0,39765000000.0,39765000000.0,6150000000.0,0.105,0.615,0.216,0.356,1598000000.0,9686000000.0,1.0,3207649000.0,3190000000,3271000000.0,12.466,48835000000.0,2883000000.0,1475000000.0,13168000000.0,15.309,17702000000.0
7,ORCL,MRT,2019-12-31,2019-11-30,2019-11-30,2021-09-13,-1637000000.0,98443000000.0,105704750000.0,34540000000.0,63903000000.0,0.374,4.796,-1591000000.0,24540000000.0,24540000000.0,8044000000.0,10933000000.0,2.367,5.285,51669000000.0,999000000.0,50670000000.0,51669000000.0,8087000000.0,2993000000.0,0.0,0.016,0.91,14239000000.0,17232000000.0,0.435,17232000000.0,14239000000.0,12246000000.0,3.2,3.12,3.2,15563000000.0,19873750000.0,15563000000.0,207963846200.0,15.0,12.068,12205000000.0,3.761,1.0,31539000000.0,0.797,48302000000.0,1993000000.0,62678000000.0,71226500000.0,0.0,2904000000.0,2904000000.0,0.0,82258000000.0,14592000000.0,67666000000.0,184606846200.0,13716000000.0,-161000000.0,-25103000000.0,-6500000000.0,-3038000000.0,-34796000000.0,34724000000.0,36476000000.0,13796000000.0,-8000000.0,10933000000.0,10933000000.0,10933000000.0,0.0,0.0,0.276,17823000000.0,13716000000.0,534000000.0,0.284,11.862,16.885,17.544,6270000000.0,0.0,56.14,4.664,4.602,4050000000.0,-9174000000.0,39583000000.0,39583000000.0,6076000000.0,0.103,0.55,0.2,0.36,1664000000.0,9716000000.0,1.0,3288330000.0,3245000000,3331000000.0,12.198,50141000000.0,2751000000.0,1313000000.0,13042000000.0,15.452,19948000000.0
8,ORCL,MRT,2019-09-30,2019-08-31,2019-08-31,2021-09-13,-1571000000.0,106229000000.0,110673500000.0,42384000000.0,63845000000.0,0.357,5.557,-1663000000.0,31083000000.0,31083000000.0,7997000000.0,10955000000.0,2.246,4.731,54440000000.0,3748000000.0,50692000000.0,54440000000.0,10089000000.0,2949000000.0,0.0,0.017,0.86,14257000000.0,17206000000.0,0.435,17206000000.0,14257000000.0,12210000000.0,3.12,3.04,3.12,18433000000.0,23626000000.0,18433000000.0,209315737140.0,15.0,12.165,12166000000.0,3.668,1.0,31534000000.0,0.798,48594000000.0,2047000000.0,62117000000.0,79391000000.0,0.0,4621000000.0,4621000000.0,0.0,87210000000.0,18875000000.0,68335000000.0,173662737140.0,12628000000.0,-315000000.0,-29636000000.0,-3750000000.0,-2985000000.0,-36525000000.0,35411000000.0,37389000000.0,13829000000.0,-87000000.0,10955000000.0,10955000000.0,10955000000.0,0.0,0.0,0.277,17900000000.0,13634000000.0,486000000.0,0.276,9.421,15.852,16.686,6264000000.0,0.0,52.06,4.393,4.368,3820000000.0,-6446000000.0,39531000000.0,39531000000.0,6020000000.0,0.099,0.464,0.18,0.361,1663000000.0,9725000000.0,1.0,3335819000.0,3317000000,3410000000.0,11.918,57635000000.0,2654000000.0,1255000000.0,13501000000.0,17.376,23509000000.0
9,ORCL,MRT,2019-06-30,2019-05-31,2019-05-31,2021-09-13,-1628000000.0,108709000000.0,116205750000.0,46386000000.0,62323000000.0,0.34,5.995,-1660000000.0,20514000000.0,20514000000.0,7995000000.0,11083000000.0,2.49,3.964,56167000000.0,4494000000.0,51673000000.0,56167000000.0,8374000000.0,2919000000.0,0.0,0.016,0.81,14350000000.0,17269000000.0,0.437,17269000000.0,14350000000.0,12268000000.0,3.05,2.97,3.05,21785000000.0,28534500000.0,21785000000.0,214372292400.0,15.0,12.414,12891000000.0,3.547,1.0,31511000000.0,0.798,49058000000.0,2082000000.0,76674000000.0,88480000000.0,0.0,17313000000.0,17313000000.0,0.0,86346000000.0,18630000000.0,67716000000.0,172933292400.0,-1106000000.0,-363000000.0,-34488000000.0,-4500000000.0,-2932000000.0,-42056000000.0,26557000000.0,28580000000.0,14551000000.0,-158000000.0,11083000000.0,11083000000.0,11083000000.0,0.0,0.0,0.281,17976000000.0,13535000000.0,580000000.0,0.266,7.938,15.603,16.59,6252000000.0,0.0,50.6,4.377,4.654,5134000000.0,-3496000000.0,39506000000.0,39506000000.0,6026000000.0,0.095,0.388,0.162,0.363,1653000000.0,9774000000.0,1.0,3417654000.0,3634000000,3732000000.0,10.871,59651000000.0,2696000000.0,1185000000.0,13295000000.0,16.415,27756000000.0
10,ORCL,MRT,2019-03-31,2019-02-28,2019-02-28,2021-09-13,-1734000000.0,109438000000.0,123491250000.0,47617000000.0,61821000000.0,0.319,6.725,-1625000000.0,14720000000.0,14720000000.0,8103000000.0,10619000000.0,2.647,3.593,56159000000.0,4487000000.0,51672000000.0,56159000000.0,8007000000.0,2867000000.0,0.0,0.015,0.76,14414000000.0,17281000000.0,0.439,17281000000.0,14414000000.0,12309000000.0,2.79,2.72,2.79,23714000000.0,34681250000.0,23714000000.0,234304347470.0,16.0,13.558,13164000000.0,3.733,1.0,31280000000.0,0.794,49454000000.0,2105000000.0,83437000000.0,96136750000.0,0.0,25310000000.0,25310000000.0,0.0,85200000000.0,17986000000.0,67214000000.0,187090347470.0,-4767000000.0,-2054000000.0,-33553000000.0,-4502000000.0,-2904000000.0,-41054000000.0,21811000000.0,25490000000.0,14789000000.0,-313000000.0,10619000000.0,10619000000.0,10619000000.0,0.0,0.0,0.27,17841000000.0,13439000000.0,603000000.0,0.272,7.889,17.618,18.685,6197000000.0,0.0,52.13,4.751,4.667,3993000000.0,-1284000000.0,39383000000.0,39383000000.0,6008000000.0,0.086,0.306,0.15,0.366,1655000000.0,9747000000.0,1.0,3588919000.0,3526000000,3617000000.0,11.169,59984000000.0,2033000000.0,1690000000.0,13208000000.0,17.012,29631000000.0
11,ORCL,MRT,2018-12-31,2018-11-30,2018-11-30,2021-09-13,-1965000000.0,118318000000.0,130682000000.0,56938000000.0,61380000000.0,0.302,8.218,-1468000000.0,10824000000.0,10824000000.0,8123000000.0,3827000000.0,2.803,2.854,58038000000.0,6477000000.0,51561000000.0,58038000000.0,8246000000.0,2825000000.0,0.0,0.016,0.76,14541000000.0,17366000000.0,0.44,17366000000.0,14541000000.0,12412000000.0,1.03,0.98,1.03,30572000000.0,40700000000.0,30572000000.0,224374929600.0,15.0,12.92,13770000000.0,3.702,1.0,31322000000.0,0.794,49881000000.0,2129000000.0,95336000000.0,103301500000.0,0.0,38567000000.0,38567000000.0,0.0,87263000000.0,20315000000.0,66948000000.0,184700929600.0,-10486000000.0,-2037000000.0,-27239000000.0,-2502000000.0,-3017000000.0,-32835000000.0,7355000000.0,10860000000.0,15238000000.0,-244000000.0,3827000000.0,3827000000.0,3827000000.0,0.0,0.0,0.097,17967000000.0,13355000000.0,587000000.0,0.738,6.042,48.263,47.34,6003000000.0,0.0,48.76,4.682,4.598,3975000000.0,5107000000.0,39445000000.0,39445000000.0,6078000000.0,0.029,0.094,0.141,0.369,1617000000.0,9761000000.0,1.0,3787960000.0,3720000000,3817000000.0,10.603,68437000000.0,1482000000.0,8585000000.0,13001000000.0,18.397,36623000000.0
12,ORCL,MRT,2018-09-30,2018-08-31,2018-08-31,2021-09-13,-1766000000.0,128358000000.0,135793000000.0,67009000000.0,61349000000.0,0.291,9.751,-1646000000.0,18455000000.0,18455000000.0,8082000000.0,3708000000.0,3.425,2.359,58129000000.0,3743000000.0,54386000000.0,58129000000.0,10349000000.0,2809000000.0,0.0,0.016,0.76,14549000000.0,17358000000.0,0.44,17358000000.0,14549000000.0,12464000000.0,0.93,0.89,0.93,38067000000.0,47024000000.0,38067000000.0,232403509900.0,16.0,13.389,13896000000.0,3.559,1.0,31390000000.0,0.795,49997000000.0,2085000000.0,98473000000.0,107684750000.0,0.0,41639000000.0,41639000000.0,0.0,89794000000.0,19562000000.0,70232000000.0,193404509900.0,-2866000000.0,-1774000000.0,-19687000000.0,4943000000.0,-3094000000.0,-17874000000.0,-275000000.0,3145000000.0,15542000000.0,-259000000.0,3708000000.0,3708000000.0,3708000000.0,0.0,0.0,0.094,18097000000.0,13293000000.0,527000000.0,0.817,5.081,52.159,52.237,5918000000.0,0.0,48.58,4.9,4.805,3729000000.0,12022000000.0,39472000000.0,39472000000.0,6076000000.0,0.027,0.079,0.135,0.369,1640000000.0,9769000000.0,1.0,3981155000.0,3904000000,3999000000.0,10.111,78361000000.0,1433000000.0,8756000000.0,13513000000.0,20.072,47447000000.0
13,ORCL,MRT,2018-06-30,2018-05-31,2018-05-31,2021-09-13,-1689000000.0,137851000000.0,137102750000.0,76159000000.0,61692000000.0,0.287,11.253,-1736000000.0,21620000000.0,21620000000.0,8060000000.0,3587000000.0,3.982,1.962,60619000000.0,4491000000.0,56128000000.0,60619000000.0,8341000000.0,2785000000.0,0.0,0.016,0.76,14449000000.0,17234000000.0,0.438,17234000000.0,14449000000.0,12424000000.0,0.87,0.85,0.87,46372000000.0,51497000000.0,46372000000.0,231953663360.0,16.0,13.459,13650000000.0,3.312,1.0,31323000000.0,0.795,50425000000.0,2025000000.0,107301000000.0,106850250000.0,0.0,45641000000.0,45641000000.0,0.0,90978000000.0,19124000000.0,71854000000.0,190725663360.0,-164000000.0,-1724000000.0,-9451000000.0,2643000000.0,-3140000000.0,-9982000000.0,-5625000000.0,-2165000000.0,15386000000.0,57000000.0,3587000000.0,3587000000.0,3587000000.0,0.0,0.0,0.091,18059000000.0,13264000000.0,529000000.0,0.874,4.113,53.171,53.701,5897000000.0,0.0,46.72,4.843,4.889,5136000000.0,19111000000.0,39383000000.0,39383000000.0,6084000000.0,0.026,0.07,0.135,0.367,1607000000.0,9715000000.0,1.0,4082313000.0,4121000000,4238000000.0,9.557,87426000000.0,1395000000.0,8837000000.0,13429000000.0,21.215,57035000000.0
14,ORCL,MRT,2018-03-31,2018-02-28,2018-02-28,2021-09-13,-1296000000.0,138201000000.0,136387750000.0,77732000000.0,60469000000.0,0.288,11.594,-1883000000.0,19487000000.0,19487000000.0,7870000000.0,3660000000.0,4.326,1.882,60715000000.0,4491000000.0,56224000000.0,60715000000.0,8003000000.0,2802000000.0,0.0,0.015,0.76,14399000000.0,17201000000.0,0.437,17201000000.0,14399000000.0,12441000000.0,0.88,0.83,0.88,47789000000.0,53369000000.0,47789000000.0,249112633340.0,17.0,14.482,13309000000.0,3.229,1.0,31456000000.0,0.8,49365000000.0,1958000000.0,112096000000.0,104078500000.0,496000000.0,50968000000.0,50968000000.0,0.0,89929000000.0,17968000000.0,71961000000.0,209753633340.0,-261000000.0,-815000000.0,-4440000000.0,6445000000.0,-3149000000.0,-1236000000.0,-14631000000.0,-11933000000.0,15192000000.0,414000000.0,3660000000.0,3660000000.0,3660000000.0,0.0,0.0,0.093,18076000000.0,13380000000.0,603000000.0,0.864,4.389,57.31,57.58,5904000000.0,0.0,50.67,5.334,5.311,3902000000.0,20037000000.0,39326000000.0,39326000000.0,6143000000.0,0.027,0.069,0.138,0.366,1544000000.0,9612000000.0,1.0,4139602000.0,4122000000,4122000000.0,9.541,88836000000.0,1815000000.0,8781000000.0,13296000000.0,21.552,59764000000.0
15,ORCL,MRT,2017-12-31,2017-11-30,2017-11-30,2021-09-13,-902000000.0,138762000000.0,133183000000.0,78545000000.0,60217000000.0,0.292,13.43,-2037000000.0,21310000000.0,21310000000.0,7766000000.0,9946000000.0,5.069,1.476,60669000000.0,2499000000.0,58170000000.0,60669000000.0,8076000000.0,2759000000.0,0.0,0.015,0.72,13823000000.0,16582000000.0,0.427,16582000000.0,13823000000.0,11948000000.0,2.41,2.34,2.41,55868000000.0,54075500000.0,55868000000.0,236699980180.0,17.0,14.275,12544000000.0,3.015,1.0,31089000000.0,0.8,49758000000.0,1875000000.0,112869000000.0,99434250000.0,436000000.0,50270000000.0,50270000000.0,0.0,82462000000.0,15494000000.0,66968000000.0,204729980180.0,2718000000.0,-1367000000.0,-1187000000.0,6101000000.0,-2978000000.0,1844000000.0,-14102000000.0,-10698000000.0,14581000000.0,395000000.0,9946000000.0,9946000000.0,9946000000.0,0.0,0.0,0.256,18065000000.0,13024000000.0,554000000.0,0.299,3.665,20.584,20.357,5868000000.0,0.0,49.06,5.269,5.253,3798000000.0,28296000000.0,38855000000.0,38855000000.0,6168000000.0,0.075,0.184,0.139,0.356,1526000000.0,9476000000.0,1.0,4173053000.0,4160000000,4283000000.0,9.34,89004000000.0,1222000000.0,2002000000.0,6082000000.0,21.395,63051000000.0
16,ORCL,MRT,2017-09-30,2017-08-31,2017-08-31,2021-09-13,-716000000.0,133597000000.0,129392500000.0,73335000000.0,60262000000.0,0.296,13.465,-2195000000.0,21321000000.0,21321000000.0,7603000000.0,9764000000.0,3.626,1.38,53291000000.0,4998000000.0,48293000000.0,53291000000.0,10269000000.0,2614000000.0,0.0,0.014,0.68,13658000000.0,16272000000.0,0.425,16272000000.0,13658000000.0,11807000000.0,2.38,2.3,2.38,55959000000.0,52224000000.0,55959000000.0,244324205060.0,18.0,15.015,12622000000.0,3.037,1.0,30698000000.0,0.801,50206000000.0,1851000000.0,95135000000.0,94451250000.0,312000000.0,45576000000.0,45576000000.0,0.0,77231000000.0,20226000000.0,57005000000.0,208199205060.0,-7293000000.0,-10078000000.0,203000000.0,-1344000000.0,-2801000000.0,-4067000000.0,-18109000000.0,-5836000000.0,14817000000.0,66000000.0,9764000000.0,9764000000.0,9764000000.0,0.0,0.0,0.255,17676000000.0,13022000000.0,593000000.0,0.286,3.721,21.323,21.147,5586000000.0,0.0,50.33,5.436,5.461,3591000000.0,28586000000.0,38301000000.0,38301000000.0,6205000000.0,0.075,0.187,0.145,0.357,1434000000.0,9331000000.0,1.0,4136682000.0,4156000000,4284000000.0,9.216,83391000000.0,1181000000.0,2043000000.0,5891000000.0,20.065,53109000000.0
17,ORCL,MRT,2017-06-30,2017-05-31,2017-05-31,2021-09-13,-803000000.0,134991000000.0,126799000000.0,74515000000.0,60476000000.0,0.298,13.089,-2021000000.0,21784000000.0,21784000000.0,7452000000.0,9452000000.0,3.082,1.499,57909000000.0,9797000000.0,48112000000.0,57909000000.0,8233000000.0,2451000000.0,0.0,0.014,0.64,13478000000.0,15929000000.0,0.421,15929000000.0,13478000000.0,11680000000.0,2.3,2.24,2.3,53860000000.0,50093000000.0,53860000000.0,220984506760.0,16.0,13.873,12105000000.0,2.942,1.0,30340000000.0,0.803,50724000000.0,1798000000.0,96214000000.0,93938000000.0,0.0,44294000000.0,44294000000.0,0.0,80745000000.0,24178000000.0,56567000000.0,186765506760.0,1632000000.0,-11221000000.0,-1663000000.0,13638000000.0,-2631000000.0,9086000000.0,-21494000000.0,-8252000000.0,14126000000.0,-86000000.0,9452000000.0,9452000000.0,9452000000.0,0.0,0.0,0.25,17427000000.0,12913000000.0,599000000.0,0.278,3.468,19.759,19.735,5315000000.0,0.0,45.39,4.942,4.942,5300000000.0,27598000000.0,37792000000.0,37792000000.0,6153000000.0,0.075,0.189,0.143,0.357,1350000000.0,9257000000.0,1.0,4114684000.0,4115000000,4217000000.0,9.184,84267000000.0,1143000000.0,2228000000.0,5681000000.0,20.478,50337000000.0
18,ORCL,MRT,2017-03-31,2017-02-28,2017-02-28,2021-09-13,-931000000.0,125382000000.0,121096250000.0,66011000000.0,59371000000.0,0.309,12.324,-1676000000.0,19748000000.0,19748000000.0,7401000000.0,8917000000.0,4.181,1.469,53967000000.0,3498000000.0,50469000000.0,53967000000.0,7388000000.0,2315000000.0,0.0,0.014,0.6,13167000000.0,15482000000.0,0.414,15482000000.0,13167000000.0,11488000000.0,2.17,2.1,2.17,50615000000.0,48450250000.0,50615000000.0,210454214270.0,16.0,13.593,11777000000.0,2.868,1.0,30028000000.0,0.802,50292000000.0,1679000000.0,93519000000.0,89670000000.0,391000000.0,39604000000.0,39604000000.0,0.0,74359000000.0,15790000000.0,58569000000.0,174719214270.0,4165000000.0,-10743000000.0,-3352000000.0,13588000000.0,-2467000000.0,7569000000.0,-16776000000.0,-4357000000.0,13453000000.0,-81000000.0,8917000000.0,8917000000.0,8917000000.0,0.0,0.0,0.238,17423000000.0,12605000000.0,481000000.0,0.276,3.452,19.594,19.627,5070000000.0,0.0,42.59,4.668,4.673,3721000000.0,25576000000.0,37429000000.0,37429000000.0,6085000000.0,0.074,0.184,0.147,0.352,1098000000.0,9371000000.0,1.0,4102353000.0,4107000000,4204000000.0,9.113,75090000000.0,918000000.0,2571000000.0,5162000000.0,18.283,50221000000.0
19,ORCL,MRT,2016-12-31,2016-11-30,2016-11-30,2021-09-13,-1072000000.0,123600000000.0,115974250000.0,64734000000.0,58866000000.0,0.321,11.808,-1604000000.0,18592000000.0,18592000000.0,7348000000.0,8820000000.0,3.96,1.543,54327000000.0,3838000000.0,50489000000.0,54327000000.0,7411000000.0,2281000000.0,0.0,0.015,0.6,13111000000.0,15392000000.0,0.413,15392000000.0,13111000000.0,11522000000.0,2.13,2.07,2.13,48462000000.0,47264000000.0,48462000000.0,190444737730.0,15.0,12.373,12645000000.0,3.081,1.0,29888000000.0,0.803,50051000000.0,1589000000.0,92937000000.0,85805000000.0,327000000.0,39614000000.0,39614000000.0,0.0,74755000000.0,16347000000.0,58408000000.0,165002737730.0,1181000000.0,-10357000000.0,-5420000000.0,11932000000.0,-2487000000.0,3825000000.0,-16736000000.0,-4775000000.0,14249000000.0,-157000000.0,8820000000.0,8820000000.0,8820000000.0,0.0,0.0,0.237,17215000000.0,12673000000.0,615000000.0,0.282,3.405,18.708,18.869,4882000000.0,0.0,40.19,4.431,4.43,3690000000.0,24375000000.0,37236000000.0,37236000000.0,5983000000.0,0.076,0.187,0.153,0.352,1029000000.0,9319000000.0,1.0,4105567000.0,4104000000,4195000000.0,9.073,73549000000.0,895000000.0,2702000000.0,5099000000.0,17.921,48387000000.0
20,ORCL,MRT,2016-09-30,2016-08-31,2016-08-31,2021-09-13,-533000000.0,123223000000.0,111695000000.0,74451000000.0,48772000000.0,0.333,11.516,-1042000000.0,28614000000.0,28614000000.0,7404000000.0,8985000000.0,4.917,1.589,54056000000.0,999000000.0,53057000000.0,54056000000.0,9462000000.0,2371000000.0,0.0,0.015,0.6,13014000000.0,15385000000.0,0.414,15385000000.0,13014000000.0,11505000000.0,2.15,2.1,2.15,47435000000.0,46629500000.0,47435000000.0,193641930600.0,15.0,12.586,12637000000.0,3.068,1.0,29790000000.0,0.801,40441000000.0,1509000000.0,93082000000.0,81942750000.0,286000000.0,39782000000.0,39782000000.0,0.0,75391000000.0,15142000000.0,60249000000.0,169938930600.0,11875000000.0,-1793000000.0,-8169000000.0,11932000000.0,-2509000000.0,1027000000.0,-2886000000.0,-51000000.0,13679000000.0,55000000.0,8985000000.0,8985000000.0,8985000000.0,0.0,0.0,0.242,17199000000.0,12591000000.0,551000000.0,0.279,3.583,18.914,19.172,4108000000.0,0.0,41.22,4.569,4.565,3407000000.0,23380000000.0,37194000000.0,37194000000.0,5917000000.0,0.08,0.193,0.159,0.35,1001000000.0,9286000000.0,1.0,4122730000.0,4119000000,4221000000.0,9.03,82782000000.0,1142000000.0,2520000000.0,5031000000.0,20.098,59309000000.0
21,ORCL,MRT,2016-06-30,2016-05-31,2016-05-31,2021-09-13,-816000000.0,112180000000.0,108315750000.0,64313000000.0,47867000000.0,0.342,11.203,-1189000000.0,20152000000.0,20152000000.0,7479000000.0,8901000000.0,3.737,1.362,43855000000.0,3750000000.0,40105000000.0,43855000000.0,7655000000.0,2509000000.0,0.0,0.015,0.6,12909000000.0,15418000000.0,0.416,15418000000.0,12909000000.0,11442000000.0,2.11,2.07,2.11,47289000000.0,46545000000.0,47289000000.0,191347573000.0,15.0,12.411,12496000000.0,2.96,1.0,29568000000.0,0.798,39533000000.0,1467000000.0,79142000000.0,78556750000.0,212000000.0,35973000000.0,35973000000.0,0.0,64390000000.0,17208000000.0,47182000000.0,166824573000.0,-1564000000.0,-650000000.0,-9104000000.0,1750000000.0,-2541000000.0,-9980000000.0,-5154000000.0,-3315000000.0,13685000000.0,-115000000.0,8901000000.0,8901000000.0,8901000000.0,0.0,0.0,0.24,16964000000.0,12604000000.0,504000000.0,0.284,3.528,18.742,19.052,4000000000.0,0.0,40.2,4.503,4.58,5385000000.0,23888000000.0,37047000000.0,37047000000.0,5787000000.0,0.082,0.191,0.164,0.348,1037000000.0,9039000000.0,1.0,4149865000.0,4221000000,4305000000.0,8.777,72647000000.0,1291000000.0,2541000000.0,4908000000.0,17.211,47105000000.0
22,ORCL,MRT,2016-03-31,2016-02-29,2016-02-29,2021-09-13,-1046000000.0,104894000000.0,107996500000.0,57069000000.0,47825000000.0,0.344,10.968,-1606000000.0,15583000000.0,15583000000.0,7595000000.0,8843000000.0,4.826,1.277,40106000000.0,0.0,40106000000.0,40106000000.0,6912000000.0,2643000000.0,0.0,0.016,0.6,12838000000.0,15481000000.0,0.417,15481000000.0,12838000000.0,11407000000.0,2.06,2.03,2.06,45870000000.0,46888500000.0,45870000000.0,179049871600.0,14.0,11.566,12813000000.0,3.064,1.0,29564000000.0,0.796,39533000000.0,1431000000.0,78059000000.0,77632750000.0,212000000.0,35184000000.0,35184000000.0,0.0,58558000000.0,11825000000.0,46733000000.0,154520871600.0,1882000000.0,-320000000.0,-9398000000.0,7897000000.0,-2573000000.0,-4326000000.0,-7750000000.0,-5824000000.0,14419000000.0,-461000000.0,8843000000.0,8843000000.0,8843000000.0,0.0,0.0,0.238,16946000000.0,12618000000.0,410000000.0,0.291,3.369,17.474,17.854,4011000000.0,0.0,36.78,4.158,4.139,3844000000.0,23390000000.0,37159000000.0,37159000000.0,5689000000.0,0.082,0.189,0.165,0.345,1083000000.0,8901000000.0,1.0,4201220000.0,4182000000,4256000000.0,8.885,65361000000.0,1382000000.0,2564000000.0,4418000000.0,15.629,45244000000.0
23,ORCL,MRT,2015-12-31,2015-11-30,2015-11-30,2021-09-13,-1239000000.0,106483000000.0,106477000000.0,58618000000.0,47865000000.0,0.352,10.834,-1606000000.0,17411000000.0,17411000000.0,7656000000.0,9196000000.0,4.262,1.31,41940000000.0,2000000000.0,39940000000.0,41940000000.0,6998000000.0,2725000000.0,0.0,0.015,0.57,13169000000.0,15894000000.0,0.424,15894000000.0,13169000000.0,11825000000.0,2.12,2.09,2.12,45924000000.0,47444750000.0,45924000000.0,191663953680.0,15.0,12.059,11581000000.0,2.732,1.0,29818000000.0,0.796,39770000000.0,1344000000.0,77488000000.0,73720500000.0,238000000.0,34924000000.0,34924000000.0,0.0,60151000000.0,13754000000.0,46397000000.0,166352953680.0,1258000000.0,-1264000000.0,-8793000000.0,9897000000.0,-2471000000.0,-1526000000.0,-9476000000.0,-6606000000.0,13187000000.0,-927000000.0,9196000000.0,9196000000.0,9196000000.0,0.0,0.0,0.245,16844000000.0,12974000000.0,415000000.0,0.269,3.622,18.09,18.382,3855000000.0,0.0,38.97,4.439,4.408,3956000000.0,23737000000.0,37474000000.0,37474000000.0,5640000000.0,0.086,0.194,0.179,0.351,1070000000.0,8799000000.0,1.0,4268744000.0,4239000000,4316000000.0,8.84,66713000000.0,1341000000.0,2629000000.0,4273000000.0,15.738,44864000000.0
24,ORCL,MRT,2015-09-30,2015-08-31,2015-08-31,2021-09-13,-1139000000.0,109706000000.0,104432500000.0,62122000000.0,47584000000.0,0.365,10.91,-1636000000.0,16739000000.0,16739000000.0,7702000000.0,9501000000.0,4.036,1.32,42050000000.0,2000000000.0,40050000000.0,42050000000.0,9078000000.0,2825000000.0,0.0,0.015,0.54,13681000000.0,16506000000.0,0.433,16506000000.0,13681000000.0,12426000000.0,2.17,2.14,2.17,47097000000.0,47849500000.0,47097000000.0,181067095930.0,13.0,10.97,12097000000.0,2.802,1.0,30377000000.0,0.798,40088000000.0,1255000000.0,79538000000.0,69866750000.0,251000000.0,39191000000.0,39191000000.0,0.0,62168000000.0,15391000000.0,46777000000.0,160825095930.0,-7440000000.0,-6202000000.0,-7493000000.0,9897000000.0,-2368000000.0,-209000000.0,-19818000000.0,-11980000000.0,13733000000.0,-1146000000.0,9501000000.0,9501000000.0,9501000000.0,0.0,0.0,0.25,16816000000.0,13561000000.0,422000000.0,0.249,3.415,16.927,17.092,3896000000.0,0.0,37.09,4.223,4.205,3475000000.0,24964000000.0,38079000000.0,38079000000.0,5585000000.0,0.091,0.199,0.196,0.359,1028000000.0,8738000000.0,1.0,4336077000.0,4317000000,4412000000.0,8.821,69618000000.0,1460000000.0,2925000000.0,4408000000.0,16.126,46731000000.0
25,ORCL,MRT,2015-06-30,2015-05-31,2015-05-31,2021-09-13,-996000000.0,110903000000.0,101937500000.0,62520000000.0,48383000000.0,0.375,11.05,-1391000000.0,21716000000.0,21716000000.0,7532000000.0,9938000000.0,4.112,1.27,41958000000.0,1999000000.0,39959000000.0,41958000000.0,7245000000.0,2861000000.0,0.0,0.012,0.51,13977000000.0,16838000000.0,0.44,16838000000.0,13977000000.0,12834000000.0,2.26,2.21,2.26,48663000000.0,47913750000.0,48663000000.0,208479874300.0,15.0,12.382,13189000000.0,2.995,1.0,30694000000.0,0.803,40493000000.0,1143000000.0,75446000000.0,64838500000.0,314000000.0,32652000000.0,32652000000.0,0.0,61805000000.0,15206000000.0,46599000000.0,189923874300.0,3947000000.0,-6239000000.0,-6285000000.0,18342000000.0,-2255000000.0,9606000000.0,-19047000000.0,-11417000000.0,14580000000.0,-1192000000.0,9938000000.0,9938000000.0,9938000000.0,0.0,0.0,0.26,16823000000.0,13871000000.0,806000000.0,0.226,3.903,19.111,19.243,3686000000.0,0.0,43.49,4.968,5.01,5618000000.0,26503000000.0,38226000000.0,38226000000.0,5524000000.0,0.097,0.207,0.216,0.366,933000000.0,8732000000.0,1.0,4367070000.0,4404000000,4503000000.0,8.68,70410000000.0,1458000000.0,2896000000.0,4386000000.0,15.988,47314000000.0
26,ORCL,MRT,2015-03-31,2015-02-28,2015-02-28,2021-09-13,-764000000.0,98816000000.0,96778250000.0,51294000000.0,47522000000.0,0.401,10.958,-948000000.0,13701000000.0,13701000000.0,7412000000.0,10827000000.0,3.719,1.046,32257000000.0,1999000000.0,30258000000.0,32257000000.0,6443000000.0,2868000000.0,0.0,0.011,0.48,14781000000.0,17649000000.0,0.454,17649000000.0,14781000000.0,13725000000.0,2.44,2.4,2.44,48095000000.0,47467500000.0,48095000000.0,208732701940.0,14.0,11.827,13561000000.0,3.09,1.0,31429000000.0,0.809,41170000000.0,1056000000.0,62410000000.0,57581000000.0,285000000.0,30076000000.0,30076000000.0,0.0,50284000000.0,13792000000.0,36492000000.0,192429701940.0,-3131000000.0,-6654000000.0,-5990000000.0,8445000000.0,-2138000000.0,376000000.0,-16930000000.0,-9328000000.0,14509000000.0,-1086000000.0,10827000000.0,10827000000.0,10827000000.0,0.0,0.0,0.279,16632000000.0,14797000000.0,626000000.0,0.197,4.001,17.773,17.959,3335000000.0,0.0,43.82,4.954,4.952,4178000000.0,26165000000.0,38841000000.0,38841000000.0,5436000000.0,0.112,0.228,0.257,0.381,1132000000.0,8748000000.0,1.0,4391367000.0,4389000000,4494000000.0,8.85,57646000000.0,1605000000.0,2898000000.0,4615000000.0,13.134,37502000000.0
27,ORCL,MRT,2014-12-31,2014-11-30,2014-11-30,2021-09-13,-468000000.0,98305000000.0,93714750000.0,52040000000.0,46265000000.0,0.414,10.764,-727000000.0,16153000000.0,16153000000.0,7287000000.0,10897000000.0,4.342,1.059,32456000000.0,0.0,32456000000.0,32456000000.0,6816000000.0,2874000000.0,0.0,0.011,0.48,14835000000.0,17709000000.0,0.456,17709000000.0,14835000000.0,13824000000.0,2.44,2.4,2.44,47543000000.0,46620500000.0,47543000000.0,196319602640.0,13.0,11.086,14546000000.0,3.293,1.0,31534000000.0,0.812,40550000000.0,1011000000.0,62073000000.0,53216250000.0,208000000.0,28580000000.0,28580000000.0,0.0,50343000000.0,11985000000.0,38358000000.0,187931602640.0,1259000000.0,-6862000000.0,-5829000000.0,8445000000.0,-2149000000.0,524000000.0,-13818000000.0,-6229000000.0,15273000000.0,-720000000.0,10897000000.0,10897000000.0,10897000000.0,0.0,0.0,0.281,16553000000.0,14981000000.0,490000000.0,0.197,3.953,17.246,17.381,3169000000.0,0.0,42.41,4.841,4.825,4326000000.0,25972000000.0,38821000000.0,38821000000.0,5358000000.0,0.116,0.234,0.279,0.382,1112000000.0,8737000000.0,1.0,4431304000.0,4417000000,4505000000.0,8.789,57755000000.0,1334000000.0,2927000000.0,4671000000.0,13.076,40055000000.0
28,ORCL,MRT,2014-09-30,2014-08-31,2014-08-31,2021-09-13,-193000000.0,99726000000.0,90448000000.0,58194000000.0,41532000000.0,0.426,10.639,-628000000.0,24179000000.0,24179000000.0,7195000000.0,10948000000.0,4.35,1.094,32567000000.0,0.0,32567000000.0,32567000000.0,8939000000.0,2870000000.0,0.0,0.012,0.48,14717000000.0,17587000000.0,0.457,17587000000.0,14717000000.0,13758000000.0,2.43,2.4,2.43,47354000000.0,45625500000.0,47354000000.0,191417540170.0,13.0,10.884,14729000000.0,3.309,1.0,31303000000.0,0.813,35312000000.0,959000000.0,59425000000.0,49350500000.0,179000000.0,27437000000.0,27437000000.0,0.0,51795000000.0,13377000000.0,38418000000.0,185011540170.0,4515000000.0,-2211000000.0,-6407000000.0,8445000000.0,-2161000000.0,111000000.0,-10738000000.0,-7899000000.0,15357000000.0,-215000000.0,10948000000.0,10948000000.0,10948000000.0,0.0,0.0,0.284,16454000000.0,14849000000.0,423000000.0,0.198,3.907,16.899,17.091,3086000000.0,0.0,41.53,4.806,4.802,3551000000.0,25838000000.0,38498000000.0,38498000000.0,5242000000.0,0.121,0.24,0.298,0.382,1068000000.0,8707000000.0,1.0,4454889000.0,4451000000,4548000000.0,8.649,64414000000.0,1749000000.0,2810000000.0,4573000000.0,14.472,44817000000.0
29,ORCL,MRT,2014-06-30,2014-05-31,2014-05-31,2021-09-13,-164000000.0,90266000000.0,87118000000.0,48128000000.0,42138000000.0,0.439,10.353,-580000000.0,17769000000.0,17769000000.0,7236000000.0,10955000000.0,3.345,0.913,24097000000.0,1508000000.0,22589000000.0,24097000000.0,7269000000.0,2908000000.0,0.0,0.011,0.48,14618000000.0,17526000000.0,0.458,17526000000.0,14618000000.0,13704000000.0,2.42,2.38,2.42,46878000000.0,44672250000.0,46878000000.0,194723389720.0,13.0,11.111,14341000000.0,3.167,1.0,31039000000.0,0.811,35789000000.0,914000000.0,46416000000.0,44855500000.0,189000000.0,21050000000.0,21050000000.0,0.0,42819000000.0,14389000000.0,28430000000.0,187362389720.0,3156000000.0,-3488000000.0,-7678000000.0,5566000000.0,-2178000000.0,-4068000000.0,-7539000000.0,-3471000000.0,14921000000.0,-158000000.0,10955000000.0,10955000000.0,10955000000.0,0.0,0.0,0.286,16280000000.0,14759000000.0,471000000.0,0.198,3.997,17.103,17.364,3061000000.0,0.0,42.02,4.895,4.971,6087000000.0,25965000000.0,38275000000.0,38275000000.0,5151000000.0,0.126,0.245,0.326,0.382,1035000000.0,8605000000.0,1.0,4458886000.0,4528000000,4604000000.0,8.453,54477000000.0,1751000000.0,2749000000.0,4600000000.0,12.031,33739000000.0
30,ORCL,MRT,2014-03-31,2014-02-28,2014-02-28,2021-09-13,-235000000.0,86562000000.0,85004500000.0,44404000000.0,42158000000.0,0.446,9.944,-609000000.0,16832000000.0,16832000000.0,7397000000.0,11115000000.0,3.392,0.924,24193000000.0,1516000000.0,22677000000.0,24193000000.0,6473000000.0,2926000000.0,0.0,0.009,0.36,14825000000.0,17751000000.0,0.468,17751000000.0,14825000000.0,13941000000.0,2.42,2.39,2.42,44707000000.0,44114750000.0,44707000000.0,185165665990.0,12.0,10.431,14420000000.0,3.207,1.0,30504000000.0,0.805,35880000000.0,884000000.0,44951000000.0,42961000000.0,227000000.0,20393000000.0,20393000000.0,0.0,41327000000.0,13092000000.0,28235000000.0,175893665990.0,731000000.0,-4779000000.0,-8912000000.0,4316000000.0,-1640000000.0,-5888000000.0,-8161000000.0,-2773000000.0,15029000000.0,-249000000.0,11115000000.0,11115000000.0,11115000000.0,0.0,0.0,0.293,15654000000.0,14850000000.0,396000000.0,0.149,3.934,15.825,16.161,3052000000.0,0.0,39.11,4.641,4.639,4071000000.0,24606000000.0,37901000000.0,37901000000.0,5066000000.0,0.131,0.252,0.345,0.391,915000000.0,8315000000.0,1.0,4497409000.0,4496000000,4575000000.0,8.43,50682000000.0,1732000000.0,2826000000.0,4493000000.0,11.273,31312000000.0
31,ORCL,MRT,2013-12-31,2013-11-30,2013-11-30,2021-09-13,-226000000.0,85238000000.0,83226500000.0,44252000000.0,40986000000.0,0.451,9.606,-578000000.0,14894000000.0,14894000000.0,7338000000.0,11054000000.0,3.375,0.945,24166000000.0,1525000000.0,22641000000.0,24166000000.0,6667000000.0,2941000000.0,0.0,0.012,0.42,14643000000.0,17584000000.0,0.468,17584000000.0,14643000000.0,13782000000.0,2.38,2.35,2.38,43563000000.0,43775000000.0,43563000000.0,165276728110.0,11.0,9.399,14618000000.0,3.223,1.0,30214000000.0,0.805,34790000000.0,861000000.0,46610000000.0,41328500000.0,234000000.0,22080000000.0,22080000000.0,0.0,41172000000.0,13110000000.0,28062000000.0,160832728110.0,-1018000000.0,-4393000000.0,-9210000000.0,4316000000.0,-1949000000.0,-6461000000.0,-9524000000.0,-4553000000.0,15196000000.0,-229000000.0,11054000000.0,11054000000.0,11054000000.0,0.0,0.0,0.294,15597000000.0,14617000000.0,408000000.0,0.176,3.692,14.55,14.828,3039000000.0,0.0,35.29,4.283,4.262,4192000000.0,24386000000.0,37552000000.0,37552000000.0,4960000000.0,0.133,0.253,0.354,0.39,894000000.0,8297000000.0,1.0,4557459000.0,4535000000,4600000000.0,8.28,50448000000.0,1723000000.0,2728000000.0,4493000000.0,11.124,31142000000.0
32,ORCL,MRT,2013-09-30,2013-08-31,2013-08-31,2021-09-13,-344000000.0,86406000000.0,81831250000.0,45457000000.0,40949000000.0,0.457,9.449,-664000000.0,19664000000.0,19664000000.0,7325000000.0,11082000000.0,3.129,0.974,24108000000.0,1533000000.0,22575000000.0,24108000000.0,8524000000.0,2930000000.0,0.0,0.011,0.36,14685000000.0,17615000000.0,0.471,17615000000.0,14685000000.0,13859000000.0,2.36,2.32,2.36,43541000000.0,43630000000.0,43541000000.0,151418511020.0,10.0,8.596,14181000000.0,3.077,1.0,30046000000.0,0.804,34879000000.0,826000000.0,41445000000.0,39382000000.0,243000000.0,19440000000.0,19440000000.0,0.0,42420000000.0,14526000000.0,27894000000.0,147537511020.0,3997000000.0,-4258000000.0,-9618000000.0,9290000000.0,-1695000000.0,-1639000000.0,-8947000000.0,-4025000000.0,14845000000.0,-262000000.0,11082000000.0,11082000000.0,11082000000.0,0.0,0.0,0.297,15368000000.0,14678000000.0,367000000.0,0.153,3.388,13.313,13.5,3052000000.0,0.0,31.86,3.948,3.928,3450000000.0,24830000000.0,37371000000.0,37371000000.0,4886000000.0,0.135,0.254,0.373,0.393,900000000.0,8194000000.0,1.0,4630807000.0,4608000000,4674000000.0,8.11,51527000000.0,1659000000.0,2777000000.0,4431000000.0,11.182,30931000000.0
33,ORCL,MRT,2013-06-30,2013-05-31,2013-05-31,2021-09-13,-99000000.0,81812000000.0,79369250000.0,41692000000.0,40120000000.0,0.468,9.362,-650000000.0,14613000000.0,14613000000.0,7379000000.0,10925000000.0,3.239,0.821,18494000000.0,0.0,18494000000.0,18494000000.0,7118000000.0,2931000000.0,0.0,0.009,0.3,14695000000.0,17626000000.0,0.474,17626000000.0,14695000000.0,13898000000.0,2.29,2.26,2.29,44648000000.0,43577000000.0,44648000000.0,162777027240.0,11.0,9.235,13574000000.0,2.846,1.0,29801000000.0,0.802,33983000000.0,797000000.0,38838000000.0,36281500000.0,240000000.0,17603000000.0,17603000000.0,0.0,36667000000.0,12872000000.0,23795000000.0,159126027240.0,-342000000.0,-3305000000.0,-9494000000.0,2024000000.0,-1433000000.0,-8500000000.0,-5956000000.0,-2001000000.0,14224000000.0,-110000000.0,10925000000.0,10925000000.0,10925000000.0,0.0,0.0,0.294,15117000000.0,14684000000.0,419000000.0,0.131,3.564,14.565,14.751,3053000000.0,0.0,33.78,4.28,4.333,6049000000.0,25854000000.0,37180000000.0,37180000000.0,4850000000.0,0.138,0.251,0.405,0.395,924000000.0,8134000000.0,1.0,4710658000.0,4769000000,4844000000.0,7.796,47829000000.0,1740000000.0,2973000000.0,4810000000.0,10.029,28820000000.0
34,ORCL,MRT,2013-03-31,2013-02-28,2013-02-28,2021-09-13,154000000.0,79450000000.0,78498000000.0,40686000000.0,38764000000.0,0.473,9.155,-684000000.0,16101000000.0,16101000000.0,7428000000.0,10571000000.0,3.414,0.823,19752000000.0,1250000000.0,18502000000.0,19752000000.0,6278000000.0,2965000000.0,0.0,0.011,0.36,14235000000.0,17200000000.0,0.463,17200000000.0,14235000000.0,13455000000.0,2.18,2.14,2.18,43348000000.0,43337000000.0,43348000000.0,165947329280.0,12.0,9.648,13033000000.0,2.752,1.0,29721000000.0,0.8,32764000000.0,780000000.0,38421000000.0,34432000000.0,211000000.0,17306000000.0,17306000000.0,0.0,35660000000.0,11916000000.0,23744000000.0,162102329280.0,2320000000.0,-3461000000.0,-9083000000.0,4974000000.0,-1729000000.0,-5623000000.0,-5571000000.0,-1426000000.0,13717000000.0,-203000000.0,10571000000.0,10571000000.0,10571000000.0,0.0,0.0,0.285,15442000000.0,14279000000.0,361000000.0,0.165,3.74,15.335,15.706,3034000000.0,0.0,34.24,4.364,4.364,4169000000.0,24549000000.0,37149000000.0,37149000000.0,4812000000.0,0.135,0.244,0.413,0.383,936000000.0,8159000000.0,1.0,4734297000.0,4735000000,4812000000.0,7.846,46686000000.0,1480000000.0,2884000000.0,3775000000.0,9.86,28770000000.0
35,ORCL,MRT,2012-12-31,2012-11-30,2012-11-30,2021-09-13,222000000.0,79657000000.0,77225750000.0,41129000000.0,38528000000.0,0.482,8.97,-710000000.0,15912000000.0,15912000000.0,7620000000.0,10565000000.0,3.331,0.843,19757000000.0,1250000000.0,18507000000.0,19757000000.0,6504000000.0,2970000000.0,0.0,0.007,0.24,14278000000.0,17248000000.0,0.463,17248000000.0,14278000000.0,13513000000.0,2.15,2.11,2.15,42983000000.0,43218250000.0,42983000000.0,154157126800.0,11.0,8.938,12823000000.0,2.676,1.0,29610000000.0,0.795,32331000000.0,765000000.0,38824000000.0,32939500000.0,164000000.0,17783000000.0,17783000000.0,0.0,36247000000.0,12347000000.0,23900000000.0,155053126800.0,2626000000.0,-4791000000.0,-9079000000.0,4719000000.0,-1181000000.0,-5433000000.0,-5496000000.0,5000000.0,13533000000.0,22000000.0,10565000000.0,10565000000.0,10565000000.0,0.0,0.0,0.284,15348000000.0,14262000000.0,372000000.0,0.112,3.607,14.676,14.965,3093000000.0,0.0,32.175,4.165,4.141,4401000000.0,24746000000.0,37230000000.0,37230000000.0,4771000000.0,0.137,0.244,0.433,0.384,875000000.0,8058000000.0,1.0,4819056000.0,4792000000,4868000000.0,7.769,47326000000.0,1675000000.0,2948000000.0,3906000000.0,9.876,28782000000.0
36,ORCL,MRT,2012-09-30,2012-08-31,2012-08-31,2021-09-13,311000000.0,76558000000.0,75539000000.0,38172000000.0,38386000000.0,0.489,8.903,-627000000.0,15667000000.0,15667000000.0,7782000000.0,10176000000.0,2.735,0.758,14771000000.0,1250000000.0,13521000000.0,14771000000.0,8316000000.0,2953000000.0,0.0,0.008,0.24,13955000000.0,16908000000.0,0.458,16908000000.0,13955000000.0,13193000000.0,2.04,2.01,2.04,43329000000.0,42952500000.0,43329000000.0,156050314900.0,11.0,9.229,13366000000.0,2.746,1.0,29146000000.0,0.789,32664000000.0,762000000.0,29043000000.0,31779500000.0,148000000.0,15940000000.0,15940000000.0,0.0,32822000000.0,13955000000.0,18867000000.0,154531314900.0,2505000000.0,-4720000000.0,-7064000000.0,-255000000.0,-1193000000.0,-8408000000.0,-2568000000.0,2779000000.0,13993000000.0,-512000000.0,10176000000.0,10176000000.0,10176000000.0,0.0,0.0,0.276,15244000000.0,13902000000.0,388000000.0,0.118,3.566,15.186,15.515,3037000000.0,0.0,31.65,4.185,4.171,3775000000.0,25117000000.0,36928000000.0,36928000000.0,4674000000.0,0.135,0.237,0.439,0.378,832000000.0,7996000000.0,1.0,4882506000.0,4867000000,4939000000.0,7.587,43894000000.0,1460000000.0,3017000000.0,3732000000.0,9.019,24217000000.0
37,ORCL,MRT,2012-06-30,2012-05-31,2012-05-31,2021-09-13,112000000.0,78327000000.0,74864250000.0,40023000000.0,38304000000.0,0.496,8.711,-648000000.0,14955000000.0,14955000000.0,7995000000.0,9981000000.0,2.601,0.784,16474000000.0,2950000000.0,13524000000.0,16474000000.0,7035000000.0,2916000000.0,0.0,0.009,0.24,13728000000.0,16644000000.0,0.448,16644000000.0,13728000000.0,12962000000.0,1.99,1.96,1.99,43688000000.0,42343250000.0,43688000000.0,132687055820.0,10.0,7.972,13095000000.0,2.611,1.0,29126000000.0,0.785,33018000000.0,766000000.0,31440000000.0,32753000000.0,158000000.0,15721000000.0,15721000000.0,0.0,34240000000.0,15388000000.0,18852000000.0,131691055820.0,-1208000000.0,-4702000000.0,-5123000000.0,295000000.0,-1205000000.0,-6099000000.0,-8381000000.0,-3031000000.0,13743000000.0,-471000000.0,9981000000.0,9981000000.0,9981000000.0,0.0,0.0,0.269,15420000000.0,13706000000.0,438000000.0,0.121,3.014,13.194,13.302,3021000000.0,0.0,26.47,3.548,3.576,6377000000.0,26087000000.0,37121000000.0,37121000000.0,4523000000.0,0.133,0.236,0.419,0.37,744000000.0,8116000000.0,1.0,4975106000.0,5015000000,5095000000.0,7.402,45309000000.0,1472000000.0,2981000000.0,4287000000.0,9.035,24635000000.0
38,ORCL,MRT,2012-03-31,2012-02-29,2012-02-29,2021-09-13,416000000.0,74361000000.0,73666250000.0,37538000000.0,36823000000.0,0.502,8.563,-489000000.0,13781000000.0,13781000000.0,8021000000.0,9739000000.0,3.227,0.725,14777000000.0,0.0,14777000000.0,14777000000.0,6285000000.0,2824000000.0,0.0,0.008,0.24,13518000000.0,16342000000.0,0.442,16342000000.0,13518000000.0,12749000000.0,1.92,1.91,1.92,42873000000.0,41365250000.0,42873000000.0,148522861435.0,11.0,9.088,12974000000.0,2.591,1.0,28959000000.0,0.783,31274000000.0,769000000.0,32451000000.0,32315250000.0,172000000.0,15961000000.0,15961000000.0,0.0,31095000000.0,11632000000.0,19463000000.0,147030861435.0,1917000000.0,-3007000000.0,-3007000000.0,-255000000.0,-1213000000.0,-4491000000.0,-6956000000.0,-3460000000.0,13463000000.0,-99000000.0,9739000000.0,9739000000.0,9739000000.0,0.0,0.0,0.263,15489000000.0,13470000000.0,442000000.0,0.125,3.429,15.097,15.237,2936000000.0,0.0,29.255,3.976,3.961,4656000000.0,25116000000.0,36980000000.0,36980000000.0,4467000000.0,0.132,0.235,0.418,0.366,680000000.0,8229000000.0,1.0,5025837000.0,5007000000,5080000000.0,7.386,43087000000.0,2267000000.0,3010000000.0,3216000000.0,8.605,25906000000.0
39,ORCL,MRT,2011-12-31,2011-11-30,2011-11-30,2021-09-13,292000000.0,72910000000.0,71992500000.0,38482000000.0,34428000000.0,0.51,8.316,-395000000.0,13286000000.0,13286000000.0,8125000000.0,9357000000.0,3.476,0.731,14778000000.0,0.0,14778000000.0,14778000000.0,6091000000.0,2795000000.0,0.0,0.007,0.23,13183000000.0,15978000000.0,0.435,15978000000.0,13183000000.0,12400000000.0,1.84,1.83,1.84,41920000000.0,39801250000.0,41920000000.0,159775272700.0,12.0,10.0,12734000000.0,2.526,1.0,28580000000.0,0.779,29146000000.0,783000000.0,34184000000.0,31583250000.0,218000000.0,17726000000.0,17726000000.0,0.0,30643000000.0,11072000000.0,19571000000.0,158148272700.0,2866000000.0,-1612000000.0,-1378000000.0,-2253000000.0,-1164000000.0,-4803000000.0,-5334000000.0,-3327000000.0,13129000000.0,-126000000.0,9357000000.0,9357000000.0,9357000000.0,0.0,0.0,0.255,15440000000.0,13140000000.0,445000000.0,0.125,3.773,16.902,17.038,2900000000.0,0.0,31.35,4.309,4.306,4434000000.0,24383000000.0,36705000000.0,36705000000.0,4449000000.0,0.13,0.235,0.417,0.359,649000000.0,8172000000.0,1.0,5044602000.0,5041000000,5123000000.0,7.281,43764000000.0,2361000000.0,3043000000.0,3383000000.0,8.682,27410000000.0
40,ORCL,MRT,2011-09-30,2011-08-31,2011-08-31,2021-09-13,592000000.0,73859000000.0,70575750000.0,39206000000.0,34653000000.0,0.517,8.078,-387000000.0,13162000000.0,13162000000.0,8326000000.0,9035000000.0,3.003,0.798,14789000000.0,0.0,14789000000.0,14789000000.0,7925000000.0,2803000000.0,0.0,0.008,0.22,12891000000.0,15694000000.0,0.43,15694000000.0,12891000000.0,12086000000.0,1.78,1.77,1.78,40892000000.0,37924250000.0,40892000000.0,141948006050.0,11.0,9.045,12431000000.0,2.456,1.0,28169000000.0,0.772,29493000000.0,805000000.0,32937000000.0,30814000000.0,259000000.0,18498000000.0,18498000000.0,0.0,32620000000.0,13056000000.0,19564000000.0,142189006050.0,1144000000.0,-1358000000.0,-322000000.0,-2258000000.0,-1114000000.0,-3655000000.0,-8488000000.0,-6743000000.0,12818000000.0,469000000.0,9035000000.0,9035000000.0,9035000000.0,0.0,0.0,0.248,15370000000.0,12799000000.0,614000000.0,0.124,3.477,15.738,15.77,2930000000.0,0.0,28.07,3.896,3.893,4194000000.0,23385000000.0,36495000000.0,36495000000.0,4466000000.0,0.128,0.238,0.418,0.353,639000000.0,7884000000.0,1.0,5065515000.0,5062000000,5150000000.0,7.21,44366000000.0,2414000000.0,3051000000.0,3281000000.0,8.765,26150000000.0
41,ORCL,MRT,2011-06-30,2011-05-31,2011-05-31,2021-09-13,542000000.0,73535000000.0,68424750000.0,39174000000.0,34361000000.0,0.521,7.88,-345000000.0,16163000000.0,16163000000.0,8398000000.0,8547000000.0,2.76,0.837,15922000000.0,1150000000.0,14772000000.0,15922000000.0,6802000000.0,2796000000.0,0.0,0.006,0.21,12219000000.0,15015000000.0,0.422,15015000000.0,12219000000.0,11411000000.0,1.69,1.67,1.69,39776000000.0,35727750000.0,39776000000.0,176058857520.0,14.0,11.726,10869000000.0,2.153,1.0,27224000000.0,0.764,29413000000.0,808000000.0,29689000000.0,29192250000.0,303000000.0,12685000000.0,12685000000.0,0.0,33290000000.0,14192000000.0,19098000000.0,173170857520.0,6249000000.0,-1847000000.0,216000000.0,1211000000.0,-1061000000.0,516000000.0,-6081000000.0,-3889000000.0,11214000000.0,600000000.0,8547000000.0,8547000000.0,8547000000.0,0.0,0.0,0.24,15191000000.0,12033000000.0,494000000.0,0.124,4.354,20.261,20.249,2857000000.0,0.0,34.22,4.861,4.849,6628000000.0,22581000000.0,35622000000.0,35622000000.0,4519000000.0,0.125,0.239,0.419,0.343,620000000.0,7549000000.0,1.0,5060516000.0,5048000000,5128000000.0,7.057,44122000000.0,2265000000.0,2864000000.0,3169000000.0,8.74,24982000000.0
42,ORCL,MRT,2011-03-31,2011-02-28,2011-02-28,2021-09-13,427000000.0,67666000000.0,65435500000.0,32459000000.0,35207000000.0,0.525,7.241,-356000000.0,11864000000.0,11864000000.0,8473000000.0,7701000000.0,2.877,0.836,14752000000.0,0.0,14752000000.0,14752000000.0,5849000000.0,2818000000.0,0.0,0.006,0.2,11130000000.0,13948000000.0,0.406,13948000000.0,11130000000.0,10315000000.0,1.53,1.52,1.53,36617000000.0,33483250000.0,36617000000.0,172839618000.0,16.0,12.392,9592000000.0,1.897,1.0,25880000000.0,0.753,29749000000.0,815000000.0,29523000000.0,27240500000.0,276000000.0,12491000000.0,12491000000.0,0.0,30607000000.0,11282000000.0,19325000000.0,166224618000.0,2533000000.0,-1712000000.0,297000000.0,-1013000000.0,-1008000000.0,-1514000000.0,-6212000000.0,-4144000000.0,9948000000.0,311000000.0,7701000000.0,7701000000.0,7701000000.0,0.0,0.0,0.224,14906000000.0,10974000000.0,673000000.0,0.131,4.54,21.585,21.503,2894000000.0,0.0,32.9,4.839,4.843,4495000000.0,20059000000.0,34353000000.0,34353000000.0,4412000000.0,0.118,0.23,0.409,0.324,639000000.0,7232000000.0,1.0,5052420000.0,5057000000,5149000000.0,6.793,37917000000.0,2712000000.0,2614000000.0,3428000000.0,7.498,21177000000.0
43,ORCL,MRT,2010-12-31,2010-11-30,2010-11-30,2021-09-13,327000000.0,67243000000.0,63365500000.0,32723000000.0,34520000000.0,0.505,6.822,-369000000.0,10420000000.0,10420000000.0,7880000000.0,6774000000.0,2.454,0.941,17035000000.0,2255000000.0,14780000000.0,17035000000.0,5742000000.0,2692000000.0,0.0,0.007,0.2,9895000000.0,12587000000.0,0.393,12587000000.0,9895000000.0,9098000000.0,1.35,1.34,1.35,34412000000.0,31448000000.0,34412000000.0,140978298130.0,14.0,11.2,8684000000.0,1.722,1.0,24113000000.0,0.754,29415000000.0,797000000.0,31107000000.0,25169500000.0,236000000.0,14425000000.0,14425000000.0,0.0,32393000000.0,13336000000.0,19057000000.0,135958298130.0,-4499000000.0,-6020000000.0,237000000.0,1491000000.0,-1007000000.0,909000000.0,-14424000000.0,-8035000000.0,9053000000.0,-37000000.0,6774000000.0,6774000000.0,6774000000.0,0.0,0.0,0.212,14283000000.0,9830000000.0,762000000.0,0.148,3.951,20.071,20.033,2870000000.0,0.0,27.045,4.25,4.264,4406000000.0,18422000000.0,31993000000.0,31993000000.0,4108000000.0,0.107,0.215,0.393,0.309,622000000.0,6805000000.0,1.0,5027114000.0,5044000000,5117000000.0,6.343,37828000000.0,2439000000.0,2324000000.0,3141000000.0,7.5,19387000000.0
44,ORCL,MRT,2010-09-30,2010-08-31,2010-08-31,2021-09-13,156000000.0,65255000000.0,60013000000.0,30264000000.0,34991000000.0,0.488,6.388,-293000000.0,12018000000.0,12018000000.0,6819000000.0,6362000000.0,2.193,1.02,17038000000.0,2260000000.0,14778000000.0,17038000000.0,6903000000.0,2481000000.0,0.0,0.009,0.2,9246000000.0,11727000000.0,0.401,11727000000.0,9246000000.0,8475000000.0,1.27,1.26,1.27,32106000000.0,29727750000.0,32106000000.0,114539365715.0,12.0,9.767,8467000000.0,1.685,1.0,22450000000.0,0.767,30025000000.0,771000000.0,26450000000.0,22255250000.0,235000000.0,11619000000.0,11619000000.0,0.0,32743000000.0,13800000000.0,18943000000.0,109798365715.0,-4080000000.0,-6359000000.0,-201000000.0,1496000000.0,-1004000000.0,415000000.0,-13288000000.0,-6636000000.0,8760000000.0,33000000.0,6362000000.0,6362000000.0,6362000000.0,0.0,0.0,0.217,13212000000.0,9238000000.0,706000000.0,0.157,3.42,17.258,17.201,2835000000.0,0.0,21.845,3.751,3.751,3721000000.0,17027000000.0,29269000000.0,29269000000.0,3697000000.0,0.106,0.214,0.415,0.316,568000000.0,6435000000.0,1.0,5026247000.0,5026000000,5083000000.0,5.824,35230000000.0,2261000000.0,2113000000.0,3028000000.0,7.01,16464000000.0
45,ORCL,MRT,2010-06-30,2010-05-31,2010-05-31,2021-09-13,4000000.0,61578000000.0,56948750000.0,27004000000.0,34574000000.0,0.471,6.142,-230000000.0,9914000000.0,9914000000.0,5764000000.0,6135000000.0,1.838,0.986,14655000000.0,3145000000.0,11510000000.0,14655000000.0,5900000000.0,2271000000.0,0.0,0.009,0.2,8997000000.0,11268000000.0,0.42,11268000000.0,8997000000.0,8243000000.0,1.22,1.21,1.22,30798000000.0,28237000000.0,30798000000.0,119667883870.0,13.0,10.62,8451000000.0,1.685,1.0,21056000000.0,0.785,29746000000.0,754000000.0,21882000000.0,19820500000.0,259000000.0,8555000000.0,8555000000.0,0.0,30379000000.0,14691000000.0,15688000000.0,113280883870.0,919000000.0,-5606000000.0,-118000000.0,3638000000.0,-1004000000.0,2664000000.0,-10319000000.0,-4483000000.0,8681000000.0,-107000000.0,6135000000.0,6135000000.0,6135000000.0,0.0,0.0,0.229,11994000000.0,9062000000.0,775000000.0,0.164,3.678,18.465,18.5,2763000000.0,0.0,22.57,4.224,4.219,5585000000.0,16146000000.0,26820000000.0,26820000000.0,3254000000.0,0.108,0.217,0.454,0.335,529000000.0,5991000000.0,1.0,5019091000.0,5014000000,5073000000.0,5.349,31832000000.0,2426000000.0,2108000000.0,3119000000.0,6.349,12313000000.0
46,ORCL,MRT,2010-03-31,2010-02-28,2010-02-28,2021-09-13,246000000.0,59386000000.0,53408250000.0,23979000000.0,35407000000.0,0.453,5.678,-199000000.0,9331000000.0,9331000000.0,4702000000.0,5662000000.0,1.683,1.072,15718000000.0,4220000000.0,11498000000.0,15718000000.0,5389000000.0,2067000000.0,0.0,0.008,0.2,8634000000.0,10701000000.0,0.443,10701000000.0,8634000000.0,7922000000.0,1.12,1.11,1.12,28476000000.0,26810000000.0,28476000000.0,123359573000.0,14.0,11.528,7979000000.0,1.591,1.0,19475000000.0,0.806,30283000000.0,712000000.0,21239000000.0,17699750000.0,315000000.0,8158000000.0,8158000000.0,0.0,30535000000.0,14251000000.0,16284000000.0,123526573000.0,1120000000.0,-5561000000.0,-92000000.0,3712000000.0,-1003000000.0,2634000000.0,-10203000000.0,-4443000000.0,8178000000.0,511000000.0,5662000000.0,5662000000.0,5662000000.0,0.0,0.0,0.234,10829000000.0,8646000000.0,616000000.0,0.179,4.338,21.817,22.009,2869000000.0,0.0,24.65,5.109,5.113,3898000000.0,14257000000.0,24177000000.0,24177000000.0,2921000000.0,0.106,0.211,0.488,0.357,446000000.0,5494000000.0,1.0,5011220000.0,5015000000,5076000000.0,4.821,29103000000.0,978000000.0,2260000000.0,3614000000.0,5.803,9728000000.0
47,ORCL,MRT,2009-12-31,2009-11-30,2009-11-30,2021-09-13,461000000.0,53833000000.0,49799000000.0,25235000000.0,28598000000.0,0.466,5.495,-230000000.0,14919000000.0,14919000000.0,4394000000.0,5802000000.0,2.957,0.941,14752000000.0,1001000000.0,13751000000.0,14752000000.0,4395000000.0,1993000000.0,0.0,0.007,0.15,8830000000.0,10823000000.0,0.466,10823000000.0,8830000000.0,8150000000.0,1.15,1.14,1.15,27531000000.0,25460250000.0,27531000000.0,109316749440.0,12.0,10.1,8424000000.0,1.681,1.0,18832000000.0,0.811,25682000000.0,680000000.0,19450000000.0,15804500000.0,0.0,5865000000.0,5865000000.0,0.0,25918000000.0,8534000000.0,17384000000.0,110690749440.0,7566000000.0,-486000000.0,-1364000000.0,3461000000.0,-751000000.0,1349000000.0,-2981000000.0,-2265000000.0,8654000000.0,544000000.0,5802000000.0,5802000000.0,5802000000.0,0.0,0.0,0.25,10089000000.0,8743000000.0,255000000.0,0.13,4.021,19.078,19.2,1956000000.0,0.0,22.08,4.766,4.763,3086000000.0,13541000000.0,23226000000.0,23226000000.0,2775000000.0,0.117,0.228,0.559,0.38,402000000.0,5263000000.0,1.0,5013168000.0,5010000000,5064000000.0,4.636,28151000000.0,703000000.0,2348000000.0,2943000000.0,5.619,16701000000.0
48,ORCL,MRT,2009-09-30,2009-08-31,2009-08-31,2021-09-13,261000000.0,52998000000.0,47541250000.0,24445000000.0,28553000000.0,0.483,5.219,-261000000.0,16098000000.0,16098000000.0,4494000000.0,5640000000.0,2.669,1.014,14724000000.0,1001000000.0,13723000000.0,14724000000.0,5283000000.0,1991000000.0,0.0,0.005,0.1,8602000000.0,10593000000.0,0.461,10593000000.0,8602000000.0,7953000000.0,1.11,1.1,1.11,26143000000.0,24282750000.0,26143000000.0,110801192400.0,13.0,10.46,8492000000.0,1.695,1.0,18481000000.0,0.804,25753000000.0,649000000.0,16711000000.0,14451000000.0,0.0,4467000000.0,4467000000.0,0.0,26511000000.0,9160000000.0,17351000000.0,109558192400.0,7545000000.0,-843000000.0,-2989000000.0,3461000000.0,-501000000.0,-24000000.0,-1060000000.0,44000000.0,8753000000.0,-124000000.0,5640000000.0,5640000000.0,5640000000.0,0.0,0.0,0.245,9941000000.0,8540000000.0,260000000.0,0.09,4.191,19.425,19.712,1924000000.0,0.0,21.88,4.769,4.77,2584000000.0,12563000000.0,22975000000.0,22975000000.0,2718000000.0,0.119,0.232,0.595,0.374,391000000.0,5267000000.0,1.0,5007230000.0,5009000000,5063000000.0,4.587,27245000000.0,710000000.0,2313000000.0,2950000000.0,5.439,15285000000.0
49,ORCL,MRT,2009-06-30,2009-05-31,2009-05-31,2021-09-13,216000000.0,47416000000.0,46105000000.0,18581000000.0,28835000000.0,0.504,4.949,-529000000.0,8995000000.0,8995000000.0,4794000000.0,5593000000.0,2.031,0.876,10238000000.0,1001000000.0,9237000000.0,10238000000.0,4592000000.0,1976000000.0,0.0,0.003,0.05,8464000000.0,10440000000.0,0.449,10440000000.0,8464000000.0,7834000000.0,1.1,1.09,1.1,25090000000.0,23701000000.0,25090000000.0,100652080260.0,12.0,9.641,7726000000.0,1.524,1.0,18458000000.0,0.794,26111000000.0,630000000.0,13399000000.0,13842500000.0,0.0,3629000000.0,3629000000.0,0.0,21971000000.0,9149000000.0,12822000000.0,97625080260.0,733000000.0,-1159000000.0,-3212000000.0,-1004000000.0,-250000000.0,-4422000000.0,-2599000000.0,-911000000.0,8255000000.0,-501000000.0,5593000000.0,5593000000.0,5593000000.0,0.0,0.0,0.241,10137000000.0,8321000000.0,271000000.0,0.045,3.891,17.455,17.809,1922000000.0,0.0,19.59,4.199,4.272,4430000000.0,11894000000.0,23252000000.0,23252000000.0,2767000000.0,0.121,0.236,0.611,0.364,413000000.0,5423000000.0,1.0,4983414000.0,5070000000,5130000000.0,4.586,21305000000.0,661000000.0,2241000000.0,2903000000.0,4.202,9432000000.0
50,ORCL,MRT,2009-03-31,2009-02-28,2009-02-28,2021-09-13,-149000000.0,44949000000.0,46068000000.0,15611000000.0,29338000000.0,0.513,4.611,-539000000.0,8211000000.0,8211000000.0,4956000000.0,5739000000.0,1.958,0.948,11238000000.0,1002000000.0,10236000000.0,11238000000.0,3952000000.0,1885000000.0,0.0,0.0,0.0,8620000000.0,10505000000.0,0.445,10505000000.0,8620000000.0,8021000000.0,1.13,1.11,1.13,23077000000.0,23184750000.0,23077000000.0,82302590580.0,10.0,7.835,8003000000.0,1.599,1.0,18674000000.0,0.79,26346000000.0,599000000.0,13658000000.0,13949500000.0,0.0,3083000000.0,3083000000.0,0.0,21872000000.0,7972000000.0,13900000000.0,78417590580.0,-198000000.0,-8108000000.0,-3518000000.0,4969000000.0,0.0,1541000000.0,-9402000000.0,-755000000.0,8542000000.0,-879000000.0,5739000000.0,5739000000.0,5739000000.0,0.0,0.0,0.243,10268000000.0,8406000000.0,272000000.0,0.0,3.398,13.664,13.752,1914000000.0,0.0,15.54,3.319,3.291,3025000000.0,10468000000.0,23630000000.0,23630000000.0,2770000000.0,0.125,0.248,0.618,0.365,504000000.0,5610000000.0,1.0,5046177000.0,5005000000,5056000000.0,4.721,18603000000.0,635000000.0,2282000000.0,2744000000.0,3.717,7639000000.0
51,ORCL,MRT,2008-12-31,2008-11-30,2008-11-30,2021-09-13,-99000000.0,44802000000.0,44159750000.0,15138000000.0,29664000000.0,0.533,4.451,-333000000.0,7353000000.0,7353000000.0,5088000000.0,5750000000.0,1.901,0.963,11238000000.0,1002000000.0,10236000000.0,11238000000.0,3881000000.0,1741000000.0,0.0,0.0,0.0,8615000000.0,10356000000.0,0.44,10356000000.0,8615000000.0,8088000000.0,1.12,1.11,1.12,22821000000.0,22619250000.0,22821000000.0,85619229220.0,10.0,8.268,7756000000.0,1.513,1.0,18438000000.0,0.784,26688000000.0,527000000.0,14036000000.0,12843000000.0,0.0,3293000000.0,3293000000.0,0.0,21981000000.0,7963000000.0,14018000000.0,82935229220.0,620000000.0,-8057000000.0,-2367000000.0,4969000000.0,0.0,2897000000.0,-9796000000.0,-1406000000.0,8089000000.0,-570000000.0,5750000000.0,5750000000.0,5750000000.0,0.0,0.0,0.244,10097000000.0,8341000000.0,346000000.0,0.0,3.634,14.424,14.366,1907000000.0,0.0,16.09,3.525,3.506,3253000000.0,10177000000.0,23526000000.0,23526000000.0,2775000000.0,0.13,0.254,0.671,0.366,488000000.0,5653000000.0,1.0,5154458000.0,5127000000,5187000000.0,4.589,18114000000.0,634000000.0,2338000000.0,2742000000.0,3.533,7175000000.0
52,ORCL,MRT,2008-09-30,2008-08-31,2008-08-31,2021-09-13,395000000.0,47253000000.0,41872500000.0,17851000000.0,29402000000.0,0.555,4.623,-326000000.0,8553000000.0,8553000000.0,5130000000.0,5757000000.0,1.93,0.984,11237000000.0,1001000000.0,10236000000.0,11237000000.0,5017000000.0,1605000000.0,0.0,0.0,0.0,8536000000.0,10141000000.0,0.437,10141000000.0,8536000000.0,8077000000.0,1.12,1.11,1.12,23816000000.0,21737750000.0,23816000000.0,116041615060.0,14.0,11.443,7615000000.0,1.478,1.0,18102000000.0,0.779,26413000000.0,459000000.0,14277000000.0,11649750000.0,0.0,4468000000.0,4468000000.0,0.0,23437000000.0,9247000000.0,14190000000.0,113067615060.0,2098000000.0,-7492000000.0,-742000000.0,4968000000.0,0.0,4612000000.0,-10594000000.0,-2776000000.0,7941000000.0,139000000.0,5757000000.0,5757000000.0,5757000000.0,0.0,0.0,0.248,9954000000.0,8148000000.0,402000000.0,0.0,4.748,19.64,19.58,1886000000.0,0.0,21.93,4.867,4.863,3260000000.0,10593000000.0,23232000000.0,23232000000.0,2798000000.0,0.137,0.265,0.733,0.367,482000000.0,5634000000.0,1.0,5155842000.0,5152000000,5235000000.0,4.509,20840000000.0,905000000.0,2320000000.0,2852000000.0,4.045,8604000000.0
53,ORCL,MRT,2008-06-30,2008-05-31,2008-05-31,2021-09-13,618000000.0,47268000000.0,38638000000.0,18103000000.0,29165000000.0,0.581,4.486,-90000000.0,8262000000.0,8262000000.0,4981000000.0,5521000000.0,1.805,1.053,11236000000.0,1001000000.0,10235000000.0,11236000000.0,4492000000.0,1480000000.0,0.0,0.0,0.0,8228000000.0,9708000000.0,0.433,9708000000.0,8228000000.0,7834000000.0,1.08,1.06,1.08,23025000000.0,20230000000.0,23025000000.0,115489837144.0,14.0,11.896,7312000000.0,1.425,1.0,17449000000.0,0.778,26386000000.0,394000000.0,13827000000.0,10036000000.0,0.0,2781000000.0,2781000000.0,0.0,24243000000.0,10029000000.0,14214000000.0,117660837144.0,2044000000.0,-7643000000.0,-735000000.0,3611000000.0,0.0,3281000000.0,-9076000000.0,-1343000000.0,7402000000.0,437000000.0,5521000000.0,5521000000.0,5521000000.0,0.0,0.0,0.246,9605000000.0,7844000000.0,383000000.0,0.0,5.11,21.312,21.148,1688000000.0,0.0,22.84,5.246,5.227,5127000000.0,9961000000.0,22430000000.0,22430000000.0,2741000000.0,0.143,0.273,0.82,0.367,503000000.0,5487000000.0,1.0,5151525269.0,5133000000,5229000000.0,4.37,20882000000.0,853000000.0,2313000000.0,2784000000.0,4.068,8074000000.0
54,ORCL,MRT,2008-03-31,2008-02-29,2008-02-29,2021-09-13,600000000.0,37316000000.0,35464000000.0,15731000000.0,21585000000.0,0.593,4.043,-178000000.0,8409000000.0,8409000000.0,4799000000.0,5087000000.0,2.303,0.793,6238000000.0,1000000.0,6237000000.0,6238000000.0,3940000000.0,1389000000.0,0.0,0.0,0.0,7516000000.0,8905000000.0,0.424,8905000000.0,7516000000.0,7156000000.0,0.99,0.97,0.99,20815000000.0,18703500000.0,20815000000.0,96072849174.0,13.0,10.789,7144000000.0,1.388,1.0,16221000000.0,0.772,19083000000.0,360000000.0,9232000000.0,8358500000.0,0.0,2097000000.0,2097000000.0,0.0,16501000000.0,6830000000.0,9671000000.0,96567849174.0,3159000000.0,-3415000000.0,-1237000000.0,474000000.0,0.0,-354000000.0,-4306000000.0,-713000000.0,7322000000.0,497000000.0,5087000000.0,5087000000.0,5087000000.0,0.0,0.0,0.242,9066000000.0,7155000000.0,383000000.0,0.0,4.639,18.983,18.99,1570000000.0,0.0,18.8,4.594,4.604,3655000000.0,8368000000.0,21020000000.0,21020000000.0,2607000000.0,0.143,0.272,0.899,0.358,407000000.0,5223000000.0,1.0,5136587722.0,5148000000,5235000000.0,4.083,18233000000.0,1221000000.0,2069000000.0,2264000000.0,3.542,8901000000.0
55,ORCL,MRT,2007-12-31,2007-11-30,2007-11-30,2021-09-13,561000000.0,35653000000.0,33477250000.0,13558000000.0,22095000000.0,0.6,3.765,-367000000.0,6733000000.0,6733000000.0,4586000000.0,4780000000.0,2.07,0.848,6238000000.0,2000000.0,6236000000.0,6238000000.0,3840000000.0,1314000000.0,0.0,0.0,0.0,7045000000.0,8359000000.0,0.416,8359000000.0,7045000000.0,6685000000.0,0.93,0.91,0.93,19295000000.0,17447500000.0,19295000000.0,103131036769.0,15.0,12.338,6590000000.0,1.286,1.0,15499000000.0,0.772,19346000000.0,360000000.0,9263000000.0,7770500000.0,0.0,1699000000.0,1699000000.0,0.0,16358000000.0,6549000000.0,9809000000.0,103348036769.0,2049000000.0,-5168000000.0,-1984000000.0,307000000.0,0.0,-1435000000.0,-3817000000.0,1718000000.0,6957000000.0,344000000.0,4780000000.0,4780000000.0,4780000000.0,0.0,0.0,0.238,8825000000.0,6674000000.0,346000000.0,0.0,5.356,21.621,21.699,1655000000.0,0.0,20.18,5.146,5.149,3637000000.0,7478000000.0,20085000000.0,20085000000.0,2495000000.0,0.143,0.274,0.907,0.351,385000000.0,5076000000.0,1.0,5121310048.0,5125000000,5232000000.0,3.919,16307000000.0,1381000000.0,1905000000.0,2427000000.0,3.182,7009000000.0
56,ORCL,MRT,2007-09-30,2007-08-31,2007-08-31,2021-09-13,407000000.0,34315000000.0,31795750000.0,12173000000.0,22142000000.0,0.596,3.48,-355000000.0,6455000000.0,6455000000.0,4373000000.0,4444000000.0,1.791,0.929,6238000000.0,2000000.0,6236000000.0,6238000000.0,4391000000.0,1222000000.0,0.0,0.0,0.0,6577000000.0,7799000000.0,0.412,7799000000.0,6577000000.0,6224000000.0,0.87,0.84,0.87,17785000000.0,16502250000.0,17785000000.0,105067369573.0,16.0,13.472,6243000000.0,1.222,1.0,14562000000.0,0.769,19479000000.0,353000000.0,7822000000.0,7657000000.0,0.0,1288000000.0,1288000000.0,0.0,16530000000.0,6797000000.0,9733000000.0,103692369573.0,1009000000.0,-5326000000.0,-2452000000.0,307000000.0,0.0,-1883000000.0,-3877000000.0,1804000000.0,6598000000.0,171000000.0,4444000000.0,4444000000.0,4444000000.0,0.0,0.0,0.235,8313000000.0,6249000000.0,298000000.0,0.0,5.83,23.333,23.31,1633000000.0,0.0,20.28,5.476,5.473,3019000000.0,6619000000.0,18935000000.0,18935000000.0,2340000000.0,0.14,0.269,0.859,0.347,365000000.0,4860000000.0,1.0,5113035975.0,5110000000,5217000000.0,3.705,14836000000.0,1366000000.0,1780000000.0,2412000000.0,2.903,5376000000.0
57,ORCL,MRT,2007-06-30,2007-05-31,2007-05-31,2021-09-13,403000000.0,34572000000.0,30429000000.0,12883000000.0,21689000000.0,0.591,3.273,-317000000.0,6218000000.0,6218000000.0,4191000000.0,4274000000.0,1.372,1.043,7593000000.0,1358000000.0,6235000000.0,7593000000.0,3585000000.0,1127000000.0,0.0,0.0,0.0,6329000000.0,7456000000.0,0.414,7456000000.0,6329000000.0,5986000000.0,0.83,0.81,0.83,16919000000.0,15780750000.0,16919000000.0,100118918700.0,16.0,13.428,5203000000.0,1.006,1.0,13805000000.0,0.767,19443000000.0,343000000.0,7117000000.0,7561000000.0,0.0,802000000.0,802000000.0,0.0,17653000000.0,9387000000.0,8266000000.0,99629918700.0,-441000000.0,-5005000000.0,-3013000000.0,1661000000.0,0.0,-1139000000.0,-4971000000.0,351000000.0,5520000000.0,149000000.0,4274000000.0,4274000000.0,4274000000.0,0.0,0.0,0.237,7831000000.0,5974000000.0,315000000.0,0.0,5.889,23.311,23.349,1603000000.0,0.0,19.38,5.536,5.568,4589000000.0,6223000000.0,17996000000.0,17996000000.0,2195000000.0,0.14,0.271,0.837,0.352,286000000.0,4599000000.0,1.0,5140862678.0,5170000000,5269000000.0,3.481,15129000000.0,968000000.0,1712000000.0,2358000000.0,2.926,3496000000.0
58,ORCL,MRT,2007-03-31,2007-02-28,2007-02-28,2021-09-13,276000000.0,29369000000.0,29043250000.0,10664000000.0,18705000000.0,0.586,3.061,-256000000.0,5250000000.0,5250000000.0,3999000000.0,3970000000.0,1.685,0.86,5739000000.0,3000000.0,5736000000.0,5739000000.0,3035000000.0,1055000000.0,0.0,0.0,0.0,5931000000.0,6986000000.0,0.41,6986000000.0,5931000000.0,5601000000.0,0.77,0.75,0.77,15791000000.0,15304000000.0,15791000000.0,86362395616.0,15.0,12.362,4728000000.0,0.916,1.0,13020000000.0,0.765,16648000000.0,330000000.0,6880000000.0,7531000000.0,0.0,1195000000.0,1195000000.0,0.0,13578000000.0,6330000000.0,7248000000.0,85143395616.0,-1671000000.0,-2311000000.0,-3693000000.0,-364000000.0,0.0,-3899000000.0,-2911000000.0,-344000000.0,4984000000.0,155000000.0,3970000000.0,3970000000.0,3970000000.0,0.0,0.0,0.233,7469000000.0,5551000000.0,273000000.0,0.0,5.392,21.447,21.338,1465000000.0,0.0,16.43,5.003,4.98,3148000000.0,5511000000.0,17019000000.0,17019000000.0,2132000000.0,0.137,0.259,0.788,0.348,279000000.0,4380000000.0,1.0,5182190847.0,5159000000,5257000000.0,3.299,12721000000.0,785000000.0,1631000000.0,1419000000.0,2.466,4334000000.0
59,ORCL,MRT,2006-12-31,2006-11-30,2006-11-30,2021-09-13,273000000.0,28927000000.0,28817000000.0,11662000000.0,17265000000.0,0.558,2.993,-205000000.0,4684000000.0,4684000000.0,3759000000.0,3702000000.0,1.913,0.865,5903000000.0,168000000.0,5735000000.0,5903000000.0,2885000000.0,972000000.0,0.0,0.0,0.0,5570000000.0,6542000000.0,0.407,6542000000.0,5570000000.0,5273000000.0,0.72,0.69,0.72,15514000000.0,15117000000.0,15514000000.0,99430772880.0,18.0,15.199,4446000000.0,0.858,1.0,12316000000.0,0.766,15241000000.0,297000000.0,8809000000.0,7556250000.0,0.0,3141000000.0,3141000000.0,0.0,13413000000.0,6096000000.0,7317000000.0,98973772880.0,1847000000.0,-3943000000.0,-2726000000.0,4796000000.0,0.0,2184000000.0,-5174000000.0,-1026000000.0,4651000000.0,186000000.0,3702000000.0,3702000000.0,3702000000.0,0.0,0.0,0.23,7107000000.0,5209000000.0,284000000.0,0.0,6.38,26.735,26.458,1446000000.0,0.0,19.05,6.157,6.143,2836000000.0,5367000000.0,16075000000.0,16075000000.0,2029000000.0,0.128,0.245,0.737,0.347,276000000.0,4140000000.0,1.0,5195473642.0,5184000000,5287000000.0,3.101,13686000000.0,706000000.0,1571000000.0,1208000000.0,2.64,5566000000.0
60,ORCL,MRT,2006-09-30,2006-08-31,2006-08-31,2021-09-13,242000000.0,28848000000.0,26421750000.0,11691000000.0,17157000000.0,0.575,2.856,-163000000.0,5446000000.0,5446000000.0,3491000000.0,3533000000.0,1.745,0.936,5903000000.0,166000000.0,5737000000.0,5903000000.0,3383000000.0,883000000.0,0.0,0.0,0.0,5272000000.0,6155000000.0,0.405,6155000000.0,5272000000.0,5041000000.0,0.68,0.66,0.68,14899000000.0,14267250000.0,14899000000.0,81267236885.0,15.0,13.203,4543000000.0,0.871,1.0,11713000000.0,0.77,15169000000.0,231000000.0,7438000000.0,5697500000.0,0.0,2852000000.0,2852000000.0,0.0,13949000000.0,6698000000.0,7251000000.0,82032236885.0,1656000000.0,-3869000000.0,-2117000000.0,4176000000.0,0.0,2048000000.0,-5166000000.0,-1134000000.0,4706000000.0,68000000.0,3533000000.0,3533000000.0,3533000000.0,0.0,0.0,0.232,6745000000.0,4968000000.0,223000000.0,0.0,5.506,23.219,23.029,1437000000.0,0.0,15.66,5.395,5.373,2347000000.0,5295000000.0,15204000000.0,15204000000.0,1978000000.0,0.134,0.248,0.925,0.347,237000000.0,3870000000.0,1.0,5238329303.0,5217000000,5307000000.0,2.914,13679000000.0,725000000.0,1508000000.0,1432000000.0,2.622,4993000000.0
61,ORCL,MRT,2006-06-30,2006-05-31,2006-05-31,2021-09-13,258000000.0,29029000000.0,24108750000.0,11974000000.0,17055000000.0,0.596,2.889,-96000000.0,6659000000.0,6659000000.0,3235000000.0,3381000000.0,1.728,0.934,5894000000.0,159000000.0,5735000000.0,5894000000.0,2944000000.0,806000000.0,0.0,0.0,0.0,4979000000.0,5785000000.0,0.402,5785000000.0,4979000000.0,4810000000.0,0.65,0.64,0.65,15012000000.0,13375250000.0,15012000000.0,75019910178.0,15.0,12.968,4445000000.0,0.855,1.0,11145000000.0,0.775,14337000000.0,169000000.0,6997000000.0,3933750000.0,0.0,946000000.0,946000000.0,0.0,14017000000.0,6930000000.0,7087000000.0,75858910178.0,2765000000.0,-3953000000.0,-1435000000.0,3001000000.0,0.0,1527000000.0,-3359000000.0,690000000.0,4541000000.0,56000000.0,3381000000.0,3381000000.0,3381000000.0,0.0,0.0,0.235,6409000000.0,4736000000.0,268000000.0,0.0,5.053,22.437,21.877,1391000000.0,0.0,14.22,5.275,5.138,3420000000.0,5538000000.0,14380000000.0,14380000000.0,1872000000.0,0.14,0.253,1.266,0.346,211000000.0,3732000000.0,1.0,5334663163.0,5196000000,5287000000.0,2.768,14692000000.0,714000000.0,1429000000.0,1374000000.0,2.828,5044000000.0
62,ORCL,MRT,2006-03-31,2006-02-28,2006-02-28,2021-09-13,219000000.0,28464000000.0,22023250000.0,11199000000.0,17265000000.0,0.609,2.889,-59000000.0,6921000000.0,6921000000.0,3060000000.0,3104000000.0,1.909,0.892,6082000000.0,341000000.0,5741000000.0,6082000000.0,2578000000.0,744000000.0,0.0,0.0,0.0,4473000000.0,5217000000.0,0.389,5217000000.0,4473000000.0,4321000000.0,0.6,0.58,0.6,15043000000.0,12331500000.0,15043000000.0,62338354636.0,14.0,11.949,3798000000.0,0.729,1.0,10348000000.0,0.772,14778000000.0,152000000.0,6981000000.0,2486000000.0,0.0,843000000.0,843000000.0,0.0,13421000000.0,5866000000.0,7555000000.0,64112354636.0,-300000000.0,-4696000000.0,-3000000.0,-1335000000.0,0.0,-1377000000.0,-2650000000.0,2100000000.0,3857000000.0,-130000000.0,3104000000.0,3104000000.0,3104000000.0,0.0,0.0,0.232,6061000000.0,4287000000.0,233000000.0,0.0,4.262,20.655,20.7,1375000000.0,0.0,12.42,4.782,4.823,2465000000.0,5828000000.0,13408000000.0,13408000000.0,1792000000.0,0.141,0.252,1.799,0.334,324000000.0,3445000000.0,1.0,5162025333.0,5207000000,5304000000.0,2.575,13686000000.0,778000000.0,1217000000.0,1477000000.0,2.628,5333000000.0
63,ORCL,MRT,2005-12-31,2005-11-30,2005-11-30,2021-09-13,194000000.0,19346000000.0,20849000000.0,6266000000.0,13080000000.0,0.618,2.352,-93000000.0,2837000000.0,2837000000.0,2986000000.0,2879000000.0,1.126,0.597,1063000000.0,907000000.0,156000000.0,1063000000.0,2272000000.0,679000000.0,0.0,0.0,0.0,4175000000.0,4854000000.0,0.377,4854000000.0,4175000000.0,4014000000.0,0.56,0.54,0.56,12115000000.0,11038250000.0,12115000000.0,62801983660.0,15.0,12.938,3416000000.0,0.663,1.0,9902000000.0,0.768,10635000000.0,161000000.0,1374000000.0,1174000000.0,0.0,566000000.0,566000000.0,0.0,7231000000.0,5563000000.0,1668000000.0,64912983660.0,-3068000000.0,-11154000000.0,104000000.0,872000000.0,0.0,935000000.0,-7397000000.0,3846000000.0,3509000000.0,-115000000.0,2879000000.0,2879000000.0,2879000000.0,0.0,0.0,0.223,5897000000.0,4005000000.0,240000000.0,0.0,5.358,22.547,22.5,1366000000.0,0.0,12.6,5.037,5.037,2205000000.0,5063000000.0,12888000000.0,12888000000.0,1736000000.0,0.138,0.261,3.556,0.324,281000000.0,3357000000.0,1.0,5151824100.0,5152000000,5238000000.0,2.502,8711000000.0,522000000.0,1135000000.0,1617000000.0,1.691,703000000.0
64,ORCL,MRT,2005-09-30,2005-08-31,2005-08-31,2021-09-13,242000000.0,19596000000.0,19296750000.0,7189000000.0,12407000000.0,0.64,2.201,-136000000.0,3790000000.0,3790000000.0,2819000000.0,2896000000.0,1.098,0.729,1679000000.0,1522000000.0,157000000.0,1679000000.0,2738000000.0,552000000.0,0.0,0.0,0.0,4197000000.0,4749000000.0,0.384,4749000000.0,4197000000.0,4046000000.0,0.57,0.55,0.57,11331000000.0,10159250000.0,11331000000.0,65813813418.0,16.0,13.858,3460000000.0,0.672,1.0,9533000000.0,0.772,10555000000.0,151000000.0,383000000.0,1685250000.0,0.0,842000000.0,842000000.0,0.0,8265000000.0,6547000000.0,1718000000.0,66855813418.0,441000000.0,-10965000000.0,-323000000.0,1493000000.0,0.0,1129000000.0,-4349000000.0,6750000000.0,3596000000.0,65000000.0,2896000000.0,2896000000.0,2896000000.0,0.0,0.0,0.234,5513000000.0,4020000000.0,228000000.0,0.0,5.9,23.086,22.789,1404000000.0,0.0,12.99,5.413,5.414,1847000000.0,4334000000.0,12352000000.0,12352000000.0,1588000000.0,0.15,0.285,2.49,0.34,245000000.0,3227000000.0,1.0,5146713889.0,5148000000,5244000000.0,2.399,9041000000.0,508000000.0,1150000000.0,1690000000.0,1.756,642000000.0
65,ORCL,MRT,2005-06-30,2005-05-31,2005-05-31,2021-09-13,243000000.0,20687000000.0,17569750000.0,8448000000.0,12239000000.0,0.672,2.11,-188000000.0,3894000000.0,3894000000.0,2651000000.0,2886000000.0,1.048,0.909,2852000000.0,2693000000.0,159000000.0,2852000000.0,2415000000.0,425000000.0,0.0,0.0,0.0,4186000000.0,4611000000.0,0.391,4611000000.0,4186000000.0,4051000000.0,0.56,0.55,0.56,10837000000.0,9330500000.0,10837000000.0,65956677120.0,16.0,14.304,3364000000.0,0.655,1.0,9148000000.0,0.775,10376000000.0,135000000.0,1206000000.0,2905500000.0,0.0,877000000.0,877000000.0,0.0,9850000000.0,8063000000.0,1787000000.0,65809677120.0,-244000000.0,-10656000000.0,-747000000.0,2675000000.0,0.0,1884000000.0,-5753000000.0,5091000000.0,3552000000.0,73000000.0,2886000000.0,2886000000.0,2886000000.0,0.0,0.0,0.245,5126000000.0,4022000000.0,230000000.0,0.0,6.073,22.803,22.857,1442000000.0,0.0,12.8,5.578,5.572,2900000000.0,4043000000.0,11799000000.0,11799000000.0,1491000000.0,0.164,0.309,1.441,0.355,202000000.0,3061000000.0,1.0,5141381025.0,5136000000,5231000000.0,2.297,10311000000.0,486000000.0,1165000000.0,1914000000.0,2.008,385000000.0
66,ORCL,MRT,2005-03-31,2005-02-28,2005-02-28,2021-09-13,322000000.0,23767000000.0,15588750000.0,11921000000.0,11846000000.0,0.705,1.927,-195000000.0,7221000000.0,7221000000.0,2434000000.0,2854000000.0,0.974,1.408,7368000000.0,7209000000.0,159000000.0,7368000000.0,2036000000.0,294000000.0,0.0,0.0,0.0,4155000000.0,4449000000.0,0.405,4449000000.0,4155000000.0,4082000000.0,0.56,0.54,0.56,9870000000.0,8620000000.0,9870000000.0,61928009339.0,15.0,13.92,3380000000.0,0.66,1.0,8563000000.0,0.779,9944000000.0,73000000.0,1733000000.0,3715250000.0,0.0,1911000000.0,1911000000.0,0.0,13897000000.0,12237000000.0,1660000000.0,67662009339.0,3029000000.0,-9901000000.0,-1094000000.0,7206000000.0,0.0,6068000000.0,-6690000000.0,3403000000.0,3575000000.0,76000000.0,2854000000.0,2854000000.0,2854000000.0,0.0,0.0,0.26,4540000000.0,4023000000.0,307000000.0,0.0,6.855,23.708,23.125,1471000000.0,0.0,12.95,6.153,6.032,2100000000.0,3245000000.0,10997000000.0,10997000000.0,1354000000.0,0.183,0.331,1.118,0.378,11000000.0,2861000000.0,1.0,5224865586.0,5122000000,5230000000.0,2.147,13823000000.0,344000000.0,1228000000.0,1709000000.0,2.699,-316000000.0
67,ORCL,MRT,2004-12-31,2004-11-30,2004-11-30,2021-09-13,316000000.0,13137000000.0,12575750000.0,11573000000.0,1564000000.0,0.839,1.679,-178000000.0,5905000000.0,5905000000.0,2300000000.0,2949000000.0,2.905,0.528,171000000.0,9000000.0,162000000.0,171000000.0,1497000000.0,218000000.0,0.0,0.0,0.0,4277000000.0,4495000000.0,0.426,4495000000.0,4277000000.0,4258000000.0,0.57,0.56,0.57,8599000000.0,8004000000.0,8599000000.0,62159652827.0,15.0,13.829,3208000000.0,0.626,1.0,8256000000.0,0.782,0.0,19000000.0,3419000000.0,4211250000.0,0.0,3531000000.0,3531000000.0,0.0,4538000000.0,3984000000.0,554000000.0,65336652827.0,1732000000.0,-21000000.0,-1852000000.0,-144000000.0,0.0,-2032000000.0,236000000.0,431000000.0,3386000000.0,142000000.0,2949000000.0,2949000000.0,2949000000.0,0.0,0.0,0.279,4076000000.0,4180000000.0,260000000.0,0.0,7.598,22.156,22.351,1084000000.0,0.0,12.74,6.19,6.183,1744000000.0,2705000000.0,10556000000.0,10556000000.0,1265000000.0,0.234,0.368,1.016,0.405,0.0,2702000000.0,1.0,5128465685.0,5123000000,5218000000.0,2.061,13137000000.0,379000000.0,1309000000.0,921000000.0,2.564,7589000000.0
68,ORCL,MRT,2004-09-30,2004-08-31,2004-08-31,2021-09-13,158000000.0,12688000000.0,12235750000.0,11277000000.0,1411000000.0,0.842,1.555,-147000000.0,3349000000.0,3349000000.0,2308000000.0,2751000000.0,2.655,0.583,172000000.0,9000000.0,163000000.0,172000000.0,1782000000.0,226000000.0,0.0,0.0,0.0,4033000000.0,4259000000.0,0.414,4259000000.0,4033000000.0,4020000000.0,0.53,0.52,0.53,8016000000.0,7654000000.0,8016000000.0,47586655404.0,12.0,11.173,3190000000.0,0.619,1.0,7990000000.0,0.776,0.0,13000000.0,5264000000.0,4279500000.0,0.0,6096000000.0,6096000000.0,0.0,4672000000.0,4247000000.0,425000000.0,51552655404.0,-891000000.0,-21000000.0,-1502000000.0,-144000000.0,0.0,-1682000000.0,-2716000000.0,-2558000000.0,3337000000.0,170000000.0,2751000000.0,2751000000.0,2751000000.0,0.0,0.0,0.267,4026000000.0,3964000000.0,222000000.0,0.0,6.431,18.74,18.811,1057000000.0,0.0,9.97,5.006,4.99,1410000000.0,2398000000.0,10298000000.0,10298000000.0,1268000000.0,0.225,0.359,0.942,0.392,0.0,2679000000.0,1.0,5170777874.0,5154000000,5241000000.0,1.998,12688000000.0,357000000.0,1269000000.0,968000000.0,2.462,7030000000.0
69,ORCL,MRT,2004-06-30,2004-05-31,2004-05-31,2021-09-13,156000000.0,12763000000.0,11867500000.0,11336000000.0,1427000000.0,0.856,1.533,-189000000.0,4138000000.0,4138000000.0,2317000000.0,2681000000.0,2.654,0.596,172000000.0,9000000.0,163000000.0,172000000.0,1540000000.0,234000000.0,0.0,0.0,0.0,3966000000.0,4200000000.0,0.414,4200000000.0,3966000000.0,3945000000.0,0.51,0.5,0.51,7995000000.0,7275500000.0,7995000000.0,55200863303.0,14.0,13.143,3006000000.0,0.576,1.0,7839000000.0,0.772,80000000.0,21000000.0,4445000000.0,3680500000.0,0.0,4449000000.0,4449000000.0,0.0,4768000000.0,4272000000.0,496000000.0,59222863303.0,-599000000.0,-21000000.0,-1145000000.0,-144000000.0,0.0,-1320000000.0,-2548000000.0,-2338000000.0,3195000000.0,74000000.0,2681000000.0,2681000000.0,2681000000.0,0.0,0.0,0.264,3975000000.0,3864000000.0,191000000.0,0.0,7.407,22.09,22.353,1068000000.0,0.0,11.4,5.831,5.854,2334000000.0,2383000000.0,10156000000.0,10156000000.0,1254000000.0,0.226,0.368,1.078,0.391,0.0,2631000000.0,1.0,5194988009.0,5215000000,5326000000.0,1.947,12683000000.0,393000000.0,1264000000.0,1009000000.0,2.432,7064000000.0
70,ORCL,MRT,2004-03-31,2004-02-29,2004-02-29,2021-09-13,249000000.0,11715000000.0,11418500000.0,10234000000.0,1481000000.0,0.868,1.419,-347000000.0,4192000000.0,4192000000.0,2323000000.0,2550000000.0,2.736,0.582,170000000.0,0.0,170000000.0,170000000.0,1355000000.0,207000000.0,0.0,0.0,0.0,3821000000.0,4028000000.0,0.406,4028000000.0,3821000000.0,3801000000.0,0.49,0.48,0.49,7406000000.0,6856750000.0,7406000000.0,63427042373.0,17.0,15.747,2683000000.0,0.514,1.0,7588000000.0,0.766,236000000.0,20000000.0,3717000000.0,3169250000.0,0.0,3826000000.0,3826000000.0,0.0,4309000000.0,3740000000.0,569000000.0,67279042373.0,104000000.0,-58000000.0,-1087000000.0,-141000000.0,0.0,-1286000000.0,-1864000000.0,-1518000000.0,3030000000.0,224000000.0,2550000000.0,2550000000.0,2550000000.0,0.0,0.0,0.257,3859000000.0,3729000000.0,188000000.0,0.0,9.084,26.384,26.265,1080000000.0,0.0,12.87,6.788,6.776,1770000000.0,1828000000.0,9911000000.0,9911000000.0,1220000000.0,0.223,0.372,1.206,0.386,0.0,2573000000.0,1.0,5227586820.0,5218000000,5337000000.0,1.899,11479000000.0,498000000.0,1251000000.0,866000000.0,2.2,6494000000.0
71,ORCL,MRT,2003-12-31,2003-11-30,2003-11-30,2021-09-13,139000000.0,11777000000.0,10976750000.0,10307000000.0,1470000000.0,0.885,1.378,-319000000.0,4173000000.0,4173000000.0,2315000000.0,2486000000.0,2.578,0.636,321000000.0,152000000.0,169000000.0,321000000.0,1349000000.0,241000000.0,0.0,0.0,0.0,3699000000.0,3940000000.0,0.406,3940000000.0,3699000000.0,3683000000.0,0.48,0.47,0.48,7199000000.0,6401250000.0,7199000000.0,58904283898.0,16.0,14.95,2870000000.0,0.549,1.0,7394000000.0,0.762,235000000.0,16000000.0,3692000000.0,2739750000.0,0.0,3901000000.0,3901000000.0,0.0,4578000000.0,3998000000.0,580000000.0,62824283898.0,1160000000.0,-46000000.0,-960000000.0,9000000.0,0.0,-999000000.0,-1203000000.0,-901000000.0,3189000000.0,173000000.0,2486000000.0,2486000000.0,2486000000.0,0.0,0.0,0.256,3796000000.0,3598000000.0,212000000.0,0.0,8.727,25.271,25.042,1073000000.0,0.0,12.02,6.471,6.47,1756000000.0,1780000000.0,9709000000.0,9709000000.0,1199000000.0,0.226,0.388,1.35,0.381,0.0,2554000000.0,1.0,5226645915.0,5226000000,5337000000.0,1.858,11542000000.0,523000000.0,1197000000.0,1109000000.0,2.209,6309000000.0
72,ORCL,MRT,2003-09-30,2003-08-31,2003-08-31,2021-09-13,9000000.0,11215000000.0,10470500000.0,9413000000.0,1802000000.0,0.909,1.243,-324000000.0,4240000000.0,4240000000.0,2316000000.0,2404000000.0,2.249,0.725,320000000.0,152000000.0,168000000.0,320000000.0,1603000000.0,263000000.0,0.0,0.0,0.0,3583000000.0,3846000000.0,0.404,3846000000.0,3583000000.0,3567000000.0,0.46,0.45,0.46,6502000000.0,5926000000.0,6502000000.0,62740305319.0,18.0,16.313,2780000000.0,0.532,1.0,7204000000.0,0.757,241000000.0,16000000.0,2868000000.0,2547750000.0,0.0,3447000000.0,3164000000.0,283000000.0,4713000000.0,4186000000.0,527000000.0,67149305319.0,365000000.0,-46000000.0,-1718000000.0,9000000.0,0.0,-1923000000.0,-867000000.0,-582000000.0,3104000000.0,51000000.0,2404000000.0,2404000000.0,2404000000.0,0.0,0.0,0.253,3727000000.0,3477000000.0,225000000.0,0.0,10.327,27.932,27.891,1081000000.0,0.0,12.83,7.053,7.048,1530000000.0,1347000000.0,9520000000.0,9520000000.0,1171000000.0,0.23,0.406,1.406,0.376,0.0,2513000000.0,1.0,5233772823.0,5230000000,5347000000.0,1.82,10974000000.0,568000000.0,1163000000.0,1136000000.0,2.098,5227000000.0
73,ORCL,MRT,2003-06-30,2003-05-31,2003-05-31,2021-09-13,127000000.0,10967000000.0,10269750000.0,9227000000.0,1740000000.0,0.923,1.192,-291000000.0,4737000000.0,4737000000.0,2342000000.0,2307000000.0,2.219,0.735,328000000.0,153000000.0,175000000.0,328000000.0,1409000000.0,286000000.0,0.0,0.0,0.0,3441000000.0,3727000000.0,0.393,3727000000.0,3441000000.0,3425000000.0,0.44,0.43,0.44,6320000000.0,5734250000.0,6320000000.0,64438382930.0,19.0,17.29,2759000000.0,0.52,1.0,7133000000.0,0.753,0.0,16000000.0,2400000000.0,2443500000.0,0.0,2015000000.0,1782000000.0,233000000.0,4647000000.0,4158000000.0,489000000.0,68211382930.0,1642000000.0,-46000000.0,-2297000000.0,9000000.0,0.0,-2481000000.0,895000000.0,1229000000.0,3050000000.0,178000000.0,2307000000.0,2307000000.0,2307000000.0,0.0,0.0,0.243,3693000000.0,3440000000.0,228000000.0,0.0,10.793,29.567,29.568,1062000000.0,0.0,13.01,7.199,7.28,2221000000.0,1092000000.0,9475000000.0,9475000000.0,1159000000.0,0.225,0.402,1.408,0.363,0.0,2491000000.0,1.0,5242996382.0,5302000000,5418000000.0,1.787,10967000000.0,481000000.0,1118000000.0,980000000.0,2.068,5069000000.0
74,ORCL,MRT,2003-03-31,2003-02-28,2003-02-28,2021-09-13,6000000.0,9948000000.0,10228000000.0,8244000000.0,1704000000.0,0.921,1.062,-167000000.0,4088000000.0,4088000000.0,2331000000.0,2105000000.0,2.159,0.782,315000000.0,153000000.0,162000000.0,315000000.0,1225000000.0,387000000.0,0.0,0.0,0.0,3166000000.0,3553000000.0,0.377,3553000000.0,3166000000.0,3146000000.0,0.39,0.39,0.39,5584000000.0,5683500000.0,5584000000.0,60318601036.0,19.0,16.977,3007000000.0,0.572,1.0,7087000000.0,0.752,357000000.0,20000000.0,1999000000.0,2742750000.0,0.0,2176000000.0,1952000000.0,224000000.0,4364000000.0,3819000000.0,545000000.0,63018601036.0,629000000.0,0.0,-2622000000.0,-4000000.0,0.0,-2792000000.0,56000000.0,327000000.0,3174000000.0,191000000.0,2105000000.0,2105000000.0,2105000000.0,0.0,0.0,0.224,3691000000.0,3396000000.0,223000000.0,0.0,11.286,29.938,30.667,899000000.0,0.0,11.96,6.691,6.678,1639000000.0,657000000.0,9418000000.0,9418000000.0,1164000000.0,0.206,0.37,1.154,0.336,0.0,2527000000.0,1.0,5269113799.0,5259000000,5383000000.0,1.791,9591000000.0,685000000.0,1041000000.0,1204000000.0,1.824,4425000000.0
75,ORCL,MRT,2002-12-31,2002-11-30,2002-11-30,2021-09-13,-84000000.0,9752000000.0,10334730500.0,7788000000.0,1964000000.0,0.906,0.998,-193000000.0,3013000000.0,3013000000.0,2329000000.0,2042000000.0,2.072,0.841,313000000.0,0.0,313000000.0,313000000.0,1248000000.0,368000000.0,0.0,0.0,0.0,3119000000.0,3487000000.0,0.372,3487000000.0,3119000000.0,3099000000.0,0.37,0.37,0.37,5298000000.0,5784925250.0,5298000000.0,61510604479.0,20.0,17.64,2901000000.0,0.546,1.0,7036000000.0,0.751,369000000.0,20000000.0,2924000000.0,3156515000.0,0.0,2882000000.0,2468000000.0,414000000.0,4454000000.0,3759000000.0,695000000.0,65074604479.0,545000000.0,0.0,-2352000000.0,-3000000.0,0.0,-2521000000.0,-87000000.0,196000000.0,3094000000.0,59000000.0,2042000000.0,2042000000.0,2042000000.0,0.0,0.0,0.218,3657000000.0,3379000000.0,216000000.0,0.0,12.283,31.868,32.838,949000000.0,0.0,12.15,6.949,6.888,1734000000.0,540000000.0,9365000000.0,9365000000.0,1146000000.0,0.198,0.353,0.988,0.333,0.0,2511000000.0,1.0,5355934525.0,5309000000,5420000000.0,1.764,9383000000.0,680000000.0,1057000000.0,1278000000.0,1.767,4029000000.0
76,ORCL,MRT,2002-09-30,2002-08-31,2002-08-31,2021-09-13,-100000000.0,10412000000.0,10468095500.0,8544000000.0,1868000000.0,0.901,1.062,-209000000.0,3875000000.0,3875000000.0,2363000000.0,2056000000.0,2.146,0.816,311000000.0,0.0,311000000.0,311000000.0,1514000000.0,366000000.0,0.0,0.0,0.0,3164000000.0,3530000000.0,0.374,3530000000.0,3164000000.0,3144000000.0,0.37,0.37,0.37,5735000000.0,5886708250.0,5735000000.0,49307321186.0,16.0,13.968,2879000000.0,0.533,1.0,7073000000.0,0.75,415000000.0,20000000.0,2451000000.0,3522318500.0,0.0,2781000000.0,2544000000.0,237000000.0,4677000000.0,3982000000.0,695000000.0,52104321186.0,-41000000.0,0.0,-2484000000.0,-5000000.0,0.0,-2489000000.0,-654000000.0,-321000000.0,3088000000.0,14000000.0,2056000000.0,2056000000.0,2056000000.0,0.0,0.0,0.218,3668000000.0,3405000000.0,222000000.0,0.0,9.085,25.343,25.919,973000000.0,0.0,9.59,5.522,5.487,1549000000.0,853000000.0,9436000000.0,9436000000.0,1108000000.0,0.196,0.349,0.898,0.335,0.0,2560000000.0,1.0,5433193033.0,5399000000,5515000000.0,1.748,9997000000.0,691000000.0,1088000000.0,1316000000.0,1.852,4562000000.0
77,ORCL,MRT,2002-06-30,2002-05-31,2002-05-31,2021-09-13,-122000000.0,10800000000.0,10661580500.0,8728000000.0,2072000000.0,0.907,1.109,-278000000.0,3095000000.0,3095000000.0,2406000000.0,2224000000.0,2.204,0.766,298000000.0,0.0,298000000.0,298000000.0,1241000000.0,363000000.0,0.0,0.0,0.0,3428000000.0,3791000000.0,0.392,3791000000.0,3428000000.0,3408000000.0,0.4,0.39,0.4,6117000000.0,6007789000.0,6117000000.0,40224373043.0,12.0,10.61,2857000000.0,0.518,1.0,7267000000.0,0.751,446000000.0,20000000.0,3597000000.0,3561639000.0,0.0,3152000000.0,2746000000.0,406000000.0,4683000000.0,3960000000.0,723000000.0,43380615043.0,-1354000000.0,0.0,-2460000000.0,-5000000.0,0.0,-2465000000.0,-2030000000.0,-1703000000.0,3135000000.0,6000000.0,2224000000.0,2224000000.0,2224000000.0,0.0,0.0,0.23,3696000000.0,3571000000.0,228000000.0,0.0,7.092,19.506,19.75,987000000.0,0.0,7.9,4.485,4.507,2329000000.0,1210000000.0,9673000000.0,9673000000.0,1076000000.0,0.209,0.37,0.962,0.354,0.0,2620000000.0,1.0,5491217094.0,5518000000,5689000000.0,1.753,10354000000.0,685000000.0,1184000000.0,1450000000.0,1.876,4768000000.0
78,ORCL,MRT,2002-03-31,2002-02-28,2002-02-28,2021-09-13,-218421000.0,10374922000.0,10719080500.0,8021996000.0,2352926000.0,0.958,1.091,-295311000.0,3459191000.0,3459191000.0,2657510000.0,2422798000.0,2.25,0.732,302949000.0,2059000.0,300890000.0,302949000.0,1013778000.0,373601000.0,0.0,0.0,0.0,3762445000.0,4136046000.0,0.403,4136046000.0,3762445000.0,3738445000.0,0.44,0.43,0.44,5989701000.0,6047789000.0,5989701000.0,89197543535.0,24.0,21.566,3243798000.0,0.591,1.0,7606702000.0,0.741,0.0,24000000.0,3654060000.0,3225389000.0,0.0,2481558000.0,2151783000.0,329775000.0,4385221000.0,3564620000.0,820601000.0,91363089535.0,-670132000.0,0.0,-2278087000.0,-996000.0,0.0,-2279083000.0,-1826419000.0,-1594880000.0,3539109000.0,-103739000.0,2422798000.0,2422798000.0,2422798000.0,0.0,0.0,0.236,3966867000.0,3639835000.0,238297000.0,0.0,15.253,37.71,37.773,984766000.0,0.0,16.62,8.901,8.893,1831527000.0,1235324000.0,10264212000.0,10264212000.0,1113238000.0,0.226,0.401,1.167,0.367,0.0,2853629000.0,1.0,5497177469.0,5492000000,5669000000.0,1.869,10374922000.0,854092000.0,1315647000.0,1360271000.0,1.889,4457376000.0
79,ORCL,MRT,2001-12-31,2001-11-30,2001-11-30,2021-09-13,-152170000.0,10285460000.0,10488035000.0,7586646000.0,2698814000.0,1.019,1.032,-319003000.0,2467515000.0,2467515000.0,2794124000.0,2497511000.0,2.032,0.803,301969000.0,1238000.0,300731000.0,301969000.0,1084715000.0,367761000.0,0.0,0.0,0.0,3883876000.0,4251637000.0,0.398,4251637000.0,3883876000.0,3859876000.0,0.45,0.44,0.45,5705132000.0,5881381750.0,5705132000.0,74419030921.0,19.0,17.504,3580833000.0,0.648,1.0,7890455000.0,0.738,0.0,24000000.0,4387214000.0,2698219750.0,0.0,3072484000.0,2492013000.0,580471000.0,4580328000.0,3732700000.0,847628000.0,78030210921.0,-1697484000.0,0.0,-2395004000.0,-1836000.0,0.0,-2396840000.0,-3133411000.0,-2757048000.0,3899836000.0,-67069000.0,2497511000.0,2497511000.0,2497511000.0,0.0,0.0,0.234,4151497000.0,3738958000.0,265725000.0,0.0,13.677,31.243,31.178,1009371000.0,0.0,14.03,7.303,7.259,2027384000.0,910420000.0,10684579000.0,10684579000.0,1131693000.0,0.238,0.425,1.439,0.364,0.0,3019804000.0,1.0,5561668633.0,5528000000,5696000000.0,1.933,10285460000.0,847538000.0,1362365000.0,1422266000.0,1.861,3853946000.0
80,ORCL,MRT,2001-09-30,2001-08-31,2001-08-31,2021-09-13,-16059000.0,11185940000.0,10147611750.0,8577294000.0,2608646000.0,1.08,1.115,-351603000.0,3915579000.0,3915579000.0,2856122000.0,2571323000.0,2.109,0.799,304399000.0,3527000.0,300872000.0,304399000.0,1367240000.0,353840000.0,0.0,0.0,0.0,4004757000.0,4358597000.0,0.398,4358597000.0,4004757000.0,3980757000.0,0.46,0.45,0.46,6219323000.0,5686714500.0,6219323000.0,64214683410.0,16.0,14.733,3911204000.0,0.701,1.0,8108003000.0,0.74,899758000.0,24000000.0,2608282000.0,1865157250.0,0.0,2421396000.0,2135852000.0,285544000.0,4966617000.0,4066720000.0,899897000.0,68360153410.0,-920891000.0,0.0,-2654699000.0,-2924000.0,0.0,-2657623000.0,-2452474000.0,-2016569000.0,4262807000.0,-73601000.0,2571323000.0,2571323000.0,2571323000.0,0.0,0.0,0.235,4243044000.0,3864959000.0,236782000.0,0.0,10.992,26.586,26.543,1026713000.0,0.0,12.21,6.235,6.214,1963258000.0,1400483000.0,10964125000.0,10964125000.0,1140973000.0,0.253,0.452,2.147,0.365,0.0,3102071000.0,1.0,5598702163.0,5580000000,5780000000.0,1.965,10286182000.0,847801000.0,1409434000.0,1544897000.0,1.843,4510574000.0
81,ORCL,MRT,2001-06-30,2001-05-31,2001-05-31,2021-09-13,-154000000.0,11030000000.0,9729258500.0,8963000000.0,2067000000.0,1.127,1.121,-313000000.0,4449000000.0,4449000000.0,2897000000.0,2561000000.0,2.288,0.757,304000000.0,3000000.0,301000000.0,304000000.0,1214000000.0,346000000.0,0.0,0.0,0.0,3995000000.0,4341000000.0,0.396,4341000000.0,3995000000.0,3971000000.0,0.46,0.44,0.46,6277000000.0,5474608250.0,6277000000.0,82062100690.0,21.0,18.904,1811000000.0,0.324,1.0,8064000000.0,0.736,716000000.0,24000000.0,2252000000.0,1319471000.0,0.0,1438000000.0,1438000000.0,0.0,4753000000.0,3917000000.0,836000000.0,85887693690.0,-2980000000.0,0.0,-3806000000.0,0.0,0.0,-3806000000.0,-1200000000.0,-859000000.0,2124000000.0,-98000000.0,2561000000.0,2561000000.0,2561000000.0,0.0,0.0,0.234,4287000000.0,3777000000.0,270000000.0,0.0,13.683,33.537,33.261,975000000.0,0.0,15.3,7.836,7.813,2714000000.0,1610000000.0,10961000000.0,10961000000.0,1139000000.0,0.263,0.468,3.028,0.364,0.0,3148000000.0,1.0,5613574751.0,5597000000,5865000000.0,1.958,10314000000.0,649000000.0,1410000000.0,1260000000.0,1.843,5046000000.0
82,ORCL,MRT,2001-03-31,2001-02-28,2001-02-28,2021-09-13,-112679000.0,9450740000.0,10240953250.0,7459042000.0,1991698000.0,1.081,0.951,-260176000.0,4129338000.0,4129338000.0,2904309000.0,6618806000.0,2.256,0.775,303745000.0,2814000.0,300931000.0,303745000.0,1040712000.0,361010000.0,0.0,0.0,0.0,10622500000.0,10983510000.0,0.992,10983510000.0,10622500000.0,10603500000.0,1.17,1.11,1.17,5324072000.0,5520724000.0,5324072000.0,102270156346.0,10.0,9.311,1651210000.0,0.295,1.0,8166661000.0,0.738,774104000.0,19000000.0,1545383000.0,572017250.0,0.0,865900000.0,855900000.0,10000000.0,4126668000.0,3305660000.0,821008000.0,106132448346.0,1861142000.0,0.0,-6006853000.0,-3844000.0,0.0,-5823697000.0,5848337000.0,6486821000.0,1911386000.0,-74884000.0,6618806000.0,6618806000.0,6618806000.0,0.0,0.0,0.598,4296145000.0,3870516000.0,277705000.0,0.0,19.934,16.035,16.239,946268000.0,0.0,19.0,9.587,9.604,1952119000.0,1729250000.0,11070970000.0,11070970000.0,1089109000.0,0.646,1.199,18.57,0.959,0.0,3207036000.0,1.0,5585918334.0,5595808000,5851333000.0,1.978,8676636000.0,261326000.0,3984694000.0,1002006000.0,1.551,4153382000.0
83,ORCL,MRT,2000-12-31,2000-11-30,2000-11-30,2021-09-13,-85392000.0,8923767000.0,9715610000.0,6823464000.0,2100303000.0,1.116,0.882,-292537000.0,4165690000.0,4165690000.0,2902956000.0,6799269000.0,2.154,0.811,303398000.0,2596000.0,300802000.0,303398000.0,1053809000.0,376073000.0,0.0,0.0,0.0,10928399000.0,11304472000.0,1.042,11304472000.0,10928399000.0,10909399000.0,1.21,1.14,1.21,4926463000.0,5185778000.0,4926463000.0,143799657361.0,13.0,12.721,1609410000.0,0.288,1.0,7943065000.0,0.732,838886000.0,19000000.0,1054964000.0,551174750.0,0.0,220475000.0,190475000.0,30000000.0,3997304000.0,3167625000.0,829679000.0,148332363361.0,2848050000.0,0.0,-6320508000.0,-929000.0,0.0,-6134437000.0,7153676000.0,7888538000.0,1901947000.0,-73136000.0,6799269000.0,6799269000.0,6799269000.0,0.0,0.0,0.627,4180951000.0,3762114000.0,282738000.0,0.0,30.109,21.816,21.901,941793000.0,0.0,26.5,13.676,13.644,1935767000.0,1062520000.0,10846021000.0,10846021000.0,1043206000.0,0.7,1.311,19.827,1.008,0.0,3137745000.0,1.0,5597447674.0,5584428000,5874987000.0,1.942,8084881000.0,289624000.0,4110130000.0,965208000.0,1.448,3655839000.0
84,ORCL,MRT,2000-09-30,2000-08-31,2000-08-31,2021-09-13,0.0,9512527000.0,9078725500.0,7258595000.0,2253932000.0,1.157,0.958,-281505000.0,4837097000.0,4837097000.0,2961128000.0,6560941000.0,2.195,0.771,304391000.0,3660000.0,300731000.0,304391000.0,1269585000.0,387347000.0,0.0,0.0,0.0,10554033000.0,10941380000.0,1.041,10941380000.0,10554033000.0,10535033000.0,1.17,1.09,1.17,5370898000.0,4804301250.0,5370898000.0,248862775424.0,24.0,22.745,1108232000.0,0.198,1.0,7547230000.0,0.718,1247175000.0,19000000.0,425537000.0,806361250.0,0.0,295475000.0,225475000.0,70000000.0,4141629000.0,3307109000.0,834520000.0,255988520424.0,3118427000.0,0.0,-5737596000.0,1556000.0,0.0,-5549040000.0,7296841000.0,8000022000.0,1389737000.0,-19111000.0,6560941000.0,6560941000.0,6560941000.0,0.0,0.0,0.624,4155052000.0,3392178000.0,253243000.0,0.0,47.662,39.017,38.863,936757000.0,0.0,45.47,24.36,24.249,1859167000.0,,10508358000.0,10508358000.0,1025086000.0,0.723,1.366,13.088,1.004,0.0,3129966000.0,1.0,5629833306.0,5604058000,5932870000.0,1.875,8265352000.0,213780000.0,3974092000.0,956507000.0,1.475,3951486000.0
85,ORCL,MRT,2000-06-30,2000-05-31,2000-05-31,2021-09-13,5480000.0,13076779000.0,8345443500.0,10883334000.0,2193445000.0,1.226,1.138,-263000000.0,7429206000.0,7429206000.0,3044000000.0,6297000000.0,1.857,1.024,303461000.0,2691000.0,300770000.0,303461000.0,1133482000.0,391000000.0,0.0,0.0,0.0,10142000000.0,10533000000.0,1.03,10533000000.0,10142000000.0,10123000000.0,1.11,1.05,1.11,6461463000.0,4336695500.0,6461463000.0,204533539454.0,20.0,19.418,2660000000.0,0.468,1.0,7187000000.0,0.702,826611000.0,19000000.0,-737815000.0,1199986750.0,0.0,442792000.0,332792000.0,110000000.0,6615316000.0,5862238000.0,753078000.0,206494238454.0,5643000000.0,0.0,-4365000000.0,-5000000.0,0.0,-4183000000.0,6893000000.0,7631000000.0,2923000000.0,10000000.0,6297000000.0,6297000000.0,6297000000.0,0.0,0.0,0.615,4107000000.0,3080000000.0,287495000.0,0.0,31.958,32.792,32.77,934455000.0,0.0,36.375,20.183,20.191,2790167000.0,3343857000.0,10231000000.0,10231000000.0,1010000000.0,0.755,1.452,8.452,0.991,0.0,3097000000.0,1.0,5676817552.0,5679000000,5996000000.0,1.802,12250168000.0,535208000.0,3826000000.0,3253210000.0,2.157,5021096000.0
86,ORCL,MRT,2000-03-31,2000-02-29,2000-02-29,2021-09-13,0.0,7349367000.0,6891162250.0,5145397000.0,2203970000.0,1.407,0.707,-282960000.0,2267705000.0,2267705000.0,3030169000.0,1911816000.0,1.832,0.845,307006000.0,2234000.0,304772000.0,307006000.0,1019556000.0,322294000.0,0.0,0.0,0.0,3013499000.0,3335793000.0,0.344,3335793000.0,3013499000.0,2992075000.0,0.34,0.32,0.34,3984288000.0,3645146500.0,3984288000.0,208485266088.0,69.0,62.499,2207609000.0,0.392,1.0,6668927000.0,0.688,1117294000.0,21424000.0,1462013000.0,1924426250.0,0.0,619896000.0,499896000.0,120000000.0,3365079000.0,2809361000.0,555718000.0,209498569088.0,763529000.0,0.0,-1973345000.0,-228000.0,0.0,-1926583000.0,189271000.0,808273000.0,2490569000.0,10272000.0,1911816000.0,1911816000.0,1911816000.0,0.0,0.0,0.197,4170980000.0,2497947000.0,224690000.0,0.0,52.581,109.581,109.191,966676000.0,0.0,37.125,21.6,21.58,2032463000.0,,9699096000.0,9699096000.0,982960000.0,0.277,0.524,1.566,0.311,0.0,3188020000.0,1.0,5643059100.0,5637878000,5996378000.0,1.72,6232073000.0,240933000.0,1080259000.0,534497000.0,1.105,2336036000.0
87,ORCL,MRT,1999-12-31,1999-11-30,1999-11-30,2021-09-13,0.0,6376229000.0,6579402500.0,4399856000.0,1976373000.0,1.418,0.595,-283196000.0,1317149000.0,1317149000.0,3114931000.0,1441901000.0,1.781,0.875,303846000.0,3184000.0,300662000.0,303846000.0,925141000.0,322530000.0,0.0,0.0,0.0,2248504000.0,2571034000.0,0.276,2571034000.0,2248504000.0,2227080000.0,0.25,0.24,0.25,3400556000.0,3484486750.0,3400556000.0,95125436648.0,42.0,36.999,1652743000.0,0.289,1.0,6213666000.0,0.666,816494000.0,21424000.0,2075710000.0,2094294250.0,0.0,1010082000.0,816607000.0,193475000.0,2975673000.0,2470722000.0,504951000.0,96539229648.0,-31600000.0,0.0,-1486021000.0,-8692000.0,0.0,-1198912000.0,-795228000.0,-273667000.0,1935939000.0,26601000.0,1441901000.0,1441901000.0,1441901000.0,0.0,0.0,0.155,4078761000.0,2134905000.0,244667000.0,0.0,28.389,66.953,67.81,966404000.0,0.0,16.953,10.349,10.391,1940176000.0,,9328597000.0,9328597000.0,937206000.0,0.219,0.414,1.074,0.241,0.0,3141555000.0,1.0,5694689848.0,5717780000,6012600000.0,1.632,5559735000.0,229288000.0,785179000.0,297499000.0,0.972,1929134000.0
88,ORCL,MRT,1999-09-30,1999-08-31,1999-08-31,2021-09-13,0.0,6579399000.0,6396993000.0,4788581000.0,1790818000.0,1.417,0.612,-306025000.0,1718179000.0,1718179000.0,3141608000.0,1331493000.0,1.878,0.88,304386000.0,3580000.0,300806000.0,304386000.0,1089684000.0,323453000.0,0.0,0.0,0.0,2067710000.0,2391163000.0,0.264,2391163000.0,2067710000.0,2046286000.0,0.225,0.225,0.225,3500475000.0,3388175250.0,3500475000.0,50734747652.0,25.0,21.218,1562962000.0,0.273,1.0,5921050000.0,0.653,616245000.0,21424000.0,2000039000.0,2140013750.0,0.0,1212045000.0,1003570000.0,208475000.0,3078924000.0,2549322000.0,529602000.0,52212684652.0,90096000.0,0.0,-1212868000.0,-4157000.0,0.0,-921224000.0,-884168000.0,-316328000.0,1868987000.0,26501000.0,1331493000.0,1331493000.0,1331493000.0,0.0,0.0,0.147,3980143000.0,1940907000.0,255369000.0,0.0,14.916,39.214,40.556,966098000.0,0.0,9.125,5.761,5.761,1675800000.0,,9062658000.0,9062658000.0,889724000.0,0.208,0.393,0.966,0.228,0.0,3090419000.0,1.0,5721938044.0,5721840000,5964804000.0,1.584,5963154000.0,296471000.0,714793000.0,335647000.0,1.042,2239259000.0
89,ORCL,MRT,1999-06-30,1999-05-31,1999-05-31,2021-09-13,-47411000.0,7259654000.0,6175009000.0,5447274000.0,1812380000.0,1.43,0.639,-346592000.0,1785715000.0,1785715000.0,3064148000.0,1289758000.0,1.788,0.965,307778000.0,3638000.0,304140000.0,307778000.0,1007149000.0,319823000.0,0.0,0.0,0.0,2003502000.0,2323325000.0,0.263,2323325000.0,2003502000.0,1982078000.0,0.22,0.22,0.22,3695267000.0,3283356250.0,3695267000.0,34516008672.0,17.0,14.856,1460507000.0,0.253,1.0,5763104000.0,0.653,575351000.0,21424000.0,2159943000.0,2149400750.0,0.0,1026596000.0,777049000.0,249547000.0,3564387000.0,3046423000.0,517964000.0,35713443672.0,512034000.0,0.0,-780531000.0,17000.0,0.0,-484713000.0,-802244000.0,-169594000.0,1807099000.0,-8108000.0,1289758000.0,1289758000.0,1289758000.0,0.0,0.0,0.146,3890223000.0,1872881000.0,283896000.0,0.0,9.665,27.69,28.193,987482000.0,0.0,6.202,4.046,4.063,2478996000.0,2266915000.0,8827252000.0,8827252000.0,841406000.0,0.209,0.393,0.932,0.227,0.0,3048817000.0,1.0,5757911112.0,5782352000,5936900000.0,1.527,6684303000.0,299670000.0,692320000.0,542361000.0,1.156,2400851000.0
90,ORCL,MRT,1999-03-31,1999-02-28,1999-02-28,2021-09-13,0.0,6102328000.0,5814848250.0,4336469000.0,1765859000.0,1.427,0.58,-161946000.0,1504176000.0,1504176000.0,2921571000.0,1165162000.0,1.904,0.826,306741000.0,2603000.0,304138000.0,306741000.0,817895000.0,309257000.0,0.0,0.0,0.0,1791444000.0,2100701000.0,0.253,2100701000.0,1791444000.0,1774786000.0,0.198,0.195,0.198,3341649000.0,3098929000.0,3341649000.0,52592022255.0,29.0,25.035,1540431000.0,0.267,1.0,5374955000.0,0.648,485595000.0,16658000.0,2141485000.0,2107746500.0,0.0,986806000.0,684685000.0,302121000.0,2760679000.0,2277813000.0,482866000.0,53628692255.0,526680000.0,-203467000.0,-561911000.0,-12009000.0,0.0,-325109000.0,-846399000.0,-333506000.0,1702377000.0,-4189000.0,1165162000.0,1165162000.0,1165162000.0,0.0,0.0,0.14,3703427000.0,1671528000.0,255388000.0,0.0,16.049,46.027,47.037,978143000.0,0.0,9.313,6.464,6.468,1563853000.0,,8296526000.0,8296526000.0,790252000.0,0.2,0.376,0.85,0.216,0.0,2913175000.0,1.0,5758270464.0,5761408000,5981844000.0,1.44,5616733000.0,312695000.0,609624000.0,304597000.0,0.975,2058656000.0
91,ORCL,MRT,1998-12-31,1998-11-30,1998-11-30,2021-09-13,0.0,5646591000.0,5476705250.0,4087873000.0,1558718000.0,1.455,0.521,-343583000.0,1348749000.0,1348749000.0,2715946000.0,1086978000.0,1.815,0.873,312079000.0,7878000.0,304201000.0,312079000.0,800214000.0,282083000.0,0.0,0.0,0.0,1677997000.0,1960080000.0,0.246,1960080000.0,1677997000.0,1661339000.0,0.185,0.18,0.185,3015310000.0,2907775250.0,3015310000.0,31967468860.0,19.0,16.309,1275257000.0,0.221,1.0,5250418000.0,0.659,98867000.0,16658000.0,2258588000.0,2119352750.0,0.0,711446000.0,559318000.0,152128000.0,2631281000.0,2252466000.0,378815000.0,33287747860.0,354488000.0,-203467000.0,-752033000.0,-3173000.0,0.0,-755206000.0,-500341000.0,-45181000.0,1618840000.0,-8805000.0,1086978000.0,1086978000.0,1086978000.0,0.0,0.0,0.136,3667296000.0,1583122000.0,296963000.0,0.0,11.04,30.624,30.856,976662000.0,0.0,5.708,4.179,4.144,1604336000.0,,7966364000.0,7966364000.0,764560000.0,0.198,0.374,0.792,0.211,0.0,2902736000.0,1.0,5831430282.0,5783040000,5899620000.0,1.378,5547724000.0,314849000.0,574361000.0,173739000.0,0.959,1835407000.0
92,ORCL,MRT,1998-09-30,1998-08-31,1998-08-31,2021-09-13,0.0,5691463000.0,5255736750.0,4134376000.0,1557087000.0,1.432,0.528,-341891000.0,1628083000.0,1628083000.0,2484730000.0,1000226000.0,1.85,0.847,307804000.0,3600000.0,304204000.0,307804000.0,956370000.0,288364000.0,0.0,0.0,0.0,1555530000.0,1843894000.0,0.245,1843894000.0,1555530000.0,1538872000.0,0.172,0.167,0.172,3081199000.0,2821091500.0,3081199000.0,18443969014.0,12.0,10.003,1419117000.0,0.243,1.0,5039417000.0,0.67,98832000.0,16658000.0,2037587000.0,2119688750.0,0.0,870748000.0,673813000.0,196935000.0,2610264000.0,2234765000.0,375499000.0,19410389014.0,621371000.0,-203467000.0,-363153000.0,1816000.0,0.0,-361337000.0,-751901000.0,-202127000.0,1761008000.0,-26399000.0,1000226000.0,1000226000.0,1000226000.0,0.0,0.0,0.133,3566356000.0,1473061000.0,246004000.0,0.0,6.3,19.406,19.322,952849000.0,0.0,3.323,2.58,2.578,1351416000.0,,7524147000.0,7524147000.0,747099000.0,0.19,0.355,0.734,0.207,0.0,2819257000.0,1.0,5840638620.0,5837364000,5934896000.0,1.289,5592631000.0,254615000.0,538646000.0,159929000.0,0.958,1899611000.0
93,ORCL,MRT,1998-06-30,1998-05-31,1998-05-31,2021-09-13,-41773000.0,5819011000.0,4982137250.0,4323050000.0,1495961000.0,1.434,0.504,-328358000.0,1273681000.0,1273681000.0,2273607000.0,813695000.0,1.74,0.968,307261000.0,2924000.0,304337000.0,307261000.0,877087000.0,286318000.0,0.0,0.0,0.0,1344477000.0,1630795000.0,0.228,1630795000.0,1344477000.0,1327819000.0,0.14,0.135,0.14,2957558000.0,2662114750.0,2957558000.0,22343321817.0,17.0,13.701,1281921000.0,0.219,1.0,4870259000.0,0.682,375100000.0,16658000.0,1993326000.0,2106191500.0,0.0,832029000.0,645518000.0,186511000.0,2861453000.0,2484165000.0,377288000.0,23002910817.0,383519000.0,-203467000.0,-285531000.0,2685000.0,0.0,-282846000.0,-918221000.0,-386396000.0,1610279000.0,-25693000.0,813695000.0,813695000.0,813695000.0,0.0,0.0,0.114,3626059000.0,1244200000.0,239698000.0,0.0,7.778,28.27,28.131,934350000.0,0.0,3.938,3.22,3.234,2065024000.0,2023056000.0,7143866000.0,7143866000.0,719143000.0,0.163,0.306,0.638,0.188,0.0,2739862000.0,1.0,5840772954.0,5865596000,5998352000.0,1.218,5443911000.0,260624000.0,514124000.0,316810000.0,0.928,1838885000.0
94,ORCL,MRT,1998-03-31,1998-02-28,1998-02-28,2021-09-13,0.0,4749756000.0,4683463250.0,3334249000.0,1415507000.0,1.426,0.441,-605540000.0,977496000.0,977496000.0,2038631000.0,770809000.0,1.849,0.843,317907000.0,13407000.0,304500000.0,317907000.0,663818000.0,256795000.0,0.0,0.0,0.0,1277300000.0,1534095000.0,0.23,1534095000.0,1277300000.0,1270494000.0,0.133,0.127,0.133,2577034000.0,2515153250.0,2577034000.0,23555358266.0,18.0,15.355,900745000.0,0.154,1.0,4640713000.0,0.695,98817000.0,6806000.0,2187910000.0,2112167500.0,0.0,622075000.0,539323000.0,82752000.0,2172722000.0,1803440000.0,369282000.0,24235025266.0,241330000.0,-86340000.0,-334477000.0,4978000.0,0.0,-329499000.0,-907854000.0,-284798000.0,1506285000.0,-27602000.0,770809000.0,770809000.0,770809000.0,0.0,0.0,0.115,3441663000.0,1199050000.0,202558000.0,0.0,9.404,31.441,30.865,920343000.0,0.0,4.105,3.628,3.595,1322781000.0,,6679344000.0,6679344000.0,691430000.0,0.165,0.306,0.605,0.191,0.0,2583179000.0,1.0,5903782038.0,5849684000,5949848000.0,1.142,4650939000.0,261042000.0,499685000.0,170889000.0,0.795,1530809000.0
95,ORCL,MRT,1997-12-31,1997-11-30,1997-11-30,2021-09-13,0.0,4762717000.0,4431127750.0,3312393000.0,1450324000.0,1.422,0.453,-400692000.0,994261000.0,994261000.0,1853674000.0,724985000.0,1.921,0.785,314594000.0,9992000.0,304602000.0,314594000.0,615752000.0,267257000.0,0.0,0.0,0.0,1210869000.0,1478126000.0,0.235,1478126000.0,1210869000.0,1204063000.0,0.123,0.12,0.123,2668575000.0,2387869000.0,2668575000.0,31959324485.0,26.0,21.622,998885000.0,0.169,1.0,4449525000.0,0.706,99029000.0,6806000.0,2259932000.0,2059161500.0,0.0,659997000.0,520134000.0,139863000.0,2094142000.0,1724089000.0,370053000.0,32660381485.0,434877000.0,-86340000.0,-266079000.0,301319000.0,0.0,35240000.0,-965546000.0,-327794000.0,1399577000.0,-34394000.0,724985000.0,724985000.0,724985000.0,0.0,0.0,0.115,3308621000.0,1140904000.0,206642000.0,0.0,12.239,45.05,45.136,898967000.0,0.0,5.552,5.182,5.192,1321368000.0,,6303199000.0,6303199000.0,645851000.0,0.164,0.304,0.588,0.192,0.0,2458916000.0,1.0,5882986758.0,5894946000,6051348000.0,1.069,4663688000.0,265996000.0,479078000.0,197064000.0,0.791,1588304000.0
96,ORCL,MRT,1997-09-30,1997-08-31,1997-08-31,2021-09-13,0.0,4597065000.0,4105672250.0,3134845000.0,1462220000.0,1.462,0.416,-402246000.0,1006712000.0,1006712000.0,1682526000.0,717157000.0,1.729,0.88,305655000.0,4913000.0,300742000.0,305655000.0,694123000.0,246615000.0,0.0,0.0,0.0,1203078000.0,1449693000.0,0.242,1449693000.0,1203078000.0,1196272000.0,0.122,0.118,0.122,2445292000.0,2254709250.0,2445292000.0,36775429963.0,31.0,25.368,840998000.0,0.143,1.0,4318319000.0,0.72,98938000.0,6806000.0,1983598000.0,1873669500.0,0.0,662354000.0,481614000.0,180740000.0,2151773000.0,1813472000.0,338301000.0,37361394963.0,263447000.0,-86340000.0,-340337000.0,298610000.0,0.0,-41727000.0,-901627000.0,-394792000.0,1243244000.0,-36443000.0,717157000.0,717157000.0,717157000.0,0.0,0.0,0.12,3175233000.0,1143086000.0,173955000.0,0.0,15.279,52.097,52.09,882018000.0,0.0,6.355,6.226,6.222,1183408000.0,,6000845000.0,6000845000.0,597934000.0,0.175,0.318,0.642,0.2,0.0,2373445000.0,1.0,5879055069.0,5875710000,6037596000.0,1.021,4498127000.0,265785000.0,479115000.0,201203000.0,0.766,1321373000.0
97,ORCL,MRT,1997-06-30,1997-05-31,1997-05-31,2021-09-13,-12476000.0,4624315000.0,3789060250.0,3271096000.0,1353219000.0,1.5,0.401,-418805000.0,890162000.0,890162000.0,1550466000.0,821457000.0,1.702,0.951,304197000.0,3361000.0,300836000.0,304197000.0,602862000.0,238243000.0,0.0,0.0,0.0,1290333000.0,1528576000.0,0.269,1528576000.0,1290333000.0,1283527000.0,0.14,0.135,0.14,2369712000.0,2142349500.0,2369712000.0,30043620337.0,23.0,19.655,611699000.0,0.104,1.0,4133870000.0,0.727,98981000.0,6806000.0,2017230000.0,1674525750.0,0.0,439365000.0,323028000.0,116337000.0,2254603000.0,1922139000.0,332464000.0,30468486337.0,174420000.0,-86340000.0,-354127000.0,297005000.0,0.0,-57122000.0,-777381000.0,-272236000.0,1030504000.0,-21581000.0,821457000.0,821457000.0,821457000.0,0.0,0.0,0.145,2870885000.0,1262985000.0,185444000.0,0.0,12.857,37.091,37.008,868948000.0,0.0,5.181,5.36,5.382,1708939000.0,1686170000.0,5684336000.0,5684336000.0,555476000.0,0.217,0.383,0.771,0.227,0.0,2278609000.0,1.0,5880685761.0,5905184000,6055772000.0,0.963,4525334000.0,274366000.0,462070000.0,332962000.0,0.766,1348957000.0
98,ORCL,MRT,1997-03-31,1997-02-28,1997-02-28,2021-09-13,0.0,3740414000.0,3472292250.0,2575338000.0,1165076000.0,1.498,0.35,-362745000.0,736166000.0,736166000.0,1437270000.0,727845000.0,1.922,0.809,311300000.0,10350000.0,300950000.0,311300000.0,475568000.0,252206000.0,0.0,0.0,0.0,1136731000.0,1388937000.0,0.267,1388937000.0,1136731000.0,1130099000.0,0.124,0.121,0.124,2067897000.0,2017533750.0,2067897000.0,25276707232.0,22.0,18.199,505168000.0,0.085,1.0,3763109000.0,0.724,0.0,6632000.0,1975886000.0,1443714500.0,0.0,337265000.0,306902000.0,30363000.0,1672517000.0,1339662000.0,332855000.0,25823042232.0,123499000.0,-19819000.0,-260346000.0,221056000.0,0.0,-39290000.0,-682124000.0,-230736000.0,867913000.0,-23000000.0,727845000.0,727845000.0,727845000.0,0.0,0.0,0.14,2653773000.0,1109336000.0,147752000.0,0.0,12.488,35.479,35.17,874688000.0,0.0,4.361,4.966,4.957,1102175000.0,,5200379000.0,5200379000.0,509611000.0,0.21,0.361,0.787,0.219,0.0,2107362000.0,1.0,5921207136.0,5910930000,6058674000.0,0.88,3740414000.0,219252000.0,402254000.0,107467000.0,0.633,1235676000.0
99,ORCL,MRT,1996-12-31,1996-11-30,1996-11-30,2021-09-13,0.0,3460895000.0,3227946750.0,2327359000.0,1133536000.0,1.502,0.351,-381200000.0,559384000.0,559384000.0,1322672000.0,704882000.0,1.793,0.62,13049000.0,12085000.0,964000.0,13049000.0,443648000.0,241327000.0,0.0,0.0,0.0,1093925000.0,1335252000.0,0.275,1335252000.0,1093925000.0,1087293000.0,0.121,0.117,0.121,2135936000.0,1898347750.0,2135936000.0,31635895082.0,29.0,23.693,513903000.0,0.084,1.0,3525334000.0,0.727,98825000.0,6632000.0,1517964000.0,1217839000.0,0.0,332203000.0,319288000.0,12915000.0,1324959000.0,1297771000.0,27188000.0,32372512082.0,61658000.0,-133596000.0,-53872000.0,-78952000.0,0.0,-132824000.0,-694678000.0,-267841000.0,895103000.0,-5943000.0,704882000.0,704882000.0,704882000.0,0.0,0.0,0.145,2456183000.0,1069151000.0,163590000.0,0.0,15.156,45.926,45.225,771373000.0,0.0,5.472,6.677,6.867,1083996000.0,,4848006000.0,4848006000.0,463889000.0,0.218,0.371,0.898,0.226,0.0,1992294000.0,1.0,5915789010.0,6083544000,6083544000.0,0.797,3362070000.0,179214000.0,382411000.0,131190000.0,0.553,1029588000.0
100,ORCL,MRT,1996-09-30,1996-08-31,1996-08-31,2021-09-13,0.0,3330617000.0,2995296250.0,2234643000.0,1095974000.0,1.504,0.329,-382655000.0,743265000.0,743265000.0,1200611000.0,662287000.0,1.708,0.669,6648000.0,5795000.0,853000.0,6648000.0,474634000.0,231920000.0,0.0,0.0,0.0,1020888000.0,1252808000.0,0.278,1252808000.0,1020888000.0,1014256000.0,0.113,0.109,0.113,1995853000.0,1729787750.0,1995853000.0,23823308204.0,23.0,19.016,577924000.0,0.095,1.0,3303206000.0,0.733,98962000.0,6632000.0,1187023000.0,1105344250.0,0.0,267561000.0,252522000.0,15039000.0,1334764000.0,1308015000.0,26749000.0,24532530204.0,267679000.0,-133596000.0,-25216000.0,-86085000.0,0.0,-111301000.0,-581160000.0,-155433000.0,960579000.0,-439000.0,662287000.0,662287000.0,662287000.0,0.0,0.0,0.147,2303631000.0,999575000.0,165820000.0,0.0,12.292,37.042,36.75,731565000.0,0.0,4.153,5.447,5.592,899942000.0,,4503817000.0,4503817000.0,421861000.0,0.221,0.383,0.924,0.227,0.0,1881770000.0,1.0,5907498912.0,6064290000,6064290000.0,0.743,3231655000.0,169995000.0,351969000.0,170244000.0,0.533,926628000.0
101,ORCL,MRT,1996-06-30,1996-05-31,1996-05-31,2021-09-13,12413000.0,3357243000.0,2749994000.0,2284465000.0,1072778000.0,1.536,0.318,-356423000.0,715742000.0,715742000.0,1096013000.0,603279000.0,1.57,0.795,6520000.0,5623000.0,897000.0,6520000.0,434435000.0,219494000.0,0.0,0.0,0.0,926142000.0,1145636000.0,0.271,1145636000.0,926142000.0,919510000.0,0.103,0.1,0.103,1870449000.0,1557300000.0,1870449000.0,20904263186.0,23.0,18.247,532734000.0,0.091,1.0,3127287000.0,0.74,99072000.0,6632000.0,1093985000.0,1056331500.0,0.0,167129000.0,125166000.0,41963000.0,1486794000.0,1454964000.0,31830000.0,21425962186.0,235584000.0,-133596000.0,-20296000.0,-85170000.0,0.0,-88291000.0,-551488000.0,-61469000.0,889157000.0,-13794000.0,603279000.0,603279000.0,603279000.0,0.0,0.0,0.143,2222396000.0,904891000.0,169895000.0,0.0,11.455,35.516,35.329,685754000.0,0.0,3.639,5.073,5.064,1203976000.0,1382203000.0,4223300000.0,4223300000.0,389093000.0,0.219,0.387,0.877,0.219,0.0,1782372000.0,1.0,5888050677.0,5877342000,6035922000.0,0.719,3258171000.0,171560000.0,316231000.0,290615000.0,0.554,829501000.0
102,ORCL,MRT,1996-03-31,1996-02-29,1996-02-29,2021-09-13,0.0,2763032000.0,2516812500.0,1775908000.0,987124000.0,1.501,0.264,-352399000.0,612667000.0,612667000.0,1012002000.0,518629000.0,1.66,0.736,90968000.0,9885000.0,81083000.0,90968000.0,350219000.0,205232000.0,0.0,0.0,0.0,788663000.0,993895000.0,0.263,993895000.0,788663000.0,781693000.0,0.085,0.085,0.085,1591153000.0,1392527250.0,1591153000.0,22229228996.0,28.0,22.366,423189000.0,0.07,1.0,2765103000.0,0.732,98951000.0,6970000.0,1072384000.0,1003004000.0,0.0,106529000.0,97078000.0,9451000.0,1171879000.0,1069998000.0,101881000.0,22635816996.0,335751000.0,-253601000.0,-2165000.0,-1931000.0,0.0,13079000.0,-455857000.0,19102000.0,775588000.0,2941000.0,518629000.0,518629000.0,518629000.0,0.0,0.0,0.137,1996963000.0,768140000.0,153597000.0,0.0,14.226,43.645,45.316,642987000.0,0.0,3.852,5.993,6.154,774523000.0,,3777105000.0,3777105000.0,351369000.0,0.206,0.372,0.786,0.209,0.0,1594663000.0,1.0,5876606336.0,6034311000,6034311000.0,0.626,2664081000.0,142136000.0,263064000.0,166636000.0,0.441,705910000.0
103,ORCL,MRT,1995-12-31,1995-11-30,1995-11-30,2021-09-13,0.0,2530293000.0,2303656750.0,1591411000.0,938882000.0,1.51,0.242,-345673000.0,497726000.0,497726000.0,921842000.0,477116000.0,1.664,0.731,91138000.0,9895000.0,81243000.0,91138000.0,301568000.0,187511000.0,0.0,0.0,0.0,723396000.0,910907000.0,0.262,910907000.0,723396000.0,716426000.0,0.079,0.079,0.079,1461696000.0,1230493750.0,1461696000.0,19338938850.0,27.0,21.23,299356000.0,0.05,1.0,2557269000.0,0.735,99299000.0,6970000.0,1067985000.0,947751750.0,0.0,64362000.0,56736000.0,7626000.0,1068597000.0,956421000.0,112176000.0,19722792850.0,276629000.0,-139824000.0,27660000.0,-1137000.0,0.0,43698000.0,-421347000.0,43988000.0,645029000.0,9249000.0,477116000.0,477116000.0,477116000.0,0.0,0.0,0.137,1854220000.0,703049000.0,129244000.0,0.0,13.493,41.338,42.55,602993000.0,0.0,3.361,5.669,5.832,766918000.0,,3479111000.0,3479111000.0,325927000.0,0.207,0.388,0.763,0.208,0.0,1477362000.0,1.0,5867291835.0,6036390000,6036390000.0,0.576,2430994000.0,131626000.0,239310000.0,152047000.0,0.403,634990000.0
104,ORCL,MRT,1995-09-30,1995-08-31,1995-08-31,2021-09-13,0.0,2349408000.0,2107188250.0,1433864000.0,915544000.0,1.51,0.217,-341535000.0,475586000.0,475586000.0,853998000.0,434081000.0,1.639,0.799,91732000.0,10385000.0,81347000.0,91732000.0,326669000.0,167472000.0,0.0,0.0,0.0,656068000.0,823540000.0,0.259,823540000.0,656068000.0,649098000.0,0.072,0.072,0.072,1305902000.0,1070751500.0,1305902000.0,17006230111.0,26.0,20.65,288024000.0,0.048,1.0,2328209000.0,0.732,99509000.0,6970000.0,990972000.0,878770750.0,0.0,112128000.0,101714000.0,10414000.0,1043506000.0,875073000.0,168433000.0,17395068111.0,13038000.0,-139824000.0,21181000.0,-4094000.0,0.0,34262000.0,-659078000.0,-81385000.0,629559000.0,8295000.0,434081000.0,434081000.0,434081000.0,0.0,0.0,0.136,1691840000.0,636369000.0,113786000.0,0.0,13.32,40.073,41.286,557373000.0,0.0,2.973,5.466,5.631,611063000.0,,3182207000.0,3182207000.0,289881000.0,0.206,0.405,0.747,0.206,0.0,1351028000.0,1.0,5851817082.0,6027984000,6027984000.0,0.528,2249899000.0,122251000.0,215017000.0,138515000.0,0.373,558791000.0
105,ORCL,MRT,1995-06-30,1995-05-31,1995-05-31,2021-09-13,18234000.0,2424517000.0,1925427250.0,1617194000.0,807323000.0,1.541,0.202,-310233000.0,480158000.0,480158000.0,779012000.0,441518000.0,1.533,1.001,91320000.0,9599000.0,81721000.0,91320000.0,316273000.0,147772000.0,0.0,0.0,0.0,665952000.0,813724000.0,0.274,813724000.0,665952000.0,658982000.0,0.073,0.073,0.073,1211358000.0,939291250.0,1211358000.0,14800629192.0,22.0,18.189,258451000.0,0.043,1.0,2187866000.0,0.737,99855000.0,6970000.0,880675000.0,751712500.0,0.0,105660000.0,105660000.0,0.0,1213159000.0,1055149000.0,158010000.0,14985709192.0,75348000.0,-139824000.0,-15212000.0,-822000.0,0.0,-16034000.0,-495769000.0,-45712000.0,568684000.0,18467000.0,441518000.0,441518000.0,441518000.0,0.0,0.0,0.149,1538145000.0,649721000.0,124773000.0,0.0,12.371,33.941,35.261,535034000.0,0.0,2.574,5.051,5.196,846342000.0,854138000.0,2966878000.0,2966878000.0,260597000.0,0.229,0.47,0.886,0.224,0.0,1277548000.0,1.0,5821786305.0,5988591000,5988591000.0,0.495,2324662000.0,135491000.0,217464000.0,229060000.0,0.388,562045000.0
106,ORCL,MRT,1995-03-31,1995-02-28,1995-02-28,2021-09-13,0.0,1910409000.0,1718044000.0,1156023000.0,754386000.0,1.523,0.158,-277402000.0,276916000.0,276916000.0,696213000.0,374330000.0,1.495,1.026,91836000.0,9947000.0,81889000.0,91836000.0,262140000.0,131522000.0,0.0,0.0,0.0,565551000.0,697073000.0,0.266,697073000.0,565551000.0,558680000.0,0.063,0.063,0.063,943019000.0,821590000.0,943019000.0,13354072630.0,24.0,19.157,238941000.0,0.04,1.0,1920919000.0,0.734,100538000.0,6871000.0,851375000.0,655915500.0,0.0,125631000.0,125631000.0,0.0,967390000.0,773416000.0,193974000.0,13484194630.0,22518000.0,0.0,-42918000.0,-2151000.0,0.0,-45069000.0,-461589000.0,-48051000.0,516343000.0,12833000.0,374330000.0,374330000.0,374330000.0,0.0,0.0,0.143,1371186000.0,549733000.0,115174000.0,0.0,14.299,36.022,36.896,487606000.0,0.0,2.324,5.152,5.312,558659000.0,,2617132000.0,2617132000.0,235903000.0,0.218,0.456,0.862,0.216,0.0,1135283000.0,1.0,5801039755.0,5980837500,5980837500.0,0.438,1809871000.0,89196000.0,184350000.0,127450000.0,0.303,382607000.0
107,ORCL,MRT,1994-12-31,1994-11-30,1994-11-30,2021-09-13,0.0,1744419000.0,1572617750.0,1036885000.0,707534000.0,1.512,0.137,-279041000.0,221097000.0,221097000.0,626938000.0,339301000.0,1.436,1.12,90975000.0,8558000.0,82417000.0,90975000.0,237058000.0,121038000.0,0.0,0.0,0.0,513277000.0,634315000.0,0.267,634315000.0,513277000.0,506406000.0,0.057,0.057,0.057,822727000.0,749268500.0,822727000.0,11448360080.0,22.0,18.048,213122000.0,0.036,1.0,1750739000.0,0.736,100216000.0,6871000.0,792061000.0,569621000.0,0.0,108350000.0,108350000.0,0.0,921692000.0,722020000.0,199672000.0,11815609080.0,26363000.0,0.0,-60274000.0,-6066000.0,0.0,-66340000.0,-409467000.0,4723000.0,492163000.0,10007000.0,339301000.0,339301000.0,339301000.0,0.0,0.0,0.143,1251987000.0,498752000.0,127296000.0,0.0,14.362,34.823,35.737,442168000.0,0.0,2.037,4.969,5.129,539263000.0,,2377677000.0,2377677000.0,217036000.0,0.216,0.453,0.901,0.216,0.0,1034951000.0,1.0,5800389912.0,5986345500,5986345500.0,0.397,1644203000.0,68166000.0,167105000.0,118695000.0,0.275,314865000.0
108,ORCL,MRT,1994-09-30,1994-08-31,1994-08-31,2021-09-13,0.0,1622364000.0,1443841000.0,1082850000.0,539514000.0,1.496,0.13,-217859000.0,462548000.0,462548000.0,555558000.0,307560000.0,1.611,1.08,95299000.0,12613000.0,82686000.0,95299000.0,243709000.0,111901000.0,0.0,0.0,0.0,465071000.0,576972000.0,0.267,576972000.0,465071000.0,458200000.0,0.052,0.052,0.052,780061000.0,691863250.0,780061000.0,11913014252.0,26.0,20.647,274201000.0,0.046,1.0,1604009000.0,0.743,100270000.0,6871000.0,482739000.0,496282500.0,0.0,30743000.0,30743000.0,0.0,842303000.0,672106000.0,170197000.0,12228081252.0,283511000.0,0.0,-63296000.0,-5637000.0,0.0,-68933000.0,-145996000.0,94970000.0,492060000.0,6380000.0,307560000.0,307560000.0,307560000.0,0.0,0.0,0.142,1151268000.0,452741000.0,102994000.0,0.0,15.676,39.758,40.541,388755000.0,0.0,2.108,5.662,5.841,436182000.0,,2159567000.0,2159567000.0,205677000.0,0.213,0.445,0.937,0.215,0.0,945591000.0,1.0,5800389912.0,5983834500,5983834500.0,0.361,1522094000.0,60021000.0,150640000.0,122904000.0,0.254,410744000.0
109,ORCL,MRT,1994-06-30,1994-05-31,1994-05-31,2021-09-13,-2542000.0,1594984000.0,1389502000.0,1075612000.0,519372000.0,1.44,0.124,-288717000.0,404810000.0,404810000.0,499213000.0,283720000.0,1.577,1.154,89743000.0,6898000.0,82845000.0,89743000.0,227118000.0,104563000.0,0.0,0.0,0.0,430334000.0,534897000.0,0.267,534897000.0,430334000.0,423463000.0,0.048,0.048,0.048,740553000.0,634296000.0,740553000.0,9620767051.0,22.0,17.986,154734000.0,0.026,1.0,1501934000.0,0.751,100329000.0,6871000.0,497487000.0,420544000.0,0.0,59948000.0,59948000.0,0.0,854431000.0,682101000.0,172330000.0,9783401051.0,120250000.0,0.0,-42445000.0,-8860000.0,0.0,-51305000.0,-269888000.0,44543000.0,443451000.0,-2008000.0,283720000.0,283720000.0,283720000.0,0.0,0.0,0.142,1081981000.0,419953000.0,95799000.0,0.0,13.211,34.483,35.237,378483000.0,0.0,1.691,4.889,5.062,515669000.0,488595000.0,2001147000.0,2001147000.0,197086000.0,0.204,0.447,1.023,0.215,0.0,884895000.0,1.0,5784346606.0,5988618000,5988618000.0,0.334,1494655000.0,53765000.0,139743000.0,146288000.0,0.25,393511000.0
110,ORCL,MRT,1994-03-31,1994-02-28,1994-02-28,2021-09-13,0.0,1328704000.0,,839491000.0,489213000.0,,0.109,-244217000.0,254398000.0,254398000.0,442299000.0,238343000.0,1.502,1.032,91764000.0,7692000.0,84072000.0,91764000.0,187714000.0,94315000.0,0.0,0.0,0.0,367893000.0,462208000.0,0.256,462208000.0,367893000.0,358932000.0,0.04,0.04,0.04,653733000.0,,653733000.0,9470513908.0,26.0,20.49,150495000.0,0.025,1.0,1363330000.0,0.755,100849000.0,8961000.0,506197000.0,,0.0,77580000.0,69042000.0,8538000.0,674971000.0,559024000.0,115947000.0,9570952908.0,68446000.0,0.0,-49426000.0,-8825000.0,0.0,-58251000.0,-263096000.0,6429000.0,394712000.0,-4919000.0,238343000.0,238343000.0,238343000.0,0.0,0.0,0.132,1007272000.0,356058000.0,90469000.0,0.0,14.64,40.156,40.741,341626000.0,0.0,1.63,5.301,5.406,380889000.0,,1805629000.0,1805629000.0,184636000.0,,,,0.204,0.0,822636000.0,1.0,5873084739.0,5989342500,5989342500.0,0.301,1227855000.0,47318000.0,120589000.0,105181000.0,0.205,280467000.0
111,ORCL,MRT,1993-12-31,1993-11-30,1993-11-30,2021-09-13,0.0,1229312000.0,,795409000.0,433903000.0,,0.099,-178829000.0,194734000.0,194734000.0,398667000.0,197757000.0,1.504,1.073,94295000.0,9615000.0,84680000.0,94295000.0,180574000.0,87054000.0,0.0,0.0,0.0,308647000.0,395701000.0,0.234,395701000.0,308647000.0,299686000.0,0.033,0.033,0.033,593106000.0,,593106000.0,,,,168369000.0,0.028,1.0,1294267000.0,0.765,101366000.0,8961000.0,498707000.0,,0.0,113072000.0,97037000.0,16035000.0,636206000.0,528800000.0,107406000.0,9173613348.0,63321000.0,0.0,-42327000.0,-9301000.0,0.0,-51628000.0,-223511000.0,-24289000.0,347198000.0,-8738000.0,197757000.0,197757000.0,197757000.0,0.0,0.0,0.117,998250000.0,296017000.0,77439000.0,0.0,15.467,46.388,47.333,280655000.0,0.0,1.562,5.419,5.529,374780000.0,,1692934000.0,1692934000.0,174392000.0,,,,0.182,0.0,799858000.0,1.0,5873084739.0,5992623000,5992623000.0,0.283,1127946000.0,47462000.0,101929000.0,91759000.0,0.188,266609000.0
112,ORCL,MRT,1993-09-30,1993-08-31,1993-08-31,2021-09-13,,,,,,,,,,,367115000.0,169121000.0,,,,,,,,,,0.0,0.0,268277000.0,,,,268277000.0,259316000.0,0.028,0.028,0.028,,,,,,,,,1.0,1226818000.0,0.77,,8961000.0,,,,,,,,,,,,,,,,,,,,,169121000.0,169121000.0,169121000.0,0.0,0.0,0.106,971117000.0,255701000.0,,0.0,,,45.414,,0.0,1.272,,4.782,,,1593933000.0,1593933000.0,162536000.0,,,,0.168,,784581000.0,1.0,,5994243000,5994243000.0,0.266,,,90195000.0,,,
113,ORCL,MRT,1993-06-30,1993-05-31,1993-05-31,2021-09-13,2697000.0,1184020000.0,,842307000.0,341713000.0,,0.089,-71960000.0,284560000.0,284560000.0,346633000.0,98256000.0,1.528,1.242,97064000.0,10684000.0,86380000.0,97064000.0,193211000.0,79204000.0,0.0,0.0,0.0,183532000.0,262736000.0,0.175,262736000.0,183532000.0,174571000.0,0.016,0.016,0.016,528039000.0,,528039000.0,,,,245523000.0,0.041,1.0,1156135000.0,0.769,101580000.0,8961000.0,343601000.0,,0.0,104491000.0,73215000.0,31276000.0,655981000.0,551343000.0,104638000.0,,131277000.0,0.0,-11928000.0,-12343000.0,0.0,-24271000.0,-158021000.0,-81273000.0,317483000.0,-3914000.0,98256000.0,98256000.0,98256000.0,0.0,0.0,0.065,939156000.0,216979000.0,72863000.0,0.0,,,64.429,189238000.0,0.0,1.031,,4.069,405589000.0,322429000.0,1502768000.0,1502768000.0,146420000.0,,,,0.122,0.0,768736000.0,1.0,,5932278000,5932278000.0,0.253,1082440000.0,49157000.0,76315000.0,89144000.0,0.182,290964000.0
114,ORCL,MRT,1993-03-31,1993-02-28,1993-02-28,2021-09-13,,,,,,,,,,,,,,,,,,,,,,0.0,0.0,,,,,,,,,,,,,,,,,,1.0,,,,,,,,,,,,,,,,,,,,,,,,,,,,,,,,,,,,,,,,0.809,,,,,,,,,,,,,,1.0,,5960223000,,,,,,,,
115,ORCL,MRT,1992-12-31,1992-11-30,1992-11-30,2021-09-13,,,,,,,,,,,,,,,,,,,,,,0.0,0.0,,,,,,,,,,,,,,,,,,1.0,,,,,,,,,,,,,,,,,,,,,,,,,,,,,,,,,,,,,,,,0.549,,,,,,,,,,,,,,1.0,,5913486000,,,,,,,,
116,ORCL,MRT,1992-06-30,1992-05-31,1992-05-31,2021-09-13,,,,,,,,-88456000.0,,,281562000.0,61510000.0,,,,,,,,65778000.0,,0.0,0.0,114779000.0,180557000.0,0.153,180557000.0,114779000.0,96130000.0,0.011,0.011,0.011,,,,,,,153864000.0,0.027,1.0,896934000.0,0.761,,18649000.0,,,,,,,,,,,51802000.0,0.0,22239000.0,-98639000.0,0.0,-76400000.0,-116358000.0,-23218000.0,242320000.0,2240000.0,61510000.0,61510000.0,61510000.0,0.0,0.0,0.052,783271000.0,113663000.0,,0.0,,,33.378,,0.0,0.367,,1.801,,,1178496000.0,1178496000.0,110641000.0,,,,0.097,0.0,672630000.0,1.0,,5782144500,5782144500.0,0.204,,,34620000.0,,,
