None,ticker,dimension,calendardate,datekey,reportperiod,lastupdated,accoci,assets,assetsavg,assetsc,assetsnc,assetturnover,bvps,capex,cashneq,cashnequsd,cor,consolinc,currentratio,de,debt,debtc,debtnc,debtusd,deferredrev,depamor,deposits,divyield,dps,ebit,ebitda,ebitdamargin,ebitdausd,ebitusd,ebt,eps,epsdil,epsusd,equity,equityavg,equityusd,ev,evebit,evebitda,fcf,fcfps,fxusd,gp,grossmargin,intangibles,intexp,invcap,invcapavg,inventory,investments,investmentsc,investmentsnc,liabilities,liabilitiesc,liabilitiesnc,marketcap,ncf,ncfbus,ncfcommon,ncfdebt,ncfdiv,ncff,ncfi,ncfinv,ncfo,ncfx,netinc,netinccmn,netinccmnusd,netincdis,netincnci,netmargin,opex,opinc,payables,payoutratio,pb,pe,pe1,ppnenet,prefdivis,price,ps,ps1,receivables,retearn,revenue,revenueusd,rnd,roa,roe,roic,ros,sbcomp,sgna,sharefactor,sharesbas,shareswa,shareswadil,sps,tangibles,taxassets,taxexp,taxliabilities,tbvps,workingcapital
0,VTSS,MRY,2014-12-31,2014-09-30,2014-09-30,2019-05-22,0.0,104824000.0,92838000.0,97386000.0,7438000.0,1.169,0.513,-1301000.0,72697000.0,72697000.0,44480000.0,-18075000.0,1.711,2.354,49144000.0,32727000.0,16417000.0,49144000.0,4902000.0,2041000.0,0.0,0.0,0.0,-11507000.0,-9466000.0,-0.087,-9466000.0,-11507000.0,-17734000.0,-0.3,-0.3,-0.3,31258000.0,20341000.0,31258000.0,220809126.0,-19.0,-23.327,-8247000.0,-0.135,1.0,64017000.0,0.59,1476000.0,6227000.0,22880000.0,23873500.0,12792000.0,0.0,0.0,0.0,73566000.0,56915000.0,16651000.0,243711126.0,3040000.0,0.0,26656000.0,-14606000.0,0.0,11797000.0,-1811000.0,0.0,-6946000.0,0.0,-18075000.0,-18075000.0,-18075000.0,0.0,0.0,-0.167,73791000.0,-9774000.0,6814000.0,0.0,7.797,-13.483,-12.0,2858000.0,0.0,3.6,2.246,2.02,10850000.0,-1894403000.0,108497000.0,108497000.0,42450000.0,-0.195,-0.889,-0.482,-0.106,6075000.0,30981000.0,1.0,67697535.0,60887000,60887000.0,1.782,103348000.0,0.0,341000.0,0.0,1.697,40471000.0
1,VTSS,MRY,2013-12-31,2013-09-30,2013-09-30,2019-05-22,0.0,98961000.0,85776500.0,91259000.0,7702000.0,1.21,0.395,-1150000.0,68964000.0,68964000.0,46763000.0,-22078000.0,4.168,5.221,60750000.0,0.0,60750000.0,60750000.0,2215000.0,2375000.0,0.0,0.0,0.0,-14710000.0,-12335000.0,-0.119,-12335000.0,-14710000.0,-22626000.0,-0.55,-0.55,-0.55,15908000.0,3654500.0,15908000.0,163697268.0,-11.0,-13.271,-10269000.0,-0.255,1.0,57010000.0,0.549,1170000.0,7916000.0,67681000.0,65057250.0,10692000.0,0.0,0.0,0.0,83053000.0,21896000.0,61157000.0,174899268.0,44972000.0,0.0,54520000.0,0.0,0.0,55583000.0,-1492000.0,0.0,-9119000.0,0.0,-22078000.0,-22078000.0,-22078000.0,0.0,0.0,-0.213,72484000.0,-15474000.0,7436000.0,0.0,10.994,-7.922,-5.527,3107000.0,0.0,3.04,1.685,1.181,9807000.0,-1876328000.0,103773000.0,103773000.0,41927000.0,-0.257,-6.041,-0.226,-0.142,4396000.0,30210000.0,1.0,57532654.0,40311000,40311000.0,2.574,97791000.0,0.0,-548000.0,0.0,2.426,69363000.0
2,VTSS,MRY,2012-12-31,2012-09-30,2012-09-30,2019-05-22,0.0,56616000.0,57734750.0,47479000.0,9137000.0,2.07,-0.956,-735000.0,23891000.0,23891000.0,46407000.0,-1112000.0,2.527,-3.358,58373000.0,0.0,58373000.0,58373000.0,871000.0,2963000.0,0.0,0.0,0.0,6492000.0,9455000.0,0.079,9455000.0,6492000.0,-1286000.0,-0.04,-0.04,-0.04,-24015000.0,-28176750.0,-24015000.0,100099560.0,15.0,10.587,6337000.0,0.252,1.0,73076000.0,0.612,1175000.0,7778000.0,71138000.0,71513500.0,12060000.0,0.0,0.0,0.0,80631000.0,18785000.0,61846000.0,62960560.0,6573000.0,0.0,0.0,0.0,0.0,1103000.0,-1602000.0,0.0,7072000.0,0.0,-1112000.0,-1112000.0,-1112000.0,0.0,0.0,-0.009,71441000.0,1635000.0,5726000.0,0.0,-2.622,-56.619,-61.0,3832000.0,0.0,2.44,0.527,0.513,9403000.0,-1854250000.0,119483000.0,119483000.0,42713000.0,-0.019,0.039,0.091,0.054,4442000.0,29822000.0,1.0,25803508.0,25121000,25121000.0,4.756,55441000.0,0.0,-174000.0,0.0,2.207,28694000.0
3,VTSS,MRY,2011-12-31,2011-09-30,2011-09-30,2019-05-22,0.0,60994000.0,73930000.0,50209000.0,10785000.0,1.907,-1.17,-3337000.0,17318000.0,17318000.0,53674000.0,-14812000.0,2.132,-3.143,56180000.0,0.0,56180000.0,56180000.0,3878000.0,3628000.0,0.0,0.0,0.0,-6975000.0,-3347000.0,-0.024,-3347000.0,-6975000.0,-15431000.0,-0.61,-0.61,-0.61,-28459000.0,-28302250.0,-28459000.0,109304026.0,-16.0,-32.657,-10548000.0,-0.434,1.0,87293000.0,0.619,1781000.0,8456000.0,74525000.0,80733500.0,20857000.0,0.0,0.0,0.0,89453000.0,23550000.0,65903000.0,72142026.0,-20809000.0,0.0,0.0,-9560000.0,0.0,-10141000.0,-3457000.0,0.0,-7211000.0,0.0,-14812000.0,-14812000.0,-14812000.0,0.0,0.0,-0.105,98227000.0,-10934000.0,5198000.0,0.0,-2.535,-4.871,-4.836,5934000.0,0.0,2.95,0.512,0.509,9591000.0,-1853138000.0,140967000.0,140967000.0,52990000.0,-0.2,0.523,-0.086,-0.049,3152000.0,41233000.0,1.0,24454924.0,24315000,24315000.0,5.798,59213000.0,0.0,-619000.0,0.0,2.435,26659000.0
4,VTSS,MRY,2010-12-31,2010-09-30,2010-09-30,2019-05-22,0.0,97529000.0,93095500.0,84472000.0,13057000.0,1.783,-1.01,-3078000.0,38521000.0,38521000.0,71557000.0,-20055000.0,2.318,-5.578,65105000.0,10000.0,65095000.0,65105000.0,6926000.0,3540000.0,0.0,0.0,0.0,-9038990.0,-5498990.0,-0.033,-5498990.0,-9038990.0,-18533990.0,-0.95,-0.95,-0.95,-21288000.0,-44427500.0,-21288000.0,111884377.0,-12.0,-20.346,-1606000.0,-0.076,1.0,94433000.0,0.569,864000.0,9495000.0,86814000.0,77151250.0,27273000.0,0.0,0.0,0.0,118735000.0,36435000.0,82300000.0,86591377.0,-19417000.0,0.0,0.0,-16365000.0,0.0,-17701000.0,-3188000.0,0.0,1472000.0,0.0,-20054990.0,-20181000.0,-20181000.0,-121000.0,-10.0,-0.122,90315000.0,4118000.0,13216000.0,0.0,-4.068,-4.291,-3.8,8196000.0,126010.0,3.61,0.522,0.458,15765000.0,-1838326000.0,165990000.0,165990000.0,50973000.0,-0.217,0.454,-0.117,-0.054,2236000.0,37618000.0,1.0,23986531.0,21074000,21074000.0,7.877,96665000.0,0.0,1521000.0,0.0,4.587,48037000.0
5,VTSS,MRY,2009-12-31,2009-09-30,2009-09-30,2019-05-22,0.0,109273000.0,103146000.0,96781000.0,12492000.0,1.63,-5.346,2179000.0,57942000.0,57942000.0,78212000.0,-194041000.0,1.687,-2.779,126588000.0,15236000.0,111352000.0,126588000.0,4566000.0,4158000.0,0.0,0.0,0.0,-190839000.0,-186681000.0,-1.11,-186681000.0,-190839000.0,-195492000.0,-16.91,-16.91,-16.91,-61359000.0,-60905500.0,-61359000.0,159935065.0,-1.0,-0.857,21376000.0,1.862,1.0,89965000.0,0.535,1541000.0,4653000.0,118994000.0,58647000.0,18809000.0,0.0,0.0,0.0,170546000.0,57384000.0,113162000.0,85435065.0,20822000.0,0.0,0.0,-24000.0,0.0,-24000.0,1649000.0,0.0,19197000.0,0.0,-194041000.0,-194041000.0,-194041000.0,-71000.0,0.0,-1.154,268970000.0,-179005000.0,11191000.0,0.0,-1.392,-0.44,-0.438,7874000.0,0.0,7.4,0.508,0.505,15074000.0,-1818271000.0,168177000.0,168177000.0,45650000.0,-1.881,3.186,-3.254,-1.135,3133000.0,39936000.0,1.0,11545279.0,11478000,11478000.0,14.652,107732000.0,0.0,-1451000.0,0.0,9.386,39397000.0
6,VTSS,MRY,2008-12-31,2008-09-30,2008-09-30,2019-05-22,0.0,292277000.0,298606500.0,88262000.0,204015000.0,0.765,11.212,-1681000.0,37314000.0,37314000.0,106344000.0,17214000.0,2.259,1.33,126123000.0,0.0,126123000.0,126123000.0,2721000.0,5380000.0,0.0,0.0,0.0,21643940.0,27023940.0,0.118,27023940.0,21643940.0,17775940.0,1.54,1.54,1.54,125361000.0,114646750.0,125361000.0,249146013.0,12.0,9.219,-24301000.0,-2.173,1.0,122192000.0,0.535,192331000.0,3868000.0,149691000.0,138391000.0,37466000.0,0.0,0.0,0.0,166751000.0,39064000.0,127687000.0,122151013.0,10746000.0,62845000.0,0.0,-31267000.0,0.0,-32222000.0,65588000.0,6073000.0,-22620000.0,0.0,16553940.0,16554000.0,16554000.0,-9044000.0,660060.0,0.072,113814000.0,8378000.0,16101000.0,0.0,0.974,7.379,7.013,8084000.0,0.0,10.8,0.534,0.528,6307000.0,-1624230000.0,228536000.0,228536000.0,49982000.0,0.055,0.144,0.156,0.095,3896000.0,50557000.0,1.0,11310279.0,11181000,11181000.0,20.44,99946000.0,0.0,1222000.0,0.0,8.939,49198000.0
7,VTSS,MRY,2007-12-31,2007-09-30,2007-09-30,2019-05-22,3739000.0,327348000.0,339773500.0,118257000.0,209091000.0,0.653,9.505,-879000.0,28123000.0,28123000.0,113754000.0,-21647000.0,1.878,2.069,155118000.0,0.0,155118000.0,155118000.0,21825000.0,10660000.0,0.0,0.0,0.0,-18843000.0,-8183000.0,-0.037,-8183000.0,-18843000.0,-21423000.0,-2.0,-2.0,-2.0,106243000.0,112026500.0,106243000.0,290116802.0,-15.0,-35.454,4899000.0,0.438,1.0,108194000.0,0.487,194713000.0,2580000.0,196660000.0,176321000.0,33728000.0,7600000.0,7600000.0,0.0,219816000.0,62970000.0,156846000.0,212572802.0,664000.0,0.0,0.0,-4101000.0,0.0,-4101000.0,-1013000.0,-311000.0,5778000.0,0.0,-21647000.0,-21647000.0,-21647000.0,16822000.0,0.0,-0.098,109993000.0,-1799000.0,14988000.0,0.0,2.001,-9.82,-9.6,9286000.0,0.0,19.2,0.958,0.967,7146000.0,-1640784000.0,221948000.0,221948000.0,47199000.0,-0.064,-0.193,-0.107,-0.085,7001000.0,42459000.0,1.0,11071500.0,11177800,11177800.0,19.856,132635000.0,0.0,224000.0,0.0,11.866,55287000.0
8,VTSS,MRY,2006-12-31,2006-09-30,2006-09-30,2019-05-22,484000.0,352199000.0,381767500.0,99718000.0,252481000.0,0.532,10.607,-761000.0,26894000.0,26894000.0,112740000.0,-67285000.0,1.169,1.985,149620000.0,2868000.0,146752000.0,149620000.0,30707000.0,20742000.0,0.0,0.0,0.0,-64125000.0,-43383000.0,-0.213,-43383000.0,-64125000.0,-66505000.0,-6.0,-6.0,-6.0,117810000.0,186168500.0,117810000.0,296759702.0,-5.0,-6.84,-41529000.0,-3.739,1.0,90549000.0,0.445,233656000.0,2380000.0,155982000.0,180493500.0,60625000.0,3341000.0,3341000.0,0.0,233897000.0,85287000.0,148610000.0,219215702.0,2182000.0,0.0,2265000.0,35862000.0,0.0,41278000.0,1672000.0,7733000.0,-40768000.0,0.0,-67285000.0,-67285000.0,-67285000.0,15282000.0,0.0,-0.331,140643000.0,-50094000.0,26263000.0,0.0,1.861,-3.258,-3.3,12519000.0,0.0,19.8,1.078,1.082,4280000.0,-1619137000.0,203289000.0,203289000.0,66372000.0,-0.176,-0.361,-0.355,-0.315,9192000.0,48601000.0,1.0,11071500.0,11106850,11106850.0,18.303,118543000.0,0.0,780000.0,0.0,10.673,14431000.0
9,VTSS,MRY,2005-12-31,2005-09-30,2005-09-30,2019-05-22,-1000.0,411336000.0,474536000.0,105054000.0,306282000.0,0.402,23.553,-79275000.0,23138000.0,23138000.0,91143000.0,-126879000.0,2.056,0.616,106825000.0,7355000.0,99470000.0,106825000.0,5929000.0,39359000.0,0.0,0.0,0.0,-123295000.0,-83936000.0,-0.44,-83936000.0,-123295000.0,-126811000.0,-11.8,-11.8,-11.8,254527000.0,315596750.0,254527000.0,483271830.0,-4.0,-5.758,-41276000.0,-3.82,1.0,99635000.0,0.522,238916000.0,3516000.0,205005000.0,257790750.0,35158000.0,8862000.0,8862000.0,0.0,156809000.0,51102000.0,105707000.0,409401830.0,2273000.0,-7790000.0,8798000.0,-117570000.0,0.0,-108772000.0,73046000.0,153398000.0,37999000.0,0.0,-126879000.0,-126879000.0,-126879000.0,0.0,0.0,-0.665,222470000.0,-122835000.0,20188000.0,0.0,1.608,-3.227,-3.169,58074000.0,0.0,37.4,2.146,2.118,30403000.0,-1198512000.0,190778000.0,190778000.0,101443000.0,-0.267,-0.402,-0.478,-0.646,0.0,50127000.0,1.0,10946573.0,10806500,10806500.0,17.654,172420000.0,0.0,68000.0,699000.0,15.955,53952000.0
10,VTSS,MRY,2004-12-31,2004-09-30,2004-09-30,2019-05-22,-1000.0,659018000.0,658190750.0,325075000.0,333943000.0,0.332,34.325,-2190000.0,27465000.0,27465000.0,78720000.0,-33065000.0,1.706,0.78,224749000.0,134749000.0,90000000.0,224749000.0,6869000.0,39514000.0,0.0,0.0,0.0,-25096000.0,14418000.0,0.066,14418000.0,-25096000.0,-33613000.0,-3.0,-3.0,-3.0,370238000.0,385489000.0,370238000.0,752184248.0,-30.0,52.17,2554000.0,0.237,1.0,140055000.0,0.64,243092000.0,8517000.0,422618000.0,399128250.0,41162000.0,210477000.0,210477000.0,0.0,288780000.0,190592000.0,98188000.0,599385248.0,-27254000.0,-59483000.0,-8697000.0,20170000.0,0.0,11473000.0,-43471000.0,24192000.0,4744000.0,0.0,-33065000.0,-33065000.0,-33065000.0,0.0,0.0,-0.151,174494000.0,-34439000.0,17789000.0,0.0,1.619,-18.127,-18.2,74403000.0,0.0,54.6,2.74,2.692,36447000.0,-1071633000.0,218775000.0,218775000.0,108533000.0,-0.05,-0.086,-0.063,-0.115,0.0,47053000.0,1.0,10977752.0,10786300,10786300.0,20.283,415926000.0,0.0,-548000.0,1077000.0,38.561,134483000.0
11,VTSS,MRY,2003-12-31,2003-09-30,2003-09-30,2019-05-22,2000.0,665744000.0,704355500.0,299053000.0,366691000.0,0.222,37.832,-19103000.0,48119000.0,48119000.0,73163000.0,-167189000.0,4.952,0.727,200754000.0,3175000.0,197579000.0,200754000.0,0.0,36628000.0,0.0,0.0,0.0,-159935000.0,-123307000.0,-0.789,-123307000.0,-159935000.0,-167129000.0,-16.4,-16.4,-16.4,385508000.0,426602750.0,385508000.0,1478756405.0,-9.0,-11.992,-18613000.0,-1.827,1.0,83208000.0,0.532,194785000.0,7194000.0,563205000.0,618001500.0,24851000.0,243556000.0,186455000.0,57101000.0,280236000.0,60389000.0,219847000.0,1330684405.0,-28850000.0,16125000.0,7596000.0,-51250000.0,0.0,-40370000.0,11030000.0,13567000.0,490000.0,0.0,-167189000.0,-167189000.0,-167189000.0,36010000.0,0.0,-1.069,226246000.0,-143038000.0,11553000.0,0.0,3.452,-7.959,-7.817,92541000.0,0.0,128.2,8.51,8.354,35171000.0,-1038568000.0,156371000.0,156371000.0,110145000.0,-0.237,-0.392,-0.259,-1.023,0.0,54020000.0,1.0,10379754.0,10190050,10190050.0,15.345,470959000.0,0.0,60000.0,1913000.0,46.218,238664000.0
12,VTSS,MRY,2002-12-31,2002-09-30,2002-09-30,2019-05-22,252000.0,827259000.0,1325482500.0,409997000.0,417262000.0,0.114,48.609,-62163000.0,109968000.0,109968000.0,110155000.0,-883526000.0,3.481,0.714,263703000.0,68558000.0,195145000.0,263703000.0,0.0,60270000.0,0.0,0.0,0.0,-743404000.0,-683134000.0,-4.502,-683134000.0,-743404000.0,-757452000.0,-89.0,-89.0,-89.0,482705000.0,845086000.0,482705000.0,383205492.0,-1.0,-0.561,-138915000.0,-13.989,1.0,41583000.0,0.274,165802000.0,14048000.0,697401000.0,1140425500.0,25045000.0,290264000.0,200272000.0,89992000.0,344554000.0,117791000.0,226763000.0,136685492.0,51476000.0,81000.0,7436000.0,-203073000.0,0.0,-186384000.0,314612000.0,376694000.0,-76752000.0,0.0,-883526000.0,-883526000.0,-883526000.0,33815000.0,0.0,-5.823,829490000.0,-787907000.0,8502000.0,0.0,0.283,-0.155,-0.153,118737000.0,0.0,13.6,0.901,0.89,37153000.0,-871379000.0,151738000.0,151738000.0,147272000.0,-0.667,-1.045,-0.652,-4.899,0.0,68161000.0,1.0,10050404.0,9930400,9930400.0,15.28,661457000.0,0.0,126074000.0,1123000.0,66.609,292206000.0
13,VTSS,MRY,2001-12-31,2001-09-30,2001-09-30,2019-05-22,0.0,1932782000.0,1969420000.0,353705000.0,1579077000.0,0.195,143.017,-148236000.0,92847000.0,92847000.0,201536000.0,-111875000.0,2.799,0.454,539693000.0,70662000.0,469031000.0,539693000.0,0.0,136766000.0,0.0,0.0,0.0,-93842000.0,42924000.0,0.112,42924000.0,-93842000.0,-125605000.0,-12.0,-12.0,-12.0,1329005000.0,1230413000.0,1329005000.0,2049018227.0,-22.0,47.736,-154450000.0,-16.621,1.0,182369000.0,0.475,595123000.0,31763000.0,1658129000.0,1872109000.0,44833000.0,669774000.0,126938000.0,542836000.0,603777000.0,126376000.0,477401000.0,1476365227.0,-163836000.0,-12879000.0,31482000.0,-160042000.0,0.0,-123770000.0,-33852000.0,127263000.0,-6214000.0,0.0,-111875000.0,-111875000.0,-111875000.0,3842000.0,0.0,-0.291,352062000.0,-169693000.0,21463000.0,0.0,1.111,-13.197,-12.917,248332000.0,0.0,155.0,3.846,3.752,53730000.0,12147000.0,383905000.0,383905000.0,150748000.0,-0.057,-0.091,-0.05,-0.244,53199000.0,86429000.0,1.0,9524937.0,9292650,9292650.0,41.313,1337659000.0,145812000.0,-13730000.0,12172000.0,143.948,227329000.0
14,VTSS,MRY,2000-12-31,2000-09-30,2000-09-30,2019-05-22,0.0,1901066000.0,1522350750.0,877142000.0,1023924000.0,0.29,125.509,-89967000.0,257081000.0,257081000.0,150803000.0,27889000.0,12.429,0.72,727814000.0,4227000.0,723587000.0,727814000.0,0.0,71385000.0,0.0,0.0,0.0,100224000.0,171609000.0,0.389,171609000.0,100224000.0,81678000.0,3.2,3.0,3.2,1105402000.0,934533750.0,1105402000.0,16379932378.0,163.0,95.449,62429000.0,7.088,1.0,290891000.0,0.659,452895000.0,18546000.0,1848333000.0,1508700250.0,43715000.0,797037000.0,442475000.0,354562000.0,795664000.0,70571000.0,725093000.0,15974802378.0,167140000.0,-33981000.0,28753000.0,720304000.0,0.0,734027000.0,-719283000.0,-595335000.0,152396000.0,0.0,27889000.0,27889000.0,27889000.0,0.0,0.0,0.063,230089000.0,60802000.0,21813000.0,0.0,14.452,572.799,555.859,141874000.0,0.0,1778.75,36.167,35.468,113172000.0,124022000.0,441694000.0,441694000.0,93853000.0,0.018,0.03,0.066,0.227,66183000.0,51087000.0,1.0,8980915.0,8807350,9491400.0,50.151,1448171000.0,57236000.0,53789000.0,8307000.0,164.428,806571000.0
15,VTSS,MRY,1999-12-31,1999-09-30,1999-09-30,2019-05-22,0.0,543069000.0,464689250.0,334515000.0,208554000.0,0.606,61.042,-44518000.0,89941000.0,89941000.0,104815000.0,61151000.0,8.566,0.081,4943000.0,3307000.0,1636000.0,4943000.0,0.0,24564000.0,0.0,0.0,0.0,90443000.0,115007000.0,0.408,115007000.0,90443000.0,90443000.0,9.6,9.0,9.6,502381000.0,430056500.0,502381000.0,6479076602.0,72.0,56.336,34815000.0,4.23,1.0,176854000.0,0.628,14609000.0,0.0,404410000.0,333112000.0,26931000.0,215642000.0,110245000.0,105397000.0,40688000.0,39052000.0,1636000.0,6551263602.0,4778000.0,-13016000.0,37463000.0,10000.0,0.0,38307000.0,-112862000.0,-55328000.0,79333000.0,0.0,61151000.0,61151000.0,61151000.0,0.0,0.0,0.217,97400000.0,79454000.0,16387000.0,0.0,13.04,107.133,88.932,81849000.0,0.0,853.75,23.259,24.946,69080000.0,94669000.0,281669000.0,281669000.0,57323000.0,0.132,0.142,0.272,0.321,40902000.0,38867000.0,1.0,7673515.0,8230100,8915600.0,34.224,528460000.0,38914000.0,29292000.0,5517000.0,64.211,295463000.0
16,VTSS,MRY,1998-12-31,1998-09-30,1998-09-30,2019-05-22,0.0,381008000.0,336937250.0,254043000.0,126965000.0,0.538,45.701,-31990000.0,76963000.0,76963000.0,71312000.0,48634000.0,8.755,0.085,1218000.0,517000.0,701000.0,1218000.0,0.0,16044000.0,0.0,0.0,0.0,56560000.0,72604000.0,0.401,72604000.0,56560000.0,56560000.0,6.4,5.8,6.4,351289000.0,307846000.0,351289000.0,1665679490.0,29.0,22.942,9497000.0,1.236,1.0,109857000.0,0.606,0.0,0.0,276245000.0,214868500.0,17208000.0,160314000.0,91610000.0,68704000.0,29719000.0,29018000.0,701000.0,1729933490.0,-16346000.0,0.0,29077000.0,359000.0,0.0,29436000.0,-87269000.0,-55279000.0,41487000.0,0.0,48634000.0,48634000.0,48634000.0,0.0,0.0,0.268,62865000.0,46992000.0,14256000.0,0.0,4.925,35.57,36.914,57949000.0,0.0,236.25,9.549,10.024,40104000.0,34378000.0,181169000.0,181169000.0,37033000.0,0.144,0.158,0.263,0.312,0.0,25832000.0,1.0,7322470.0,7686750,8342350.0,23.569,381008000.0,24981000.0,7926000.0,4199000.0,49.567,225025000.0
17,VTSS,MRY,1997-12-31,1997-09-30,1997-09-30,2019-05-22,0.0,292280000.0,,204646000.0,87634000.0,,38.349,-31714000.0,97358000.0,97358000.0,45513000.0,29517000.0,7.53,0.103,403000.0,403000.0,0.0,403000.0,0.0,7122000.0,0.0,0.0,0.0,33169000.0,40291000.0,0.382,40291000.0,33169000.0,33169000.0,4.2,3.8,4.2,265102000.0,,265102000.0,,,,20380000.0,2.948,1.0,59900000.0,0.568,0.0,0.0,168147000.0,,11809000.0,104042000.0,58486000.0,45556000.0,27178000.0,27178000.0,0.0,,46940000.0,0.0,131836000.0,-1234000.0,0.0,130602000.0,-135756000.0,-104042000.0,52094000.0,0.0,29517000.0,29517000.0,29517000.0,0.0,0.0,0.28,34767000.0,25133000.0,19758000.0,0.0,,,59.003,41684000.0,0.0,247.813,,16.251,21072000.0,-12426000.0,105413000.0,105413000.0,19108000.0,,,,0.315,0.0,15659000.0,1.0,,6912800,7644400.0,15.249,292280000.0,14800000.0,3652000.0,0.0,42.281,177468000.0
18,VTSS,MRY,1996-12-31,1996-09-30,1996-09-30,2019-05-22,,,,,,,,-11003000.0,,,31792000.0,12645000.0,,,,,,,,4973000.0,,0.0,0.0,14050000.0,19023000.0,0.288,19023000.0,14050000.0,14050000.0,2.4,2.1,2.4,,,,,,,5733000.0,1.099,1.0,34254000.0,0.519,,0.0,,,,,,,,,,,46121000.0,0.0,50725000.0,-10337000.0,0.0,40388000.0,-11003000.0,0.0,16736000.0,0.0,12645000.0,12645000.0,12645000.0,0.0,0.0,0.191,20822000.0,13432000.0,,0.0,,,53.646,,0.0,128.75,,10.166,,,66046000.0,66046000.0,11045000.0,,,,0.213,0.0,9777000.0,,,5215100,5961300.0,12.664,,,1405000.0,,,
0,VTSS,MRQ,2014-12-31,2014-12-31,2014-12-31,2019-05-22,0.0,67544000.0,,61309000.0,6235000.0,,0.397,-474000.0,33353000.0,33353000.0,10053000.0,-5041000.0,2.576,1.5,16508000.0,0.0,16508000.0,16508000.0,6302000.0,519000.0,0.0,0.0,0.0,-4178000.0,-3659000.0,-0.148,-3659000.0,-4178000.0,-4996000.0,-0.07,-0.07,-0.07,27014000.0,,27014000.0,233121376.0,-20.0,-23.905,-6461000.0,-0.095,1.0,14702000.0,0.594,1811000.0,818000.0,25091000.0,,15705000.0,0.0,0.0,0.0,40530000.0,23797000.0,16733000.0,256674376.0,-40158000.0,0.0,0.0,-32843000.0,0.0,-33241000.0,-930000.0,0.0,-5987000.0,0.0,-5041000.0,-5041000.0,-5041000.0,0.0,0.0,-0.204,18852000.0,-4150000.0,7947000.0,0.0,9.502,-14.465,-14.0,2913000.0,0.0,3.78,2.418,2.42,10081000.0,-1899444000.0,24755000.0,24755000.0,11337000.0,,,,,1831000.0,7415000.0,1.0,67903274.0,67974000,67974000.0,0.364,65733000.0,0.0,45000.0,0.0,0.967,37512000.0
1,VTSS,MRQ,2014-09-30,2014-09-30,2014-09-30,2019-05-22,0.0,104824000.0,,97386000.0,7438000.0,,0.462,-327000.0,72697000.0,72697000.0,10571000.0,-2485000.0,1.711,2.354,49144000.0,32727000.0,16417000.0,49144000.0,4902000.0,500000.0,0.0,0.0,0.0,-682000.0,-182000.0,-0.006,-182000.0,-682000.0,-2203000.0,-0.03,-0.03,-0.03,31258000.0,,31258000.0,220809126.0,-19.0,-23.327,329000.0,0.005,1.0,18100000.0,0.631,1476000.0,1521000.0,22880000.0,,12792000.0,0.0,0.0,0.0,73566000.0,56915000.0,16651000.0,243711126.0,1091000.0,0.0,-149000.0,0.0,0.0,762000.0,-327000.0,0.0,656000.0,0.0,-2485000.0,-2485000.0,-2485000.0,0.0,0.0,-0.087,18754000.0,-654000.0,6814000.0,0.0,7.797,-13.483,-12.0,2858000.0,0.0,3.6,2.246,2.02,10850000.0,-1894403000.0,28671000.0,28671000.0,10869000.0,,,,,1609000.0,7792000.0,1.0,67697535.0,67655000,67655000.0,0.424,103348000.0,0.0,282000.0,0.0,1.528,40471000.0
2,VTSS,MRQ,2014-06-30,2014-06-30,2014-06-30,2019-05-22,0.0,103179000.0,,95118000.0,8061000.0,,0.521,-103000.0,71605000.0,71605000.0,12254000.0,-4388000.0,1.724,2.305,48703000.0,32375000.0,16328000.0,48703000.0,3030000.0,533000.0,0.0,0.0,0.0,-2545000.0,-2012000.0,-0.074,-2012000.0,-2545000.0,-4055000.0,-0.07,-0.07,-0.07,31223000.0,,31223000.0,202641937.0,-14.0,-16.459,-3142000.0,-0.052,1.0,14897000.0,0.549,1569000.0,1510000.0,23550000.0,,11237000.0,0.0,0.0,0.0,71956000.0,55158000.0,16798000.0,202568937.0,22611000.0,0.0,26805000.0,0.0,0.0,26176000.0,-526000.0,0.0,-3039000.0,0.0,-4388000.0,-4388000.0,-4388000.0,0.0,0.0,-0.162,17424000.0,-2527000.0,7693000.0,0.0,6.488,-9.486,-10.147,2944000.0,0.0,3.45,1.898,1.939,10101000.0,-1891918000.0,27151000.0,27151000.0,10006000.0,,,,,1586000.0,7330000.0,1.0,58715634.0,59965000,59965000.0,0.453,101610000.0,0.0,333000.0,0.0,1.694,39960000.0
3,VTSS,MRQ,2014-03-31,2014-03-31,2014-03-31,2019-05-22,0.0,79998000.0,,71536000.0,8462000.0,,0.126,-170000.0,48201000.0,48201000.0,10979000.0,-5831000.0,1.28,9.866,48274000.0,32031000.0,16243000.0,48274000.0,3529000.0,512000.0,0.0,0.0,0.0,-4411000.0,-3899000.0,-0.152,-3899000.0,-4411000.0,-5903000.0,-0.1,-0.1,-0.1,7362000.0,,7362000.0,244142155.0,-15.0,-17.349,-210000.0,-0.004,1.0,14613000.0,0.571,1502000.0,1492000.0,22673000.0,,11347000.0,0.0,0.0,0.0,72636000.0,55896000.0,16740000.0,244640155.0,-154000.0,0.0,0.0,0.0,0.0,56000.0,-170000.0,0.0,-40000.0,0.0,-5831000.0,-5831000.0,-5831000.0,0.0,0.0,-0.228,18992000.0,-4379000.0,7748000.0,0.0,33.23,-10.454,-9.545,3308000.0,0.0,4.2,2.309,2.312,9921000.0,-1887530000.0,25592000.0,25592000.0,10896000.0,,,,,1615000.0,8005000.0,1.0,58247656.0,58327000,58327000.0,0.439,78496000.0,0.0,-72000.0,0.0,1.346,15640000.0
4,VTSS,MRQ,2013-12-31,2013-12-31,2013-12-31,2019-05-22,0.0,83351000.0,,75251000.0,8100000.0,,0.2,-701000.0,48355000.0,48355000.0,10676000.0,-5371000.0,1.361,6.235,47857000.0,31694000.0,16163000.0,47857000.0,2728000.0,496000.0,0.0,0.0,0.0,-3869000.0,-3373000.0,-0.125,-3373000.0,-3869000.0,-5573000.0,-0.09,-0.09,-0.09,11521000.0,,11521000.0,159918473.0,-10.0,-11.926,-5224000.0,-0.091,1.0,16407000.0,0.606,1169000.0,1704000.0,26391000.0,,12544000.0,0.0,0.0,0.0,71830000.0,55293000.0,16537000.0,168031473.0,-20508000.0,0.0,0.0,-14606000.0,0.0,-15197000.0,-788000.0,0.0,-4523000.0,0.0,-5371000.0,-5371000.0,-5371000.0,0.0,0.0,-0.198,18621000.0,-2214000.0,9449000.0,0.0,14.585,-7.496,-6.213,3559000.0,0.0,2.92,1.598,1.6,11406000.0,-1881699000.0,27083000.0,27083000.0,10679000.0,,,,,1265000.0,7854000.0,1.0,57545025.0,57610000,57610000.0,0.47,82182000.0,0.0,-202000.0,0.0,1.427,19958000.0
5,VTSS,MRQ,2013-09-30,2013-09-30,2013-09-30,2019-05-22,0.0,98961000.0,,91259000.0,7702000.0,,0.395,-731000.0,68964000.0,68964000.0,12753000.0,-5765000.0,4.168,5.221,60750000.0,0.0,60750000.0,60750000.0,2215000.0,498000.0,0.0,0.0,0.0,-3526000.0,-3028000.0,-0.113,-3028000.0,-3526000.0,-5523000.0,-0.08,-0.08,-0.08,15908000.0,,15908000.0,163697268.0,-11.0,-13.271,-3147000.0,-0.078,1.0,14122000.0,0.525,1170000.0,1997000.0,67681000.0,,10692000.0,0.0,0.0,0.0,83053000.0,21896000.0,61157000.0,174899268.0,-2472000.0,0.0,-148000.0,0.0,0.0,675000.0,-731000.0,0.0,-2416000.0,0.0,-5765000.0,-5765000.0,-5765000.0,0.0,0.0,-0.215,17614000.0,-3492000.0,7436000.0,0.0,10.994,-7.922,-5.527,3107000.0,0.0,3.04,1.685,1.181,9807000.0,-1876328000.0,26875000.0,26875000.0,9940000.0,,,,,1091000.0,7593000.0,1.0,57532654.0,40311000,40311000.0,0.667,97791000.0,0.0,242000.0,0.0,2.426,69363000.0
6,VTSS,MRQ,2013-06-30,2013-06-30,2013-06-30,2019-05-22,0.0,104557000.0,,96813000.0,7744000.0,,0.512,-105000.0,71335000.0,71335000.0,11666000.0,-6434000.0,3.007,4.286,60133000.0,7967000.0,52166000.0,60133000.0,2758000.0,550000.0,0.0,0.0,0.0,-4322000.0,-3772000.0,-0.143,-3772000.0,-4322000.0,-6305000.0,-0.17,-0.17,-0.17,19780000.0,,19780000.0,121655779.0,-13.0,-17.54,-2707000.0,-0.07,1.0,14752000.0,0.558,1251000.0,1983000.0,59903000.0,,11881000.0,0.0,0.0,0.0,84777000.0,32201000.0,52576000.0,99040779.0,34421000.0,0.0,37613000.0,0.0,0.0,37372000.0,-349000.0,0.0,-2602000.0,0.0,-6434000.0,-6434000.0,-6434000.0,0.0,0.0,-0.244,19043000.0,-4291000.0,8365000.0,0.0,5.007,-6.561,-6.116,2793000.0,0.0,2.63,0.931,0.955,10404000.0,-1870563000.0,26418000.0,26418000.0,11706000.0,,,,,1156000.0,7257000.0,1.0,37658091.0,38630000,38630000.0,0.684,103306000.0,0.0,129000.0,0.0,2.674,64612000.0
7,VTSS,MRQ,2013-03-31,2013-03-31,2013-03-31,2019-05-22,0.0,68852000.0,,60873000.0,7979000.0,,-0.325,-153000.0,36914000.0,36914000.0,11369000.0,-4847000.0,2.099,-6.686,59529000.0,8006000.0,51523000.0,59529000.0,2005000.0,641000.0,0.0,0.0,0.0,-3877000.0,-3236000.0,-0.131,-3236000.0,-3877000.0,-5843000.0,-0.13,-0.13,-0.13,-12109000.0,,-12109000.0,102587249.0,38.0,18.765,-646000.0,-0.017,1.0,13384000.0,0.541,1087000.0,1966000.0,61384000.0,,12566000.0,0.0,0.0,0.0,80961000.0,28996000.0,51965000.0,80715249.0,-164000.0,0.0,-158000.0,0.0,0.0,580000.0,-251000.0,0.0,-493000.0,0.0,-4847000.0,-4847000.0,-4847000.0,0.0,0.0,-0.196,17256000.0,-3872000.0,6540000.0,0.0,-6.666,-20.434,-27.0,3126000.0,0.0,2.16,0.732,0.729,8429000.0,-1864129000.0,24753000.0,24753000.0,9777000.0,,,,,1006000.0,7390000.0,1.0,37368171.0,37215000,37215000.0,0.665,67765000.0,0.0,-996000.0,0.0,1.821,31877000.0
8,VTSS,MRQ,2012-12-31,2012-12-31,2012-12-31,2019-05-22,0.0,70736000.0,,62239000.0,8497000.0,,-0.319,-161000.0,37078000.0,37078000.0,10975000.0,-5032000.0,3.071,-8.894,58950000.0,0.0,58950000.0,58950000.0,1325000.0,686000.0,0.0,0.0,0.0,-2985000.0,-2299000.0,-0.089,-2299000.0,-2985000.0,-4955000.0,-0.18,-0.18,-0.18,-8961000.0,,-8961000.0,92049486.0,39.0,17.583,-3769000.0,-0.134,1.0,14752000.0,0.573,1078000.0,1970000.0,71261000.0,,12646000.0,0.0,0.0,0.0,79697000.0,20269000.0,59428000.0,57567486.0,13187000.0,0.0,17213000.0,0.0,0.0,16956000.0,-161000.0,0.0,-3608000.0,0.0,-5032000.0,-5032000.0,-5032000.0,0.0,0.0,-0.196,18571000.0,-3819000.0,7513000.0,0.0,-6.424,-10.864,-11.15,3373000.0,0.0,2.23,0.5,0.543,9601000.0,-1859282000.0,25727000.0,25727000.0,10504000.0,,,,,1143000.0,7970000.0,1.0,25815016.0,28059000,28059000.0,0.917,69658000.0,0.0,77000.0,0.0,2.483,41970000.0
9,VTSS,MRQ,2012-09-30,2012-09-30,2012-09-30,2019-05-22,0.0,56616000.0,,47479000.0,9137000.0,,-0.937,-199000.0,23891000.0,23891000.0,12379000.0,1218000.0,2.527,-3.358,58373000.0,0.0,58373000.0,58373000.0,871000.0,735000.0,0.0,0.0,0.0,1636000.0,2371000.0,0.08,2371000.0,1636000.0,-319000.0,0.05,0.05,0.05,-24015000.0,,-24015000.0,100099560.0,15.0,10.587,1663000.0,0.065,1.0,17089000.0,0.58,1175000.0,1955000.0,71138000.0,,12060000.0,0.0,0.0,0.0,80631000.0,18785000.0,61846000.0,62960560.0,3305000.0,0.0,-16000.0,0.0,0.0,1728000.0,-285000.0,0.0,1862000.0,0.0,1218000.0,1218000.0,1218000.0,0.0,0.0,0.041,16558000.0,531000.0,5726000.0,0.0,-2.622,-56.619,-61.0,3832000.0,0.0,2.44,0.527,0.513,9403000.0,-1854250000.0,29468000.0,29468000.0,10195000.0,,,,,273000.0,7691000.0,1.0,25803508.0,25631000,25631000.0,1.15,55441000.0,0.0,-1537000.0,0.0,2.163,28694000.0
10,VTSS,MRQ,2012-06-30,2012-06-30,2012-06-30,2019-05-22,0.0,57143000.0,,48183000.0,8960000.0,,-1.076,-278000.0,20678000.0,20678000.0,11270000.0,4711000.0,2.291,-3.098,57817000.0,11000.0,57806000.0,57817000.0,2580000.0,736000.0,0.0,0.0,0.0,7895000.0,8631000.0,0.285,8631000.0,7895000.0,5945000.0,0.18,0.16,0.18,-27237000.0,,-27237000.0,104685799.0,62.0,21.869,1468000.0,0.058,1.0,19017000.0,0.628,1625000.0,1950000.0,71624000.0,,14796000.0,0.0,0.0,0.0,84380000.0,21033000.0,63347000.0,67024799.0,1374000.0,0.0,8000.0,0.0,0.0,-1000.0,-371000.0,0.0,1746000.0,0.0,4711000.0,4711000.0,4711000.0,0.0,0.0,0.156,16897000.0,2120000.0,5234000.0,0.0,-2.461,-9.688,-9.138,4530000.0,0.0,2.65,0.557,0.557,10724000.0,-1855468000.0,30287000.0,30287000.0,10513000.0,,,,,1092000.0,6296000.0,1.0,25292377.0,25302000,38413000.0,1.197,55518000.0,0.0,1234000.0,0.0,2.194,27150000.0
11,VTSS,MRQ,2012-03-31,2012-03-31,2012-03-31,2019-05-22,0.0,58337000.0,,48967000.0,9370000.0,,-1.319,-129000.0,19603000.0,19603000.0,10595000.0,-6196000.0,2.158,-2.766,57264000.0,11000.0,57253000.0,57264000.0,3197000.0,741000.0,0.0,0.0,0.0,-4209000.0,-3468000.0,-0.117,-3468000.0,-4209000.0,-6133000.0,-0.25,-0.25,-0.25,-33041000.0,,-33041000.0,132970757.0,65.0,25.009,2782000.0,0.111,1.0,19142000.0,0.644,1621000.0,1924000.0,71690000.0,,16898000.0,0.0,0.0,0.0,91378000.0,22687000.0,68691000.0,93697757.0,2163000.0,0.0,8000.0,0.0,0.0,-447000.0,-301000.0,0.0,2911000.0,0.0,-6196000.0,-6196000.0,-6196000.0,0.0,0.0,-0.208,18042000.0,1100000.0,5958000.0,0.0,-2.836,-18.448,-17.714,4890000.0,0.0,3.72,0.743,0.739,10333000.0,-1860179000.0,29737000.0,29737000.0,9580000.0,,,,,2014000.0,8383000.0,1.0,25187569.0,25043000,25043000.0,1.187,56716000.0,0.0,63000.0,0.0,2.265,26280000.0
12,VTSS,MRQ,2011-12-31,2011-12-31,2011-12-31,2019-05-22,0.0,58843000.0,,48271000.0,10572000.0,,-1.159,-129000.0,17454000.0,17454000.0,12163000.0,-844000.0,1.988,-3.071,56727000.0,11000.0,56716000.0,56727000.0,3362000.0,751000.0,0.0,0.0,0.0,1170000.0,1921000.0,0.064,1921000.0,1170000.0,-778000.0,-0.03,-0.03,-0.03,-28414000.0,,-28414000.0,99444065.0,-150.0,36.227,424000.0,0.017,1.0,17828000.0,0.594,2230000.0,1948000.0,71602000.0,,18133000.0,0.0,0.0,0.0,87257000.0,24284000.0,62973000.0,60975065.0,-269000.0,0.0,0.0,0.0,0.0,-177000.0,-645000.0,0.0,553000.0,0.0,-844000.0,-844000.0,-844000.0,0.0,0.0,-0.028,19944000.0,-2116000.0,7321000.0,0.0,-2.146,-7.695,-7.545,5388000.0,0.0,2.49,0.458,0.458,10399000.0,-1853982000.0,29991000.0,29991000.0,12425000.0,,,,,1063000.0,7452000.0,1.0,24487978.0,24512000,24512000.0,1.224,56613000.0,0.0,66000.0,0.0,2.31,23987000.0
13,VTSS,MRQ,2011-09-30,2011-09-30,2011-09-30,2019-05-22,0.0,60994000.0,,50209000.0,10785000.0,,-1.163,-1422000.0,17318000.0,17318000.0,12898000.0,-4589000.0,2.132,-3.143,56180000.0,0.0,56180000.0,56180000.0,3878000.0,863000.0,0.0,0.0,0.0,-3160000.0,-2297000.0,-0.076,-2297000.0,-3160000.0,-5130000.0,-0.19,-0.19,-0.19,-28459000.0,,-28459000.0,109304026.0,-16.0,-32.657,-1962000.0,-0.08,1.0,17442000.0,0.575,1781000.0,1970000.0,74525000.0,,20857000.0,0.0,0.0,0.0,89453000.0,23550000.0,65903000.0,72142026.0,-838000.0,0.0,0.0,-1492000.0,0.0,-19000.0,-279000.0,0.0,-540000.0,0.0,-4589000.0,-4589000.0,-4589000.0,0.0,0.0,-0.151,25911000.0,-8469000.0,5198000.0,0.0,-2.535,-4.871,-4.836,5934000.0,0.0,2.95,0.512,0.509,9591000.0,-1853138000.0,30340000.0,30340000.0,11408000.0,,,,,618000.0,11341000.0,1.0,24454924.0,24462000,24462000.0,1.24,59213000.0,0.0,-541000.0,0.0,2.421,26659000.0
14,VTSS,MRQ,2011-06-30,2011-06-30,2011-06-30,2019-05-22,0.0,72027000.0,,59257000.0,12770000.0,,-1.001,-241000.0,20057000.0,20057000.0,13432000.0,6550000.0,2.253,-3.944,57219000.0,1510000.0,55709000.0,57219000.0,2119000.0,909000.0,0.0,0.0,0.0,8252000.0,9161000.0,0.255,9161000.0,8252000.0,6323000.0,0.26,0.21,0.26,-24469000.0,,-24469000.0,135739030.0,11.0,8.532,1796000.0,0.073,1.0,22556000.0,0.627,1842000.0,1929000.0,81046000.0,,24948000.0,0.0,0.0,0.0,96496000.0,26301000.0,70195000.0,97262030.0,-77000.0,0.0,0.0,-4000.0,0.0,-1424000.0,-690000.0,0.0,2037000.0,0.0,6550000.0,6550000.0,6550000.0,0.0,0.0,0.182,22230000.0,326000.0,9657000.0,0.0,-3.975,21.084,11.056,7742000.0,0.0,3.98,0.634,0.634,12478000.0,-1848549000.0,35988000.0,35988000.0,12502000.0,,,,,926000.0,9455000.0,1.0,24437696.0,24447000,37543000.0,1.472,70185000.0,0.0,-227000.0,0.0,2.871,32956000.0
15,VTSS,MRQ,2011-03-31,2011-03-31,2011-03-31,2019-05-22,0.0,74721000.0,,61587000.0,13134000.0,,-1.314,-560000.0,18233000.0,18233000.0,12995000.0,-9041000.0,2.244,-3.339,56710000.0,0.0,56710000.0,56710000.0,3367000.0,887000.0,0.0,0.0,0.0,-6927000.0,-6040000.0,-0.164,-6040000.0,-6927000.0,-8966000.0,-0.37,-0.37,-0.37,-31945000.0,,-31945000.0,150699319.0,4.0,3.776,-1159000.0,-0.048,1.0,23897000.0,0.648,1454000.0,2039000.0,84304000.0,,25907000.0,0.0,0.0,0.0,106666000.0,27440000.0,79226000.0,117086319.0,-10669000.0,0.0,0.0,-8062000.0,0.0,-8696000.0,-1374000.0,0.0,-599000.0,0.0,-9041000.0,-9041000.0,-9041000.0,0.0,0.0,-0.245,25015000.0,-1118000.0,11092000.0,0.0,-3.665,3.766,3.264,8329000.0,0.0,4.83,0.755,0.757,15372000.0,-1855099000.0,36892000.0,36892000.0,14898000.0,,,,,924000.0,9978000.0,1.0,24241474.0,24303000,24303000.0,1.518,73267000.0,0.0,75000.0,0.0,3.015,34147000.0
16,VTSS,MRQ,2010-12-31,2010-12-31,2010-12-31,2019-05-22,0.0,87978000.0,,74902000.0,13076000.0,,-1.178,-1114000.0,32303000.0,32303000.0,14349000.0,-7732000.0,1.986,-4.102,65916000.0,8010000.0,57906000.0,65916000.0,6685000.0,969000.0,0.0,0.0,0.0,-5140000.0,-4171000.0,-0.11,-4171000.0,-5140000.0,-7658000.0,-0.32,-0.32,-0.32,-28336000.0,,-28336000.0,127087565.0,8.0,6.54,-9223000.0,-0.383,1.0,23398000.0,0.62,821000.0,2518000.0,83059000.0,,27039000.0,0.0,0.0,0.0,116232000.0,37711000.0,78521000.0,100503565.0,-9225000.0,0.0,0.0,-2000.0,0.0,-2000.0,-1114000.0,0.0,-8109000.0,0.0,-7732000.0,-7732000.0,-7732000.0,0.0,0.0,-0.205,25070000.0,-1672000.0,8465000.0,0.0,-3.547,16.549,26.188,8384000.0,0.0,4.19,0.62,0.622,13672000.0,-1846058000.0,37747000.0,37747000.0,14182000.0,,,,,684000.0,10459000.0,1.0,23986531.0,24050000,24050000.0,1.57,87157000.0,0.0,74000.0,0.0,3.624,37191000.0
17,VTSS,MRQ,2010-09-30,2010-09-30,2010-09-30,2019-05-22,0.0,97529000.0,,84472000.0,13057000.0,,-0.888,-817000.0,38521000.0,38521000.0,17390000.0,14836000.0,2.318,-5.578,65105000.0,10000.0,65095000.0,65105000.0,6926000.0,925000.0,0.0,0.0,0.0,16035010.0,16960010.0,0.395,16960010.0,16035010.0,13576010.0,0.79,0.79,0.79,-21288000.0,,-21288000.0,111884377.0,-12.0,-20.346,-384000.0,-0.016,1.0,25505000.0,0.595,864000.0,2459000.0,86814000.0,,27273000.0,0.0,0.0,0.0,118735000.0,36435000.0,82300000.0,86591377.0,-494000.0,0.0,0.0,233000.0,0.0,-3000.0,-924000.0,0.0,433000.0,0.0,14836010.0,14836000.0,14836000.0,-121000.0,-10.0,0.346,23439000.0,2066000.0,13216000.0,0.0,-4.068,-4.291,-3.8,8196000.0,10.0,3.61,0.522,0.458,15765000.0,-1838326000.0,42895000.0,42895000.0,13064000.0,,,,,512000.0,9264000.0,1.0,23986531.0,23981000,23981000.0,1.789,96665000.0,0.0,-1260000.0,0.0,4.031,48037000.0
18,VTSS,MRQ,2010-06-30,2010-06-30,2010-06-30,2019-05-22,0.0,94028000.0,,81122000.0,12906000.0,,-1.604,-1033000.0,39012000.0,39012000.0,15702000.0,33029000.0,2.305,-3.57,64305000.0,10000.0,64295000.0,64305000.0,4720000.0,885000.0,0.0,0.0,0.0,32281000.0,33166000.0,0.884,33166000.0,32281000.0,29785000.0,1.38,0.99,1.38,-36549000.0,,-36549000.0,148235428.0,-5.0,-5.44,1509000.0,0.066,1.0,21831000.0,0.582,1046000.0,2496000.0,83087000.0,,24241000.0,0.0,0.0,0.0,130495000.0,35188000.0,95307000.0,119342428.0,1431000.0,0.0,0.0,-78000.0,0.0,-78000.0,-1033000.0,0.0,2542000.0,0.0,33029000.0,33029000.0,33029000.0,0.0,0.0,0.88,22525000.0,-694000.0,14916000.0,0.0,-3.265,-2.682,-1.699,8015000.0,0.0,5.2,0.735,0.73,13265000.0,-1853162000.0,37533000.0,37533000.0,13674000.0,,,,,597000.0,8669000.0,1.0,22950467.0,22780000,34544000.0,1.648,92982000.0,0.0,-3244000.0,0.0,4.082,45934000.0
19,VTSS,MRQ,2010-03-31,2010-03-31,2010-03-31,2019-05-22,0.0,93192000.0,,80214000.0,12978000.0,,-3.773,-528000.0,37578000.0,37578000.0,19362000.0,-34060000.0,2.251,-2.222,66471000.0,87000.0,66384000.0,66471000.0,3115000.0,847000.0,0.0,0.0,0.0,-27369000.0,-26522000.0,-0.604,-26522000.0,-27369000.0,-29913000.0,-1.69,-1.69,-1.69,-76187000.0,,-76187000.0,195334139.0,-4.0,-4.106,1686000.0,0.083,1.0,24549000.0,0.559,1117000.0,2544000.0,85327000.0,,19856000.0,0.0,0.0,0.0,169297000.0,35641000.0,133656000.0,165575139.0,1602000.0,0.0,0.0,-81000.0,0.0,-81000.0,-531000.0,0.0,2214000.0,0.0,-34060000.0,-34060000.0,-34060000.0,0.0,0.0,-0.776,21541000.0,3008000.0,11333000.0,0.0,-2.173,-2.546,-2.44,7797000.0,0.0,8.2,0.978,0.978,18143000.0,-1886191000.0,43911000.0,43911000.0,12276000.0,,,,,448000.0,9083000.0,1.0,20192090.0,20195000,20195000.0,2.174,92075000.0,0.0,4147000.0,0.0,4.559,44573000.0
20,VTSS,MRQ,2009-12-31,2009-12-31,2009-12-31,2019-05-22,0.0,87633000.0,,74115000.0,13518000.0,,-2.515,-700000.0,35989000.0,35989000.0,19103000.0,-33860000.0,1.182,-2.979,65748000.0,162000.0,65586000.0,65748000.0,851000.0,883000.0,0.0,0.0,0.0,-29997000.0,-29114000.0,-0.699,-29114000.0,-29997000.0,-31982000.0,-1.95,-1.95,-1.95,-43686000.0,,-43686000.0,169606451.0,-6.0,-6.427,-4417000.0,-0.254,1.0,22548000.0,0.541,1295000.0,1985000.0,53377000.0,,19393000.0,0.0,0.0,0.0,130120000.0,62720000.0,67400000.0,100960451.0,-21956000.0,0.0,0.0,-16439000.0,0.0,-17539000.0,-700000.0,0.0,-3717000.0,0.0,-33860000.0,-33986000.0,-33986000.0,0.0,0.0,-0.816,22810000.0,-262000.0,14438000.0,0.0,-2.311,-2.652,-2.203,7937000.0,126000.0,5.0,0.631,0.543,12781000.0,-1852133000.0,41651000.0,41651000.0,11959000.0,,,,,679000.0,10529000.0,1.0,20192090.0,17373000,17373000.0,2.397,86338000.0,0.0,1878000.0,0.0,4.97,11395000.0
21,VTSS,MRQ,2009-09-30,2009-09-30,2009-09-30,2019-05-22,0.0,109273000.0,,96781000.0,12492000.0,,-5.314,-2781000.0,57942000.0,57942000.0,20255000.0,-9477000.0,1.687,-2.779,126588000.0,15236000.0,111352000.0,126588000.0,4566000.0,898000.0,0.0,0.0,0.0,-5676000.0,-4778000.0,-0.122,-4778000.0,-5676000.0,-10329000.0,-0.8,-0.8,-0.8,-61359000.0,,-61359000.0,159935065.0,-1.0,-0.857,4165000.0,0.361,1.0,18929000.0,0.483,1541000.0,4653000.0,118994000.0,,18809000.0,0.0,0.0,0.0,170546000.0,57384000.0,113162000.0,85435065.0,6122000.0,0.0,0.0,-24000.0,0.0,-24000.0,-800000.0,547000.0,6946000.0,0.0,-9478000.0,-9478000.0,-9478000.0,0.0,1000.0,-0.242,20745000.0,-1816000.0,11191000.0,0.0,-1.392,-0.44,-0.438,7874000.0,0.0,7.4,0.508,0.505,15074000.0,-1818271000.0,39184000.0,39184000.0,11930000.0,,,,,752000.0,8175000.0,1.0,11545279.0,11547000,11547000.0,3.393,107732000.0,0.0,-851000.0,0.0,9.33,39397000.0
22,VTSS,MRQ,2009-06-30,2009-06-30,2009-06-30,2019-05-22,0.0,107636000.0,,94996000.0,12640000.0,,-4.559,-370000.0,51817000.0,51817000.0,17282000.0,12481000.0,0.6,-3.042,126317000.0,126273000.0,44000.0,126317000.0,640000.0,1056000.0,0.0,0.0,0.0,11785000.0,12841000.0,0.288,12841000.0,11785000.0,11785000.0,1.08,1.08,1.08,-52631000.0,,-52631000.0,153405618.0,-1.0,-0.927,12040000.0,1.043,1.0,27324000.0,0.613,1833000.0,0.0,21949000.0,,23936000.0,0.0,0.0,0.0,160101000.0,158354000.0,1747000.0,66962618.0,12040000.0,0.0,0.0,0.0,0.0,0.0,-370000.0,-1000.0,12410000.0,0.0,12481000.0,12481000.0,12481000.0,-71000.0,0.0,0.28,9768000.0,17556000.0,16980000.0,0.0,-1.272,-0.384,-0.377,7419000.0,0.0,5.8,0.345,0.345,14898000.0,-1808791000.0,44606000.0,44606000.0,11200000.0,,,,,798000.0,11412000.0,1.0,11545279.0,11545000,11587000.0,3.864,105803000.0,0.0,-696000.0,0.0,9.164,-63358000.0
23,VTSS,MRQ,2009-03-31,2009-03-31,2009-03-31,2019-05-22,0.0,91778000.0,,78301000.0,13477000.0,,-5.726,-224000.0,39773000.0,39773000.0,18228000.0,-7085000.0,0.619,-2.39,126216000.0,96700000.0,29516000.0,126216000.0,5739000.0,1129000.0,0.0,0.0,0.0,-6469000.0,-5340000.0,-0.154,-5340000.0,-6469000.0,-7639000.0,-0.6,-0.6,-0.6,-65911000.0,,-65911000.0,152058786.0,-1.0,-0.869,-6064000.0,-0.527,1.0,16349000.0,0.473,2194000.0,1170000.0,49622000.0,,28178000.0,0.0,0.0,0.0,157523000.0,126405000.0,31118000.0,73889786.0,-8025000.0,0.0,0.0,0.0,0.0,0.0,-2185000.0,1000.0,-5840000.0,0.0,-7085000.0,-7085000.0,-7085000.0,0.0,0.0,-0.205,22770000.0,-6421000.0,11423000.0,0.0,-1.121,-0.398,-0.394,7744000.0,0.0,6.4,0.361,0.36,6424000.0,-1821273000.0,34577000.0,34577000.0,10939000.0,,,,,717000.0,9930000.0,1.0,11545279.0,11511350,11511350.0,3.004,89584000.0,0.0,-554000.0,0.0,7.782,-48104000.0
24,VTSS,MRQ,2008-12-31,2008-12-31,2008-12-31,2019-05-22,0.0,103897000.0,,90335000.0,13562000.0,,-5.634,5554000.0,48001000.0,48001000.0,22447000.0,-189959000.0,0.662,-2.628,126170000.0,96700000.0,29470000.0,126170000.0,9047000.0,1075000.0,0.0,0.0,0.0,-188178000.0,-187103000.0,-3.756,-187103000.0,-188178000.0,-189308000.0,-16.8,-16.8,-16.8,-63721000.0,,-63721000.0,170243009.0,-1.0,-1.044,11235000.0,0.993,1.0,27363000.0,0.549,1594000.0,1130000.0,44023000.0,,33800000.0,0.0,0.0,0.0,167454000.0,136449000.0,31005000.0,81434009.0,10685000.0,0.0,0.0,0.0,0.0,0.0,5004000.0,-547000.0,5681000.0,0.0,-189958000.0,-189958000.0,-189958000.0,0.0,-1000.0,-3.814,215686000.0,-188323000.0,12771000.0,0.0,-1.278,-0.466,-0.472,8267000.0,0.0,7.2,0.361,0.361,5057000.0,-1814188000.0,49810000.0,49810000.0,11581000.0,,,,,866000.0,10419000.0,1.0,11310279.0,11310300,11310300.0,4.404,102303000.0,0.0,650000.0,0.0,9.045,-46114000.0
25,VTSS,MRQ,2008-09-30,2008-09-30,2008-09-30,2019-05-22,0.0,292277000.0,,88262000.0,204015000.0,,11.202,-598000.0,37314000.0,37314000.0,26367000.0,10857000.0,2.259,1.33,126123000.0,0.0,126123000.0,126123000.0,2721000.0,1056000.0,0.0,0.0,0.0,13126940.0,14182940.0,0.217,14182940.0,13126940.0,11964940.0,0.94,0.94,0.94,125361000.0,,125361000.0,249146013.0,12.0,9.219,3970000.0,0.355,1.0,38993000.0,0.597,192331000.0,1162000.0,149691000.0,,37466000.0,0.0,0.0,0.0,166751000.0,39064000.0,127687000.0,122151013.0,3012000.0,0.0,0.0,0.0,0.0,-955000.0,-601000.0,0.0,4568000.0,0.0,10196940.0,10197000.0,10197000.0,-943000.0,660060.0,0.156,27455000.0,11538000.0,16101000.0,0.0,0.974,7.379,7.013,8084000.0,0.0,10.8,0.534,0.528,6307000.0,-1624230000.0,65360000.0,65360000.0,12398000.0,,,,,805000.0,12799000.0,1.0,11310279.0,11190600,11190600.0,5.841,99946000.0,0.0,1768000.0,0.0,8.931,49198000.0
26,VTSS,MRQ,2008-06-30,2008-06-30,2008-06-30,2019-05-22,0.0,292324000.0,,84594000.0,207730000.0,,10.015,-1354000.0,34301000.0,34301000.0,27965000.0,1112000.0,1.64,1.601,126076000.0,0.0,126076000.0,126076000.0,12562000.0,1061000.0,0.0,0.0,0.0,2227000.0,3288000.0,0.06,3288000.0,2227000.0,1115000.0,0.2,0.2,0.2,111951000.0,,111951000.0,219259201.0,29.0,15.435,-7974000.0,-0.713,1.0,27076000.0,0.492,192641000.0,1112000.0,139885000.0,,40534000.0,0.0,0.0,0.0,179256000.0,51573000.0,127683000.0,141715201.0,-2297000.0,0.0,0.0,0.0,0.0,0.0,4323000.0,5681000.0,-6620000.0,0.0,1112000.0,1112000.0,1112000.0,-1703000.0,0.0,0.02,29405000.0,-2329000.0,19407000.0,0.0,1.266,32.503,32.0,11323000.0,0.0,12.8,0.642,0.649,5611000.0,-1634429000.0,55041000.0,55041000.0,12458000.0,,,,,844000.0,14570000.0,1.0,11071500.0,11177800,11177800.0,4.924,99683000.0,0.0,3000.0,0.0,8.918,33021000.0
27,VTSS,MRQ,2008-03-31,2008-03-31,2008-03-31,2019-05-22,2356000.0,303173000.0,,95530000.0,207643000.0,,10.051,1254000.0,36596000.0,36596000.0,25514000.0,3786000.0,1.536,1.69,126029000.0,0.0,126029000.0,126029000.0,24711000.0,1313000.0,0.0,0.0,0.0,5310000.0,6623000.0,0.119,6623000.0,5310000.0,4363000.0,0.4,0.4,0.4,112352000.0,,112352000.0,225902101.0,-409.0,29.779,-5538000.0,-0.495,1.0,30079000.0,0.541,192950000.0,947000.0,137478000.0,,44086000.0,5175000.0,5175000.0,0.0,189856000.0,62178000.0,127678000.0,148358101.0,-5541000.0,0.0,0.0,0.0,0.0,0.0,1251000.0,0.0,-6792000.0,0.0,3786000.0,3786000.0,3786000.0,-1420000.0,0.0,0.068,25963000.0,4116000.0,18194000.0,0.0,1.32,-39.186,-33.5,10750000.0,0.0,13.4,0.67,0.676,6205000.0,-1635539000.0,55593000.0,55593000.0,12453000.0,,,,,902000.0,9296000.0,1.0,11071500.0,11177800,11177800.0,4.974,110223000.0,0.0,577000.0,0.0,9.861,33352000.0
28,VTSS,MRQ,2007-12-31,2007-12-31,2007-12-31,2019-05-22,3625000.0,306652000.0,,99333000.0,207319000.0,,9.745,-983000.0,43736000.0,43736000.0,26498000.0,1459000.0,1.443,1.804,125982000.0,0.0,125982000.0,125982000.0,26951000.0,1950000.0,0.0,0.0,0.0,980000.0,2930000.0,0.056,2930000.0,980000.0,333000.0,0.0,0.0,0.0,108923000.0,,108923000.0,270188102.0,-28.0,-4032.658,-14759000.0,-1.32,1.0,26044000.0,0.496,193547000.0,647000.0,126510000.0,,37192000.0,6691000.0,6691000.0,0.0,196515000.0,68841000.0,127674000.0,192644102.0,15572000.0,62845000.0,0.0,-31267000.0,0.0,-31267000.0,60615000.0,392000.0,-13776000.0,0.0,1459000.0,1459000.0,1459000.0,-4978000.0,0.0,0.028,30991000.0,-4947000.0,20961000.0,,1.769,-16.55,-14.5,9515000.0,0.0,17.4,0.888,0.897,6158000.0,-1639326000.0,52542000.0,52542000.0,12673000.0,,,,,1345000.0,13892000.0,1.0,11071500.0,11177800,11177800.0,4.701,113105000.0,0.0,-1126000.0,0.0,10.119,30492000.0
29,VTSS,MRQ,2007-09-30,2007-09-30,2007-09-30,2019-05-22,3739000.0,327348000.0,,118257000.0,209091000.0,,9.505,-257000.0,28123000.0,28123000.0,27283000.0,-1997000.0,1.878,2.069,155118000.0,0.0,155118000.0,155118000.0,21825000.0,2357000.0,0.0,0.0,0.0,-993000.0,1364000.0,0.024,1364000.0,-993000.0,-1975000.0,-0.2,-0.2,-0.2,106243000.0,,106243000.0,290116802.0,-15.0,-35.454,6156000.0,0.551,1.0,30129000.0,0.525,194713000.0,982000.0,196660000.0,,33728000.0,7600000.0,7600000.0,0.0,219816000.0,62970000.0,156846000.0,212572802.0,5053000.0,0.0,0.0,-920000.0,0.0,-920000.0,-440000.0,-172000.0,6413000.0,0.0,-1997000.0,-1997000.0,-1997000.0,4959000.0,0.0,-0.035,26664000.0,3465000.0,14988000.0,0.0,2.001,-9.82,-9.6,9286000.0,0.0,19.2,0.958,0.967,7146000.0,-1640784000.0,57412000.0,57412000.0,11511000.0,,,,,1166000.0,11535000.0,1.0,11071500.0,11177800,11177800.0,5.136,132635000.0,0.0,22000.0,0.0,11.866,55287000.0
30,VTSS,MRQ,2007-06-30,2007-06-30,2007-06-30,2019-05-22,,,,,,,,-179000.0,,,31496000.0,-7034000.0,,,,,,,,2519000.0,,0.0,0.0,-5850000.0,-3331000.0,-0.059,-3331000.0,-5850000.0,-6985000.0,-0.6,-0.6,-0.6,,,,332188502.0,,,4255000.0,0.381,1.0,24505000.0,0.438,,1135000.0,,,,,,,,,,254644502.0,4595000.0,0.0,0.0,-188000.0,0.0,-188000.0,349000.0,-141000.0,4434000.0,0.0,-7034000.0,-7034000.0,-7034000.0,4487000.0,0.0,-0.126,25604000.0,-1099000.0,,0.0,,,,,0.0,23.0,,,,,56001000.0,56001000.0,11333000.0,,,,,1729000.0,9240000.0,1.0,11071500.0,11177800,11177800.0,5.01,,,49000.0,,,
31,VTSS,MRQ,2007-03-31,2007-03-31,2007-03-31,2019-05-22,,,,,,,,-170000.0,,,25078000.0,-4068000.0,,,,,,,,2723000.0,,0.0,0.0,-3753000.0,-1030000.0,-0.02,-1030000.0,-3753000.0,-4008000.0,-0.4,-0.4,-0.4,,,,325545602.0,,,2156000.0,0.193,1.0,25843000.0,0.508,,255000.0,,,,,,,,,,248001602.0,789000.0,0.0,0.0,-1571000.0,0.0,-1571000.0,34000.0,266000.0,2326000.0,0.0,-4068000.0,-4068000.0,-4068000.0,3939000.0,0.0,-0.08,26926000.0,-1083000.0,,0.0,,,,,0.0,22.4,,,,,50921000.0,50921000.0,11454000.0,,,,,1936000.0,10891000.0,1.0,11071500.0,11177800,11177800.0,4.556,,,60000.0,,,
32,VTSS,MRQ,2006-12-31,2006-12-31,2006-12-31,2019-05-22,,,,,,,,-273000.0,,,29897000.0,-8548000.0,,,,,,,,3061000.0,,0.0,0.0,-8247000.0,-5186000.0,-0.09,-5186000.0,-8247000.0,-8455000.0,-0.8,-0.8,-0.8,,,,270188102.0,,,-7668000.0,-0.686,1.0,27717000.0,0.481,,208000.0,,,,,,,,,,192644102.0,-9773000.0,0.0,0.0,-1422000.0,0.0,-1422000.0,-956000.0,-264000.0,-7395000.0,0.0,-8548000.0,-8548000.0,-8548000.0,3437000.0,0.0,-0.148,30799000.0,-3082000.0,,0.0,,,,,0.0,17.4,,,,,57614000.0,57614000.0,12901000.0,,,,,2170000.0,10793000.0,1.0,11071500.0,11177800,11177800.0,5.154,,,93000.0,,,
33,VTSS,MRQ,2006-09-30,2006-09-30,2006-09-30,2019-05-22,484000.0,352199000.0,,99718000.0,252481000.0,,10.607,,26894000.0,26894000.0,,,1.169,1.985,149620000.0,2868000.0,146752000.0,149620000.0,30707000.0,,0.0,0.0,0.0,,,,,,,,,,117810000.0,,117810000.0,296759702.0,-5.0,-6.84,,,1.0,,,233656000.0,,155982000.0,,60625000.0,3341000.0,3341000.0,0.0,233897000.0,85287000.0,148610000.0,219215702.0,,,,,,,,,,,,,,,,,,,26263000.0,,1.861,-3.258,-3.3,12519000.0,,19.8,1.078,1.082,4280000.0,-1619137000.0,,,,,,,,,,1.0,11071500.0,11106850,,,118543000.0,0.0,,0.0,10.673,14431000.0
34,VTSS,MRQ,2005-12-31,2005-12-31,2005-12-31,2019-05-22,-1000.0,407169000.0,,104147000.0,303022000.0,,22.374,284000.0,27367000.0,27367000.0,23073000.0,-14056000.0,1.885,0.663,104911000.0,6768000.0,98143000.0,104911000.0,7551000.0,7842000.0,0.0,0.0,0.0,-13163000.0,-5321000.0,-0.1,-5321000.0,-13163000.0,-13828000.0,-1.2,-1.2,-1.2,244875000.0,,244875000.0,503476117.0,-4.0,-6.01,-1697000.0,-0.155,1.0,29938000.0,0.565,238329000.0,665000.0,191120000.0,,35140000.0,1684000.0,1684000.0,0.0,162294000.0,55264000.0,107030000.0,419797117.0,4229000.0,0.0,653000.0,-1914000.0,0.0,-1261000.0,7471000.0,7178000.0,-1981000.0,0.0,-14056000.0,-14056000.0,-14056000.0,0.0,0.0,-0.265,43284000.0,-13346000.0,23354000.0,0.0,1.714,-3.393,-3.429,54912000.0,0.0,38.4,2.106,2.108,32962000.0,-1212568000.0,53011000.0,53011000.0,24184000.0,,,,,3735000.0,15536000.0,1.0,10932217.0,10944650,10944650.0,4.844,168840000.0,0.0,228000.0,782000.0,15.427,48883000.0
35,VTSS,MRQ,2005-09-30,2005-09-30,2005-09-30,2019-05-22,-1000.0,411336000.0,,105054000.0,306282000.0,,23.235,-62146000.0,23138000.0,23138000.0,27416000.0,-68930000.0,2.056,0.616,106825000.0,7355000.0,99470000.0,106825000.0,5929000.0,10785000.0,0.0,0.0,0.0,-68552000.0,-57767000.0,-1.199,-57767000.0,-68552000.0,-69249000.0,-6.4,-6.4,-6.4,254527000.0,,254527000.0,483271830.0,-4.0,-5.758,-13962000.0,-1.275,1.0,20774000.0,0.431,238916000.0,697000.0,205005000.0,,35158000.0,8862000.0,8862000.0,0.0,156809000.0,51102000.0,105707000.0,409401830.0,-8601000.0,-6439000.0,3387000.0,8197000.0,0.0,11584000.0,-68369000.0,-6497000.0,48184000.0,0.0,-68930000.0,-68930000.0,-68930000.0,0.0,0.0,-1.43,90903000.0,-70129000.0,20188000.0,0.0,1.608,-3.227,-3.169,58074000.0,0.0,37.4,2.146,2.118,30403000.0,-1198512000.0,48190000.0,48190000.0,24736000.0,,,,,0.0,13312000.0,1.0,10946573.0,10954250,10954250.0,4.399,172420000.0,0.0,-319000.0,699000.0,15.74,53952000.0
36,VTSS,MRQ,2005-06-30,2005-06-30,2005-06-30,2019-05-22,-1000.0,478095000.0,,116743000.0,361352000.0,,29.582,-2988000.0,32553000.0,32553000.0,22415000.0,-11836000.0,2.307,0.492,106423000.0,5649000.0,100774000.0,106423000.0,4586000.0,9522000.0,0.0,0.0,0.0,-11087000.0,-1565000.0,-0.031,-1565000.0,-11087000.0,-11796000.0,-1.0,-1.0,-1.0,320386000.0,,320386000.0,529346337.0,-9.0,-30.071,1344000.0,0.124,1.0,28556000.0,0.56,240944000.0,709000.0,260417000.0,,40764000.0,2365000.0,2365000.0,0.0,157709000.0,50604000.0,107105000.0,453935337.0,-201000.0,-8000.0,447000.0,-1742000.0,0.0,-1295000.0,-3238000.0,-242000.0,4332000.0,0.0,-11836000.0,-11836000.0,-11836000.0,0.0,0.0,-0.232,39896000.0,-11340000.0,17881000.0,0.0,1.417,-7.435,-7.704,109825000.0,0.0,41.6,2.333,2.315,33375000.0,-1129582000.0,50971000.0,50971000.0,24775000.0,,,,,0.0,12725000.0,1.0,10911907.0,10830350,10830350.0,4.706,237151000.0,0.0,40000.0,1784000.0,21.897,66139000.0
37,VTSS,MRQ,2005-03-31,2005-03-31,2005-03-31,2019-05-22,-1000.0,491469000.0,,123652000.0,367817000.0,,30.792,-4149000.0,32754000.0,32754000.0,21114000.0,-28898000.0,2.417,0.482,108165000.0,5919000.0,102246000.0,108165000.0,6019000.0,9149000.0,0.0,0.0,0.0,-28269000.0,-19120000.0,-0.405,-19120000.0,-28269000.0,-28809000.0,-2.6,-2.6,-2.6,331647000.0,,331647000.0,645587006.0,-13.0,-74.231,-13583000.0,-1.261,1.0,26044000.0,0.552,243082000.0,540000.0,272630000.0,,40845000.0,2123000.0,2123000.0,0.0,159822000.0,51168000.0,108654000.0,572123006.0,14172000.0,-1373000.0,4322000.0,2343000.0,0.0,6860000.0,16746000.0,22268000.0,-9434000.0,0.0,-28898000.0,-28898000.0,-28898000.0,0.0,0.0,-0.613,51125000.0,-25081000.0,18319000.0,0.0,1.725,-10.639,-11.042,113869000.0,0.0,53.0,2.804,2.798,38977000.0,-1117746000.0,47158000.0,47158000.0,27058000.0,,,,,0.0,12263000.0,1.0,10794774.0,10770400,10770400.0,4.378,248387000.0,0.0,89000.0,1798000.0,23.062,72484000.0
38,VTSS,MRQ,2004-12-31,2004-12-31,2004-12-31,2019-05-22,-1000.0,517244000.0,,168084000.0,349160000.0,,33.365,-27104000.0,24368000.0,24368000.0,20198000.0,-17215000.0,2.955,0.454,97832000.0,1132000.0,96700000.0,97832000.0,0.0,9903000.0,0.0,0.0,0.0,-15387000.0,-5484000.0,-0.123,-5484000.0,-15387000.0,-16957000.0,-1.6,-1.6,-1.6,355827000.0,,355827000.0,950738115.0,-27.0,202.846,-15075000.0,-1.414,1.0,24261000.0,0.546,240716000.0,1570000.0,293111000.0,,41061000.0,55496000.0,55496000.0,0.0,161417000.0,56881000.0,104536000.0,753454115.0,-3097000.0,0.0,642000.0,-126563000.0,0.0,-125921000.0,110795000.0,137869000.0,12029000.0,0.0,-17215000.0,-17215000.0,-17215000.0,0.0,0.0,-0.387,40546000.0,-16285000.0,21241000.0,0.0,2.117,-17.8,-18.579,92799000.0,0.0,70.6,3.539,3.536,39061000.0,-1088848000.0,44459000.0,44459000.0,24874000.0,,,,,0.0,11827000.0,1.0,10672155.0,10664800,10664800.0,4.169,276528000.0,0.0,258000.0,1715000.0,25.929,111203000.0
39,VTSS,MRQ,2004-09-30,2004-09-30,2004-09-30,2019-05-22,-1000.0,659018000.0,,325075000.0,333943000.0,,34.186,4589000.0,27465000.0,27465000.0,20450000.0,-3104000.0,1.706,0.78,224749000.0,134749000.0,90000000.0,224749000.0,6869000.0,10372000.0,0.0,0.0,0.0,-1806000.0,8566000.0,0.165,8566000.0,-1806000.0,-3922000.0,-0.2,-0.2,-0.2,370238000.0,,370238000.0,752184248.0,-30.0,52.17,2528000.0,0.233,1.0,31562000.0,0.607,243092000.0,2116000.0,422618000.0,,41162000.0,210477000.0,210477000.0,0.0,288780000.0,190592000.0,98188000.0,599385248.0,-19299000.0,-441000.0,-16021000.0,23679000.0,0.0,7658000.0,-24896000.0,-29654000.0,-2061000.0,0.0,-3104000.0,-3104000.0,-3104000.0,0.0,0.0,-0.06,34817000.0,-3255000.0,17789000.0,0.0,1.619,-18.127,-18.2,74403000.0,0.0,54.6,2.74,2.692,36447000.0,-1071633000.0,52012000.0,52012000.0,25089000.0,,,,,0.0,12019000.0,1.0,10977752.0,10830250,10830250.0,4.802,415926000.0,0.0,-818000.0,1077000.0,38.404,134483000.0
40,VTSS,MRQ,2004-06-30,2004-06-30,2004-06-30,2019-05-22,-1000.0,662680000.0,,280868000.0,381812000.0,,36.189,206000.0,46764000.0,46764000.0,20866000.0,-4560000.0,1.073,0.687,199563000.0,199563000.0,0.0,199563000.0,0.0,9855000.0,0.0,0.0,0.0,-2514000.0,7341000.0,0.122,7341000.0,-2514000.0,-4763000.0,-0.4,-0.4,-0.4,392846000.0,,392846000.0,1209024358.0,-21.0,-68.609,9485000.0,0.874,1.0,39551000.0,0.655,245200000.0,2249000.0,308609000.0,,35779000.0,181292000.0,133075000.0,48217000.0,269834000.0,261670000.0,8164000.0,1059197358.0,-3206000.0,0.0,500000.0,-1796000.0,0.0,-1296000.0,-11189000.0,-11395000.0,9279000.0,0.0,-4560000.0,-4560000.0,-4560000.0,0.0,0.0,-0.075,46734000.0,-7183000.0,18357000.0,0.0,2.696,-16.058,-15.742,70101000.0,0.0,97.6,5.055,5.056,55368000.0,-1068529000.0,60417000.0,60417000.0,28142000.0,,,,,0.0,11568000.0,1.0,10852432.0,10855450,10855450.0,5.566,417480000.0,0.0,-203000.0,2311000.0,38.458,19198000.0
41,VTSS,MRQ,2004-03-31,2004-03-31,2004-03-31,2019-05-22,-1000.0,656720000.0,,248384000.0,408336000.0,,36.357,-2525000.0,49970000.0,49970000.0,19535000.0,-17451000.0,0.995,0.675,199797000.0,199336000.0,461000.0,199797000.0,0.0,9548000.0,0.0,0.0,0.0,-15284000.0,-5736000.0,-0.102,-5736000.0,-15284000.0,-17328000.0,-1.6,-1.6,-1.6,392023000.0,,392023000.0,1677021366.0,-11.0,-15.421,-1745000.0,-0.162,1.0,36499000.0,0.651,251871000.0,2044000.0,305072000.0,,30652000.0,169360000.0,121143000.0,48217000.0,264697000.0,249604000.0,15093000.0,1525032366.0,-5302000.0,-58583000.0,5526000.0,-1058000.0,0.0,4468000.0,-10550000.0,57158000.0,780000.0,0.0,-17451000.0,-17451000.0,-17451000.0,0.0,0.0,-0.311,53061000.0,-16562000.0,13355000.0,0.0,3.89,-9.751,-9.342,87736000.0,0.0,142.0,8.074,8.107,39238000.0,-1063969000.0,56034000.0,56034000.0,29349000.0,,,,,0.0,11441000.0,1.0,10739665.0,10782600,10782600.0,5.197,404849000.0,0.0,123000.0,2514000.0,37.547,-1220000.0
42,VTSS,MRQ,2003-12-31,2003-12-31,2003-12-31,2019-05-22,-1000.0,654345000.0,,297948000.0,356397000.0,,36.228,-4460000.0,48672000.0,48672000.0,17869000.0,-7950000.0,5.622,0.691,200661000.0,3297000.0,197364000.0,200661000.0,0.0,9739000.0,0.0,0.0,0.0,-5492000.0,4247000.0,0.084,4247000.0,-5492000.0,-7600000.0,-0.8,-0.8,-0.8,386849000.0,,386849000.0,1412270356.0,-9.0,-11.966,-7714000.0,-0.722,1.0,32443000.0,0.645,193127000.0,2108000.0,560214000.0,,27978000.0,226518000.0,178301000.0,48217000.0,267496000.0,52993000.0,214503000.0,1259635356.0,553000.0,-459000.0,1298000.0,-655000.0,0.0,643000.0,3164000.0,8083000.0,-3254000.0,0.0,-7950000.0,-7950000.0,-7950000.0,0.0,0.0,-0.158,39882000.0,-7439000.0,7513000.0,0.0,3.256,-7.676,-7.313,92152000.0,0.0,117.0,7.367,7.307,36620000.0,-1046518000.0,50312000.0,50312000.0,25721000.0,,,,,0.0,12257000.0,1.0,10766114.0,10678150,10678150.0,4.712,461218000.0,0.0,350000.0,2365000.0,43.193,244955000.0
43,VTSS,MRQ,2003-09-30,2003-09-30,2003-09-30,2019-05-22,2000.0,665744000.0,,299053000.0,366691000.0,,36.813,-7766000.0,48119000.0,48119000.0,17515000.0,-36001000.0,4.952,0.727,200754000.0,3175000.0,197579000.0,200754000.0,0.0,10373000.0,0.0,0.0,0.0,-33847000.0,-23474000.0,-0.549,-23474000.0,-33847000.0,-35941000.0,-3.4,-3.4,-3.4,385508000.0,,385508000.0,1478756405.0,-9.0,-11.992,-9705000.0,-0.927,1.0,25276000.0,0.591,194785000.0,2094000.0,563205000.0,,24851000.0,243556000.0,186455000.0,57101000.0,280236000.0,60389000.0,219847000.0,1330684405.0,4267000.0,17681000.0,3676000.0,-198000.0,0.0,6762000.0,-556000.0,-10912000.0,-1939000.0,0.0,-36001000.0,-36001000.0,-36001000.0,2658000.0,0.0,-0.841,53174000.0,-27898000.0,11553000.0,0.0,3.452,-7.959,-7.817,92541000.0,0.0,128.2,8.51,8.354,35171000.0,-1038568000.0,42791000.0,42791000.0,30208000.0,,,,,0.0,12947000.0,1.0,10379754.0,10472050,10472050.0,4.086,470959000.0,0.0,60000.0,1913000.0,44.973,238664000.0
44,VTSS,MRQ,2003-06-30,2003-06-30,2003-06-30,2019-05-22,31000.0,660150000.0,,298921000.0,361229000.0,,37.119,-8100000.0,47073000.0,47073000.0,23312000.0,-94993000.0,4.941,0.746,195145000.0,0.0,195145000.0,195145000.0,0.0,9356000.0,0.0,0.0,0.0,-93144000.0,-83788000.0,-2.109,-83788000.0,-93144000.0,-94993000.0,-9.4,-9.4,-9.4,378060000.0,,378060000.0,1152413755.0,-9.0,-12.214,13720000.0,1.347,1.0,16426000.0,0.413,178149000.0,1849000.0,569580000.0,,23397000.0,233039000.0,175938000.0,57101000.0,282090000.0,60493000.0,221597000.0,1005195755.0,22882000.0,0.0,758000.0,0.0,0.0,758000.0,304000.0,8404000.0,21820000.0,0.0,-94993000.0,-94993000.0,-94993000.0,20736000.0,0.0,-2.39,90500000.0,-74074000.0,16820000.0,0.0,2.659,-7.882,-7.887,95884000.0,0.0,97.8,6.738,6.677,36203000.0,-1002567000.0,39738000.0,39738000.0,27170000.0,,,,,0.0,13366000.0,1.0,10278075.0,10185200,10185200.0,3.902,482001000.0,0.0,0.0,1077000.0,47.324,238428000.0
45,VTSS,MRQ,2003-03-31,2003-03-31,2003-03-31,2019-05-22,48000.0,741980000.0,,308054000.0,433926000.0,,46.087,-2920000.0,49173000.0,49173000.0,16160000.0,-25146000.0,5.839,0.596,196391000.0,1020000.0,195371000.0,196391000.0,0.0,8772000.0,0.0,0.0,0.0,-23780000.0,-15008000.0,-0.394,-15008000.0,-23780000.0,-25146000.0,-2.4,-2.4,-2.4,464774000.0,,464774000.0,600303338.0,-1.0,-0.993,-11289000.0,-1.119,1.0,21972000.0,0.576,190276000.0,1366000.0,646164000.0,,32247000.0,241460000.0,184359000.0,57101000.0,277206000.0,52758000.0,224448000.0,437599338.0,17951000.0,-1556000.0,3008000.0,0.0,0.0,3008000.0,23312000.0,27788000.0,-8369000.0,0.0,-25146000.0,-25146000.0,-25146000.0,5816000.0,0.0,-0.659,41540000.0,-19568000.0,13741000.0,0.0,0.942,-0.569,-0.554,147113000.0,0.0,42.8,2.95,2.91,34957000.0,-907574000.0,38132000.0,38132000.0,26609000.0,,,,,0.0,13714000.0,1.0,10224284.0,10084700,10084700.0,3.781,551704000.0,0.0,0.0,1077000.0,54.707,255296000.0
46,VTSS,MRQ,2002-12-31,2002-12-31,2002-12-31,2019-05-22,149000.0,749548000.0,,319836000.0,429712000.0,,47.747,-317000.0,35140000.0,35140000.0,16176000.0,-11049000.0,7.658,0.568,197844000.0,960000.0,196884000.0,197844000.0,0.0,8127000.0,0.0,0.0,0.0,-9164000.0,-1037000.0,-0.029,-1037000.0,-9164000.0,-11049000.0,-1.2,-1.2,-1.2,478069000.0,,478069000.0,595503725.0,-1.0,-0.976,-11339000.0,-1.132,1.0,19534000.0,0.547,177432000.0,1885000.0,693057000.0,,29129000.0,274374000.0,212138000.0,62236000.0,271479000.0,41763000.0,229716000.0,441828725.0,-73950000.0,0.0,154000.0,-51052000.0,0.0,-50898000.0,-12030000.0,-11713000.0,-11022000.0,0.0,-11049000.0,-11049000.0,-11049000.0,6800000.0,0.0,-0.309,41032000.0,-21498000.0,5717000.0,0.0,0.924,-0.561,-0.551,147523000.0,0.0,43.6,2.901,2.867,34995000.0,-882428000.0,35710000.0,35710000.0,26158000.0,,,,,0.0,13993000.0,1.0,10133686.0,10012500,10012500.0,3.567,572116000.0,0.0,0.0,1123000.0,57.14,278073000.0
47,VTSS,MRQ,2002-09-30,2002-09-30,2002-09-30,2019-05-22,252000.0,827259000.0,,409997000.0,417262000.0,,48.179,-16870000.0,109968000.0,109968000.0,17151000.0,3661000.0,3.481,0.714,263703000.0,68558000.0,195145000.0,263703000.0,0.0,10118000.0,0.0,0.0,0.0,-4638000.0,5480000.0,0.154,5480000.0,-4638000.0,-7401000.0,0.6,0.6,0.6,482705000.0,,482705000.0,383205492.0,-1.0,-0.561,-15662000.0,-1.563,1.0,18459000.0,0.518,165802000.0,2763000.0,697401000.0,,25045000.0,290264000.0,200272000.0,89992000.0,344554000.0,117791000.0,226763000.0,136685492.0,-77584000.0,81000.0,3103000.0,-138023000.0,0.0,-125286000.0,46494000.0,63283000.0,1208000.0,0.0,3661000.0,3661000.0,3661000.0,16573000.0,0.0,0.103,53866000.0,-35407000.0,8502000.0,0.0,0.283,-0.155,-0.153,118737000.0,0.0,13.6,0.901,0.89,37153000.0,-871379000.0,35610000.0,35610000.0,34766000.0,,,,,0.0,15174000.0,1.0,10050404.0,10019050,10019050.0,3.554,661457000.0,0.0,-11062000.0,1123000.0,66.02,292206000.0
48,VTSS,MRQ,2002-06-30,2002-06-30,2002-06-30,2019-05-22,0.0,1007914000.0,,383563000.0,624351000.0,,47.255,-8811000.0,208470000.0,208470000.0,39150000.0,-735904000.0,5.931,1.149,454990000.0,1271000.0,453719000.0,454990000.0,0.0,7659000.0,0.0,0.0,0.0,-601909000.0,-594250000.0,-15.284,-594250000.0,-601909000.0,-605109000.0,-74.2,-74.2,-74.2,468908000.0,,468908000.0,965604505.0,-1.0,-1.364,-23886000.0,-2.407,1.0,-269000.0,-0.007,181711000.0,3200000.0,1008050000.0,,26870000.0,356363000.0,82993000.0,273370000.0,539006000.0,64673000.0,474333000.0,624539505.0,121786000.0,0.0,198000.0,469000.0,0.0,205000.0,136656000.0,145467000.0,-15075000.0,0.0,-735904000.0,-735904000.0,-735904000.0,7316000.0,0.0,-18.927,598202000.0,-598471000.0,16933000.0,0.0,1.332,-0.66,-0.651,116430000.0,0.0,62.2,3.976,3.93,47213000.0,-875040000.0,38881000.0,38881000.0,36495000.0,,,,,0.0,19070000.0,1.0,10040828.0,9922950,9922950.0,3.918,826203000.0,0.0,130795000.0,0.0,83.262,318890000.0
49,VTSS,MRQ,2002-03-31,2002-03-31,2002-03-31,2019-05-22,0.0,1711324000.0,,369812000.0,1341512000.0,,120.988,-16468000.0,100121000.0,100121000.0,22640000.0,-44401000.0,7.135,0.428,441186000.0,1359000.0,439827000.0,441186000.0,0.0,20439000.0,0.0,0.0,0.0,-40501000.0,-20062000.0,-0.477,-20062000.0,-40501000.0,-44401000.0,-4.4,-4.4,-4.4,1198042000.0,,1198042000.0,2305352205.0,-8.0,-12.181,-48774000.0,-4.926,1.0,19449000.0,0.462,587713000.0,3900000.0,1412845000.0,,42538000.0,501830000.0,138784000.0,363046000.0,513282000.0,51831000.0,461451000.0,1962330205.0,-235000.0,0.0,3714000.0,-245000.0,0.0,3488000.0,28583000.0,45051000.0,-32306000.0,0.0,-44401000.0,-44401000.0,-44401000.0,0.0,0.0,-1.055,64793000.0,-45344000.0,19714000.0,0.0,1.638,-7.007,-6.759,202131000.0,0.0,196.0,11.005,10.884,49542000.0,-139136000.0,42089000.0,42089000.0,44335000.0,,,,,0.0,17035000.0,1.0,10011889.0,9902150,9902150.0,4.25,1123611000.0,145812000.0,0.0,14582000.0,113.471,317981000.0
50,VTSS,MRQ,2001-12-31,2001-12-31,2001-12-31,2019-05-22,0.0,1755433000.0,,309168000.0,1446265000.0,,124.6,-20014000.0,100356000.0,100356000.0,33916000.0,-106882000.0,4.902,0.426,443378000.0,902000.0,442476000.0,443378000.0,0.0,22054000.0,0.0,0.0,0.0,-102457000.0,-80403000.0,-2.054,-80403000.0,-102457000.0,-106781000.0,-10.8,-10.8,-10.8,1230689000.0,,1230689000.0,2814745421.0,-11.0,-22.541,-50593000.0,-5.122,1.0,5233000.0,0.134,591977000.0,4324000.0,1443406000.0,,39198000.0,546881000.0,85463000.0,461418000.0,524744000.0,63072000.0,461672000.0,2367899421.0,7509000.0,0.0,421000.0,-65274000.0,0.0,-64791000.0,102879000.0,122893000.0,-30579000.0,0.0,-106882000.0,-106882000.0,-106882000.0,0.0,0.0,-2.73,129947000.0,-124714000.0,14788000.0,0.0,1.924,-9.592,-9.636,202478000.0,0.0,248.6,9.178,9.518,46639000.0,-94735000.0,39149000.0,39149000.0,45031000.0,,,,,0.0,17471000.0,1.0,9524937.0,9877150,9877150.0,3.964,1163456000.0,145812000.0,101000.0,12098000.0,117.793,246096000.0
51,VTSS,MRQ,2001-09-30,2001-09-30,2001-09-30,2019-05-22,0.0,1932782000.0,,353705000.0,1579077000.0,,135.553,-14741000.0,92847000.0,92847000.0,22133000.0,-59185000.0,2.799,0.454,539693000.0,70662000.0,469031000.0,539693000.0,0.0,38152000.0,0.0,0.0,0.0,-51327000.0,-13175000.0,-0.357,-13175000.0,-51327000.0,-58602000.0,-6.2,-6.2,-6.2,1329005000.0,,1329005000.0,2049018227.0,-22.0,47.736,-46676000.0,-4.761,1.0,14811000.0,0.401,595123000.0,7275000.0,1658129000.0,,44833000.0,669774000.0,126938000.0,542836000.0,603777000.0,126376000.0,477401000.0,1476365227.0,9362000.0,-1398000.0,3755000.0,-98633000.0,0.0,-94877000.0,136174000.0,152313000.0,-31935000.0,0.0,-59185000.0,-59185000.0,-59185000.0,3842000.0,0.0,-1.602,94464000.0,-79653000.0,21463000.0,0.0,1.111,-13.197,-12.917,248332000.0,0.0,155.0,3.846,3.752,53730000.0,12147000.0,36944000.0,36944000.0,41824000.0,,,,,736000.0,26719000.0,1.0,9524937.0,9804300,9804300.0,3.768,1337659000.0,145812000.0,583000.0,12172000.0,136.436,227329000.0
52,VTSS,MRQ,2001-06-30,2001-06-30,2001-06-30,2019-05-22,0.0,1977949000.0,,662258000.0,1315691000.0,,132.712,-22271000.0,83883000.0,83883000.0,81052000.0,-69568000.0,7.276,0.616,656536000.0,0.0,656536000.0,656536000.0,0.0,34918000.0,0.0,0.0,0.0,-110540000.0,-75622000.0,-1.257,-75622000.0,-110540000.0,-118335000.0,-7.6,-7.6,-7.6,1224099000.0,,1224099000.0,4460436500.0,1291.0,34.017,-46857000.0,-5.08,1.0,-20914000.0,-0.348,470784000.0,7795000.0,1988799000.0,,43022000.0,822087000.0,370123000.0,451964000.0,753850000.0,91019000.0,662831000.0,3857610500.0,-33622000.0,-239000.0,2150000.0,-53903000.0,0.0,-51154000.0,42118000.0,64628000.0,-24586000.0,0.0,-69568000.0,-69568000.0,-69568000.0,0.0,0.0,-1.157,108027000.0,-128941000.0,33740000.0,0.0,3.151,-93.857,-100.19,239425000.0,0.0,420.8,7.954,8.003,113160000.0,71332000.0,60138000.0,60138000.0,37158000.0,,,,,6225000.0,23786000.0,1.0,9167326.0,9223700,9223700.0,6.52,1507165000.0,120526000.0,-48767000.0,363000.0,163.401,571239000.0
53,VTSS,MRQ,2001-03-31,2001-03-31,2001-03-31,2019-05-22,0.0,2002526000.0,,698268000.0,1304258000.0,,132.987,-49128000.0,117505000.0,117505000.0,46004000.0,-11224000.0,7.619,0.653,720331000.0,26331000.0,694000000.0,720331000.0,0.0,32771000.0,0.0,0.0,0.0,11558000.0,44329000.0,0.364,44329000.0,11558000.0,3170000.0,-1.2,-1.2,-1.2,1211176000.0,,1211176000.0,4851623435.0,33.0,18.042,-49451000.0,-5.43,1.0,75753000.0,0.622,434817000.0,8388000.0,2078881000.0,,64422000.0,886715000.0,346848000.0,539867000.0,791350000.0,91654000.0,699696000.0,4524048435.0,-275378000.0,-10308000.0,21090000.0,-127000.0,0.0,24203000.0,-299258000.0,-239822000.0,-323000.0,0.0,-11224000.0,-11224000.0,-11224000.0,0.0,0.0,-0.092,77907000.0,-2154000.0,40797000.0,0.0,3.735,108.358,99.219,230786000.0,0.0,476.25,8.395,8.048,131796000.0,140900000.0,121757000.0,121757000.0,38101000.0,,,,,40518000.0,18259000.0,1.0,9499314.0,9107500,9107500.0,13.369,1567709000.0,69072000.0,14394000.0,0.0,172.134,606614000.0
54,VTSS,MRQ,2000-12-31,2000-12-31,2000-12-31,2019-05-22,0.0,1964423000.0,,963339000.0,1001084000.0,,128.288,-62096000.0,392883000.0,392883000.0,52347000.0,28102000.0,11.388,0.697,720458000.0,458000.0,720000000.0,720458000.0,0.0,30925000.0,0.0,0.0,0.0,56467000.0,87392000.0,0.529,87392000.0,56467000.0,48162000.0,3.2,3.0,3.2,1157372000.0,,1157372000.0,10456320086.0,82.0,46.961,-11466000.0,-1.271,1.0,112719000.0,0.683,444776000.0,8305000.0,1762627000.0,,50559000.0,660833000.0,357678000.0,303155000.0,807051000.0,84595000.0,722456000.0,9985587086.0,135802000.0,-934000.0,4487000.0,-7379000.0,0.0,-1942000.0,87114000.0,150144000.0,50630000.0,0.0,28102000.0,28102000.0,28102000.0,0.0,0.0,0.17,71664000.0,41055000.0,17164000.0,0.0,8.628,276.601,276.563,193448000.0,0.0,1106.25,19.297,19.286,152988000.0,152124000.0,165066000.0,165066000.0,33665000.0,,,,,5720000.0,17665000.0,1.0,9026519.0,9021700,9654200.0,18.297,1519647000.0,45896000.0,20060000.0,11026000.0,168.444,878744000.0
55,VTSS,MRQ,2000-09-30,2000-09-30,2000-09-30,2019-05-22,0.0,1901066000.0,,877142000.0,1023924000.0,,122.403,-32875000.0,257081000.0,257081000.0,45106000.0,11589000.0,12.429,0.72,727814000.0,4227000.0,723587000.0,727814000.0,0.0,29056000.0,0.0,0.0,0.0,45970000.0,75026000.0,0.544,75026000.0,45970000.0,37265000.0,1.4,1.2,1.4,1105402000.0,,1105402000.0,16379932378.0,163.0,95.449,43546000.0,4.822,1.0,92909000.0,0.673,452895000.0,8705000.0,1848333000.0,,43715000.0,797037000.0,442475000.0,354562000.0,795664000.0,70571000.0,725093000.0,15974802378.0,-65328000.0,-25655000.0,6661000.0,201000.0,0.0,6862000.0,-148611000.0,-90081000.0,76421000.0,0.0,11589000.0,11589000.0,11589000.0,0.0,0.0,0.084,62770000.0,30139000.0,21813000.0,0.0,14.452,572.799,555.859,141874000.0,0.0,1778.75,36.167,35.468,113172000.0,124022000.0,138015000.0,138015000.0,28427000.0,,,,,14308000.0,14685000.0,1.0,8980915.0,9030850,9677250.0,15.283,1448171000.0,57236000.0,25676000.0,8307000.0,160.358,806571000.0
56,VTSS,MRQ,2000-06-30,2000-06-30,2000-06-30,2019-05-22,0.0,1834973000.0,,653870000.0,1181103000.0,,119.616,-23464000.0,322409000.0,322409000.0,38747000.0,13284000.0,17.203,0.713,727539000.0,3287000.0,724252000.0,727539000.0,0.0,27490000.0,0.0,0.0,0.0,34673000.0,62163000.0,0.545,62163000.0,34673000.0,26466000.0,1.4,1.4,1.4,1071206000.0,,1071206000.0,12792439253.0,154.0,96.358,20496000.0,2.289,1.0,75343000.0,0.66,452242000.0,8207000.0,1749852000.0,,37532000.0,720896000.0,134240000.0,586656000.0,763767000.0,38009000.0,725758000.0,12102575253.0,279540000.0,-9317000.0,2832000.0,-2069000.0,0.0,1572000.0,234008000.0,266789000.0,43960000.0,0.0,13284000.0,13284000.0,13284000.0,0.0,0.0,0.116,56150000.0,19193000.0,10689000.0,0.0,11.298,339.283,237.298,118037000.0,0.0,1471.25,31.487,34.279,100535000.0,112433000.0,114090000.0,114090000.0,23873000.0,,,,,4949000.0,13120000.0,1.0,8226049.0,8955350,9628350.0,12.74,1382731000.0,57593000.0,13182000.0,0.0,154.403,615861000.0
57,VTSS,MRQ,2000-03-31,2000-03-31,2000-03-31,2019-05-22,0.0,1793073000.0,,836364000.0,956709000.0,,118.153,-20210000.0,33359000.0,33359000.0,35111000.0,-16874000.0,20.883,0.739,723223000.0,1852000.0,721371000.0,723223000.0,0.0,8211000.0,0.0,0.0,0.0,-10131000.0,-1920000.0,-0.019,-1920000.0,-10131000.0,-11739000.0,-2.0,-2.0,-2.0,1030955000.0,,1030955000.0,15089497060.0,212.0,150.939,-14227000.0,-1.63,1.0,65199000.0,0.65,460587000.0,1608000.0,1982300000.0,,33509000.0,987685000.0,615916000.0,371769000.0,762118000.0,40050000.0,722068000.0,15151504060.0,-27417000.0,991000.0,12588000.0,724120000.0,0.0,720869000.0,-754269000.0,-735050000.0,5983000.0,0.0,-16874000.0,-16874000.0,-16874000.0,0.0,0.0,-0.168,80621000.0,-15422000.0,8616000.0,0.0,14.697,404.882,291.667,100044000.0,0.0,1925.0,44.102,48.891,88294000.0,110116000.0,100310000.0,100310000.0,23322000.0,,,,,33345000.0,11325000.0,1.0,7870911.0,8725600,8725600.0,11.496,1332486000.0,55139000.0,5135000.0,5122000.0,152.71,796314000.0
58,VTSS,MRQ,1999-12-31,1999-12-31,1999-12-31,2019-05-22,0.0,560291000.0,,339502000.0,220789000.0,,62.052,-13418000.0,62737000.0,62737000.0,31839000.0,19890000.0,11.424,0.056,730000.0,730000.0,0.0,730000.0,0.0,6628000.0,0.0,0.0,0.0,29712000.0,36340000.0,0.407,36340000.0,29712000.0,29686000.0,2.4,2.2,2.4,530572000.0,,530572000.0,8154473473.0,78.0,62.32,12614000.0,1.475,1.0,57440000.0,0.643,14249000.0,26000.0,454316000.0,,29402000.0,252635000.0,138540000.0,114095000.0,29719000.0,29719000.0,0.0,8233647473.0,-19655000.0,0.0,6672000.0,-1948000.0,0.0,4724000.0,-50411000.0,-36993000.0,26032000.0,0.0,19890000.0,19890000.0,19890000.0,0.0,0.0,0.223,30548000.0,26892000.0,11977000.0,0.0,15.518,117.937,98.939,85983000.0,0.0,1048.75,26.545,28.91,75621000.0,128728000.0,89279000.0,89279000.0,18231000.0,,,,,13581000.0,11957000.0,1.0,7850915.0,8550400,9222100.0,10.441,546042000.0,35094000.0,9796000.0,5441000.0,63.862,309783000.0
59,VTSS,MRQ,1999-09-30,1999-09-30,1999-09-30,2019-05-22,0.0,543069000.0,,334515000.0,208554000.0,,59.21,-9180000.0,89941000.0,89941000.0,28907000.0,19371000.0,8.566,0.081,4943000.0,3307000.0,1636000.0,4943000.0,0.0,7344000.0,0.0,0.0,0.0,28833000.0,36177000.0,0.448,36177000.0,28833000.0,28833000.0,4.4,4.2,4.4,502381000.0,,502381000.0,6479076602.0,72.0,56.336,19539000.0,2.303,1.0,51780000.0,0.642,14609000.0,0.0,404410000.0,,26931000.0,215642000.0,110245000.0,105397000.0,40688000.0,39052000.0,1636000.0,6551263602.0,3682000.0,24000.0,4557000.0,-1327000.0,0.0,4064000.0,-29101000.0,-19995000.0,28719000.0,0.0,19371000.0,19371000.0,19371000.0,0.0,0.0,0.24,25650000.0,26130000.0,16387000.0,0.0,13.04,107.133,88.932,81849000.0,0.0,853.75,23.259,24.946,69080000.0,94669000.0,80687000.0,80687000.0,15266000.0,,,,,40902000.0,10024000.0,1.0,7673515.0,8484800,9239750.0,9.51,528460000.0,38914000.0,9462000.0,5517000.0,62.283,295463000.0
60,VTSS,MRQ,1999-06-30,1999-06-30,1999-06-30,2019-05-22,0.0,477550000.0,,320434000.0,157116000.0,,53.8,-16441000.0,72216000.0,72216000.0,27343000.0,15035000.0,11.829,0.067,29000.0,29000.0,0.0,29000.0,0.0,6685000.0,0.0,0.0,0.0,22689000.0,29374000.0,0.401,29374000.0,22689000.0,22689000.0,1.8,1.6,1.8,447736000.0,,447736000.0,5029260195.0,64.0,49.291,-3271000.0,-0.393,1.0,45934000.0,0.627,14961000.0,0.0,363313000.0,,22715000.0,193780000.0,126773000.0,67007000.0,29814000.0,27089000.0,2725000.0,5126760195.0,-23661000.0,-224000.0,19584000.0,1801000.0,0.0,20551000.0,-57382000.0,-40667000.0,13170000.0,0.0,15035000.0,15035000.0,15035000.0,0.0,0.0,0.205,26162000.0,19772000.0,10833000.0,0.0,11.45,89.271,93.663,74934000.0,0.0,674.375,19.637,21.497,64992000.0,92301000.0,73277000.0,73277000.0,15013000.0,,,,,0.0,10789000.0,1.0,7602239.0,8322250,8949500.0,8.805,462589000.0,29769000.0,7654000.0,2595000.0,55.585,293345000.0
61,VTSS,MRQ,1999-03-31,1999-03-31,1999-03-31,2019-05-22,0.0,440002000.0,,286275000.0,153727000.0,,54.073,-9638000.0,97569000.0,97569000.0,25009000.0,15518000.0,10.786,0.071,69000.0,69000.0,0.0,69000.0,0.0,5571000.0,0.0,0.0,0.0,23386000.0,28957000.0,0.433,28957000.0,23386000.0,23386000.0,2.0,1.8,2.0,410735000.0,,410735000.0,3681851403.0,50.0,39.377,6808000.0,0.896,1.0,41928000.0,0.626,15321000.0,0.0,300639000.0,,20493000.0,154980000.0,87870000.0,67110000.0,29267000.0,26542000.0,2725000.0,3764163403.0,13028000.0,0.0,10375000.0,-426000.0,0.0,9949000.0,-13367000.0,-3729000.0,16446000.0,0.0,15518000.0,15518000.0,15518000.0,0.0,0.0,0.232,21310000.0,20618000.0,13421000.0,0.0,9.164,66.834,69.349,65649000.0,0.0,506.25,16.093,16.44,48124000.0,72897000.0,66937000.0,66937000.0,12210000.0,,,,,0.0,9100000.0,1.0,7435385.0,7595900,8294000.0,8.812,424681000.0,27396000.0,7868000.0,0.0,55.909,259733000.0
62,VTSS,MRQ,1998-12-31,1998-12-31,1998-12-31,2019-05-22,0.0,398136000.0,,252995000.0,145141000.0,,47.745,-9259000.0,82414000.0,82414000.0,23225000.0,14604000.0,7.021,0.108,102000.0,102000.0,0.0,102000.0,0.0,4964000.0,0.0,0.0,0.0,21164000.0,26128000.0,0.43,26128000.0,21164000.0,21164000.0,2.0,1.8,2.0,359374000.0,,359374000.0,3270337846.0,51.0,39.414,11739000.0,1.56,1.0,37483000.0,0.617,15706000.0,0.0,264086000.0,,17993000.0,151251000.0,82780000.0,68471000.0,38762000.0,36032000.0,2730000.0,3340876846.0,11729000.0,-12816000.0,2947000.0,-38000.0,0.0,3743000.0,-13012000.0,9063000.0,20998000.0,0.0,14604000.0,14604000.0,14604000.0,0.0,0.0,0.241,18800000.0,18683000.0,12789000.0,0.0,9.296,63.204,65.179,60964000.0,0.0,456.25,16.126,16.576,45507000.0,55885000.0,60708000.0,60708000.0,10952000.0,,,,,0.0,7848000.0,1.0,7322470.0,7527000,8222200.0,8.065,382430000.0,20982000.0,6560000.0,10972000.0,50.808,216963000.0
63,VTSS,MRQ,1998-09-30,1998-09-30,1998-09-30,2019-05-22,0.0,381008000.0,,254043000.0,126965000.0,,38.959,-8856000.0,76963000.0,76963000.0,22938000.0,12272000.0,8.755,0.085,1218000.0,517000.0,701000.0,1218000.0,0.0,6453000.0,0.0,0.0,0.0,11120000.0,17573000.0,0.292,17573000.0,11120000.0,11120000.0,1.4,1.2,1.4,351289000.0,,351289000.0,1665679490.0,29.0,22.942,-359000.0,-0.04,1.0,37210000.0,0.619,0.0,0.0,276245000.0,,17208000.0,160314000.0,91610000.0,68704000.0,29719000.0,29018000.0,701000.0,1729933490.0,16577000.0,0.0,24155000.0,581000.0,0.0,24736000.0,-16656000.0,-7800000.0,8497000.0,0.0,12272000.0,12272000.0,12272000.0,0.0,0.0,0.204,28727000.0,8483000.0,14256000.0,0.0,4.925,35.57,36.914,57949000.0,0.0,236.25,9.549,10.024,40104000.0,34378000.0,60148000.0,60148000.0,17641000.0,,,,,0.0,11086000.0,1.0,7322470.0,9016800,9758500.0,6.671,381008000.0,24981000.0,-1152000.0,4199000.0,42.255,225025000.0
64,VTSS,MRQ,1998-06-30,1998-06-30,1998-06-30,2019-05-22,0.0,341593000.0,,220410000.0,121183000.0,,43.041,-3308000.0,64435000.0,64435000.0,18168000.0,13927000.0,8.03,0.087,181000.0,148000.0,33000.0,181000.0,0.0,3447000.0,0.0,0.0,0.0,17397000.0,20844000.0,0.452,20844000.0,17397000.0,17397000.0,1.9,1.8,1.9,314112000.0,,314112000.0,2150328448.0,40.0,32.918,10777000.0,1.477,1.0,27940000.0,0.606,0.0,0.0,249891000.0,,14983000.0,151521000.0,85785000.0,65736000.0,27481000.0,27448000.0,33000.0,2242347448.0,-27808000.0,0.0,2257000.0,-43000.0,0.0,2214000.0,-44107000.0,-40799000.0,14085000.0,0.0,13927000.0,13927000.0,13927000.0,0.0,0.0,0.302,13010000.0,14930000.0,15003000.0,0.0,7.139,51.98,53.233,55227000.0,0.0,308.75,14.71,14.782,34725000.0,23936000.0,46108000.0,46108000.0,7375000.0,,,,,0.0,5635000.0,1.0,7262664.0,7297900,7934800.0,6.318,341593000.0,17700000.0,3470000.0,0.0,46.807,192962000.0
65,VTSS,MRQ,1998-03-31,1998-03-31,1998-03-31,2019-05-22,0.0,318296000.0,,203639000.0,114657000.0,,40.108,-15121000.0,92243000.0,92243000.0,16012000.0,12056000.0,7.267,0.097,224000.0,153000.0,71000.0,224000.0,0.0,3358000.0,0.0,0.0,0.0,15070000.0,18428000.0,0.458,18428000.0,15070000.0,15070000.0,1.7,1.5,1.7,290202000.0,,290202000.0,1555562521.0,34.0,27.645,-9330000.0,-1.289,1.0,24200000.0,0.602,0.0,0.0,198254000.0,,13490000.0,110722000.0,52053000.0,58669000.0,28094000.0,28023000.0,71000.0,1696368521.0,-48835000.0,0.0,2365000.0,-48000.0,0.0,2317000.0,-56943000.0,-41822000.0,5791000.0,0.0,12056000.0,12056000.0,12056000.0,0.0,0.0,0.3,11311000.0,12889000.0,14882000.0,0.0,5.845,44.446,45.313,55366000.0,0.0,235.625,12.666,12.73,28779000.0,10009000.0,40212000.0,40212000.0,6462000.0,,,,,0.0,4849000.0,1.0,7199442.0,7235600,7877700.0,5.558,318296000.0,14800000.0,3014000.0,0.0,43.99,175616000.0
66,VTSS,MRQ,1997-12-31,1997-12-31,1997-12-31,2019-05-22,0.0,306852000.0,,204399000.0,102453000.0,,38.353,-4705000.0,141078000.0,141078000.0,14194000.0,10379000.0,6.602,0.113,272000.0,163000.0,109000.0,272000.0,0.0,2786000.0,0.0,0.0,0.0,12973000.0,15759000.0,0.454,15759000.0,12973000.0,12973000.0,1.4,1.3,1.4,275781000.0,,275781000.0,,,,8409000.0,1.169,1.0,20507000.0,0.591,0.0,0.0,135084000.0,,12591000.0,68900000.0,10231000.0,58669000.0,31071000.0,30962000.0,109000.0,1358894678.0,43720000.0,0.0,300000.0,-131000.0,0.0,169000.0,30437000.0,35142000.0,13114000.0,0.0,10379000.0,10379000.0,10379000.0,0.0,0.0,0.299,9817000.0,10690000.0,20802000.0,0.0,4.927,40.094,41.033,43603000.0,0.0,188.75,11.489,11.474,23768000.0,-2047000.0,34701000.0,34701000.0,5555000.0,,,,,0.0,4262000.0,1.0,7199442.0,7190543,7811605.0,4.826,306852000.0,14800000.0,2594000.0,0.0,42.674,173437000.0
67,VTSS,MRQ,1997-09-30,1997-09-30,1997-09-30,2019-05-22,0.0,292280000.0,,204646000.0,87634000.0,,35.699,-14408000.0,97358000.0,97358000.0,12947000.0,6777000.0,7.53,0.103,403000.0,403000.0,0.0,403000.0,0.0,2388000.0,0.0,0.0,0.0,7904000.0,10292000.0,0.328,10292000.0,7904000.0,7904000.0,0.8,0.8,0.8,265102000.0,,265102000.0,,,,2069000.0,0.279,1.0,18465000.0,0.588,0.0,0.0,168147000.0,,11809000.0,104042000.0,58486000.0,45556000.0,27178000.0,27178000.0,0.0,,-28425000.0,0.0,9487000.0,-516000.0,0.0,8971000.0,-53873000.0,-39465000.0,16477000.0,0.0,6777000.0,6777000.0,6777000.0,0.0,0.0,0.216,13057000.0,5408000.0,19758000.0,0.0,,,59.003,41684000.0,0.0,247.813,,16.251,21072000.0,-12426000.0,31412000.0,31412000.0,7287000.0,,,,,0.0,5770000.0,1.0,,7426090,8023472.0,4.23,292280000.0,14800000.0,1127000.0,0.0,39.359,177468000.0
68,VTSS,MRQ,1997-06-30,1997-06-30,1997-06-30,2019-05-22,,,,,,,,-8848000.0,,,11875000.0,8955000.0,,,,,,,,1841000.0,,0.0,0.0,9950000.0,11791000.0,0.427,11791000.0,9950000.0,9950000.0,1.3,1.2,1.3,,,,,,,6929000.0,0.986,1.0,15732000.0,0.57,,0.0,,,,,,,,,,,15569000.0,0.0,1753000.0,-207000.0,0.0,1546000.0,-1754000.0,7094000.0,15777000.0,0.0,8955000.0,8955000.0,8955000.0,0.0,0.0,0.324,8111000.0,7621000.0,,0.0,,,,,0.0,163.438,,,,,27607000.0,27607000.0,4427000.0,,,,,0.0,3684000.0,1.0,,7029181,7740533.0,3.927,,,995000.0,,,
69,VTSS,MRQ,1997-03-31,1997-03-31,1997-03-31,2019-05-22,,,,,,,,-4647000.0,,,10833000.0,7782000.0,,,,,,,,1506000.0,,0.0,0.0,8764000.0,10270000.0,0.418,10270000.0,8764000.0,8645000.0,1.1,1.0,1.1,,,,,,,7062000.0,1.018,1.0,13729000.0,0.559,,119000.0,,,,,,,,,,,4018000.0,0.0,2214000.0,-234000.0,0.0,1980000.0,-9671000.0,-5024000.0,11709000.0,0.0,7782000.0,7782000.0,7782000.0,0.0,0.0,0.317,7187000.0,6542000.0,,0.0,,,,,0.0,138.125,,,,,24562000.0,24562000.0,3914000.0,,,,,0.0,3273000.0,1.0,,6938646,7694545.0,3.54,,,863000.0,,,
70,VTSS,MRQ,1996-12-31,1996-12-31,1996-12-31,2019-05-22,,,,,,,,-3811000.0,,,9858000.0,6003000.0,,,,,,,,1387000.0,,0.0,0.0,6761000.0,8148000.0,0.373,8148000.0,6761000.0,6670000.0,0.95,0.85,0.95,,,,,,,4320000.0,0.68,1.0,11974000.0,0.548,,91000.0,,,,,,,,,,,55778000.0,0.0,118382000.0,-277000.0,0.0,118105000.0,-70458000.0,-66647000.0,8131000.0,0.0,6003000.0,6003000.0,6003000.0,0.0,0.0,0.275,6412000.0,5562000.0,,0.0,,,,,0.0,151.667,,,,,21832000.0,21832000.0,3480000.0,,,,,0.0,2932000.0,1.0,,6350628,7161175.0,3.438,,,667000.0,,,
0,VTSS,MRT,2014-12-31,2014-12-31,2014-12-31,2019-05-22,0.0,67544000.0,88886250.0,61309000.0,6235000.0,1.194,0.397,-1074000.0,33353000.0,33353000.0,43857000.0,-17745000.0,2.576,1.5,16508000.0,0.0,16508000.0,16508000.0,6302000.0,2064000.0,0.0,0.0,0.0,-11816000.0,-9752000.0,-0.092,-9752000.0,-11816000.0,-17157000.0,-0.27,-0.27,-0.27,27014000.0,24214250.0,27014000.0,233121376.0,-20.0,-23.905,-9484000.0,-0.14,1.0,62312000.0,0.587,1811000.0,5341000.0,25091000.0,23548500.0,15705000.0,0.0,0.0,0.0,40530000.0,23797000.0,16733000.0,256674376.0,-16610000.0,0.0,26656000.0,-32843000.0,0.0,-6247000.0,-1953000.0,0.0,-8410000.0,0.0,-17745000.0,-17745000.0,-17745000.0,0.0,0.0,-0.167,74022000.0,-11710000.0,7947000.0,0.0,9.502,-14.465,-14.0,2913000.0,0.0,3.78,2.418,2.42,10081000.0,-1899444000.0,106169000.0,106169000.0,43108000.0,-0.2,-0.733,-0.502,-0.111,6641000.0,30542000.0,1.0,67903274.0,67974000,67974000.0,1.562,65733000.0,0.0,588000.0,0.0,0.967,37512000.0
1,VTSS,MRT,2014-09-30,2014-09-30,2014-09-30,2019-05-22,0.0,104824000.0,92838000.0,97386000.0,7438000.0,1.169,0.513,-1301000.0,72697000.0,72697000.0,44480000.0,-18075000.0,1.711,2.354,49144000.0,32727000.0,16417000.0,49144000.0,4902000.0,2041000.0,0.0,0.0,0.0,-11507000.0,-9466000.0,-0.087,-9466000.0,-11507000.0,-17734000.0,-0.3,-0.3,-0.3,31258000.0,20341000.0,31258000.0,220809126.0,-19.0,-23.327,-8247000.0,-0.135,1.0,64017000.0,0.59,1476000.0,6227000.0,22880000.0,23873500.0,12792000.0,0.0,0.0,0.0,73566000.0,56915000.0,16651000.0,243711126.0,3040000.0,0.0,26656000.0,-14606000.0,0.0,11797000.0,-1811000.0,0.0,-6946000.0,0.0,-18075000.0,-18075000.0,-18075000.0,0.0,0.0,-0.167,73791000.0,-9774000.0,6814000.0,0.0,7.797,-13.483,-12.0,2858000.0,0.0,3.6,2.246,2.02,10850000.0,-1894403000.0,108497000.0,108497000.0,42450000.0,-0.195,-0.889,-0.482,-0.106,6075000.0,30981000.0,1.0,67697535.0,60887000,60887000.0,1.782,103348000.0,0.0,341000.0,0.0,1.697,40471000.0
2,VTSS,MRT,2014-06-30,2014-06-30,2014-06-30,2019-05-22,0.0,103179000.0,91372250.0,95118000.0,8061000.0,1.168,0.521,-1705000.0,71605000.0,71605000.0,46662000.0,-21355000.0,1.724,2.305,48703000.0,32375000.0,16328000.0,48703000.0,3030000.0,2039000.0,0.0,0.0,0.0,-14351000.0,-12312000.0,-0.115,-12312000.0,-14351000.0,-21054000.0,-0.34,-0.34,-0.34,31223000.0,16503500.0,31223000.0,202641937.0,-14.0,-16.459,-11723000.0,-0.195,1.0,60039000.0,0.563,1569000.0,6703000.0,23550000.0,35073750.0,11237000.0,0.0,0.0,0.0,71956000.0,55158000.0,16798000.0,202568937.0,-523000.0,0.0,26657000.0,-14606000.0,0.0,11710000.0,-2215000.0,0.0,-10018000.0,0.0,-21355000.0,-21355000.0,-21355000.0,0.0,0.0,-0.2,72651000.0,-12612000.0,7693000.0,0.0,6.488,-9.486,-10.147,2944000.0,0.0,3.45,1.898,1.939,10101000.0,-1891918000.0,106701000.0,106701000.0,41521000.0,-0.234,-1.294,-0.409,-0.134,5557000.0,30782000.0,1.0,58715634.0,59965000,59965000.0,1.779,101610000.0,0.0,301000.0,0.0,1.694,39960000.0
3,VTSS,MRT,2014-03-31,2014-03-31,2014-03-31,2019-05-22,0.0,79998000.0,91716750.0,71536000.0,8462000.0,1.155,0.126,-1707000.0,48201000.0,48201000.0,46074000.0,-23401000.0,1.28,9.866,48274000.0,32031000.0,16243000.0,48274000.0,3529000.0,2056000.0,0.0,0.0,0.0,-16128000.0,-14072000.0,-0.133,-14072000.0,-16128000.0,-23304000.0,-0.44,-0.44,-0.44,7362000.0,13642750.0,7362000.0,244142155.0,-15.0,-17.349,-11288000.0,-0.194,1.0,59894000.0,0.565,1502000.0,7176000.0,22673000.0,44162000.0,11347000.0,0.0,0.0,0.0,72636000.0,55896000.0,16740000.0,244640155.0,11287000.0,0.0,37465000.0,-14606000.0,0.0,22906000.0,-2038000.0,0.0,-9581000.0,0.0,-23401000.0,-23401000.0,-23401000.0,0.0,0.0,-0.221,74270000.0,-14376000.0,7748000.0,0.0,33.23,-10.454,-9.545,3308000.0,0.0,4.2,2.309,2.312,9921000.0,-1887530000.0,105968000.0,105968000.0,43221000.0,-0.255,-1.715,-0.365,-0.152,5127000.0,30709000.0,1.0,58247656.0,58327000,58327000.0,1.817,78496000.0,0.0,97000.0,0.0,1.346,15640000.0
4,VTSS,MRT,2013-12-31,2013-12-31,2013-12-31,2019-05-22,0.0,83351000.0,88930250.0,75251000.0,8100000.0,1.182,0.2,-1690000.0,48355000.0,48355000.0,46464000.0,-22417000.0,1.361,6.235,47857000.0,31694000.0,16163000.0,47857000.0,2728000.0,2185000.0,0.0,0.0,0.0,-15594000.0,-13409000.0,-0.128,-13409000.0,-15594000.0,-23244000.0,-0.47,-0.47,-0.47,11521000.0,8775000.0,11521000.0,159918473.0,-10.0,-11.926,-11724000.0,-0.204,1.0,58665000.0,0.558,1169000.0,7650000.0,26391000.0,53839750.0,12544000.0,0.0,0.0,0.0,71830000.0,55293000.0,16537000.0,168031473.0,11277000.0,0.0,37307000.0,-14606000.0,0.0,23430000.0,-2119000.0,0.0,-10034000.0,0.0,-22417000.0,-22417000.0,-22417000.0,0.0,0.0,-0.213,72534000.0,-13869000.0,9449000.0,0.0,14.585,-7.496,-6.213,3559000.0,0.0,2.92,1.598,1.6,11406000.0,-1881699000.0,105129000.0,105129000.0,42102000.0,-0.252,-2.555,-0.29,-0.148,4518000.0,30094000.0,1.0,57545025.0,57610000,57610000.0,1.825,82182000.0,0.0,-827000.0,0.0,1.427,19958000.0
5,VTSS,MRT,2013-09-30,2013-09-30,2013-09-30,2019-05-22,0.0,98961000.0,85776500.0,91259000.0,7702000.0,1.21,0.395,-1150000.0,68964000.0,68964000.0,46763000.0,-22078000.0,4.168,5.221,60750000.0,0.0,60750000.0,60750000.0,2215000.0,2375000.0,0.0,0.0,0.0,-14710000.0,-12335000.0,-0.119,-12335000.0,-14710000.0,-22626000.0,-0.55,-0.55,-0.55,15908000.0,3654500.0,15908000.0,163697268.0,-11.0,-13.271,-10269000.0,-0.255,1.0,57010000.0,0.549,1170000.0,7916000.0,67681000.0,65057250.0,10692000.0,0.0,0.0,0.0,83053000.0,21896000.0,61157000.0,174899268.0,44972000.0,0.0,54520000.0,0.0,0.0,55583000.0,-1492000.0,0.0,-9119000.0,0.0,-22078000.0,-22078000.0,-22078000.0,0.0,0.0,-0.213,72484000.0,-15474000.0,7436000.0,0.0,10.994,-7.922,-5.527,3107000.0,0.0,3.04,1.685,1.181,9807000.0,-1876328000.0,103773000.0,103773000.0,41927000.0,-0.257,-6.041,-0.226,-0.142,4396000.0,30210000.0,1.0,57532654.0,40311000,40311000.0,2.574,97791000.0,0.0,-548000.0,0.0,2.426,69363000.0
6,VTSS,MRT,2013-06-30,2013-06-30,2013-06-30,2019-05-22,0.0,104557000.0,75190250.0,96813000.0,7744000.0,1.415,0.512,-618000.0,71335000.0,71335000.0,46389000.0,-15095000.0,3.007,4.286,60133000.0,7967000.0,52166000.0,60133000.0,2758000.0,2612000.0,0.0,0.0,0.0,-9548000.0,-6936000.0,-0.065,-6936000.0,-9548000.0,-17422000.0,-0.43,-0.43,-0.43,19780000.0,-6326250.0,19780000.0,121655779.0,-13.0,-17.54,-5459000.0,-0.141,1.0,59977000.0,0.564,1251000.0,7874000.0,59903000.0,65921500.0,11881000.0,0.0,0.0,0.0,84777000.0,32201000.0,52576000.0,99040779.0,50749000.0,0.0,54652000.0,0.0,0.0,56636000.0,-1046000.0,0.0,-4841000.0,0.0,-15095000.0,-15095000.0,-15095000.0,0.0,0.0,-0.142,71428000.0,-11451000.0,8365000.0,0.0,5.007,-6.561,-6.116,2793000.0,0.0,2.63,0.931,0.955,10404000.0,-1870563000.0,106366000.0,106366000.0,42182000.0,-0.201,2.386,-0.145,-0.09,3578000.0,30308000.0,1.0,37658091.0,38630000,38630000.0,2.753,103306000.0,0.0,-2327000.0,0.0,2.674,64612000.0
7,VTSS,MRT,2013-03-31,2013-03-31,2013-03-31,2019-05-22,0.0,68852000.0,63336750.0,60873000.0,7979000.0,1.74,-0.325,-791000.0,36914000.0,36914000.0,45993000.0,-3950000.0,2.099,-6.686,59529000.0,8006000.0,51523000.0,59529000.0,2005000.0,2798000.0,0.0,0.0,0.0,2669000.0,5467000.0,0.05,5467000.0,2669000.0,-5172000.0,-0.08,-0.1,-0.08,-12109000.0,-18080500.0,-12109000.0,102587249.0,38.0,18.765,-1284000.0,-0.035,1.0,64242000.0,0.583,1087000.0,7841000.0,61384000.0,68851750.0,12566000.0,0.0,0.0,0.0,80961000.0,28996000.0,51965000.0,80715249.0,17702000.0,0.0,17047000.0,0.0,0.0,19263000.0,-1068000.0,0.0,-493000.0,0.0,-3950000.0,-3950000.0,-3950000.0,0.0,0.0,-0.036,69282000.0,-5040000.0,6540000.0,0.0,-6.666,-20.434,-27.0,3126000.0,0.0,2.16,0.732,0.729,8429000.0,-1864129000.0,110235000.0,110235000.0,40989000.0,-0.062,0.218,0.039,0.024,3514000.0,29347000.0,1.0,37368171.0,37215000,37215000.0,2.962,67765000.0,0.0,-1222000.0,0.0,1.821,31877000.0
8,VTSS,MRT,2012-12-31,2012-12-31,2012-12-31,2019-05-22,0.0,70736000.0,60708000.0,62239000.0,8497000.0,1.898,-0.319,-767000.0,37078000.0,37078000.0,45219000.0,-5299000.0,3.071,-8.894,58950000.0,0.0,58950000.0,58950000.0,1325000.0,2898000.0,0.0,0.0,0.0,2337000.0,5235000.0,0.045,5235000.0,2337000.0,-5462000.0,-0.2,-0.22,-0.2,-8961000.0,-23313500.0,-8961000.0,92049486.0,39.0,17.583,2144000.0,0.076,1.0,70000000.0,0.608,1078000.0,7799000.0,71261000.0,71428250.0,12646000.0,0.0,0.0,0.0,79697000.0,20269000.0,59428000.0,57567486.0,20029000.0,0.0,17213000.0,0.0,0.0,18236000.0,-1118000.0,0.0,2911000.0,0.0,-5299000.0,-5299000.0,-5299000.0,0.0,0.0,-0.046,70068000.0,-68000.0,7513000.0,0.0,-6.424,-10.864,-11.15,3373000.0,0.0,2.23,0.5,0.543,9601000.0,-1859282000.0,115219000.0,115219000.0,40792000.0,-0.087,0.227,0.033,0.02,4522000.0,30340000.0,1.0,25815016.0,28059000,28059000.0,4.106,69658000.0,0.0,-163000.0,0.0,2.483,41970000.0
9,VTSS,MRT,2012-09-30,2012-09-30,2012-09-30,2019-05-22,0.0,56616000.0,57734750.0,47479000.0,9137000.0,2.07,-0.956,-735000.0,23891000.0,23891000.0,46407000.0,-1112000.0,2.527,-3.358,58373000.0,0.0,58373000.0,58373000.0,871000.0,2963000.0,0.0,0.0,0.0,6492000.0,9455000.0,0.079,9455000.0,6492000.0,-1286000.0,-0.04,-0.04,-0.04,-24015000.0,-28176750.0,-24015000.0,100099560.0,15.0,10.587,6337000.0,0.252,1.0,73076000.0,0.612,1175000.0,7778000.0,71138000.0,71513500.0,12060000.0,0.0,0.0,0.0,80631000.0,18785000.0,61846000.0,62960560.0,6573000.0,0.0,0.0,0.0,0.0,1103000.0,-1602000.0,0.0,7072000.0,0.0,-1112000.0,-1112000.0,-1112000.0,0.0,0.0,-0.009,71441000.0,1635000.0,5726000.0,0.0,-2.622,-56.619,-61.0,3832000.0,0.0,2.44,0.527,0.513,9403000.0,-1854250000.0,119483000.0,119483000.0,42713000.0,-0.019,0.039,0.091,0.054,4442000.0,29822000.0,1.0,25803508.0,25121000,25121000.0,4.756,55441000.0,0.0,-174000.0,0.0,2.207,28694000.0
10,VTSS,MRT,2012-06-30,2012-06-30,2012-06-30,2019-05-22,0.0,57143000.0,58829250.0,48183000.0,8960000.0,2.046,-1.076,-1958000.0,20678000.0,20678000.0,46926000.0,-6918000.0,2.291,-3.098,57817000.0,11000.0,57806000.0,57817000.0,2580000.0,3091000.0,0.0,0.0,0.0,1696000.0,4787000.0,0.04,4787000.0,1696000.0,-6096000.0,-0.29,-0.31,-0.29,-27237000.0,-29287750.0,-27237000.0,104685799.0,62.0,21.869,2712000.0,0.107,1.0,73429000.0,0.61,1625000.0,7792000.0,71624000.0,72360250.0,14796000.0,0.0,0.0,0.0,84380000.0,21033000.0,63347000.0,67024799.0,2430000.0,0.0,16000.0,-1492000.0,0.0,-644000.0,-1596000.0,0.0,4670000.0,0.0,-6918000.0,-6918000.0,-6918000.0,0.0,0.0,-0.057,80794000.0,-7365000.0,5234000.0,0.0,-2.461,-9.688,-9.138,4530000.0,0.0,2.65,0.557,0.557,10724000.0,-1855468000.0,120355000.0,120355000.0,43926000.0,-0.118,0.236,0.023,0.014,4787000.0,33472000.0,1.0,25292377.0,25302000,38413000.0,4.757,55518000.0,0.0,822000.0,0.0,2.194,27150000.0
11,VTSS,MRT,2012-03-31,2012-03-31,2012-03-31,2019-05-22,0.0,58337000.0,62550250.0,48967000.0,9370000.0,2.015,-1.319,-1921000.0,19603000.0,19603000.0,49088000.0,-5079000.0,2.158,-2.766,57264000.0,11000.0,57253000.0,57264000.0,3197000.0,3264000.0,0.0,0.0,0.0,2053000.0,5317000.0,0.042,5317000.0,2053000.0,-5718000.0,-0.21,-0.26,-0.21,-33041000.0,-28595750.0,-33041000.0,132970757.0,65.0,25.009,3040000.0,0.121,1.0,76968000.0,0.611,1621000.0,7771000.0,71690000.0,74715750.0,16898000.0,0.0,0.0,0.0,91378000.0,22687000.0,68691000.0,93697757.0,979000.0,0.0,8000.0,-1496000.0,0.0,-2067000.0,-1915000.0,0.0,4961000.0,0.0,-5079000.0,-5079000.0,-5079000.0,0.0,0.0,-0.04,86127000.0,-9159000.0,5958000.0,0.0,-2.836,-18.448,-17.714,4890000.0,0.0,3.72,0.743,0.739,10333000.0,-1860179000.0,126056000.0,126056000.0,45915000.0,-0.081,0.178,0.027,0.016,4621000.0,36631000.0,1.0,25187569.0,25043000,25043000.0,5.034,56716000.0,0.0,-639000.0,0.0,2.265,26280000.0
12,VTSS,MRT,2011-12-31,2011-12-31,2011-12-31,2019-05-22,0.0,58843000.0,66646250.0,48271000.0,10572000.0,1.999,-1.159,-2352000.0,17454000.0,17454000.0,51488000.0,-7924000.0,1.988,-3.071,56727000.0,11000.0,56716000.0,56727000.0,3362000.0,3410000.0,0.0,0.0,0.0,-665000.0,2745000.0,0.021,2745000.0,-665000.0,-8551000.0,-0.33,-0.38,-0.33,-28414000.0,-28321750.0,-28414000.0,99444065.0,-150.0,36.227,-901000.0,-0.037,1.0,81723000.0,0.613,2230000.0,7886000.0,71602000.0,77869250.0,18133000.0,0.0,0.0,0.0,87257000.0,24284000.0,62973000.0,60975065.0,-11853000.0,0.0,0.0,-9558000.0,0.0,-10316000.0,-2988000.0,0.0,1451000.0,0.0,-7924000.0,-7924000.0,-7924000.0,0.0,0.0,-0.059,93100000.0,-11377000.0,7321000.0,0.0,-2.146,-7.695,-7.545,5388000.0,0.0,2.49,0.458,0.458,10399000.0,-1853982000.0,133211000.0,133211000.0,51233000.0,-0.119,0.28,-0.009,-0.005,3531000.0,38226000.0,1.0,24487978.0,24512000,24512000.0,5.435,56613000.0,0.0,-627000.0,0.0,2.31,23987000.0
13,VTSS,MRT,2011-09-30,2011-09-30,2011-09-30,2019-05-22,0.0,60994000.0,73930000.0,50209000.0,10785000.0,1.907,-1.17,-3337000.0,17318000.0,17318000.0,53674000.0,-14812000.0,2.132,-3.143,56180000.0,0.0,56180000.0,56180000.0,3878000.0,3628000.0,0.0,0.0,0.0,-6975000.0,-3347000.0,-0.024,-3347000.0,-6975000.0,-15431000.0,-0.61,-0.61,-0.61,-28459000.0,-28302250.0,-28459000.0,109304026.0,-16.0,-32.657,-10548000.0,-0.434,1.0,87293000.0,0.619,1781000.0,8456000.0,74525000.0,80733500.0,20857000.0,0.0,0.0,0.0,89453000.0,23550000.0,65903000.0,72142026.0,-20809000.0,0.0,0.0,-9560000.0,0.0,-10141000.0,-3457000.0,0.0,-7211000.0,0.0,-14812000.0,-14812000.0,-14812000.0,0.0,0.0,-0.105,98227000.0,-10934000.0,5198000.0,0.0,-2.535,-4.871,-4.836,5934000.0,0.0,2.95,0.512,0.509,9591000.0,-1853138000.0,140967000.0,140967000.0,52990000.0,-0.2,0.523,-0.086,-0.049,3152000.0,41233000.0,1.0,24454924.0,24315000,24315000.0,5.798,59213000.0,0.0,-619000.0,0.0,2.435,26659000.0
14,VTSS,MRT,2011-06-30,2011-06-30,2011-06-30,2019-05-22,0.0,72027000.0,83063750.0,59257000.0,12770000.0,1.848,-1.001,-2732000.0,20057000.0,20057000.0,58166000.0,4613000.0,2.253,-3.944,57219000.0,1510000.0,55709000.0,57219000.0,2119000.0,3690000.0,0.0,0.0,0.0,12220010.0,15910010.0,0.104,15910010.0,12220010.0,3275010.0,0.36,0.31,0.36,-24469000.0,-26509500.0,-24469000.0,135739030.0,11.0,8.532,-8970000.0,-0.367,1.0,95356000.0,0.621,1842000.0,8945000.0,81046000.0,83805750.0,24948000.0,0.0,0.0,0.0,96496000.0,26301000.0,70195000.0,97262030.0,-20465000.0,0.0,0.0,-7835000.0,0.0,-10125000.0,-4102000.0,0.0,-6238000.0,0.0,4613010.0,4613000.0,4613000.0,-121000.0,-10.0,0.03,95754000.0,-398000.0,9657000.0,0.0,-3.975,21.084,11.056,7742000.0,10.0,3.98,0.634,0.634,12478000.0,-1848549000.0,153522000.0,153522000.0,54646000.0,0.056,-0.174,0.146,0.08,3046000.0,39156000.0,1.0,24437696.0,24447000,37543000.0,6.28,70185000.0,0.0,-1338000.0,0.0,2.871,32956000.0
15,VTSS,MRT,2011-03-31,2011-03-31,2011-03-31,2019-05-22,0.0,74721000.0,88564000.0,61587000.0,13134000.0,1.751,-1.314,-3524000.0,18233000.0,18233000.0,60436000.0,31092000.0,2.244,-3.339,56710000.0,0.0,56710000.0,56710000.0,3367000.0,3666000.0,0.0,0.0,0.0,36249010.0,39915010.0,0.257,39915010.0,36249010.0,26737010.0,1.48,1.09,1.48,-31945000.0,-29529500.0,-31945000.0,150699319.0,4.0,3.776,-9257000.0,-0.381,1.0,94631000.0,0.61,1454000.0,9512000.0,84304000.0,84316000.0,25907000.0,0.0,0.0,0.0,106666000.0,27440000.0,79226000.0,117086319.0,-18957000.0,0.0,0.0,-7909000.0,0.0,-8779000.0,-4445000.0,0.0,-5733000.0,0.0,31092010.0,31092000.0,31092000.0,-121000.0,-10.0,0.201,96049000.0,-1418000.0,11092000.0,0.0,-3.665,3.766,3.264,8329000.0,10.0,4.83,0.755,0.757,15372000.0,-1855099000.0,155067000.0,155067000.0,55818000.0,0.351,-1.053,0.43,0.234,2717000.0,38370000.0,1.0,24241474.0,24303000,24303000.0,6.381,73267000.0,0.0,-4355000.0,0.0,3.015,34147000.0
16,VTSS,MRT,2010-12-31,2010-12-31,2010-12-31,2019-05-22,0.0,87978000.0,93181750.0,74902000.0,13076000.0,1.739,-1.178,-3492000.0,32303000.0,32303000.0,66803000.0,6073000.0,1.986,-4.102,65916000.0,8010000.0,57906000.0,65916000.0,6685000.0,3626000.0,0.0,0.0,0.0,15807010.0,19433010.0,0.12,19433010.0,15807010.0,5790010.0,0.16,-0.23,0.16,-28336000.0,-40590000.0,-28336000.0,127087565.0,8.0,6.54,-6412000.0,-0.267,1.0,95283000.0,0.588,821000.0,10017000.0,83059000.0,84571750.0,27039000.0,0.0,0.0,0.0,116232000.0,37711000.0,78521000.0,100503565.0,-6686000.0,0.0,0.0,72000.0,0.0,-164000.0,-3602000.0,0.0,-2920000.0,0.0,6073010.0,6073000.0,6073000.0,-121000.0,-10.0,0.037,92575000.0,2708000.0,8465000.0,0.0,-3.547,16.549,26.188,8384000.0,10.0,4.19,0.62,0.622,13672000.0,-1846058000.0,162086000.0,162086000.0,53196000.0,0.065,-0.15,0.187,0.098,2241000.0,37475000.0,1.0,23986531.0,24050000,24050000.0,6.74,87157000.0,0.0,-283000.0,0.0,3.624,37191000.0
17,VTSS,MRT,2010-09-30,2010-09-30,2010-09-30,2019-05-22,0.0,97529000.0,93095500.0,84472000.0,13057000.0,1.783,-1.01,-3078000.0,38521000.0,38521000.0,71557000.0,-20055000.0,2.318,-5.578,65105000.0,10000.0,65095000.0,65105000.0,6926000.0,3540000.0,0.0,0.0,0.0,-9038990.0,-5498990.0,-0.033,-5498990.0,-9038990.0,-18533990.0,-0.95,-0.95,-0.95,-21288000.0,-44427500.0,-21288000.0,111884377.0,-12.0,-20.346,-1606000.0,-0.076,1.0,94433000.0,0.569,864000.0,9495000.0,86814000.0,77151250.0,27273000.0,0.0,0.0,0.0,118735000.0,36435000.0,82300000.0,86591377.0,-19417000.0,0.0,0.0,-16365000.0,0.0,-17701000.0,-3188000.0,0.0,1472000.0,0.0,-20054990.0,-20181000.0,-20181000.0,-121000.0,-10.0,-0.122,90315000.0,4118000.0,13216000.0,0.0,-4.068,-4.291,-3.8,8196000.0,126010.0,3.61,0.522,0.458,15765000.0,-1838326000.0,165990000.0,165990000.0,50973000.0,-0.217,0.454,-0.117,-0.054,2236000.0,37618000.0,1.0,23986531.0,21074000,21074000.0,7.877,96665000.0,0.0,1521000.0,0.0,4.587,48037000.0
18,VTSS,MRT,2010-06-30,2010-06-30,2010-06-30,2019-05-22,0.0,94028000.0,96031500.0,81122000.0,12906000.0,1.69,-1.604,-5042000.0,39012000.0,39012000.0,74422000.0,-44368000.0,2.305,-3.57,64305000.0,10000.0,64295000.0,64305000.0,4720000.0,3513000.0,0.0,0.0,0.0,-30761000.0,-27248000.0,-0.168,-27248000.0,-30761000.0,-42439000.0,-3.06,-3.45,-3.06,-36549000.0,-54445250.0,-36549000.0,148235428.0,-5.0,-5.44,2943000.0,0.129,1.0,87857000.0,0.541,1046000.0,11678000.0,83087000.0,85196250.0,24241000.0,0.0,0.0,0.0,130495000.0,35188000.0,95307000.0,119342428.0,-12801000.0,0.0,0.0,-16622000.0,0.0,-17722000.0,-3064000.0,547000.0,7985000.0,0.0,-44369000.0,-44495000.0,-44495000.0,0.0,1000.0,-0.274,87621000.0,236000.0,14916000.0,0.0,-3.265,-2.682,-1.699,8015000.0,126000.0,5.2,0.735,0.73,13265000.0,-1853162000.0,162279000.0,162279000.0,49839000.0,-0.463,0.817,-0.361,-0.19,2476000.0,36456000.0,1.0,22950467.0,22780000,34544000.0,7.124,92982000.0,0.0,1930000.0,0.0,4.082,45934000.0
19,VTSS,MRT,2010-03-31,2010-03-31,2010-03-31,2019-05-22,0.0,93192000.0,99433500.0,80214000.0,12978000.0,1.703,-3.773,-4379000.0,37578000.0,37578000.0,76002000.0,-64916000.0,2.251,-2.222,66471000.0,87000.0,66384000.0,66471000.0,3115000.0,3684000.0,0.0,0.0,0.0,-51257000.0,-47573000.0,-0.281,-47573000.0,-51257000.0,-60439000.0,-3.36,-3.36,-3.36,-76187000.0,-58465750.0,-76187000.0,195334139.0,-4.0,-4.106,13474000.0,0.667,1.0,93350000.0,0.551,1117000.0,9182000.0,85327000.0,69911750.0,19856000.0,0.0,0.0,0.0,169297000.0,35641000.0,133656000.0,165575139.0,-2192000.0,0.0,0.0,-16544000.0,0.0,-17644000.0,-2401000.0,546000.0,17853000.0,0.0,-64917000.0,-65043000.0,-65043000.0,-71000.0,1000.0,-0.384,74864000.0,18486000.0,11333000.0,0.0,-2.173,-2.546,-2.44,7797000.0,126000.0,8.2,0.978,0.978,18143000.0,-1886191000.0,169352000.0,169352000.0,47365000.0,-0.654,1.112,-0.733,-0.303,2677000.0,39199000.0,1.0,20192090.0,20195000,20195000.0,8.386,92075000.0,0.0,4478000.0,0.0,4.559,44573000.0
20,VTSS,MRT,2009-12-31,2009-12-31,2009-12-31,2019-05-22,0.0,87633000.0,99080000.0,74115000.0,13518000.0,1.615,-2.515,-4075000.0,35989000.0,35989000.0,74868000.0,-37941000.0,1.182,-2.979,65748000.0,162000.0,65586000.0,65748000.0,851000.0,3966000.0,0.0,0.0,0.0,-30357000.0,-26391000.0,-0.165,-26391000.0,-30357000.0,-38165000.0,-2.27,-2.27,-2.27,-43686000.0,-55896750.0,-43686000.0,169606451.0,-6.0,-6.427,5724000.0,0.329,1.0,85150000.0,0.532,1295000.0,7808000.0,53377000.0,60985500.0,19393000.0,0.0,0.0,0.0,130120000.0,62720000.0,67400000.0,100960451.0,-11819000.0,0.0,0.0,-16463000.0,0.0,-17563000.0,-4055000.0,547000.0,9799000.0,0.0,-37942000.0,-38068000.0,-38068000.0,-71000.0,1000.0,-0.238,76093000.0,9057000.0,14438000.0,0.0,-2.311,-2.652,-2.203,7937000.0,126000.0,5.0,0.631,0.543,12781000.0,-1852133000.0,160018000.0,160018000.0,46028000.0,-0.384,0.681,-0.498,-0.19,2946000.0,40046000.0,1.0,20192090.0,17373000,17373000.0,9.211,86338000.0,0.0,-223000.0,0.0,4.97,11395000.0
21,VTSS,MRT,2009-09-30,2009-09-30,2009-09-30,2019-05-22,0.0,109273000.0,103146000.0,96781000.0,12492000.0,1.63,-5.346,2179000.0,57942000.0,57942000.0,78212000.0,-194041000.0,1.687,-2.779,126588000.0,15236000.0,111352000.0,126588000.0,4566000.0,4158000.0,0.0,0.0,0.0,-190839000.0,-186681000.0,-1.11,-186681000.0,-190839000.0,-195492000.0,-16.91,-16.91,-16.91,-61359000.0,-60905500.0,-61359000.0,159935065.0,-1.0,-0.857,21376000.0,1.862,1.0,89965000.0,0.535,1541000.0,4653000.0,118994000.0,58647000.0,18809000.0,0.0,0.0,0.0,170546000.0,57384000.0,113162000.0,85435065.0,20822000.0,0.0,0.0,-24000.0,0.0,-24000.0,1649000.0,0.0,19197000.0,0.0,-194041000.0,-194041000.0,-194041000.0,-71000.0,0.0,-1.154,268970000.0,-179005000.0,11191000.0,0.0,-1.392,-0.44,-0.438,7874000.0,0.0,7.4,0.508,0.505,15074000.0,-1818271000.0,168177000.0,168177000.0,45650000.0,-1.881,3.186,-3.254,-1.135,3133000.0,39936000.0,1.0,11545279.0,11478000,11478000.0,14.652,107732000.0,0.0,-1451000.0,0.0,9.386,39397000.0
22,VTSS,MRT,2009-06-30,2009-06-30,2009-06-30,2019-05-22,0.0,107636000.0,148897000.0,94996000.0,12640000.0,1.305,-4.559,4362000.0,51817000.0,51817000.0,84324000.0,-173706000.0,0.6,-3.042,126317000.0,126273000.0,44000.0,126317000.0,640000.0,4316000.0,0.0,0.0,0.0,-169735060.0,-165419060.0,-0.851,-165419060.0,-169735060.0,-173197060.0,-15.38,-15.38,-15.38,-52631000.0,-14225500.0,-52631000.0,153405618.0,-1.0,-0.927,21181000.0,1.835,1.0,110029000.0,0.566,1833000.0,3462000.0,21949000.0,66321250.0,23936000.0,0.0,0.0,0.0,160101000.0,158354000.0,1747000.0,66962618.0,17712000.0,0.0,0.0,0.0,0.0,-955000.0,1848000.0,-547000.0,16819000.0,0.0,-174365060.0,-174365000.0,-174365000.0,-1014000.0,659060.0,-0.897,275679000.0,-165650000.0,16980000.0,0.0,-1.272,-0.384,-0.377,7419000.0,0.0,5.8,0.345,0.345,14898000.0,-1808791000.0,194353000.0,194353000.0,46118000.0,-1.171,12.257,-2.559,-0.873,3186000.0,44560000.0,1.0,11545279.0,11545000,11587000.0,16.834,105803000.0,0.0,1168000.0,0.0,9.164,-63358000.0
23,VTSS,MRT,2009-03-31,2009-03-31,2009-03-31,2019-05-22,0.0,91778000.0,195069000.0,78301000.0,13477000.0,1.05,-5.726,3378000.0,39773000.0,39773000.0,95007000.0,-185075000.0,0.619,-2.39,126216000.0,96700000.0,29516000.0,126216000.0,5739000.0,4321000.0,0.0,0.0,0.0,-179293060.0,-174972060.0,-0.854,-174972060.0,-179293060.0,-183867060.0,-16.26,-16.26,-16.26,-65911000.0,26920000.0,-65911000.0,152058786.0,-1.0,-0.869,1167000.0,0.101,1.0,109781000.0,0.536,2194000.0,4574000.0,49622000.0,95805250.0,28178000.0,0.0,0.0,0.0,157523000.0,126405000.0,31118000.0,73889786.0,3375000.0,0.0,0.0,0.0,0.0,-955000.0,6541000.0,5135000.0,-2211000.0,0.0,-185734060.0,-185734000.0,-185734000.0,-2646000.0,659060.0,-0.907,295316000.0,-185535000.0,11423000.0,0.0,-1.121,-0.398,-0.394,7744000.0,0.0,6.4,0.361,0.36,6424000.0,-1821273000.0,204788000.0,204788000.0,47376000.0,-0.952,-6.899,-1.871,-0.876,3232000.0,47718000.0,1.0,11545279.0,11511350,11511350.0,17.79,89584000.0,0.0,1867000.0,0.0,7.782,-48104000.0
24,VTSS,MRT,2008-12-31,2008-12-31,2008-12-31,2019-05-22,0.0,103897000.0,247917750.0,90335000.0,13562000.0,0.911,-5.634,4856000.0,48001000.0,48001000.0,102293000.0,-174204000.0,0.662,-2.628,126170000.0,96700000.0,29470000.0,126170000.0,9047000.0,4505000.0,0.0,0.0,0.0,-167514060.0,-163009060.0,-0.722,-163009060.0,-167514060.0,-171865060.0,-15.26,-15.26,-15.26,-63721000.0,71485750.0,-63721000.0,170243009.0,-1.0,-1.044,1693000.0,0.15,1.0,123511000.0,0.547,1594000.0,4351000.0,44023000.0,117769250.0,33800000.0,0.0,0.0,0.0,167454000.0,136449000.0,31005000.0,81434009.0,5859000.0,0.0,0.0,0.0,0.0,-955000.0,9977000.0,5134000.0,-3163000.0,0.0,-174863060.0,-174863000.0,-174863000.0,-4066000.0,659060.0,-0.774,298509000.0,-174998000.0,12771000.0,0.0,-1.278,-0.466,-0.472,8267000.0,0.0,7.2,0.361,0.361,5057000.0,-1814188000.0,225804000.0,225804000.0,48890000.0,-0.705,-2.446,-1.422,-0.742,3417000.0,47084000.0,1.0,11310279.0,11310300,11310300.0,19.964,102303000.0,0.0,2998000.0,0.0,9.045,-46114000.0
25,VTSS,MRT,2008-09-30,2008-09-30,2008-09-30,2019-05-22,0.0,292277000.0,298606500.0,88262000.0,204015000.0,0.765,11.212,-1681000.0,37314000.0,37314000.0,106344000.0,17214000.0,2.259,1.33,126123000.0,0.0,126123000.0,126123000.0,2721000.0,5380000.0,0.0,0.0,0.0,21643940.0,27023940.0,0.118,27023940.0,21643940.0,17775940.0,1.54,1.54,1.54,125361000.0,114646750.0,125361000.0,249146013.0,12.0,9.219,-24301000.0,-2.173,1.0,122192000.0,0.535,192331000.0,3868000.0,149691000.0,138391000.0,37466000.0,0.0,0.0,0.0,166751000.0,39064000.0,127687000.0,122151013.0,10746000.0,62845000.0,0.0,-31267000.0,0.0,-32222000.0,65588000.0,6073000.0,-22620000.0,0.0,16553940.0,16554000.0,16554000.0,-9044000.0,660060.0,0.072,113814000.0,8378000.0,16101000.0,0.0,0.974,7.379,7.013,8084000.0,0.0,10.8,0.534,0.528,6307000.0,-1624230000.0,228536000.0,228536000.0,49982000.0,0.055,0.144,0.156,0.095,3896000.0,50557000.0,1.0,11310279.0,11181000,11181000.0,20.44,99946000.0,0.0,1222000.0,0.0,8.939,49198000.0
26,VTSS,MRT,2008-06-30,2008-06-30,2008-06-30,2019-05-22,0.0,292324000.0,307374250.0,84594000.0,207730000.0,0.718,10.015,-1340000.0,34301000.0,34301000.0,107260000.0,4360000.0,1.64,1.601,126076000.0,0.0,126076000.0,126076000.0,12562000.0,6681000.0,0.0,0.0,0.0,7524000.0,14205000.0,0.064,14205000.0,7524000.0,3836000.0,0.4,0.4,0.4,111951000.0,109867250.0,111951000.0,219259201.0,29.0,15.435,-22115000.0,-1.978,1.0,113328000.0,0.514,192641000.0,3688000.0,139885000.0,150133250.0,40534000.0,0.0,0.0,0.0,179256000.0,51573000.0,127683000.0,141715201.0,12787000.0,62845000.0,0.0,-32187000.0,0.0,-32187000.0,65749000.0,5901000.0,-20775000.0,0.0,4360000.0,4360000.0,4360000.0,-3142000.0,0.0,0.02,113023000.0,305000.0,19407000.0,0.0,1.266,32.503,32.0,11323000.0,0.0,12.8,0.642,0.649,5611000.0,-1634429000.0,220588000.0,220588000.0,49095000.0,0.014,0.04,0.05,0.034,4257000.0,49293000.0,1.0,11071500.0,11177800,11177800.0,19.734,99683000.0,0.0,-524000.0,0.0,8.918,33021000.0
27,VTSS,MRT,2008-03-31,2008-03-31,2008-03-31,2019-05-22,2356000.0,303173000.0,,95530000.0,207643000.0,,10.051,-165000.0,36596000.0,36596000.0,110791000.0,-3786000.0,1.536,1.69,126029000.0,0.0,126029000.0,126029000.0,24711000.0,8139000.0,0.0,0.0,0.0,-553000.0,7586000.0,0.034,7586000.0,-553000.0,-4264000.0,-0.4,-0.4,-0.4,112352000.0,,112352000.0,225902101.0,-409.0,29.779,-9886000.0,-0.884,1.0,110757000.0,0.5,192950000.0,3711000.0,137478000.0,,44086000.0,5175000.0,5175000.0,0.0,189856000.0,62178000.0,127678000.0,148358101.0,19679000.0,62845000.0,0.0,-32375000.0,0.0,-32375000.0,61775000.0,79000.0,-9721000.0,0.0,-3786000.0,-3786000.0,-3786000.0,3048000.0,0.0,-0.017,109222000.0,1535000.0,18194000.0,0.0,1.32,-39.186,-33.5,10750000.0,0.0,13.4,0.67,0.676,6205000.0,-1635539000.0,221548000.0,221548000.0,47970000.0,,,,-0.002,5142000.0,43963000.0,1.0,11071500.0,11177800,11177800.0,19.82,110223000.0,0.0,-478000.0,0.0,9.861,33352000.0
28,VTSS,MRT,2007-12-31,2007-12-31,2007-12-31,2019-05-22,3625000.0,306652000.0,,99333000.0,207319000.0,,9.745,-1589000.0,43736000.0,43736000.0,110355000.0,-11640000.0,1.443,1.804,125982000.0,0.0,125982000.0,125982000.0,26951000.0,9549000.0,0.0,0.0,0.0,-9616000.0,-67000.0,0.0,-67000.0,-9616000.0,-12635000.0,-1.2,-1.2,-1.2,108923000.0,,108923000.0,270188102.0,-28.0,-4032.658,-2192000.0,-0.196,1.0,106521000.0,0.491,193547000.0,3019000.0,126510000.0,,37192000.0,6691000.0,6691000.0,0.0,196515000.0,68841000.0,127674000.0,192644102.0,26009000.0,62845000.0,0.0,-33946000.0,0.0,-33946000.0,60558000.0,345000.0,-603000.0,0.0,-11640000.0,-11640000.0,-11640000.0,8407000.0,0.0,-0.054,110185000.0,-3664000.0,20961000.0,0.0,1.769,-16.55,-14.5,9515000.0,0.0,17.4,0.888,0.897,6158000.0,-1639326000.0,216876000.0,216876000.0,46971000.0,,,,-0.044,6176000.0,45558000.0,1.0,11071500.0,11177800,11177800.0,19.402,113105000.0,0.0,-995000.0,0.0,10.119,30492000.0
29,VTSS,MRT,2007-09-30,2007-09-30,2007-09-30,2019-05-22,3739000.0,327348000.0,339773500.0,118257000.0,209091000.0,0.653,9.505,-879000.0,28123000.0,28123000.0,113754000.0,-21647000.0,1.878,2.069,155118000.0,0.0,155118000.0,155118000.0,21825000.0,10660000.0,0.0,0.0,0.0,-18843000.0,-8183000.0,-0.037,-8183000.0,-18843000.0,-21423000.0,-2.0,-2.0,-2.0,106243000.0,112026500.0,106243000.0,290116802.0,-15.0,-35.454,4899000.0,0.438,1.0,108194000.0,0.487,194713000.0,2580000.0,196660000.0,176321000.0,33728000.0,7600000.0,7600000.0,0.0,219816000.0,62970000.0,156846000.0,212572802.0,664000.0,0.0,0.0,-4101000.0,0.0,-4101000.0,-1013000.0,-311000.0,5778000.0,0.0,-21647000.0,-21647000.0,-21647000.0,16822000.0,0.0,-0.098,109993000.0,-1799000.0,14988000.0,0.0,2.001,-9.82,-9.6,9286000.0,0.0,19.2,0.958,0.967,7146000.0,-1640784000.0,221948000.0,221948000.0,47199000.0,-0.064,-0.193,-0.107,-0.085,7001000.0,42459000.0,1.0,11071500.0,11177800,11177800.0,19.856,132635000.0,0.0,224000.0,0.0,11.866,55287000.0
30,VTSS,MRT,2007-06-30,2007-06-30,2007-06-30,2019-05-22,,,,,,,,,,,,,,,,,,,,,,0.0,0.0,,,,,,,,,,,,,332188502.0,,,,,1.0,,,,,,,,,,,,,,254644502.0,,,,,,,,,,,,,,,,,,,,,,,,,,23.0,,,,,,,,,,,,,,1.0,11071500.0,11177800,,,,,,,,
31,VTSS,MRT,2007-03-31,2007-03-31,2007-03-31,2019-05-22,,,,,,,,,,,,,,,,,,,,,,0.0,0.0,,,,,,,,,,,,,325545602.0,,,,,1.0,,,,,,,,,,,,,,248001602.0,,,,,,,,,,,,,,,,,,,,,,,,,,22.4,,,,,,,,,,,,,,1.0,11071500.0,11177800,,,,,,,,
32,VTSS,MRT,2006-12-31,2006-12-31,2006-12-31,2019-05-22,,,,,,,,,,,,,,,,,,,,,,0.0,0.0,,,,,,,,,,,,,270188102.0,,,,,1.0,,,,,,,,,,,,,,192644102.0,,,,,,,,,,,,,,,,,,,,,,,,,,17.4,,,,,,,,,,,,,,1.0,11071500.0,11177800,,,,,,,,
33,VTSS,MRT,2006-09-30,2006-09-30,2006-09-30,2019-05-22,484000.0,352199000.0,381767500.0,99718000.0,252481000.0,0.532,10.607,-761000.0,26894000.0,26894000.0,112740000.0,-67285000.0,1.169,1.985,149620000.0,2868000.0,146752000.0,149620000.0,30707000.0,20742000.0,0.0,0.0,0.0,-64125000.0,-43383000.0,-0.213,-43383000.0,-64125000.0,-66505000.0,-6.0,-6.0,-6.0,117810000.0,186168500.0,117810000.0,296759702.0,-5.0,-6.84,-41529000.0,-3.739,1.0,90549000.0,0.445,233656000.0,2380000.0,155982000.0,180493500.0,60625000.0,3341000.0,3341000.0,0.0,233897000.0,85287000.0,148610000.0,219215702.0,2182000.0,0.0,2265000.0,35862000.0,0.0,41278000.0,1672000.0,7733000.0,-40768000.0,0.0,-67285000.0,-67285000.0,-67285000.0,15282000.0,0.0,-0.331,140643000.0,-50094000.0,26263000.0,0.0,1.861,-3.258,-3.3,12519000.0,0.0,19.8,1.078,1.082,4280000.0,-1619137000.0,203289000.0,203289000.0,66372000.0,-0.176,-0.361,-0.355,-0.315,9192000.0,48601000.0,1.0,11071500.0,11106850,11106850.0,18.303,118543000.0,0.0,780000.0,0.0,10.673,14431000.0
34,VTSS,MRT,2005-12-31,2005-12-31,2005-12-31,2019-05-22,-1000.0,407169000.0,447017250.0,104147000.0,303022000.0,0.446,22.374,-68999000.0,27367000.0,27367000.0,94018000.0,-123720000.0,1.885,0.663,104911000.0,6768000.0,98143000.0,104911000.0,7551000.0,37298000.0,0.0,0.0,0.0,-121071000.0,-83773000.0,-0.42,-83773000.0,-121071000.0,-123682000.0,-11.2,-11.2,-11.2,244875000.0,287858750.0,244875000.0,503476117.0,-4.0,-6.01,-27898000.0,-2.549,1.0,105312000.0,0.528,238329000.0,2611000.0,191120000.0,232293000.0,35140000.0,1684000.0,1684000.0,0.0,162294000.0,55264000.0,107030000.0,419797117.0,9599000.0,-7820000.0,8809000.0,6884000.0,0.0,15888000.0,-47390000.0,22707000.0,41101000.0,0.0,-123720000.0,-123720000.0,-123720000.0,0.0,0.0,-0.621,225208000.0,-119896000.0,23354000.0,0.0,1.714,-3.393,-3.429,54912000.0,0.0,38.4,2.106,2.108,32962000.0,-1212568000.0,199330000.0,199330000.0,100753000.0,-0.277,-0.43,-0.521,-0.607,3735000.0,53836000.0,1.0,10932217.0,10944650,10944650.0,18.213,168840000.0,0.0,38000.0,782000.0,15.427,48883000.0
35,VTSS,MRT,2005-09-30,2005-09-30,2005-09-30,2019-05-22,-1000.0,411336000.0,474536000.0,105054000.0,306282000.0,0.402,23.553,-79275000.0,23138000.0,23138000.0,91143000.0,-126879000.0,2.056,0.616,106825000.0,7355000.0,99470000.0,106825000.0,5929000.0,39359000.0,0.0,0.0,0.0,-123295000.0,-83936000.0,-0.44,-83936000.0,-123295000.0,-126811000.0,-11.8,-11.8,-11.8,254527000.0,315596750.0,254527000.0,483271830.0,-4.0,-5.758,-41276000.0,-3.82,1.0,99635000.0,0.522,238916000.0,3516000.0,205005000.0,257790750.0,35158000.0,8862000.0,8862000.0,0.0,156809000.0,51102000.0,105707000.0,409401830.0,2273000.0,-7790000.0,8798000.0,-117570000.0,0.0,-108772000.0,73046000.0,153398000.0,37999000.0,0.0,-126879000.0,-126879000.0,-126879000.0,0.0,0.0,-0.665,222470000.0,-122835000.0,20188000.0,0.0,1.608,-3.227,-3.169,58074000.0,0.0,37.4,2.146,2.118,30403000.0,-1198512000.0,190778000.0,190778000.0,101443000.0,-0.267,-0.402,-0.478,-0.646,0.0,50127000.0,1.0,10946573.0,10806500,10806500.0,17.654,172420000.0,0.0,68000.0,699000.0,15.955,53952000.0
36,VTSS,MRT,2005-06-30,2005-06-30,2005-06-30,2019-05-22,-1000.0,478095000.0,536456500.0,116743000.0,361352000.0,0.363,29.582,-29652000.0,32553000.0,32553000.0,84177000.0,-61053000.0,2.307,0.492,106423000.0,5649000.0,100774000.0,106423000.0,4586000.0,38946000.0,0.0,0.0,0.0,-56549000.0,-17603000.0,-0.09,-17603000.0,-56549000.0,-61484000.0,-5.4,-5.4,-5.4,320386000.0,344524500.0,320386000.0,529346337.0,-9.0,-30.071,-24786000.0,-2.289,1.0,110423000.0,0.567,240944000.0,4935000.0,260417000.0,312194000.0,40764000.0,2365000.0,2365000.0,0.0,157709000.0,50604000.0,107105000.0,453935337.0,-8425000.0,-1822000.0,-10610000.0,-102283000.0,0.0,-112698000.0,99407000.0,130241000.0,4866000.0,0.0,-61053000.0,-61053000.0,-61053000.0,0.0,0.0,-0.314,166384000.0,-55961000.0,17881000.0,0.0,1.417,-7.435,-7.704,109825000.0,0.0,41.6,2.333,2.315,33375000.0,-1129582000.0,194600000.0,194600000.0,101796000.0,-0.114,-0.177,-0.181,-0.291,0.0,48834000.0,1.0,10911907.0,10830350,10830350.0,17.968,237151000.0,0.0,-431000.0,1784000.0,21.897,66139000.0
37,VTSS,MRT,2005-03-31,2005-03-31,2005-03-31,2019-05-22,-1000.0,491469000.0,582602750.0,123652000.0,367817000.0,0.35,30.792,-26458000.0,32754000.0,32754000.0,82628000.0,-53777000.0,2.417,0.482,108165000.0,5919000.0,102246000.0,108165000.0,6019000.0,39279000.0,0.0,0.0,0.0,-47976000.0,-8697000.0,-0.043,-8697000.0,-47976000.0,-54451000.0,-4.8,-4.8,-4.8,331647000.0,362639500.0,331647000.0,645587006.0,-13.0,-74.231,-16645000.0,-1.545,1.0,121418000.0,0.595,243082000.0,6475000.0,272630000.0,324242000.0,40845000.0,2123000.0,2123000.0,0.0,159822000.0,51168000.0,108654000.0,572123006.0,-11430000.0,-1814000.0,-10557000.0,-102337000.0,0.0,-112699000.0,91456000.0,119088000.0,9813000.0,0.0,-53777000.0,-53777000.0,-53777000.0,0.0,0.0,-0.264,173222000.0,-51804000.0,18319000.0,0.0,1.725,-10.639,-11.042,113869000.0,0.0,53.0,2.804,2.798,38977000.0,-1117746000.0,204046000.0,204046000.0,105163000.0,-0.092,-0.148,-0.148,-0.235,0.0,47677000.0,1.0,10794774.0,10770400,10770400.0,18.945,248387000.0,0.0,-674000.0,1798000.0,23.062,72484000.0
38,VTSS,MRT,2004-12-31,2004-12-31,2004-12-31,2019-05-22,-1000.0,517244000.0,623915500.0,168084000.0,349160000.0,0.341,33.365,-24834000.0,24368000.0,24368000.0,81049000.0,-42330000.0,2.955,0.454,97832000.0,1132000.0,96700000.0,97832000.0,0.0,39678000.0,0.0,0.0,0.0,-34991000.0,4687000.0,0.022,4687000.0,-34991000.0,-42970000.0,-3.8,-3.8,-3.8,355827000.0,377733500.0,355827000.0,950738115.0,-27.0,202.846,-4807000.0,-0.451,1.0,131873000.0,0.619,240716000.0,7979000.0,293111000.0,332352500.0,41061000.0,55496000.0,55496000.0,0.0,161417000.0,56881000.0,104536000.0,753454115.0,-30904000.0,-59024000.0,-9353000.0,-105738000.0,0.0,-115091000.0,64160000.0,153978000.0,20027000.0,0.0,-42330000.0,-42330000.0,-42330000.0,0.0,0.0,-0.199,175158000.0,-43285000.0,21241000.0,0.0,2.117,-17.8,-18.579,92799000.0,0.0,70.6,3.539,3.536,39061000.0,-1088848000.0,212922000.0,212922000.0,107454000.0,-0.068,-0.112,-0.105,-0.164,0.0,46855000.0,1.0,10672155.0,10664800,10664800.0,19.965,276528000.0,0.0,-640000.0,1715000.0,25.929,111203000.0
39,VTSS,MRT,2004-09-30,2004-09-30,2004-09-30,2019-05-22,-1000.0,659018000.0,658190750.0,325075000.0,333943000.0,0.332,34.325,-2190000.0,27465000.0,27465000.0,78720000.0,-33065000.0,1.706,0.78,224749000.0,134749000.0,90000000.0,224749000.0,6869000.0,39514000.0,0.0,0.0,0.0,-25096000.0,14418000.0,0.066,14418000.0,-25096000.0,-33613000.0,-3.0,-3.0,-3.0,370238000.0,385489000.0,370238000.0,752184248.0,-30.0,52.17,2554000.0,0.237,1.0,140055000.0,0.64,243092000.0,8517000.0,422618000.0,399128250.0,41162000.0,210477000.0,210477000.0,0.0,288780000.0,190592000.0,98188000.0,599385248.0,-27254000.0,-59483000.0,-8697000.0,20170000.0,0.0,11473000.0,-43471000.0,24192000.0,4744000.0,0.0,-33065000.0,-33065000.0,-33065000.0,0.0,0.0,-0.151,174494000.0,-34439000.0,17789000.0,0.0,1.619,-18.127,-18.2,74403000.0,0.0,54.6,2.74,2.692,36447000.0,-1071633000.0,218775000.0,218775000.0,108533000.0,-0.05,-0.086,-0.063,-0.115,0.0,47053000.0,1.0,10977752.0,10786300,10786300.0,20.283,415926000.0,0.0,-548000.0,1077000.0,38.561,134483000.0
40,VTSS,MRT,2004-06-30,2004-06-30,2004-06-30,2019-05-22,-1000.0,662680000.0,659872250.0,280868000.0,381812000.0,0.318,36.189,-14545000.0,46764000.0,46764000.0,75785000.0,-65962000.0,1.073,0.687,199563000.0,199563000.0,0.0,199563000.0,0.0,39515000.0,0.0,0.0,0.0,-57137000.0,-17622000.0,-0.084,-17622000.0,-57137000.0,-65632000.0,-6.2,-6.2,-6.2,392846000.0,389306500.0,392846000.0,1209024358.0,-21.0,-68.609,-9679000.0,-0.892,1.0,133769000.0,0.638,245200000.0,8495000.0,308609000.0,434275000.0,35779000.0,181292000.0,133075000.0,48217000.0,269834000.0,261670000.0,8164000.0,1059197358.0,-3688000.0,-41361000.0,11000000.0,-3707000.0,0.0,10577000.0,-19131000.0,42934000.0,4866000.0,0.0,-65962000.0,-65962000.0,-65962000.0,2658000.0,0.0,-0.315,192851000.0,-59082000.0,18357000.0,0.0,2.696,-16.058,-15.742,70101000.0,0.0,97.6,5.055,5.056,55368000.0,-1068529000.0,209554000.0,209554000.0,113420000.0,-0.1,-0.169,-0.132,-0.273,0.0,48213000.0,1.0,10852432.0,10855450,10855450.0,19.304,417480000.0,0.0,330000.0,2311000.0,38.458,19198000.0
41,VTSS,MRT,2004-03-31,2004-03-31,2004-03-31,2019-05-22,-1000.0,656720000.0,659239750.0,248384000.0,408336000.0,0.287,36.357,-22851000.0,49970000.0,49970000.0,78231000.0,-156395000.0,0.995,0.675,199797000.0,199336000.0,461000.0,199797000.0,0.0,39016000.0,0.0,0.0,0.0,-147767000.0,-108751000.0,-0.576,-108751000.0,-147767000.0,-155862000.0,-15.2,-15.2,-15.2,392023000.0,385610000.0,392023000.0,1677021366.0,-11.0,-15.421,-5444000.0,-0.505,1.0,110644000.0,0.586,251871000.0,8095000.0,305072000.0,499517750.0,30652000.0,169360000.0,121143000.0,48217000.0,264697000.0,249604000.0,15093000.0,1525032366.0,22400000.0,-41361000.0,11258000.0,-1911000.0,0.0,12631000.0,-7638000.0,62733000.0,17407000.0,0.0,-156395000.0,-156395000.0,-156395000.0,23394000.0,0.0,-0.828,236617000.0,-125973000.0,13355000.0,0.0,3.89,-9.751,-9.342,87736000.0,0.0,142.0,8.074,8.107,39238000.0,-1063969000.0,188875000.0,188875000.0,112448000.0,-0.237,-0.406,-0.296,-0.782,0.0,50011000.0,1.0,10739665.0,10782600,10782600.0,17.517,404849000.0,0.0,533000.0,2514000.0,37.547,-1220000.0
42,VTSS,MRT,2003-12-31,2003-12-31,2003-12-31,2019-05-22,-1000.0,654345000.0,680554750.0,297948000.0,356397000.0,0.251,36.228,-23246000.0,48672000.0,48672000.0,74856000.0,-164090000.0,5.622,0.691,200661000.0,3297000.0,197364000.0,200661000.0,0.0,38240000.0,0.0,0.0,0.0,-156263000.0,-118023000.0,-0.69,-118023000.0,-156263000.0,-163680000.0,-16.0,-16.0,-16.0,386849000.0,403797750.0,386849000.0,1412270356.0,-9.0,-11.966,-14988000.0,-1.404,1.0,96117000.0,0.562,193127000.0,7417000.0,560214000.0,584790750.0,27978000.0,226518000.0,178301000.0,48217000.0,267496000.0,52993000.0,214503000.0,1259635356.0,45653000.0,15666000.0,8740000.0,-853000.0,0.0,11171000.0,26224000.0,33363000.0,8258000.0,0.0,-164090000.0,-164090000.0,-164090000.0,29210000.0,0.0,-0.96,225096000.0,-128979000.0,7513000.0,0.0,3.256,-7.676,-7.313,92152000.0,0.0,117.0,7.367,7.307,36620000.0,-1046518000.0,170973000.0,170973000.0,109708000.0,-0.241,-0.406,-0.267,-0.914,0.0,52284000.0,1.0,10766114.0,10678150,10678150.0,16.011,461218000.0,0.0,410000.0,2365000.0,43.193,244955000.0
43,VTSS,MRT,2003-09-30,2003-09-30,2003-09-30,2019-05-22,2000.0,665744000.0,704355500.0,299053000.0,366691000.0,0.222,37.832,-19103000.0,48119000.0,48119000.0,73163000.0,-167189000.0,4.952,0.727,200754000.0,3175000.0,197579000.0,200754000.0,0.0,36628000.0,0.0,0.0,0.0,-159935000.0,-123307000.0,-0.789,-123307000.0,-159935000.0,-167129000.0,-16.4,-16.4,-16.4,385508000.0,426602750.0,385508000.0,1478756405.0,-9.0,-11.992,-18613000.0,-1.827,1.0,83208000.0,0.532,194785000.0,7194000.0,563205000.0,618001500.0,24851000.0,243556000.0,186455000.0,57101000.0,280236000.0,60389000.0,219847000.0,1330684405.0,-28850000.0,16125000.0,7596000.0,-51250000.0,0.0,-40370000.0,11030000.0,13567000.0,490000.0,0.0,-167189000.0,-167189000.0,-167189000.0,36010000.0,0.0,-1.069,226246000.0,-143038000.0,11553000.0,0.0,3.452,-7.959,-7.817,92541000.0,0.0,128.2,8.51,8.354,35171000.0,-1038568000.0,156371000.0,156371000.0,110145000.0,-0.237,-0.392,-0.259,-1.023,0.0,54020000.0,1.0,10379754.0,10190050,10190050.0,15.345,470959000.0,0.0,60000.0,1913000.0,46.218,238664000.0
44,VTSS,MRT,2003-06-30,2003-06-30,2003-06-30,2019-05-22,31000.0,660150000.0,744734250.0,298921000.0,361229000.0,0.2,37.119,-28207000.0,47073000.0,47073000.0,72799000.0,-127527000.0,4.941,0.746,195145000.0,0.0,195145000.0,195145000.0,0.0,36373000.0,0.0,0.0,0.0,-130726000.0,-94353000.0,-0.632,-94353000.0,-130726000.0,-138589000.0,-12.4,-12.4,-12.4,378060000.0,450902000.0,378060000.0,1152413755.0,-9.0,-12.214,-24570000.0,-2.412,1.0,76391000.0,0.512,178149000.0,7863000.0,569580000.0,651550500.0,23397000.0,233039000.0,175938000.0,57101000.0,282090000.0,60493000.0,221597000.0,1005195755.0,-110701000.0,-1475000.0,7023000.0,-189075000.0,0.0,-172418000.0,58080000.0,87762000.0,3637000.0,0.0,-127527000.0,-127527000.0,-127527000.0,49925000.0,0.0,-0.855,226938000.0,-150547000.0,16820000.0,0.0,2.659,-7.882,-7.887,95884000.0,0.0,97.8,6.738,6.677,36203000.0,-1002567000.0,149190000.0,149190000.0,114703000.0,-0.171,-0.283,-0.201,-0.876,0.0,56247000.0,1.0,10278075.0,10185200,10185200.0,14.648,482001000.0,0.0,-11062000.0,1077000.0,47.324,238428000.0
45,VTSS,MRT,2003-03-31,2003-03-31,2003-03-31,2019-05-22,48000.0,741980000.0,831675250.0,308054000.0,433926000.0,0.178,46.087,-28918000.0,49173000.0,49173000.0,88637000.0,-768438000.0,5.839,0.596,196391000.0,1020000.0,195371000.0,196391000.0,0.0,34676000.0,0.0,0.0,0.0,-639491000.0,-604815000.0,-4.077,-604815000.0,-639491000.0,-648705000.0,-77.2,-77.2,-77.2,464774000.0,473614000.0,464774000.0,600303338.0,-1.0,-0.993,-62176000.0,-6.165,1.0,59696000.0,0.402,190276000.0,9214000.0,646164000.0,761168000.0,32247000.0,241460000.0,184359000.0,57101000.0,277206000.0,52758000.0,224448000.0,437599338.0,-11797000.0,-1475000.0,6463000.0,-188606000.0,0.0,-172971000.0,194432000.0,224825000.0,-33258000.0,0.0,-768438000.0,-768438000.0,-768438000.0,36505000.0,0.0,-5.18,734640000.0,-674944000.0,13741000.0,0.0,0.942,-0.569,-0.554,147113000.0,0.0,42.8,2.95,2.91,34957000.0,-907574000.0,148333000.0,148333000.0,124028000.0,-0.924,-1.622,-0.84,-4.311,0.0,61951000.0,1.0,10224284.0,10084700,10084700.0,14.709,551704000.0,0.0,119733000.0,1077000.0,54.707,255296000.0
46,VTSS,MRT,2002-12-31,2002-12-31,2002-12-31,2019-05-22,149000.0,749548000.0,1074011250.0,319836000.0,429712000.0,0.142,47.747,-42466000.0,35140000.0,35140000.0,95117000.0,-787693000.0,7.658,0.568,197844000.0,960000.0,196884000.0,197844000.0,0.0,46343000.0,0.0,0.0,0.0,-656212000.0,-609869000.0,-4.005,-609869000.0,-656212000.0,-667960000.0,-79.2,-79.2,-79.2,478069000.0,656931000.0,478069000.0,595503725.0,-1.0,-0.976,-99661000.0,-9.954,1.0,57173000.0,0.375,177432000.0,11748000.0,693057000.0,952838250.0,29129000.0,274374000.0,212138000.0,62236000.0,271479000.0,41763000.0,229716000.0,441828725.0,-29983000.0,81000.0,7169000.0,-188851000.0,0.0,-172491000.0,199703000.0,242088000.0,-57195000.0,0.0,-787693000.0,-787693000.0,-787693000.0,30689000.0,0.0,-5.172,757893000.0,-700720000.0,5717000.0,0.0,0.924,-0.561,-0.551,147523000.0,0.0,43.6,2.901,2.867,34995000.0,-882428000.0,152290000.0,152290000.0,141754000.0,-0.733,-1.199,-0.689,-4.309,0.0,65272000.0,1.0,10133686.0,10012500,10012500.0,15.21,572116000.0,0.0,119733000.0,1123000.0,57.14,278073000.0
47,VTSS,MRT,2002-09-30,2002-09-30,2002-09-30,2019-05-22,252000.0,827259000.0,1325482500.0,409997000.0,417262000.0,0.114,48.609,-62163000.0,109968000.0,109968000.0,110155000.0,-883526000.0,3.481,0.714,263703000.0,68558000.0,195145000.0,263703000.0,0.0,60270000.0,0.0,0.0,0.0,-743404000.0,-683134000.0,-4.502,-683134000.0,-743404000.0,-757452000.0,-89.0,-89.0,-89.0,482705000.0,845086000.0,482705000.0,383205492.0,-1.0,-0.561,-138915000.0,-13.989,1.0,41583000.0,0.274,165802000.0,14048000.0,697401000.0,1140425500.0,25045000.0,290264000.0,200272000.0,89992000.0,344554000.0,117791000.0,226763000.0,136685492.0,51476000.0,81000.0,7436000.0,-203073000.0,0.0,-186384000.0,314612000.0,376694000.0,-76752000.0,0.0,-883526000.0,-883526000.0,-883526000.0,33815000.0,0.0,-5.823,829490000.0,-787907000.0,8502000.0,0.0,0.283,-0.155,-0.153,118737000.0,0.0,13.6,0.901,0.89,37153000.0,-871379000.0,151738000.0,151738000.0,147272000.0,-0.667,-1.045,-0.652,-4.899,0.0,68161000.0,1.0,10050404.0,9930400,9930400.0,15.28,661457000.0,0.0,126074000.0,1123000.0,66.609,292206000.0
48,VTSS,MRT,2002-06-30,2002-06-30,2002-06-30,2019-05-22,0.0,1007914000.0,1601863250.0,383563000.0,624351000.0,0.098,47.255,-60034000.0,208470000.0,208470000.0,117839000.0,-946372000.0,5.931,1.149,454990000.0,1271000.0,453719000.0,454990000.0,0.0,88304000.0,0.0,0.0,0.0,-796194000.0,-707890000.0,-4.507,-707890000.0,-796194000.0,-814893000.0,-95.6,-95.6,-95.6,468908000.0,1056661000.0,468908000.0,965604505.0,-1.0,-1.364,-169929000.0,-17.125,1.0,39224000.0,0.25,181711000.0,18699000.0,1008050000.0,1380607500.0,26870000.0,356363000.0,82993000.0,273370000.0,539006000.0,64673000.0,474333000.0,624539505.0,138422000.0,-1398000.0,8088000.0,-163683000.0,0.0,-155975000.0,404292000.0,465724000.0,-109895000.0,0.0,-946372000.0,-946372000.0,-946372000.0,11158000.0,0.0,-6.025,887406000.0,-848182000.0,16933000.0,0.0,1.332,-0.66,-0.651,116430000.0,0.0,62.2,3.976,3.93,47213000.0,-875040000.0,157063000.0,157063000.0,167685000.0,-0.591,-0.896,-0.577,-5.069,736000.0,80295000.0,1.0,10040828.0,9922950,9922950.0,15.828,826203000.0,0.0,131479000.0,0.0,83.262,318890000.0
49,VTSS,MRT,2002-03-31,2002-03-31,2002-03-31,2019-05-22,0.0,1711324000.0,1844372000.0,369812000.0,1341512000.0,0.097,120.988,-73494000.0,100121000.0,100121000.0,159741000.0,-280036000.0,7.135,0.428,441186000.0,1359000.0,439827000.0,441186000.0,0.0,115563000.0,0.0,0.0,0.0,-304825000.0,-189262000.0,-1.061,-189262000.0,-304825000.0,-328119000.0,-29.0,-29.0,-29.0,1198042000.0,1245458750.0,1198042000.0,2305352205.0,-8.0,-12.181,-192900000.0,-19.481,1.0,18579000.0,0.104,587713000.0,23294000.0,1412845000.0,1625794750.0,42538000.0,501830000.0,138784000.0,363046000.0,513282000.0,51831000.0,461451000.0,1962330205.0,-16986000.0,-1637000.0,10040000.0,-218055000.0,0.0,-207334000.0,309754000.0,384885000.0,-119406000.0,0.0,-280036000.0,-280036000.0,-280036000.0,3842000.0,0.0,-1.57,397231000.0,-378652000.0,19714000.0,0.0,1.638,-7.007,-6.759,202131000.0,0.0,196.0,11.005,10.884,49542000.0,-139136000.0,178320000.0,178320000.0,168348000.0,-0.152,-0.225,-0.187,-1.709,6961000.0,85011000.0,1.0,10011889.0,9902150,9902150.0,18.008,1123611000.0,145812000.0,-48083000.0,14582000.0,113.471,317981000.0
50,VTSS,MRT,2001-12-31,2001-12-31,2001-12-31,2019-05-22,0.0,1755433000.0,1917172500.0,309168000.0,1446265000.0,0.135,124.6,-106154000.0,100356000.0,100356000.0,183105000.0,-246859000.0,4.902,0.426,443378000.0,902000.0,442476000.0,443378000.0,0.0,127895000.0,0.0,0.0,0.0,-252766000.0,-124871000.0,-0.484,-124871000.0,-252766000.0,-280548000.0,-25.8,-25.8,-25.8,1230689000.0,1248742250.0,1230689000.0,2814745421.0,-11.0,-22.541,-193577000.0,-19.598,1.0,74883000.0,0.29,591977000.0,27782000.0,1443406000.0,1792303750.0,39198000.0,546881000.0,85463000.0,461418000.0,524744000.0,63072000.0,461672000.0,2367899421.0,-292129000.0,-11945000.0,27416000.0,-217937000.0,0.0,-186619000.0,-18087000.0,100012000.0,-87423000.0,0.0,-246859000.0,-246859000.0,-246859000.0,3842000.0,0.0,-0.957,410345000.0,-335462000.0,14788000.0,0.0,1.924,-9.592,-9.636,202478000.0,0.0,248.6,9.178,9.518,46639000.0,-94735000.0,257988000.0,257988000.0,162114000.0,-0.129,-0.198,-0.141,-0.98,47479000.0,86235000.0,1.0,9524937.0,9877150,9877150.0,26.12,1163456000.0,145812000.0,-33689000.0,12098000.0,117.793,246096000.0
51,VTSS,MRT,2001-09-30,2001-09-30,2001-09-30,2019-05-22,0.0,1932782000.0,1969420000.0,353705000.0,1579077000.0,0.195,143.017,-148236000.0,92847000.0,92847000.0,201536000.0,-111875000.0,2.799,0.454,539693000.0,70662000.0,469031000.0,539693000.0,0.0,136766000.0,0.0,0.0,0.0,-93842000.0,42924000.0,0.112,42924000.0,-93842000.0,-125605000.0,-12.0,-12.0,-12.0,1329005000.0,1230413000.0,1329005000.0,2049018227.0,-22.0,47.736,-154450000.0,-16.621,1.0,182369000.0,0.475,595123000.0,31763000.0,1658129000.0,1872109000.0,44833000.0,669774000.0,126938000.0,542836000.0,603777000.0,126376000.0,477401000.0,1476365227.0,-163836000.0,-12879000.0,31482000.0,-160042000.0,0.0,-123770000.0,-33852000.0,127263000.0,-6214000.0,0.0,-111875000.0,-111875000.0,-111875000.0,3842000.0,0.0,-0.291,352062000.0,-169693000.0,21463000.0,0.0,1.111,-13.197,-12.917,248332000.0,0.0,155.0,3.846,3.752,53730000.0,12147000.0,383905000.0,383905000.0,150748000.0,-0.057,-0.091,-0.05,-0.244,53199000.0,86429000.0,1.0,9524937.0,9292650,9292650.0,41.313,1337659000.0,145812000.0,-13730000.0,12172000.0,143.948,227329000.0
52,VTSS,MRT,2001-06-30,2001-06-30,2001-06-30,2019-05-22,0.0,1977949000.0,1961491000.0,662258000.0,1315691000.0,0.247,132.712,-166370000.0,83883000.0,83883000.0,224509000.0,-41101000.0,7.276,0.616,656536000.0,0.0,656536000.0,656536000.0,0.0,127670000.0,0.0,0.0,0.0,3455000.0,131125000.0,0.27,131125000.0,3455000.0,-29738000.0,-4.2,-4.6,-4.2,1224099000.0,1174512250.0,1224099000.0,4460436500.0,1291.0,34.017,-64228000.0,-6.963,1.0,260467000.0,0.537,470784000.0,33193000.0,1988799000.0,1919660000.0,43022000.0,822087000.0,370123000.0,451964000.0,753850000.0,91019000.0,662831000.0,3857610500.0,-238526000.0,-37136000.0,34388000.0,-61208000.0,0.0,-22031000.0,-318637000.0,-115131000.0,102142000.0,0.0,-41101000.0,-41101000.0,-41101000.0,0.0,0.0,-0.085,320368000.0,-59901000.0,33740000.0,0.0,3.151,-93.857,-100.19,239425000.0,0.0,420.8,7.954,8.003,113160000.0,71332000.0,484976000.0,484976000.0,137351000.0,-0.021,-0.035,0.002,0.007,66771000.0,74395000.0,1.0,9167326.0,9223700,9223700.0,52.579,1507165000.0,120526000.0,11363000.0,363000.0,163.401,571239000.0
53,VTSS,MRT,2001-03-31,2001-03-31,2001-03-31,2019-05-22,0.0,2002526000.0,1925747000.0,698268000.0,1304258000.0,0.28,132.987,-167563000.0,117505000.0,117505000.0,182204000.0,41751000.0,7.619,0.653,720331000.0,26331000.0,694000000.0,720331000.0,0.0,120242000.0,0.0,0.0,0.0,148668000.0,268910000.0,0.499,268910000.0,148668000.0,115063000.0,4.8,4.4,4.8,1211176000.0,1136289000.0,1211176000.0,4851623435.0,33.0,18.042,3125000.0,0.343,1.0,356724000.0,0.662,434817000.0,33605000.0,2078881000.0,1859923250.0,64422000.0,886715000.0,346848000.0,539867000.0,791350000.0,91654000.0,699696000.0,4524048435.0,74636000.0,-46214000.0,35070000.0,-9374000.0,0.0,30695000.0,-126747000.0,87030000.0,170688000.0,0.0,41751000.0,41751000.0,41751000.0,0.0,0.0,0.077,268491000.0,88233000.0,40797000.0,0.0,3.735,108.358,99.219,230786000.0,0.0,476.25,8.395,8.048,131796000.0,140900000.0,538928000.0,538928000.0,124066000.0,0.022,0.037,0.08,0.276,65495000.0,63729000.0,1.0,9499314.0,9107500,9107500.0,59.174,1567709000.0,69072000.0,73312000.0,0.0,172.134,606614000.0
54,VTSS,MRT,2000-12-31,2000-12-31,2000-12-31,2019-05-22,0.0,1964423000.0,1873383750.0,963339000.0,1001084000.0,0.276,128.288,-138645000.0,392883000.0,392883000.0,171311000.0,36101000.0,11.388,0.697,720458000.0,458000.0,720000000.0,720458000.0,0.0,95682000.0,0.0,0.0,0.0,126979000.0,222661000.0,0.43,222661000.0,126979000.0,100154000.0,4.0,3.6,4.0,1157372000.0,1091233750.0,1157372000.0,10456320086.0,82.0,46.961,38349000.0,4.251,1.0,346170000.0,0.669,444776000.0,26825000.0,1762627000.0,1835778000.0,50559000.0,660833000.0,357678000.0,303155000.0,807051000.0,84595000.0,722456000.0,9985587086.0,322597000.0,-34915000.0,26568000.0,714873000.0,0.0,727361000.0,-581758000.0,-408198000.0,176994000.0,0.0,36101000.0,36101000.0,36101000.0,0.0,0.0,0.07,271205000.0,74965000.0,17164000.0,0.0,8.628,276.601,276.563,193448000.0,0.0,1106.25,19.297,19.286,152988000.0,152124000.0,517481000.0,517481000.0,109287000.0,0.019,0.033,0.069,0.245,58322000.0,56795000.0,1.0,9026519.0,9021700,9654200.0,57.36,1519647000.0,45896000.0,64053000.0,11026000.0,168.444,878744000.0
55,VTSS,MRT,2000-09-30,2000-09-30,2000-09-30,2019-05-22,0.0,1901066000.0,1522350750.0,877142000.0,1023924000.0,0.29,125.509,-89967000.0,257081000.0,257081000.0,150803000.0,27889000.0,12.429,0.72,727814000.0,4227000.0,723587000.0,727814000.0,0.0,71385000.0,0.0,0.0,0.0,100224000.0,171609000.0,0.389,171609000.0,100224000.0,81678000.0,3.2,3.0,3.2,1105402000.0,934533750.0,1105402000.0,16379932378.0,163.0,95.449,62429000.0,7.088,1.0,290891000.0,0.659,452895000.0,18546000.0,1848333000.0,1508700250.0,43715000.0,797037000.0,442475000.0,354562000.0,795664000.0,70571000.0,725093000.0,15974802378.0,167140000.0,-33981000.0,28753000.0,720304000.0,0.0,734027000.0,-719283000.0,-595335000.0,152396000.0,0.0,27889000.0,27889000.0,27889000.0,0.0,0.0,0.063,230089000.0,60802000.0,21813000.0,0.0,14.452,572.799,555.859,141874000.0,0.0,1778.75,36.167,35.468,113172000.0,124022000.0,441694000.0,441694000.0,93853000.0,0.018,0.03,0.066,0.227,66183000.0,51087000.0,1.0,8980915.0,8807350,9491400.0,50.151,1448171000.0,57236000.0,53789000.0,8307000.0,164.428,806571000.0
56,VTSS,MRT,2000-06-30,2000-06-30,2000-06-30,2019-05-22,0.0,1834973000.0,1182851500.0,653870000.0,1181103000.0,0.325,119.616,-66272000.0,322409000.0,322409000.0,134604000.0,35671000.0,17.203,0.713,727539000.0,3287000.0,724252000.0,727539000.0,0.0,49673000.0,0.0,0.0,0.0,83087000.0,132760000.0,0.345,132760000.0,83087000.0,73246000.0,6.2,5.8,6.2,1071206000.0,783778500.0,1071206000.0,12792439253.0,154.0,96.358,38422000.0,4.29,1.0,249762000.0,0.65,452242000.0,9841000.0,1749852000.0,1147719500.0,37532000.0,720896000.0,134240000.0,586656000.0,763767000.0,38009000.0,725758000.0,12102575253.0,236150000.0,-8302000.0,26649000.0,718776000.0,0.0,731229000.0,-599773000.0,-525249000.0,104694000.0,0.0,35671000.0,35671000.0,35671000.0,0.0,0.0,0.093,192969000.0,56793000.0,10689000.0,0.0,11.298,339.283,237.298,118037000.0,0.0,1471.25,31.487,34.279,100535000.0,112433000.0,384366000.0,384366000.0,80692000.0,0.03,0.046,0.072,0.216,92777000.0,46426000.0,1.0,8226049.0,8955350,9628350.0,42.92,1382731000.0,57593000.0,37575000.0,0.0,154.403,615861000.0
57,VTSS,MRT,2000-03-31,2000-03-31,2000-03-31,2019-05-22,0.0,1793073000.0,843495750.0,836364000.0,956709000.0,0.407,118.153,-59249000.0,33359000.0,33359000.0,123200000.0,37422000.0,20.883,0.739,723223000.0,1852000.0,721371000.0,723223000.0,0.0,28868000.0,0.0,0.0,0.0,71103000.0,99971000.0,0.291,99971000.0,71103000.0,69469000.0,6.6,6.0,6.6,1030955000.0,627911000.0,1030955000.0,15089497060.0,212.0,150.939,14655000.0,1.68,1.0,220353000.0,0.641,460587000.0,1634000.0,1982300000.0,801084750.0,33509000.0,987685000.0,615916000.0,371769000.0,762118000.0,40050000.0,722068000.0,15151504060.0,-67051000.0,791000.0,43401000.0,722646000.0,0.0,750208000.0,-891163000.0,-832705000.0,73904000.0,0.0,37422000.0,37422000.0,37422000.0,0.0,0.0,0.109,162981000.0,57372000.0,8616000.0,0.0,14.697,404.882,291.667,100044000.0,0.0,1925.0,44.102,48.891,88294000.0,110116000.0,343553000.0,343553000.0,71832000.0,0.044,0.06,0.089,0.207,87828000.0,44095000.0,1.0,7870911.0,8725600,8725600.0,39.373,1332486000.0,55139000.0,32047000.0,5122000.0,152.71,796314000.0
58,VTSS,MRT,1999-12-31,1999-12-31,1999-12-31,2019-05-22,0.0,560291000.0,505228000.0,339502000.0,220789000.0,0.614,62.052,-48677000.0,62737000.0,62737000.0,113098000.0,69814000.0,11.424,0.056,730000.0,730000.0,0.0,730000.0,0.0,26228000.0,0.0,0.0,0.0,104620000.0,130848000.0,0.422,130848000.0,104620000.0,104594000.0,10.6,9.8,10.6,530572000.0,472856000.0,530572000.0,8154473473.0,78.0,62.32,35690000.0,4.174,1.0,197082000.0,0.635,14249000.0,26000.0,454316000.0,380669500.0,29402000.0,252635000.0,138540000.0,114095000.0,29719000.0,29719000.0,0.0,8233647473.0,-26606000.0,-200000.0,41188000.0,-1900000.0,0.0,39288000.0,-150261000.0,-101384000.0,84367000.0,0.0,69814000.0,69814000.0,69814000.0,0.0,0.0,0.225,103670000.0,93412000.0,11977000.0,0.0,15.518,117.937,98.939,85983000.0,0.0,1048.75,26.545,28.91,75621000.0,128728000.0,310180000.0,310180000.0,60720000.0,0.138,0.148,0.275,0.337,54483000.0,41870000.0,1.0,7850915.0,8550400,9222100.0,36.277,546042000.0,35094000.0,34780000.0,5441000.0,63.862,309783000.0
59,VTSS,MRT,1999-09-30,1999-09-30,1999-09-30,2019-05-22,0.0,543069000.0,464689250.0,334515000.0,208554000.0,0.606,61.042,-44518000.0,89941000.0,89941000.0,104815000.0,61151000.0,8.566,0.081,4943000.0,3307000.0,1636000.0,4943000.0,0.0,24564000.0,0.0,0.0,0.0,90443000.0,115007000.0,0.408,115007000.0,90443000.0,90443000.0,9.6,9.0,9.6,502381000.0,430056500.0,502381000.0,6479076602.0,72.0,56.336,34815000.0,4.23,1.0,176854000.0,0.628,14609000.0,0.0,404410000.0,333112000.0,26931000.0,215642000.0,110245000.0,105397000.0,40688000.0,39052000.0,1636000.0,6551263602.0,4778000.0,-13016000.0,37463000.0,10000.0,0.0,38307000.0,-112862000.0,-55328000.0,79333000.0,0.0,61151000.0,61151000.0,61151000.0,0.0,0.0,0.217,97400000.0,79454000.0,16387000.0,0.0,13.04,107.133,88.932,81849000.0,0.0,853.75,23.259,24.946,69080000.0,94669000.0,281669000.0,281669000.0,57323000.0,0.132,0.142,0.272,0.321,40902000.0,38867000.0,1.0,7673515.0,8230100,8915600.0,34.224,528460000.0,38914000.0,29292000.0,5517000.0,64.211,295463000.0
60,VTSS,MRT,1999-06-30,1999-06-30,1999-06-30,2019-05-22,0.0,477550000.0,424174000.0,320434000.0,157116000.0,0.615,53.8,-44194000.0,72216000.0,72216000.0,98515000.0,57429000.0,11.829,0.067,29000.0,29000.0,0.0,29000.0,0.0,23673000.0,0.0,0.0,0.0,78359000.0,102032000.0,0.391,102032000.0,78359000.0,78359000.0,7.2,6.4,7.2,447736000.0,392283500.0,447736000.0,5029260195.0,64.0,49.291,14917000.0,1.792,1.0,162555000.0,0.623,14961000.0,0.0,363313000.0,301070750.0,22715000.0,193780000.0,126773000.0,67007000.0,29814000.0,27089000.0,2725000.0,5126760195.0,17673000.0,-13040000.0,57061000.0,1918000.0,0.0,58979000.0,-100417000.0,-43133000.0,59111000.0,0.0,57429000.0,57429000.0,57429000.0,0.0,0.0,0.22,94999000.0,67556000.0,10833000.0,0.0,11.45,89.271,93.663,74934000.0,0.0,674.375,19.637,21.497,64992000.0,92301000.0,261070000.0,261070000.0,55816000.0,0.135,0.146,0.26,0.3,0.0,38823000.0,1.0,7602239.0,8322250,8949500.0,31.37,462589000.0,29769000.0,20930000.0,2595000.0,55.585,293345000.0
61,VTSS,MRT,1999-03-31,1999-03-31,1999-03-31,2019-05-22,0.0,440002000.0,390184750.0,286275000.0,153727000.0,0.599,54.073,-31061000.0,97569000.0,97569000.0,89340000.0,56321000.0,10.786,0.071,69000.0,69000.0,0.0,69000.0,0.0,20435000.0,0.0,0.0,0.0,73067000.0,93502000.0,0.4,93502000.0,73067000.0,73067000.0,7.3,6.6,7.3,410735000.0,358877500.0,410735000.0,3681851403.0,50.0,39.377,28965000.0,3.813,1.0,144561000.0,0.618,15321000.0,0.0,300639000.0,272715250.0,20493000.0,154980000.0,87870000.0,67110000.0,29267000.0,26542000.0,2725000.0,3764163403.0,13526000.0,-12816000.0,39734000.0,74000.0,0.0,40642000.0,-87142000.0,-43265000.0,60026000.0,0.0,56321000.0,56321000.0,56321000.0,0.0,0.0,0.241,81847000.0,62714000.0,13421000.0,0.0,9.164,66.834,69.349,65649000.0,0.0,506.25,16.093,16.44,48124000.0,72897000.0,233901000.0,233901000.0,48178000.0,0.144,0.157,0.268,0.312,0.0,33669000.0,1.0,7435385.0,7595900,8294000.0,30.793,424681000.0,27396000.0,16746000.0,0.0,55.909,259733000.0
62,VTSS,MRT,1998-12-31,1998-12-31,1998-12-31,2019-05-22,0.0,398136000.0,359758250.0,252995000.0,145141000.0,0.576,47.745,-36544000.0,82414000.0,82414000.0,80343000.0,52859000.0,7.021,0.108,102000.0,102000.0,0.0,102000.0,0.0,18222000.0,0.0,0.0,0.0,64751000.0,82973000.0,0.4,82973000.0,64751000.0,64751000.0,7.0,6.3,7.0,359374000.0,328744250.0,359374000.0,3270337846.0,51.0,39.414,12827000.0,1.704,1.0,126833000.0,0.612,15706000.0,0.0,264086000.0,247119000.0,17993000.0,151251000.0,82780000.0,68471000.0,38762000.0,36032000.0,2730000.0,3340876846.0,-48337000.0,-12816000.0,31724000.0,452000.0,0.0,33010000.0,-130718000.0,-81358000.0,49371000.0,0.0,52859000.0,52859000.0,52859000.0,0.0,0.0,0.255,71848000.0,54985000.0,12789000.0,0.0,9.296,63.204,65.179,60964000.0,0.0,456.25,16.126,16.576,45507000.0,55885000.0,207176000.0,207176000.0,42430000.0,0.147,0.161,0.262,0.313,0.0,29418000.0,1.0,7322470.0,7527000,8222200.0,27.524,382430000.0,20982000.0,11892000.0,10972000.0,50.808,216963000.0
63,VTSS,MRT,1998-09-30,1998-09-30,1998-09-30,2019-05-22,0.0,381008000.0,336937250.0,254043000.0,126965000.0,0.538,45.701,-31990000.0,76963000.0,76963000.0,71312000.0,48634000.0,8.755,0.085,1218000.0,517000.0,701000.0,1218000.0,0.0,16044000.0,0.0,0.0,0.0,56560000.0,72604000.0,0.401,72604000.0,56560000.0,56560000.0,6.4,5.8,6.4,351289000.0,307846000.0,351289000.0,1665679490.0,29.0,22.942,9497000.0,1.236,1.0,109857000.0,0.606,0.0,0.0,276245000.0,214868500.0,17208000.0,160314000.0,91610000.0,68704000.0,29719000.0,29018000.0,701000.0,1729933490.0,-16346000.0,0.0,29077000.0,359000.0,0.0,29436000.0,-87269000.0,-55279000.0,41487000.0,0.0,48634000.0,48634000.0,48634000.0,0.0,0.0,0.268,62865000.0,46992000.0,14256000.0,0.0,4.925,35.57,36.914,57949000.0,0.0,236.25,9.549,10.024,40104000.0,34378000.0,181169000.0,181169000.0,37033000.0,0.144,0.158,0.263,0.312,0.0,25832000.0,1.0,7322470.0,7686750,8342350.0,23.569,381008000.0,24981000.0,7926000.0,4199000.0,49.567,225025000.0
64,VTSS,MRT,1998-06-30,1998-06-30,1998-06-30,2019-05-22,0.0,341593000.0,314755250.0,220410000.0,121183000.0,0.484,43.041,-37542000.0,64435000.0,64435000.0,61321000.0,43139000.0,8.03,0.087,181000.0,148000.0,33000.0,181000.0,0.0,11979000.0,0.0,0.0,0.0,53344000.0,65323000.0,0.429,65323000.0,53344000.0,53344000.0,5.8,5.4,5.8,314112000.0,286299250.0,314112000.0,2150328448.0,40.0,32.918,11925000.0,1.634,1.0,91112000.0,0.598,0.0,0.0,249891000.0,187844000.0,14983000.0,151521000.0,85785000.0,65736000.0,27481000.0,27448000.0,33000.0,2242347448.0,-61348000.0,0.0,14409000.0,-738000.0,0.0,13671000.0,-124486000.0,-86944000.0,49467000.0,0.0,43139000.0,43139000.0,43139000.0,0.0,0.0,0.283,47195000.0,43917000.0,15003000.0,0.0,7.139,51.98,53.233,55227000.0,0.0,308.75,14.71,14.782,34725000.0,23936000.0,152433000.0,152433000.0,26679000.0,0.137,0.151,0.284,0.35,0.0,20516000.0,1.0,7262664.0,7297900,7934800.0,20.887,341593000.0,17700000.0,10205000.0,0.0,46.807,192962000.0
65,VTSS,MRT,1998-03-31,1998-03-31,1998-03-31,2019-05-22,0.0,318296000.0,,203639000.0,114657000.0,,40.108,-43082000.0,92243000.0,92243000.0,55028000.0,38167000.0,7.267,0.097,224000.0,153000.0,71000.0,224000.0,0.0,10373000.0,0.0,0.0,0.0,45897000.0,56270000.0,0.42,56270000.0,45897000.0,45897000.0,5.2,4.8,5.2,290202000.0,,290202000.0,1555562521.0,34.0,27.645,8077000.0,1.116,1.0,78904000.0,0.589,0.0,0.0,198254000.0,,13490000.0,110722000.0,52053000.0,58669000.0,28094000.0,28023000.0,71000.0,1696368521.0,-17971000.0,0.0,13905000.0,-902000.0,0.0,13003000.0,-82133000.0,-39051000.0,51159000.0,0.0,38167000.0,38167000.0,38167000.0,0.0,0.0,0.285,42296000.0,36608000.0,14882000.0,0.0,5.845,44.446,45.313,55366000.0,0.0,235.625,12.666,12.73,28779000.0,10009000.0,133932000.0,133932000.0,23731000.0,,,,0.343,0.0,18565000.0,1.0,7199442.0,7235600,7877700.0,18.51,318296000.0,14800000.0,7730000.0,0.0,43.99,175616000.0
66,VTSS,MRT,1997-12-31,1997-12-31,1997-12-31,2019-05-22,0.0,306852000.0,,204399000.0,102453000.0,,38.353,-32608000.0,141078000.0,141078000.0,49849000.0,33893000.0,6.602,0.113,272000.0,163000.0,109000.0,272000.0,0.0,8521000.0,0.0,0.0,0.0,39591000.0,48112000.0,0.407,48112000.0,39591000.0,39472000.0,4.6,4.3,4.6,275781000.0,,275781000.0,,,,24469000.0,3.403,1.0,68433000.0,0.579,0.0,119000.0,135084000.0,,12591000.0,68900000.0,10231000.0,58669000.0,31071000.0,30962000.0,109000.0,1358894678.0,34882000.0,0.0,13754000.0,-1088000.0,0.0,12666000.0,-34861000.0,-2253000.0,57077000.0,0.0,33893000.0,33893000.0,33893000.0,0.0,0.0,0.287,38172000.0,30261000.0,20802000.0,0.0,4.927,40.094,41.033,43603000.0,0.0,188.75,11.489,11.474,23768000.0,-2047000.0,118282000.0,118282000.0,21183000.0,,,,0.335,0.0,16989000.0,1.0,7199442.0,7190543,7811605.0,16.45,306852000.0,14800000.0,5579000.0,0.0,42.674,173437000.0
67,VTSS,MRT,1997-09-30,1997-09-30,1997-09-30,2019-05-22,0.0,292280000.0,,204646000.0,87634000.0,,38.349,-31714000.0,97358000.0,97358000.0,45513000.0,29517000.0,7.53,0.103,403000.0,403000.0,0.0,403000.0,0.0,7122000.0,0.0,0.0,0.0,33169000.0,40291000.0,0.382,40291000.0,33169000.0,33169000.0,4.2,3.8,4.2,265102000.0,,265102000.0,,,,20380000.0,2.948,1.0,59900000.0,0.568,0.0,0.0,168147000.0,,11809000.0,104042000.0,58486000.0,45556000.0,27178000.0,27178000.0,0.0,,46940000.0,0.0,131836000.0,-1234000.0,0.0,130602000.0,-135756000.0,-104042000.0,52094000.0,0.0,29517000.0,29517000.0,29517000.0,0.0,0.0,0.28,34767000.0,25133000.0,19758000.0,0.0,,,59.003,41684000.0,0.0,247.813,,16.251,21072000.0,-12426000.0,105413000.0,105413000.0,19108000.0,,,,0.315,0.0,15659000.0,1.0,,6912800,7644400.0,15.249,292280000.0,14800000.0,3652000.0,0.0,42.281,177468000.0
68,VTSS,MRT,1997-06-30,1997-06-30,1997-06-30,2019-05-22,,,,,,,,,,,,,,,,,,,,,,0.0,0.0,,,,,,,,,,,,,,,,,,1.0,,,,,,,,,,,,,,,,,,,,,,,,,,,,,,,,,,,,,,,,163.438,,,,,,,,,,,,,,1.0,,7029181,,,,,,,,
69,VTSS,MRT,1997-03-31,1997-03-31,1997-03-31,2019-05-22,,,,,,,,,,,,,,,,,,,,,,0.0,0.0,,,,,,,,,,,,,,,,,,1.0,,,,,,,,,,,,,,,,,,,,,,,,,,,,,,,,,,,,,,,,138.125,,,,,,,,,,,,,,1.0,,6938646,,,,,,,,
70,VTSS,MRT,1996-12-31,1996-12-31,1996-12-31,2019-05-22,,,,,,,,,,,,,,,,,,,,,,0.0,0.0,,,,,,,,,,,,,,,,,,1.0,,,,,,,,,,,,,,,,,,,,,,,,,,,,,,,,,,,,,,,,151.667,,,,,,,,,,,,,,1.0,,6350628,,,,,,,,
71,VTSS,MRT,1996-09-30,1996-09-30,1996-09-30,2019-05-22,,,,,,,,-11003000.0,,,31792000.0,12645000.0,,,,,,,,4973000.0,,0.0,0.0,14050000.0,19023000.0,0.288,19023000.0,14050000.0,14050000.0,2.4,2.1,2.4,,,,,,,5733000.0,1.099,1.0,34254000.0,0.519,,0.0,,,,,,,,,,,46121000.0,0.0,50725000.0,-10337000.0,0.0,40388000.0,-11003000.0,0.0,16736000.0,0.0,12645000.0,12645000.0,12645000.0,0.0,0.0,0.191,20822000.0,13432000.0,,0.0,,,53.646,,0.0,128.75,,10.166,,,66046000.0,66046000.0,11045000.0,,,,0.213,0.0,9777000.0,,,5215100,5961300.0,12.664,,,1405000.0,,,
