None,ticker,dimension,calendardate,datekey,reportperiod,lastupdated,accoci,assets,assetsavg,assetsc,assetsnc,assetturnover,bvps,capex,cashneq,cashnequsd,cor,consolinc,currentratio,de,debt,debtc,debtnc,debtusd,deferredrev,depamor,deposits,divyield,dps,ebit,ebitda,ebitdamargin,ebitdausd,ebitusd,ebt,eps,epsdil,epsusd,equity,equityavg,equityusd,ev,evebit,evebitda,fcf,fcfps,fxusd,gp,grossmargin,intangibles,intexp,invcap,invcapavg,inventory,investments,investmentsc,investmentsnc,liabilities,liabilitiesc,liabilitiesnc,marketcap,ncf,ncfbus,ncfcommon,ncfdebt,ncfdiv,ncff,ncfi,ncfinv,ncfo,ncfx,netinc,netinccmn,netinccmnusd,netincdis,netincnci,netmargin,opex,opinc,payables,payoutratio,pb,pe,pe1,ppnenet,prefdivis,price,ps,ps1,receivables,retearn,revenue,revenueusd,rnd,roa,roe,roic,ros,sbcomp,sgna,sharefactor,sharesbas,shareswa,shareswadil,sps,tangibles,taxassets,taxexp,taxliabilities,tbvps,workingcapital
0,CIEN,MRY,2020-12-31,2020-10-31,2020-10-31,2021-09-08,-35358000.0,4180917000.0,3980938500.0,2611159000.0,1569758000.0,0.887,16.266,-82667000.0,1088624000.0,1088624000.0,1879266000.0,361291000.0,3.433,0.666,763736000.0,25965000.0,737771000.0,763736000.0,158363000.0,132527000.0,0.0,0.0,0.0,487282000.0,619809000.0,0.175,619809000.0,487282000.0,455961000.0,2.34,2.32,2.34,2509597000.0,2343172500.0,2509597000.0,5741241956.0,12.0,9.263,410987000.0,2.664,1.0,1652891000.0,0.468,407494000.0,31321000.0,2687834000.0,2609399250.0,344379000.0,232893000.0,150667000.0,82226000.0,1671320000.0,760701000.0,910619000.0,6078646956.0,184547000.0,-28300000.0,-78939000.0,-8283000.0,0.0,-87222000.0,-220242000.0,-109275000.0,493654000.0,-1643000.0,361291000.0,361291000.0,361291000.0,0.0,0.0,0.102,1165927000.0,486964000.0,291904000.0,0.0,2.422,16.825,16.833,329403000.0,0.0,39.39,1.721,1.721,719405000.0,-4283122000.0,3532157000.0,3532157000.0,529888000.0,0.091,0.154,0.187,0.138,67758000.0,585973000.0,1.0,154319547.0,154287000.0,155955000.0,22.893,3773423000.0,647805000.0,94670000.0,0.0,24.457,1850458000.0
1,CIEN,MRY,2019-12-31,2019-10-31,2019-10-31,2021-09-08,-22084000.0,3893346000.0,3743484500.0,2381802000.0,1511544000.0,0.954,13.953,-62579000.0,904045000.0,904045000.0,2030065000.0,253434000.0,2.816,0.792,687406000.0,7000000.0,680406000.0,687406000.0,156873000.0,122712000.0,0.0,0.0,0.0,350642000.0,473354000.0,0.133,473354000.0,350642000.0,313190000.0,1.63,1.61,1.63,2172761000.0,2102412250.0,2172761000.0,5708012352.0,16.0,12.059,350561000.0,2.251,1.0,1542066000.0,0.432,410718000.0,37452000.0,2420049000.0,2483939250.0,345049000.0,119954000.0,109940000.0,10014000.0,1720585000.0,845940000.0,874645000.0,5742323352.0,158727000.0,0.0,-156188000.0,-122778000.0,0.0,-278966000.0,24077000.0,86656000.0,413140000.0,476000.0,253434000.0,253434000.0,253434000.0,0.0,0.0,0.071,1195300000.0,346766000.0,344819000.0,0.0,2.643,22.658,22.773,286884000.0,0.0,37.12,1.608,1.618,724854000.0,-4644413000.0,3572131000.0,3572131000.0,548139000.0,0.068,0.121,0.141,0.098,59736000.0,597445000.0,1.0,154696211.0,155720000.0,157612000.0,22.939,3482628000.0,714942000.0,59756000.0,0.0,22.365,1535862000.0
2,CIEN,MRY,2018-12-31,2018-10-31,2018-10-31,2021-09-08,-5780000.0,3756523000.0,3588789000.0,2142602000.0,1613921000.0,0.862,13.423,-67616000.0,745423000.0,745423000.0,1779596000.0,-344690000.0,2.225,0.947,857662000.0,171212000.0,686450000.0,857662000.0,169457000.0,110020000.0,0.0,0.0,0.0,204030000.0,314050000.0,0.101,314050000.0,204030000.0,148781000.0,-2.4,-2.49,-2.4,1929334000.0,1802136750.0,1929334000.0,4671675044.0,23.0,14.876,161645000.0,1.125,1.0,1314690000.0,0.425,446193000.0,55249000.0,2459566000.0,2434368750.0,262751000.0,207951000.0,148981000.0,58970000.0,1827189000.0,963003000.0,864186000.0,4457715044.0,104793000.0,-82670000.0,-92611000.0,-6618000.0,0.0,-99229000.0,-19383000.0,130903000.0,229261000.0,-5856000.0,-344690000.0,-344690000.0,-344690000.0,0.0,0.0,-0.111,1084744000.0,229946000.0,340582000.0,0.0,2.31,-12.933,-13.025,292067000.0,0.0,31.26,1.441,1.452,786502000.0,-4947652000.0,3094286000.0,3094286000.0,491564000.0,-0.096,-0.191,0.084,0.066,52972000.0,554193000.0,1.0,142601249.0,143738000.0,143738000.0,21.527,3310330000.0,745039000.0,493471000.0,0.0,23.03,1179599000.0
3,CIEN,MRY,2017-12-31,2017-10-31,2017-10-31,2021-09-08,-11017000.0,3951711000.0,3081392000.0,2006311000.0,1945400000.0,0.909,15.045,-94600000.0,640513000.0,640513000.0,1555901000.0,1261953000.0,1.933,0.85,935981000.0,352293000.0,583688000.0,935981000.0,185007000.0,122902000.0,0.0,0.0,0.0,211978000.0,334880000.0,0.12,334880000.0,211978000.0,156126000.0,8.89,7.53,8.89,2136342000.0,1181522500.0,2136342000.0,3410742609.0,16.0,10.185,140282000.0,0.988,1.0,1245786000.0,0.445,368455000.0,55852000.0,2840981000.0,2285147250.0,267143000.0,328916000.0,279133000.0,49783000.0,1815369000.0,1037743000.0,777626000.0,3034980609.0,-137048000.0,0.0,20412000.0,-237838000.0,0.0,-311051000.0,-61373000.0,33227000.0,234882000.0,494000.0,1261953000.0,1261953000.0,1261953000.0,0.0,0.0,0.45,1031064000.0,214722000.0,260098000.0,0.0,1.421,2.405,2.393,308465000.0,0.0,21.27,1.083,1.078,622183000.0,-4664253000.0,2801687000.0,2801687000.0,475329000.0,0.41,1.068,0.093,0.076,48360000.0,498773000.0,1.0,142688322.0,141997000.0,169919000.0,19.731,3583256000.0,1155104000.0,-1105827000.0,0.0,25.235,968568000.0
4,CIEN,MRY,2016-12-31,2016-10-31,2016-10-31,2021-09-08,-24329000.0,2873575000.0,2872032750.0,2013192000.0,860383000.0,0.905,5.541,-107185000.0,777615000.0,777615000.0,1438997000.0,72584000.0,2.258,2.75,1253682000.0,236241000.0,1017441000.0,1253682000.0,182863000.0,141692000.0,0.0,0.0,0.0,143374000.0,285066000.0,0.11,285066000.0,143374000.0,86718000.0,0.52,0.51,0.52,766341000.0,695984750.0,766341000.0,3326665627.0,23.0,11.67,182335000.0,1.318,1.0,1161576000.0,0.447,413685000.0,56656000.0,2044412000.0,2215445250.0,211251000.0,365420000.0,275248000.0,90172000.0,2107234000.0,891545000.0,1215689000.0,2700434627.0,-13356000.0,-32000000.0,23091000.0,-27319000.0,0.0,-4228000.0,-296259000.0,-157085000.0,289520000.0,-2389000.0,72584000.0,72584000.0,72584000.0,0.0,0.0,0.028,1005407000.0,156169000.0,235942000.0,0.0,3.524,37.204,37.269,288406000.0,0.0,19.38,1.038,1.031,576235000.0,-5926206000.0,2600573000.0,2600573000.0,451794000.0,0.025,0.104,0.065,0.055,51993000.0,482559000.0,1.0,139341312.0,138312000.0,150704000.0,18.802,2459890000.0,1116000.0,14134000.0,0.0,17.785,1121647000.0
5,CIEN,MRY,2015-12-31,2015-10-31,2015-10-31,2021-09-08,-22126000.0,2695051000.0,2251616250.0,1864210000.0,830841000.0,1.086,5.243,-62109000.0,790971000.0,790971000.0,1370106000.0,11667000.0,2.795,3.341,1274139000.0,2500000.0,1271639000.0,1274139000.0,189073000.0,135767000.0,0.0,0.0,0.0,74943000.0,210710000.0,0.086,210710000.0,74943000.0,23764000.0,0.1,0.1,0.1,620876000.0,212204500.0,620876000.0,3835131657.0,51.0,18.201,200003000.0,1.689,1.0,1075563000.0,0.44,459107000.0,51179000.0,2052078000.0,2063009250.0,191162000.0,230212000.0,135107000.0,95105000.0,2074175000.0,667034000.0,1407141000.0,3252961657.0,204251000.0,37212000.0,30275000.0,-37905000.0,0.0,-8051000.0,-43127000.0,-18190000.0,262112000.0,-6683000.0,11667000.0,11667000.0,11667000.0,0.0,0.0,0.005,975115000.0,100448000.0,222140000.0,0.0,5.239,278.817,241.4,191973000.0,0.0,24.14,1.33,1.169,550792000.0,-5998790000.0,2445669000.0,2445669000.0,414201000.0,0.005,0.055,0.036,0.031,55340000.0,457238000.0,1.0,134754004.0,118416000.0,120101000.0,20.653,2235944000.0,0.0,12097000.0,0.0,18.882,1197176000.0
6,CIEN,MRY,2014-12-31,2014-10-31,2014-10-31,2021-09-08,-14668000.0,2072632000.0,1942282000.0,1693190000.0,379442000.0,1.178,-0.658,-48216000.0,586720000.0,586720000.0,1339937000.0,-40637000.0,2.168,-30.773,1464854000.0,190063000.0,1274791000.0,1464854000.0,145618000.0,112767000.0,0.0,0.0,0.0,20442000.0,133209000.0,0.058,133209000.0,20442000.0,-26673000.0,-0.38,-0.38,-0.38,-69615000.0,-70617500.0,-69615000.0,2717384233.0,133.0,20.399,41600000.0,0.393,1.0,948352000.0,0.414,128677000.0,47115000.0,2040953000.0,1939930000.0,254660000.0,190262000.0,140205000.0,50057000.0,2142247000.0,781136000.0,1361111000.0,1786047233.0,240233000.0,0.0,17663000.0,245091000.0,0.0,258527000.0,-106393000.0,-60237000.0,89816000.0,-1717000.0,-40637000.0,-40637000.0,-40637000.0,0.0,0.0,-0.018,902648000.0,45704000.0,209777000.0,0.0,-25.656,-43.951,-44.105,126632000.0,0.0,16.76,0.781,0.775,518981000.0,-6010457000.0,2288289000.0,2288289000.0,401180000.0,-0.021,0.575,0.011,0.009,42930000.0,455149000.0,1.0,106566064.0,105783000.0,105783000.0,21.632,1943955000.0,0.0,13964000.0,0.0,18.377,912054000.0
7,CIEN,MRY,2013-12-31,2013-10-31,2013-10-31,2021-09-08,-7774000.0,1802770000.0,1777160250.0,1395802000.0,406968000.0,1.172,-0.808,-43814000.0,346487000.0,346487000.0,1217371000.0,-85431000.0,2.269,-22.805,1212019000.0,0.0,1212019000.0,1212019000.0,112170000.0,127007000.0,0.0,0.0,0.0,-36149000.0,90858000.0,0.044,90858000.0,-36149000.0,-80191000.0,-0.83,-0.83,-0.83,-82677000.0,-85604250.0,-82677000.0,3232844853.0,-89.0,35.581,864000.0,0.008,1.0,865175000.0,0.415,185828000.0,44042000.0,1867419000.0,1828137250.0,249103000.0,140010000.0,124979000.0,15031000.0,1885447000.0,615055000.0,1270392000.0,2400116853.0,-295957000.0,0.0,15898000.0,-219545000.0,0.0,-207339000.0,-130861000.0,-89385000.0,44678000.0,-2435000.0,-85431000.0,-85431000.0,-85431000.0,0.0,0.0,-0.041,866950000.0,-1775000.0,254849000.0,0.0,-29.03,-28.094,-28.036,119729000.0,0.0,23.27,1.152,1.144,488578000.0,-5969820000.0,2082546000.0,2082546000.0,383408000.0,-0.048,0.998,-0.02,-0.017,37720000.0,426602000.0,1.0,103142108.0,102350000.0,102350000.0,20.347,1616942000.0,0.0,5240000.0,0.0,15.798,780747000.0
8,CIEN,MRY,2012-12-31,2012-10-31,2012-10-31,2021-09-08,-3354000.0,1881143000.0,1910825000.0,1415690000.0,465453000.0,0.96,-0.896,-48098000.0,642444000.0,642444000.0,1109699000.0,-144021000.0,2.067,-22.143,1442016000.0,216210000.0,1225806000.0,1442016000.0,107076000.0,133596000.0,0.0,0.0,0.0,-95046000.0,38550000.0,0.021,38550000.0,-95046000.0,-134699000.0,-1.45,-1.45,-1.45,-88972000.0,-52850750.0,-88972000.0,2069386939.0,-22.0,53.681,58991000.0,0.594,1.0,724224000.0,0.395,257137000.0,39653000.0,1738608000.0,1887578000.0,260098000.0,50057000.0,50057000.0,0.0,1970115000.0,684970000.0,1285145000.0,1244510939.0,100548000.0,0.0,12167000.0,-1895000.0,0.0,7940000.0,-11977000.0,524000.0,107089000.0,-2504000.0,-144021000.0,-144021000.0,-144021000.0,0.0,0.0,-0.079,804070000.0,-79846000.0,179704000.0,0.0,-13.988,-8.641,-8.566,123580000.0,0.0,12.42,0.679,0.673,345496000.0,-5884389000.0,1833923000.0,1833923000.0,364179000.0,-0.075,2.725,-0.05,-0.052,32394000.0,380340000.0,1.0,100202169.0,99341000.0,99341000.0,18.461,1624006000.0,0.0,9322000.0,0.0,16.348,730720000.0
9,CIEN,MRY,2011-12-31,2011-10-31,2011-10-31,2021-09-08,31000.0,1951418000.0,1986094750.0,1332838000.0,618580000.0,0.877,0.145,-52367000.0,541896000.0,541896000.0,1032824000.0,-195521000.0,2.939,139.663,1442364000.0,0.0,1442364000.0,1442364000.0,123798000.0,156081000.0,0.0,0.0,0.0,-149922000.0,6159000.0,0.004,6159000.0,-149922000.0,-187848000.0,-2.04,-2.04,-2.04,13873000.0,46819000.0,13873000.0,2233049082.0,-15.0,362.567,-142852000.0,-1.49,1.0,709146000.0,0.407,331635000.0,37926000.0,2066758000.0,2074918750.0,230076000.0,50264000.0,0.0,50264000.0,1937545000.0,453493000.0,1484052000.0,1276932082.0,-146791000.0,16394000.0,13202000.0,0.0,0.0,13202000.0,-68570000.0,-43348000.0,-90485000.0,-938000.0,-195521000.0,-195521000.0,-195521000.0,0.0,0.0,-0.112,875628000.0,-166482000.0,157116000.0,0.0,92.044,-6.531,-6.461,122558000.0,0.0,13.18,0.733,0.725,417509000.0,-5740368000.0,1741970000.0,1741970000.0,379862000.0,-0.098,-4.176,-0.072,-0.086,37930000.0,378232000.0,1.0,96884073.0,95854000.0,95854000.0,18.173,1619783000.0,0.0,7673000.0,0.0,16.898,879345000.0
10,CIEN,MRY,2010-12-31,2010-10-31,2010-10-31,2021-09-08,1062000.0,2118093000.0,1829408000.0,1441568000.0,676525000.0,0.676,1.711,-51207000.0,688687000.0,688687000.0,739135000.0,-333514000.0,3.068,12.297,1442705000.0,0.0,1442705000.0,1442705000.0,105049000.0,169807000.0,0.0,0.0,0.0,-312954000.0,-143147000.0,-0.116,-143147000.0,-312954000.0,-331573000.0,-3.58,-3.58,-3.58,159293000.0,281693000.0,159293000.0,1996570842.0,-6.0,-13.948,-280217000.0,-3.01,1.0,497501000.0,0.402,426412000.0,18619000.0,1975754000.0,1660651500.0,261619000.0,0.0,0.0,0.0,1958800000.0,469945000.0,1488855000.0,1292227842.0,202982000.0,-693247000.0,1570000.0,628634000.0,0.0,630204000.0,-198894000.0,570081000.0,-229010000.0,682000.0,-333514000.0,-333514000.0,-333514000.0,0.0,0.0,-0.27,833127000.0,-335626000.0,200617000.0,0.0,8.112,-3.875,-3.858,120294000.0,0.0,13.81,1.045,1.04,343582000.0,-5544847000.0,1236636000.0,1236636000.0,327626000.0,-0.182,-1.184,-0.188,-0.253,35560000.0,296207000.0,1.0,93571893.0,93103000.0,93103000.0,13.282,1691681000.0,0.0,1941000.0,0.0,18.17,971623000.0
11,CIEN,MRY,2009-12-31,2009-10-31,2009-10-31,2021-09-08,1223000.0,1504383000.0,1631813000.0,1305762000.0,198621000.0,0.4,5.0,-24114000.0,485705000.0,485705000.0,367799000.0,-581154000.0,6.567,2.3,798000000.0,0.0,798000000.0,798000000.0,75933000.0,53362000.0,0.0,0.0,0.0,-575072000.0,-521710000.0,-0.799,-521710000.0,-575072000.0,-582478000.0,-6.37,-6.37,-6.37,455838000.0,600586000.0,455838000.0,1415965316.0,-2.0,-2.714,-16693000.0,-0.183,1.0,284830000.0,0.436,60820000.0,7406000.0,1557029000.0,1544841500.0,88086000.0,571214000.0,563183000.0,8031000.0,1048545000.0,198829000.0,849716000.0,1073697316.0,-64964000.0,0.0,1107000.0,0.0,0.0,1107000.0,-74192000.0,-45962000.0,7421000.0,700000.0,-581154000.0,-581154000.0,-581154000.0,0.0,0.0,-0.89,864061000.0,-579231000.0,53104000.0,0.0,2.355,-1.848,-1.841,61868000.0,0.0,11.73,1.645,1.639,118251000.0,-5211333000.0,652629000.0,652629000.0,190319000.0,-0.356,-0.968,-0.372,-0.881,34438000.0,182036000.0,1.0,91534298.0,91167000.0,91167000.0,7.159,1443563000.0,0.0,-1324000.0,0.0,15.834,1106933000.0
12,CIEN,MRY,2008-12-31,2008-10-31,2008-10-31,2021-09-08,-1275000.0,2024594000.0,2013870000.0,1184786000.0,839808000.0,0.448,11.206,-29998000.0,550669000.0,550669000.0,451521000.0,38894000.0,6.606,1.027,798000000.0,0.0,798000000.0,798000000.0,74427000.0,56555000.0,0.0,0.0,0.0,54466000.0,111021000.0,0.123,111021000.0,54466000.0,41539000.0,0.44,0.42,0.44,998949000.0,975958500.0,998949000.0,794829897.0,15.0,7.159,87621000.0,0.983,1.0,450927000.0,0.5,547922000.0,12927000.0,1544664000.0,1303017250.0,93452000.0,522507000.0,366336000.0,156171000.0,1025645000.0,179339000.0,846306000.0,867932897.0,-341392000.0,-210016000.0,5776000.0,-555659000.0,0.0,-549565000.0,91248000.0,329922000.0,117619000.0,-694000.0,38894000.0,38894000.0,38894000.0,0.0,0.0,0.043,429054000.0,21873000.0,44761000.0,0.0,0.869,22.315,21.841,59967000.0,0.0,9.61,0.962,0.949,138441000.0,-4630179000.0,902448000.0,902448000.0,175023000.0,0.019,0.04,0.042,0.06,31428000.0,220657000.0,1.0,90315598.0,89146000.0,110605000.0,10.123,1476672000.0,0.0,2645000.0,0.0,16.565,1005447000.0
13,CIEN,MRY,2007-12-31,2007-10-31,2007-10-31,2021-09-08,-1243000.0,2416273000.0,2153666000.0,1968759000.0,447514000.0,0.362,9.94,-32105000.0,892061000.0,892061000.0,417500000.0,82788000.0,2.695,1.842,1342262000.0,542262000.0,800000000.0,1342262000.0,63640000.0,42053000.0,0.0,0.0,0.0,112728000.0,154781000.0,0.198,154781000.0,112728000.0,85732000.0,0.97,0.87,0.97,850154000.0,801897250.0,850154000.0,4732233209.0,42.0,30.574,76637000.0,0.896,1.0,362269000.0,0.465,299159000.0,26996000.0,1836923000.0,1725313750.0,102618000.0,856131000.0,822185000.0,33946000.0,1566119000.0,730392000.0,835727000.0,4114242209.0,671897000.0,0.0,36835000.0,488250000.0,0.0,482585000.0,80130000.0,125512000.0,108742000.0,440000.0,82788000.0,82788000.0,82788000.0,0.0,0.0,0.106,313603000.0,48666000.0,55389000.0,0.0,4.839,49.696,49.34,46671000.0,0.0,47.86,5.276,5.249,104078000.0,-4669212000.0,779769000.0,779769000.0,127296000.0,0.038,0.103,0.065,0.145,19572000.0,168263000.0,1.0,85964108.0,85525000.0,99604000.0,9.117,2117114000.0,0.0,2944000.0,7768000.0,24.754,1238367000.0
14,CIEN,MRY,2006-12-31,2006-10-31,2006-10-31,2021-09-08,-1076000.0,1839713000.0,1758820250.0,1098186000.0,741527000.0,0.321,8.989,-17760000.0,220164000.0,220164000.0,306275000.0,595000.0,6.796,1.441,842262000.0,0.0,842262000.0,842262000.0,40676000.0,45451000.0,0.0,0.0,0.0,26141000.0,71592000.0,0.127,71592000.0,26141000.0,1976000.0,0.01,0.01,0.01,753626000.0,736220750.0,753626000.0,2275183963.0,87.0,31.78,-97153000.0,-1.159,1.0,257781000.0,0.457,323289000.0,24165000.0,1976919000.0,1588783000.0,106085000.0,979800000.0,628393000.0,351407000.0,1086087000.0,161603000.0,924484000.0,1985155963.0,-137848000.0,0.0,27987000.0,193600000.0,0.0,193130000.0,-251585000.0,-238377000.0,-79393000.0,0.0,595000.0,595000.0,595000.0,0.0,0.0,0.001,289152000.0,-31371000.0,39277000.0,0.0,2.634,3336.397,2351.0,29427000.0,0.0,23.51,3.519,3.494,107172000.0,-4752000000.0,564056000.0,564056000.0,111069000.0,0.0,0.001,0.016,0.046,14042000.0,148879000.0,1.0,84438790.0,83840000.0,85011000.0,6.728,1516424000.0,0.0,1381000.0,5981000.0,18.087,936583000.0
15,CIEN,MRY,2005-12-31,2005-10-31,2005-10-31,2021-09-08,-5168000.0,1675229000.0,1921280750.0,1097529000.0,577700000.0,0.222,8.949,-11037000.0,358012000.0,358012000.0,291067000.0,-435699000.0,6.15,1.278,648752000.0,0.0,648752000.0,648752000.0,43518000.0,76028000.0,0.0,0.0,0.0,-405966000.0,-329938000.0,-0.772,-329938000.0,-405966000.0,-434379000.0,-5.3,-5.3,-5.3,735367000.0,961703250.0,735367000.0,1704957602.0,-4.0,-5.168,-139076000.0,-1.693,1.0,136190000.0,0.319,352339000.0,28413000.0,1435166000.0,1606645250.0,49333000.0,735475000.0,579531000.0,155944000.0,939862000.0,178464000.0,761398000.0,1369774602.0,172144000.0,0.0,9558000.0,-36913000.0,0.0,-27307000.0,327490000.0,336541000.0,-128039000.0,0.0,-435699000.0,-435699000.0,-435699000.0,0.0,0.0,-1.02,567846000.0,-431656000.0,43868000.0,0.0,1.863,-3.144,-3.13,28090000.0,0.0,16.59,3.206,3.191,72786000.0,-4752595000.0,427257000.0,427257000.0,137245000.0,-0.227,-0.453,-0.253,-0.95,9441000.0,148737000.0,1.0,82566281.0,82170000.0,82170000.0,5.2,1322890000.0,0.0,1320000.0,5785000.0,16.099,919065000.0
16,CIEN,MRY,2004-12-31,2004-10-31,2004-10-31,2021-09-08,-2765000.0,2137054000.0,2298164500.0,1079272000.0,1057782000.0,0.13,15.497,-31142000.0,202623000.0,202623000.0,226954000.0,-789464000.0,6.806,0.851,690000000.0,0.0,690000000.0,690000000.0,37576000.0,106921000.0,0.0,0.0,0.0,-758502000.0,-651581000.0,-2.181,-651581000.0,-758502000.0,-788343000.0,-10.6,-10.6,-10.6,1154422000.0,1313478750.0,1154422000.0,1840117586.0,-2.0,-2.824,-276577000.0,-3.713,1.0,71753000.0,0.24,616630000.0,29841000.0,1849222000.0,1954642750.0,47614000.0,1082955000.0,753251000.0,329704000.0,982632000.0,158579000.0,824053000.0,1405847586.0,-109046000.0,4864000.0,16780000.0,-49143000.0,0.0,-32316000.0,168705000.0,196987000.0,-245435000.0,0.0,-789464000.0,-789464000.0,-789464000.0,0.0,0.0,-2.643,843868000.0,-772115000.0,31509000.0,0.0,1.218,-1.781,-1.631,51252000.0,0.0,17.29,4.706,4.312,45878000.0,-4316896000.0,298707000.0,298707000.0,205364000.0,-0.344,-0.601,-0.388,-2.539,11883000.0,140902000.0,1.0,81309866.0,74493000.0,74493000.0,4.01,1520424000.0,0.0,1121000.0,3354000.0,20.41,920693000.0
17,CIEN,MRY,2003-12-31,2003-10-31,2003-10-31,2021-09-08,2447000.0,2378165000.0,2457465500.0,1229403000.0,1148762000.0,0.115,20.855,-28484000.0,309665000.0,309665000.0,210091000.0,-386517000.0,6.603,0.787,730428000.0,0.0,730428000.0,730428000.0,29020000.0,101995000.0,0.0,0.0,0.0,-348930000.0,-246935000.0,-0.872,-246935000.0,-348930000.0,-385261000.0,-6.09,-6.09,-6.09,1330817000.0,1385252750.0,1330817000.0,3149003382.0,-9.0,-12.752,-258754000.0,-4.055,1.0,73045000.0,0.258,444447000.0,36331000.0,2168282000.0,2189118500.0,44995000.0,1316553000.0,796809000.0,519744000.0,1047348000.0,186199000.0,861149000.0,3004747382.0,-67524000.0,-29668000.0,13798000.0,-144631000.0,0.0,-128917000.0,291663000.0,349815000.0,-230270000.0,0.0,-386517000.0,-386517000.0,-386517000.0,0.0,0.0,-1.365,439568000.0,-366523000.0,44402000.0,0.0,2.258,-7.774,-7.368,114930000.0,0.0,44.87,10.612,10.113,43600000.0,-3527432000.0,283136000.0,283136000.0,212523000.0,-0.157,-0.279,-0.159,-1.232,16777000.0,145624000.0,1.0,66965620.0,63813714.0,63813714.0,4.437,1933718000.0,0.0,1256000.0,4640000.0,30.303,1043204000.0
18,CIEN,MRY,2002-12-31,2002-10-31,2002-10-31,2021-09-08,8840000.0,2751022000.0,3018271250.0,1637657000.0,1113365000.0,0.12,29.274,-66330000.0,377189000.0,377189000.0,596034000.0,-1597499000.0,7.317,0.801,843616000.0,0.0,843616000.0,843616000.0,30832000.0,131020000.0,0.0,0.0,0.0,-1441425000.0,-1310405000.0,-3.628,-1310405000.0,-1441425000.0,-1486764000.0,-30.59,-30.59,-30.59,1527269000.0,1833134250.0,1527269000.0,1783844459.0,-1.0,-1.361,-89151000.0,-1.709,1.0,-234879000.0,-0.65,274957000.0,45339000.0,2718674000.0,2662577750.0,47023000.0,1701275000.0,1130414000.0,570861000.0,1223753000.0,223818000.0,999935000.0,1588433459.0,-20701000.0,286899000.0,15140000.0,-254669000.0,0.0,-234486000.0,236606000.0,16037000.0,-22821000.0,0.0,-1597499000.0,-1597499000.0,-1597499000.0,0.0,0.0,-4.423,1249331000.0,-1484210000.0,39841000.0,0.0,1.04,-0.994,-0.842,196951000.0,0.0,25.76,4.398,3.721,28680000.0,-3140915000.0,361155000.0,361155000.0,255291000.0,-0.529,-0.871,-0.541,-3.991,20324000.0,187540000.0,1.0,61662790.0,52171714.0,52171714.0,6.922,2476065000.0,0.0,110735000.0,0.0,47.46,1413839000.0
19,CIEN,MRY,2001-12-31,2001-10-31,2001-10-31,2021-09-08,4842000.0,3317301000.0,3646233500.0,2191089000.0,1126212000.0,0.44,47.794,-238544000.0,397890000.0,397890000.0,904549000.0,-1794062000.0,8.613,0.558,863883000.0,0.0,863883000.0,863883000.0,29480000.0,2049622000.0,0.0,0.0,0.0,-1676138000.0,373484000.0,0.233,373484000.0,-1676138000.0,-1706729000.0,-40.25,-40.25,-40.25,2128982000.0,2700392500.0,2128982000.0,5317212263.0,-3.0,14.237,-75371000.0,-1.692,1.0,698680000.0,0.436,226765000.0,30591000.0,3302147000.0,2309248750.0,254968000.0,1397251000.0,902594000.0,494657000.0,1188319000.0,254382000.0,933937000.0,5319990263.0,254703000.0,54101000.0,907026000.0,670565000.0,0.0,1582170000.0,-1490640000.0,-1306197000.0,163173000.0,0.0,-1794062000.0,-1794062000.0,-1794062000.0,0.0,0.0,-1.119,2438397000.0,-1739717000.0,68735000.0,0.0,2.499,-2.965,-2.828,331490000.0,0.0,113.82,3.318,3.162,395063000.0,-1543416000.0,1603229000.0,1603229000.0,253614000.0,-0.492,-0.664,-0.726,-1.045,71605000.0,228398000.0,1.0,46740382.0,44545000.0,44545000.0,35.991,3090536000.0,186861000.0,87333000.0,70721000.0,69.38,1936707000.0
20,CIEN,MRY,2000-12-31,2000-10-31,2000-10-31,2021-09-08,-903000.0,1027201000.0,841945750.0,813014000.0,214187000.0,1.02,20.129,-123947000.0,143187000.0,143187000.0,462371000.0,81387000.0,4.69,0.268,0.0,0.0,0.0,0.0,10731000.0,63644000.0,0.0,0.0,0.0,120914000.0,184558000.0,0.215,184558000.0,120914000.0,120574000.0,2.03,1.89,2.03,809835000.0,666962000.0,809835000.0,29651556093.0,245.0,160.663,-64909000.0,-1.613,1.0,396379000.0,0.462,9049000.0,340000.0,701626000.0,551204000.0,141279000.0,95131000.0,95131000.0,0.0,217366000.0,173339000.0,44027000.0,29861459093.0,-253000.0,0.0,43977000.0,-279000.0,0.0,43878000.0,-103169000.0,20778000.0,59038000.0,0.0,81387000.0,81387000.0,81387000.0,0.0,0.0,0.095,273463000.0,122916000.0,70250000.0,0.0,36.874,366.907,362.517,189231000.0,0.0,735.91,34.773,34.477,248950000.0,250646000.0,858750000.0,858750000.0,125434000.0,0.097,0.122,0.219,0.141,154641000.0,124882000.0,1.0,40577597.0,40231571.0,42808857.0,21.345,1018152000.0,143029000.0,39187000.0,46628000.0,25.307,639675000.0
21,CIEN,MRY,1999-12-31,1999-10-31,1999-10-31,2021-09-08,-40000.0,677835000.0,631566500.0,532999000.0,144836000.0,0.763,13.905,-46776000.0,143440000.0,143440000.0,299769000.0,-3924000.0,5.051,0.278,0.0,0.0,0.0,0.0,2954000.0,50458000.0,0.0,0.0,0.0,-5487000.0,44971000.0,0.093,44971000.0,-5487000.0,-5991000.0,-0.07,-0.07,-0.07,530473000.0,506177250.0,530473000.0,4699471742.0,-856.0,104.5,-18098000.0,-0.474,1.0,182316000.0,0.378,12635000.0,504000.0,416232000.0,362873750.0,79608000.0,118956000.0,118956000.0,0.0,147362000.0,105528000.0,41834000.0,4842070742.0,-107274000.0,0.0,11291000.0,1639000.0,0.0,13787000.0,-149739000.0,-102963000.0,28678000.0,0.0,-3924000.0,-3924000.0,-3924000.0,0.0,0.0,-0.008,202251000.0,-19935000.0,34399000.0,0.0,9.128,-1233.963,-1762.5,125252000.0,0.0,123.375,10.044,9.763,144348000.0,169259000.0,482085000.0,482085000.0,101006000.0,-0.006,-0.008,-0.015,-0.011,11004000.0,84299000.0,1.0,39246774.0,38148857.0,38148857.0,12.637,665200000.0,25385000.0,-2067000.0,45650000.0,17.437,427471000.0
22,CIEN,MRY,1998-12-31,1998-10-31,1998-10-31,2021-09-08,-107000.0,602809000.0,575651500.0,455924000.0,146885000.0,0.883,14.862,-88913000.0,250714000.0,250714000.0,256014000.0,45700000.0,7.056,0.203,0.0,0.0,0.0,0.0,1084000.0,33623000.0,0.0,0.0,0.0,82213000.0,115836000.0,0.228,115836000.0,82213000.0,81900000.0,1.33,1.26,1.33,501036000.0,465003750.0,501036000.0,1576563195.0,19.0,13.61,-40074000.0,-1.189,1.0,252073000.0,0.496,16270000.0,313000.0,271206000.0,266179750.0,70908000.0,15993000.0,15993000.0,0.0,101773000.0,64619000.0,37154000.0,1770049195.0,-22572000.0,-2070000.0,34318000.0,1148000.0,0.0,35565000.0,-106976000.0,-15993000.0,48839000.0,0.0,45700000.0,45700000.0,45700000.0,0.0,0.0,0.09,183003000.0,69070000.0,27893000.0,0.0,3.533,38.732,45.237,125767000.0,0.0,60.165,3.484,3.992,78791000.0,171562000.0,508087000.0,508087000.0,73756000.0,0.079,0.098,0.309,0.162,22634000.0,65811000.0,1.0,29419915.0,33711429.0,36541143.0,15.072,586539000.0,28109000.0,36200000.0,34125000.0,17.399,391305000.0
23,CIEN,MRY,1997-12-31,1997-10-31,1997-10-31,2021-09-08,-5000.0,463279000.0,307671750.0,394265000.0,69014000.0,1.343,17.159,-67030000.0,268588000.0,268588000.0,166472000.0,115568000.0,6.483,0.244,0.0,0.0,0.0,0.0,2591000.0,10256000.0,0.0,0.0,0.0,188464000.0,198720000.0,0.481,198720000.0,188464000.0,188056000.0,5.32,3.85,5.32,372414000.0,223752750.0,372414000.0,5162443250.0,27.0,25.978,17667000.0,0.814,1.0,246743000.0,0.597,5000.0,408000.0,133873000.0,72653500.0,41109000.0,0.0,0.0,0.0,90865000.0,60813000.0,30052000.0,5404495250.0,249246000.0,0.0,180665000.0,-2238000.0,0.0,231579000.0,-67030000.0,0.0,84697000.0,0.0,115568000.0,115568000.0,115568000.0,0.0,0.0,0.28,65865000.0,180878000.0,24760000.0,0.0,14.512,46.765,36.184,67618000.0,0.0,192.5,13.079,10.111,72336000.0,126261000.0,413215000.0,413215000.0,23773000.0,0.376,0.516,2.594,0.456,0.0,34592000.0,1.0,28075300.0,21704000.0,29955143.0,19.039,463274000.0,9139000.0,72488000.0,28428000.0,21.345,333452000.0
24,CIEN,MRY,1996-12-31,1996-10-31,1996-10-31,2021-09-08,0.0,67301000.0,37342000.0,55012000.0,12289000.0,2.369,1.259,-11558000.0,22557000.0,22557000.0,47315000.0,17263000.0,2.872,4.412,0.0,0.0,0.0,0.0,3265000.0,1082000.0,0.0,,0.0,21259000.0,22341000.0,0.253,22341000.0,21259000.0,20816000.0,4.375,0.665,4.375,4970000.0,-2480000.0,4970000.0,,,,-12738000.0,-3.227,1.0,41148000.0,0.465,0.0,443000.0,25588000.0,13585000.0,13228000.0,0.0,0.0,0.0,21927000.0,19156000.0,2771000.0,,15779000.0,0.0,24000.0,2543000.0,0.0,28517000.0,-11558000.0,0.0,-1180000.0,0.0,17263000.0,17263000.0,17263000.0,0.0,0.0,0.195,20985000.0,20163000.0,6278000.0,0.0,,,,11863000.0,0.0,,,,16759000.0,4559000.0,88463000.0,88463000.0,8922000.0,0.462,-6.961,1.565,0.24,0.0,12063000.0,1.0,,3947714.0,26402000.0,22.409,67301000.0,1834000.0,3553000.0,3342000.0,17.048,35856000.0
25,CIEN,MRY,1995-12-31,1995-10-31,1995-10-31,2021-09-08,0.0,7383000.0,,5062000.0,2321000.0,,,-2036000.0,5032000.0,5032000.0,0.0,-7629000.0,2.54,-0.288,1224000.0,368000.0,856000.0,1224000.0,0.0,355000.0,0.0,,0.0,-7543000.0,-7188000.0,,-7188000.0,-7543000.0,-7629000.0,,,,-9930000.0,,-9930000.0,,,,-8644000.0,,1.0,0.0,,0.0,86000.0,1582000.0,,0.0,0.0,0.0,0.0,2859000.0,1993000.0,866000.0,,3124000.0,0.0,22000.0,719000.0,0.0,11768000.0,-2036000.0,0.0,-6608000.0,0.0,-7629000.0,-7629000.0,-7629000.0,0.0,0.0,,7738000.0,-7738000.0,541000.0,,,,,2239000.0,0.0,,,,8000.0,-10159000.0,0.0,0.0,6361000.0,,,,,0.0,1377000.0,1.0,,,,,7383000.0,0.0,0.0,0.0,,3069000.0
26,CIEN,MRY,1994-12-31,1994-10-31,1994-10-31,2021-09-08,,,,,,,,-585000.0,,,0.0,-2407000.0,,,,,,,,25000.0,,,0.0,-2405000.0,-2380000.0,,-2380000.0,-2405000.0,-2407000.0,,,,,,,,,,-2077000.0,,1.0,0.0,,,2000.0,,,,,,,,,,,1898000.0,0.0,11000.0,504000.0,0.0,3975000.0,-585000.0,0.0,-1492000.0,0.0,-2407000.0,-2407000.0,-2407000.0,0.0,0.0,,2369000.0,-2369000.0,,,,,,,0.0,,,,,,0.0,0.0,1287000.0,,,,,0.0,1082000.0,1.0,,,,,,,0.0,,,
0,CIEN,MRQ,2021-06-30,2021-07-31,2021-07-31,2021-09-08,-4630000.0,4655868000.0,,2984133000.0,1671735000.0,,18.833,-15639000.0,1230441000.0,1230441000.0,513591000.0,238232000.0,3.608,0.592,749105000.0,26015000.0,723090000.0,749105000.0,183899000.0,33447000.0,0.0,0.0,0.0,149318000.0,182765000.0,0.185,182765000.0,149318000.0,141542000.0,1.53,1.52,1.53,2924236000.0,,2924236000.0,8548632217.0,19.0,14.689,53458000.0,0.344,1.0,474550000.0,0.48,385543000.0,7776000.0,2961898000.0,,370170000.0,242898000.0,182010000.0,60888000.0,1731632000.0,827091000.0,904541000.0,8998162217.0,27454000.0,0.0,-19839000.0,-2512000.0,0.0,-22351000.0,-17940000.0,-2301000.0,69097000.0,-1352000.0,238232000.0,238232000.0,238232000.0,0.0,0.0,0.241,326027000.0,148523000.0,301606000.0,0.0,3.077,19.488,19.576,337874000.0,0.0,58.14,2.641,2.649,878229000.0,-3888631000.0,988141000.0,988141000.0,146225000.0,,,,,22471000.0,163787000.0,1.0,154767152.0,155271000.0,156744000.0,6.364,4270325000.0,784702000.0,-96690000.0,0.0,27.502,2157042000.0
1,CIEN,MRQ,2021-03-31,2021-05-01,2021-05-01,2021-09-08,5361000.0,4388013000.0,,2794453000.0,1593560000.0,,17.339,-30783000.0,1202974000.0,1202974000.0,421508000.0,103117000.0,3.57,0.629,753444000.0,26294000.0,727150000.0,753444000.0,204299000.0,32982000.0,0.0,0.0,0.0,132355000.0,165337000.0,0.198,165337000.0,132355000.0,124570000.0,0.66,0.66,0.66,2693263000.0,,2693263000.0,7552556157.0,15.0,12.199,194195000.0,1.25,1.0,412419000.0,0.495,394613000.0,7785000.0,2761194000.0,,401233000.0,243531000.0,151816000.0,91715000.0,1694750000.0,782676000.0,912074000.0,7823017157.0,173736000.0,0.0,-34710000.0,-2494000.0,0.0,-37204000.0,-13855000.0,16928000.0,224978000.0,-183000.0,103117000.0,103117000.0,103117000.0,0.0,0.0,0.124,278790000.0,133629000.0,279247000.0,0.0,2.905,21.388,21.386,349326000.0,0.0,50.47,2.303,2.308,716779000.0,-4126863000.0,833927000.0,833927000.0,110246000.0,,,,,21535000.0,154022000.0,1.0,155003312.0,155331000.0,156876000.0,5.369,3993400000.0,653922000.0,21453000.0,0.0,25.709,2011777000.0
2,CIEN,MRQ,2020-12-31,2021-01-30,2021-01-30,2021-09-08,-11547000.0,4186897000.0,,2596539000.0,1590358000.0,,16.668,-20868000.0,1029237000.0,1029237000.0,399239000.0,55348000.0,3.792,0.619,758776000.0,26294000.0,732482000.0,758776000.0,190600000.0,32830000.0,0.0,0.0,0.0,74674000.0,107504000.0,0.142,107504000.0,74674000.0,67314000.0,0.36,0.35,0.36,2586513000.0,,2586513000.0,7927302593.0,16.0,12.977,-28187000.0,-0.182,1.0,357891000.0,0.473,402810000.0,7360000.0,2828859000.0,,389733000.0,253798000.0,151434000.0,102364000.0,1600384000.0,684767000.0,915617000.0,8252190593.0,-59398000.0,0.0,-18201000.0,-2434000.0,0.0,-20635000.0,-34323000.0,-13455000.0,-7319000.0,2879000.0,55348000.0,55348000.0,55348000.0,0.0,0.0,0.073,282096000.0,75795000.0,247241000.0,0.0,3.19,23.291,23.213,335472000.0,0.0,53.39,2.388,2.397,700025000.0,-4229980000.0,757130000.0,757130000.0,132741000.0,,,,,18964000.0,137271000.0,1.0,154564349.0,155174000.0,156583000.0,4.879,3784087000.0,647232000.0,11966000.0,0.0,24.386,1911772000.0
3,CIEN,MRQ,2020-09-30,2020-10-31,2020-10-31,2021-09-08,-35358000.0,4180917000.0,,2611159000.0,1569758000.0,,16.218,-21334000.0,1088624000.0,1088624000.0,424131000.0,65041000.0,3.433,0.666,763736000.0,25965000.0,737771000.0,763736000.0,158363000.0,33122000.0,0.0,0.0,0.0,93234000.0,126356000.0,0.153,126356000.0,93234000.0,85839000.0,0.42,0.42,0.42,2509597000.0,,2509597000.0,5741241956.0,12.0,9.263,165961000.0,1.073,1.0,404349000.0,0.488,407494000.0,7395000.0,2687834000.0,,344379000.0,232893000.0,150667000.0,82226000.0,1671320000.0,760701000.0,910619000.0,6078646956.0,-5107000.0,0.0,-6062000.0,-2406000.0,0.0,-8468000.0,-183817000.0,-162483000.0,187295000.0,-117000.0,65041000.0,65041000.0,65041000.0,0.0,0.0,0.079,310866000.0,93483000.0,291904000.0,0.0,2.422,16.825,16.833,329403000.0,0.0,39.39,1.721,1.721,719405000.0,-4283122000.0,828480000.0,828480000.0,137237000.0,,,,,16920000.0,156797000.0,1.0,154319547.0,154740000.0,156597000.0,5.354,3773423000.0,647805000.0,20798000.0,0.0,24.386,1850458000.0
4,CIEN,MRQ,2020-06-30,2020-08-01,2020-08-01,2021-09-08,-40189000.0,4055188000.0,,2567883000.0,1487305000.0,,15.753,-15875000.0,1093749000.0,1093749000.0,512031000.0,142267000.0,3.564,0.67,756344000.0,26347000.0,729997000.0,756344000.0,136870000.0,31663000.0,0.0,0.0,0.0,188268000.0,219931000.0,0.225,219931000.0,188268000.0,181017000.0,0.92,0.91,0.92,2428867000.0,,2428867000.0,9011126756.0,19.0,14.617,159554000.0,1.035,1.0,464681000.0,0.476,416954000.0,7251000.0,2580338000.0,,363600000.0,70404000.0,70404000.0,0.0,1626321000.0,720491000.0,905830000.0,9143376756.0,206029000.0,0.0,7568000.0,-2381000.0,0.0,5187000.0,22063000.0,37938000.0,175429000.0,3350000.0,142267000.0,142267000.0,142267000.0,0.0,0.0,0.146,276645000.0,188036000.0,297163000.0,0.0,3.764,24.28,24.389,315569000.0,0.0,59.51,2.49,2.499,715195000.0,-4348163000.0,976712000.0,976712000.0,130221000.0,,,,,17259000.0,136398000.0,1.0,153644375.0,154184000.0,156318000.0,6.335,3638234000.0,655320000.0,38750000.0,0.0,23.597,1847392000.0
5,CIEN,MRQ,2020-03-31,2020-05-02,2020-05-02,2021-09-08,-61386000.0,3856762000.0,,2340211000.0,1516551000.0,,14.563,-18638000.0,887732000.0,887732000.0,480727000.0,91655000.0,3.282,0.721,755482000.0,25026000.0,730456000.0,755482000.0,149917000.0,32273000.0,0.0,0.0,0.0,124823000.0,157096000.0,0.176,157096000.0,124823000.0,116963000.0,0.6,0.59,0.6,2240576000.0,,2240576000.0,7035806105.0,17.0,12.704,72528000.0,0.471,1.0,413326000.0,0.462,425805000.0,7860000.0,2585721000.0,,325753000.0,100742000.0,100742000.0,0.0,1616186000.0,712986000.0,903200000.0,7113350105.0,50447000.0,0.0,-30532000.0,-2392000.0,0.0,-32924000.0,-3562000.0,15076000.0,91166000.0,-4233000.0,91655000.0,91655000.0,91655000.0,0.0,0.0,0.103,285838000.0,127488000.0,292164000.0,0.0,3.175,22.156,22.279,308731000.0,0.0,46.34,1.946,1.95,693963000.0,-4490430000.0,894053000.0,894053000.0,131530000.0,,,,,17977000.0,143244000.0,1.0,153503455.0,153858000.0,155141000.0,5.811,3430957000.0,689416000.0,25308000.0,0.0,22.3,1627225000.0
6,CIEN,MRQ,2019-12-31,2020-01-31,2020-01-31,2021-09-08,-27711000.0,3830887000.0,,2266444000.0,1564443000.0,,14.214,-26820000.0,837286000.0,837286000.0,462377000.0,62328000.0,3.092,0.746,759742000.0,25623000.0,734119000.0,759742000.0,166835000.0,35469000.0,0.0,0.0,0.0,80957000.0,116426000.0,0.14,116426000.0,80957000.0,72142000.0,0.4,0.4,0.4,2193650000.0,,2193650000.0,6048740108.0,16.0,11.928,12944000.0,0.084,1.0,370535000.0,0.445,436553000.0,8815000.0,2583704000.0,,342673000.0,120143000.0,110067000.0,10076000.0,1637237000.0,733086000.0,904151000.0,6265379108.0,-66822000.0,-28300000.0,-49913000.0,-1104000.0,0.0,-51017000.0,-54926000.0,194000.0,39764000.0,-643000.0,62328000.0,62328000.0,62328000.0,0.0,0.0,0.075,292578000.0,77957000.0,311748000.0,0.0,2.856,22.206,22.346,327887000.0,0.0,40.67,1.728,1.731,655105000.0,-4582085000.0,832912000.0,832912000.0,130900000.0,,,,,15602000.0,149534000.0,1.0,154054072.0,154334000.0,155738000.0,5.397,3394334000.0,699439000.0,9814000.0,0.0,21.993,1533358000.0
7,CIEN,MRQ,2019-09-30,2019-10-31,2019-10-31,2021-09-08,-22084000.0,3893346000.0,,2381802000.0,1511544000.0,,14.032,-13516000.0,904045000.0,904045000.0,548291000.0,80331000.0,2.816,0.792,687406000.0,7000000.0,680406000.0,687406000.0,156873000.0,31031000.0,0.0,0.0,0.0,92019000.0,123050000.0,0.127,123050000.0,92019000.0,82883000.0,0.52,0.51,0.52,2172761000.0,,2172761000.0,5708012352.0,16.0,12.059,226497000.0,1.463,1.0,419696000.0,0.434,410718000.0,9136000.0,2420049000.0,,345049000.0,119954000.0,109940000.0,10014000.0,1720585000.0,845940000.0,874645000.0,5742323352.0,179371000.0,0.0,-45365000.0,-3661000.0,0.0,-49026000.0,-11700000.0,1816000.0,240013000.0,84000.0,80331000.0,80331000.0,80331000.0,0.0,0.0,0.083,326494000.0,93202000.0,344819000.0,0.0,2.643,22.658,22.773,286884000.0,0.0,37.12,1.608,1.618,724854000.0,-4644413000.0,967987000.0,967987000.0,141657000.0,,,,,15290000.0,167508000.0,1.0,154696211.0,154841000.0,156601000.0,6.251,3482628000.0,714942000.0,2552000.0,0.0,22.492,1535862000.0
8,CIEN,MRQ,2019-06-30,2019-07-31,2019-07-31,2021-09-08,-23764000.0,3775708000.0,,2291232000.0,1484476000.0,,13.631,-13774000.0,723229000.0,723229000.0,536254000.0,86749000.0,2.896,0.782,688918000.0,7000000.0,681918000.0,688918000.0,145030000.0,30908000.0,0.0,0.0,0.0,126351000.0,157259000.0,0.164,157259000.0,126351000.0,116947000.0,0.56,0.55,0.56,2119384000.0,,2119384000.0,7004384055.0,21.0,15.647,69341000.0,0.446,1.0,424352000.0,0.442,419154000.0,9404000.0,2531208000.0,,356818000.0,119670000.0,119670000.0,0.0,1656324000.0,791035000.0,865289000.0,7013103055.0,25631000.0,0.0,-41090000.0,-2670000.0,0.0,-43760000.0,-13892000.0,-118000.0,83115000.0,168000.0,86749000.0,86749000.0,86749000.0,0.0,0.0,0.09,299051000.0,125301000.0,356716000.0,0.0,3.309,29.581,28.987,280630000.0,0.0,45.22,2.002,2.007,798884000.0,-4724744000.0,960606000.0,960606000.0,139880000.0,,,,,15084000.0,146925000.0,1.0,155088524.0,155488000.0,157455000.0,6.178,3356554000.0,700206000.0,30198000.0,0.0,21.587,1500197000.0
9,CIEN,MRQ,2019-03-31,2019-04-30,2019-04-30,2021-09-08,-19206000.0,3686778000.0,,2178168000.0,1508610000.0,,13.211,-19944000.0,699148000.0,699148000.0,490334000.0,52738000.0,2.831,0.787,690429000.0,7000000.0,683429000.0,690429000.0,145022000.0,30313000.0,0.0,0.0,0.0,80076000.0,110389000.0,0.128,110389000.0,80076000.0,70605000.0,0.34,0.33,0.34,2063199000.0,,2063199000.0,6005493905.0,21.0,14.932,84173000.0,0.539,1.0,374677000.0,0.433,427682000.0,9471000.0,2480998000.0,,359417000.0,119327000.0,119327000.0,0.0,1623579000.0,769379000.0,854200000.0,5982364905.0,30338000.0,0.0,-50885000.0,-2671000.0,0.0,-53556000.0,-19752000.0,192000.0,104117000.0,-471000.0,52738000.0,52738000.0,52738000.0,0.0,0.0,0.061,294357000.0,80320000.0,366932000.0,0.0,2.9,29.738,28.415,282022000.0,0.0,38.36,1.78,1.782,756607000.0,-4811493000.0,865011000.0,865011000.0,137969000.0,,,,,15607000.0,145656000.0,1.0,155953204.0,156170000.0,158289000.0,5.539,3259096000.0,715968000.0,17867000.0,0.0,20.869,1408789000.0
10,CIEN,MRQ,2018-12-31,2019-01-31,2019-01-31,2021-09-08,-10640000.0,3618106000.0,,2089667000.0,1528439000.0,,13.142,-15345000.0,668810000.0,668810000.0,455186000.0,33616000.0,2.982,0.761,691939000.0,7000000.0,684939000.0,691939000.0,136141000.0,30460000.0,0.0,0.0,0.0,52196000.0,82656000.0,0.106,82656000.0,52196000.0,42755000.0,0.22,0.21,0.22,2054305000.0,,2054305000.0,6072631600.0,26.0,17.269,-29450000.0,-0.188,1.0,323341000.0,0.415,436973000.0,9441000.0,2503502000.0,,323106000.0,119143000.0,119143000.0,0.0,1563801000.0,700760000.0,863041000.0,5960392600.0,-76613000.0,0.0,-18848000.0,-113776000.0,0.0,-132624000.0,69421000.0,84766000.0,-14105000.0,695000.0,33616000.0,33616000.0,33616000.0,0.0,0.0,0.043,275398000.0,47943000.0,335547000.0,0.0,2.901,36.727,34.315,288713000.0,0.0,38.09,1.847,1.845,761186000.0,-4864231000.0,778527000.0,778527000.0,128633000.0,,,,,13755000.0,137356000.0,1.0,156481822.0,156314000.0,158174000.0,4.981,3181133000.0,728139000.0,9139000.0,0.0,20.351,1388907000.0
11,CIEN,MRQ,2018-09-30,2018-10-31,2018-10-31,2021-09-08,-5780000.0,3756523000.0,,2142602000.0,1613921000.0,,13.43,-17230000.0,745423000.0,745423000.0,501281000.0,63977000.0,2.225,0.947,857662000.0,171212000.0,686450000.0,857662000.0,169457000.0,28720000.0,0.0,0.0,0.0,68626000.0,97346000.0,0.108,97346000.0,68626000.0,53753000.0,0.44,0.35,0.44,1929334000.0,,1929334000.0,4671675044.0,23.0,14.876,50796000.0,0.354,1.0,398075000.0,0.443,446193000.0,14873000.0,2459566000.0,,262751000.0,207951000.0,148981000.0,58970000.0,1827189000.0,963003000.0,864186000.0,4457715044.0,19092000.0,-42258000.0,-41834000.0,-807000.0,0.0,-42641000.0,-4196000.0,55292000.0,68026000.0,-2097000.0,63977000.0,63977000.0,63977000.0,0.0,0.0,0.071,302205000.0,95870000.0,340582000.0,0.0,2.31,-12.933,-13.025,292067000.0,0.0,31.26,1.441,1.452,786502000.0,-4947652000.0,899356000.0,899356000.0,134983000.0,,,,,14076000.0,157330000.0,1.0,142601249.0,143654000.0,143654000.0,6.261,3310330000.0,745039000.0,-10224000.0,0.0,23.044,1179599000.0
12,CIEN,MRQ,2018-06-30,2018-07-31,2018-07-31,2021-09-08,-8705000.0,3622695000.0,,2104476000.0,1518219000.0,,12.406,-18440000.0,726214000.0,726214000.0,467274000.0,50840000.0,1.97,1.036,940174000.0,353669000.0,586505000.0,940174000.0,184084000.0,28076000.0,0.0,0.0,0.0,83731000.0,111807000.0,0.137,111807000.0,83731000.0,70120000.0,0.35,0.34,0.35,1778954000.0,,1778954000.0,3914472361.0,20.0,13.028,69665000.0,0.486,1.0,351543000.0,0.429,395853000.0,13611000.0,2372364000.0,,227885000.0,258405000.0,228940000.0,29465000.0,1843741000.0,1068438000.0,775303000.0,3627822361.0,74118000.0,-40412000.0,-24545000.0,-1943000.0,0.0,-26488000.0,15366000.0,74272000.0,88105000.0,-2865000.0,50840000.0,50840000.0,50840000.0,0.0,0.0,0.062,266269000.0,85274000.0,312611000.0,0.0,2.039,4.828,4.765,295863000.0,0.0,25.4,1.234,1.239,728940000.0,-5011629000.0,818817000.0,818817000.0,121133000.0,,,,,12337000.0,133607000.0,1.0,142827652.0,143400000.0,159998000.0,5.71,3226842000.0,724087000.0,19280000.0,0.0,22.502,1036038000.0
13,CIEN,MRQ,2018-03-31,2018-04-30,2018-04-30,2021-09-08,-5072000.0,3506554000.0,,1985422000.0,1521132000.0,,12.114,-6284000.0,652096000.0,652096000.0,436671000.0,13856000.0,2.006,1.011,938746000.0,353208000.0,585538000.0,938746000.0,178643000.0,26479000.0,0.0,0.0,0.0,33362000.0,59841000.0,0.082,59841000.0,33362000.0,20331000.0,0.1,0.09,0.1,1744119000.0,,1744119000.0,3985850319.0,21.0,13.448,31143000.0,0.216,1.0,293307000.0,0.402,358015000.0,13031000.0,2445434000.0,,231338000.0,327479000.0,268584000.0,58895000.0,1762435000.0,989755000.0,772680000.0,3697363319.0,3229000.0,0.0,-33137000.0,-1954000.0,0.0,-35091000.0,2925000.0,9155000.0,37427000.0,-2032000.0,13856000.0,13856000.0,13856000.0,0.0,0.0,0.019,261241000.0,32066000.0,264398000.0,0.0,2.12,4.861,4.769,298631000.0,0.0,25.75,1.298,1.301,647380000.0,-5062469000.0,729978000.0,729978000.0,116924000.0,,,,,14166000.0,136335000.0,1.0,143586925.0,143975000.0,147973000.0,5.07,3148539000.0,734824000.0,6475000.0,0.0,21.869,995667000.0
14,CIEN,MRQ,2017-12-31,2018-01-31,2018-01-31,2021-09-08,2375000.0,3469384000.0,,1923422000.0,1545962000.0,,12.202,-25662000.0,648867000.0,648867000.0,374370000.0,-473363000.0,2.061,0.976,937354000.0,352753000.0,584601000.0,937354000.0,182513000.0,26745000.0,0.0,0.0,0.0,18311000.0,45056000.0,0.07,45056000.0,18311000.0,4577000.0,-3.29,-3.29,-3.29,1756140000.0,,1756140000.0,3352969718.0,16.0,10.32,10041000.0,0.07,1.0,271765000.0,0.421,364384000.0,13734000.0,2460111000.0,,255251000.0,337894000.0,278743000.0,59151000.0,1713244000.0,933376000.0,779868000.0,3057501718.0,8354000.0,0.0,6905000.0,-1914000.0,0.0,4991000.0,-33478000.0,-7816000.0,35703000.0,1138000.0,-473363000.0,-473363000.0,-473363000.0,0.0,0.0,-0.733,255029000.0,16736000.0,209243000.0,0.0,1.741,3.896,3.82,318835000.0,0.0,21.28,1.082,1.084,553724000.0,-5076325000.0,646135000.0,646135000.0,118524000.0,,,,,12393000.0,126921000.0,1.0,143679592.0,143922000.0,143922000.0,4.489,3105000000.0,739446000.0,477940000.0,0.0,21.574,990046000.0
15,CIEN,MRQ,2017-09-30,2017-10-31,2017-10-31,2021-09-08,-11017000.0,3951711000.0,,2006311000.0,1945400000.0,,14.93,-18596000.0,640513000.0,640513000.0,418764000.0,1160056000.0,1.933,0.85,935981000.0,352293000.0,583688000.0,935981000.0,185007000.0,27308000.0,0.0,0.0,0.0,56451000.0,83759000.0,0.113,83759000.0,56451000.0,42525000.0,8.17,6.84,8.17,2136342000.0,,2136342000.0,3410742609.0,16.0,10.185,119941000.0,0.838,1.0,325685000.0,0.437,368455000.0,13926000.0,2840981000.0,,267143000.0,328916000.0,279133000.0,49783000.0,1815369000.0,1037743000.0,777626000.0,3034980609.0,81027000.0,0.0,17000.0,-2634000.0,0.0,-2617000.0,-53951000.0,-35355000.0,138537000.0,-942000.0,1160056000.0,1160056000.0,1160056000.0,0.0,0.0,1.558,269886000.0,55799000.0,260098000.0,0.0,1.421,2.405,2.393,308465000.0,0.0,21.27,1.083,1.078,622183000.0,-4664253000.0,744449000.0,744449000.0,119108000.0,,,,,11517000.0,132058000.0,1.0,142688322.0,143095000.0,186383000.0,5.202,3583256000.0,1155104000.0,-1117531000.0,0.0,25.041,968568000.0
16,CIEN,MRQ,2017-06-30,2017-07-31,2017-07-31,2021-09-08,-5495000.0,2736660000.0,,1923135000.0,813525000.0,,6.628,-15676000.0,559540000.0,559540000.0,400643000.0,60010000.0,2.924,1.898,935302000.0,4000000.0,931302000.0,935302000.0,197527000.0,26580000.0,0.0,0.0,0.0,81151000.0,107731000.0,0.148,107731000.0,81151000.0,67736000.0,0.42,0.39,0.42,944310000.0,,944310000.0,4141944138.0,19.0,12.002,34921000.0,0.245,1.0,328076000.0,0.45,374831000.0,13415000.0,2079975000.0,,276421000.0,294617000.0,234743000.0,59874000.0,1792350000.0,657616000.0,1134734000.0,3652164138.0,-69083000.0,0.0,10050000.0,-186380000.0,0.0,-176330000.0,55704000.0,71380000.0,50597000.0,946000.0,60010000.0,60010000.0,60010000.0,0.0,0.0,0.082,246077000.0,81999000.0,258358000.0,0.0,3.868,26.372,26.276,314850000.0,0.0,25.75,1.317,1.323,653242000.0,-5824309000.0,728719000.0,728719000.0,117729000.0,,,,,12013000.0,122308000.0,1.0,141831617.0,142464000.0,172112000.0,5.115,2361829000.0,0.0,7726000.0,0.0,16.578,1265519000.0
17,CIEN,MRQ,2017-03-31,2017-04-30,2017-04-30,2021-09-08,-21186000.0,2777103000.0,,1942250000.0,834853000.0,,5.972,-34622000.0,628623000.0,628623000.0,388782000.0,38026000.0,2.407,2.281,1118403000.0,189221000.0,929182000.0,1118403000.0,186863000.0,33451000.0,0.0,0.0,0.0,54902000.0,88353000.0,0.125,88353000.0,54902000.0,41594000.0,0.27,0.25,0.27,846545000.0,,846545000.0,3753604030.0,20.0,11.512,37376000.0,0.264,1.0,318240000.0,0.45,380018000.0,13308000.0,2080092000.0,,287073000.0,364631000.0,274779000.0,89852000.0,1930558000.0,806773000.0,1123785000.0,3237580030.0,-65230000.0,0.0,637000.0,-1923000.0,0.0,-94911000.0,-42963000.0,-8341000.0,71998000.0,646000.0,38026000.0,38026000.0,38026000.0,0.0,0.0,0.054,260420000.0,57820000.0,249556000.0,0.0,3.824,28.902,28.637,299792000.0,0.0,22.91,1.192,1.196,564856000.0,-5884319000.0,707022000.0,707022000.0,121623000.0,,,,,12005000.0,123541000.0,1.0,141317330.0,141743000.0,165273000.0,4.988,2397085000.0,0.0,3568000.0,0.0,16.911,1135477000.0
18,CIEN,MRQ,2016-12-31,2017-01-31,2017-01-31,2021-09-08,-18171000.0,2860094000.0,,1998052000.0,862042000.0,,5.679,-25706000.0,693853000.0,693853000.0,347712000.0,3861000.0,2.374,2.58,1209877000.0,190122000.0,1019755000.0,1209877000.0,191936000.0,35563000.0,0.0,0.0,0.0,19474000.0,55037000.0,0.089,55037000.0,19474000.0,4271000.0,0.03,0.03,0.03,798893000.0,,798893000.0,3901776969.0,24.0,12.891,-51956000.0,-0.369,1.0,273785000.0,0.441,395016000.0,15203000.0,2139541000.0,,284595000.0,359990000.0,250056000.0,109934000.0,2061201000.0,841561000.0,1219640000.0,3416842969.0,-83762000.0,0.0,9708000.0,-46901000.0,0.0,-37193000.0,-20163000.0,5543000.0,-26250000.0,-156000.0,3861000.0,3861000.0,3861000.0,0.0,0.0,0.006,254681000.0,19104000.0,273513000.0,0.0,4.277,38.832,38.635,293150000.0,0.0,24.34,1.29,1.293,595706000.0,-5922345000.0,621497000.0,621497000.0,116869000.0,,,,,12825000.0,120866000.0,1.0,140379744.0,140682000.0,142184000.0,4.418,2465078000.0,0.0,410000.0,0.0,17.522,1156491000.0
19,CIEN,MRQ,2016-09-30,2016-10-31,2016-10-31,2021-09-08,-24329000.0,2873575000.0,,2013192000.0,860383000.0,,5.484,-26024000.0,777615000.0,777615000.0,397643000.0,36587000.0,2.258,2.75,1253682000.0,236241000.0,1017441000.0,1253682000.0,182863000.0,35640000.0,0.0,0.0,0.0,58334000.0,93974000.0,0.131,93974000.0,58334000.0,42963000.0,0.26,0.25,0.26,766341000.0,,766341000.0,3326665627.0,23.0,11.67,110687000.0,0.792,1.0,318548000.0,0.445,413685000.0,15371000.0,2044412000.0,,211251000.0,365420000.0,275248000.0,90172000.0,2107234000.0,891545000.0,1215689000.0,2700434627.0,-77303000.0,0.0,973000.0,-220740000.0,0.0,-219767000.0,6446000.0,32459000.0,136711000.0,-693000.0,36587000.0,36587000.0,36587000.0,0.0,0.0,0.051,258875000.0,59673000.0,235942000.0,0.0,3.524,37.204,37.269,288406000.0,0.0,19.38,1.038,1.031,576235000.0,-5926206000.0,716191000.0,716191000.0,112448000.0,,,,,10161000.0,129000000.0,1.0,139341312.0,139743000.0,150704000.0,5.125,2459890000.0,1116000.0,6376000.0,0.0,17.603,1121647000.0
20,CIEN,MRQ,2016-06-30,2016-07-31,2016-07-31,2021-09-08,-21390000.0,3043658000.0,,2150174000.0,893484000.0,,5.196,-28111000.0,854918000.0,854918000.0,362065000.0,33546000.0,1.949,3.218,1481149000.0,455465000.0,1025684000.0,1481149000.0,188239000.0,35327000.0,0.0,0.0,0.0,53377000.0,88704000.0,0.132,88704000.0,53377000.0,37410000.0,0.24,0.23,0.24,721559000.0,,721559000.0,3238809908.0,37.0,13.019,49016000.0,0.353,1.0,308485000.0,0.46,432430000.0,15967000.0,2134183000.0,,221598000.0,410688000.0,295322000.0,115366000.0,2322099000.0,1103276000.0,1218823000.0,2650453908.0,-67115000.0,0.0,12150000.0,-32518000.0,0.0,-20368000.0,-122827000.0,-94716000.0,77127000.0,-1047000.0,33546000.0,33546000.0,33546000.0,0.0,0.0,0.05,251461000.0,57024000.0,232736000.0,0.0,3.673,119.578,147.615,272955000.0,0.0,19.19,1.029,1.034,588389000.0,-5962793000.0,670550000.0,670550000.0,116697000.0,,,,,12622000.0,118068000.0,1.0,138116410.0,138881000.0,169349000.0,4.828,2611228000.0,0.0,3864000.0,0.0,18.802,1046898000.0
21,CIEN,MRQ,2016-03-31,2016-04-30,2016-04-30,2021-09-08,-15619000.0,2981583000.0,,2078049000.0,903534000.0,,4.85,-24177000.0,922033000.0,922033000.0,357624000.0,13997000.0,3.298,3.457,1510389000.0,5000000.0,1505389000.0,1510389000.0,187032000.0,35770000.0,0.0,0.0,0.0,29200000.0,64970000.0,0.101,64970000.0,29200000.0,16592000.0,0.1,0.1,0.1,669012000.0,,669012000.0,2915439200.0,39.0,12.869,36525000.0,0.265,1.0,283093000.0,0.442,452601000.0,12608000.0,2487206000.0,,190861000.0,320412000.0,195179000.0,125233000.0,2312571000.0,630132000.0,1682439000.0,2314944200.0,261712000.0,-32000000.0,1098000.0,242205000.0,0.0,244100000.0,-45841000.0,10336000.0,60702000.0,2751000.0,13997000.0,13997000.0,13997000.0,0.0,0.0,0.022,254860000.0,28233000.0,225237000.0,0.0,3.46,189.068,187.0,248649000.0,0.0,16.83,0.923,0.925,555056000.0,-5996339000.0,640717000.0,640717000.0,114603000.0,,,,,14733000.0,121871000.0,1.0,137548675.0,137950000.0,138889000.0,4.645,2528982000.0,0.0,2595000.0,0.0,18.333,1447917000.0
22,CIEN,MRQ,2015-12-31,2016-01-31,2016-01-31,2021-09-08,-27776000.0,2589315000.0,,1751020000.0,838295000.0,,4.588,-28873000.0,660321000.0,660321000.0,321665000.0,-11546000.0,3.154,3.13,1260816000.0,2500000.0,1258316000.0,1260816000.0,173691000.0,34955000.0,0.0,0.0,0.0,2463000.0,37418000.0,0.065,37418000.0,2463000.0,-10247000.0,-0.08,-0.08,-0.08,627027000.0,,627027000.0,2896159587.0,36.0,12.86,-13893000.0,-0.102,1.0,251450000.0,0.439,438601000.0,12710000.0,2195980000.0,,205664000.0,335070000.0,210010000.0,125060000.0,1962288000.0,555229000.0,1407059000.0,2412991587.0,-130650000.0,0.0,8870000.0,-16266000.0,0.0,-8193000.0,-134037000.0,-105164000.0,14980000.0,-3400000.0,-11546000.0,-11546000.0,-11546000.0,0.0,0.0,-0.02,240211000.0,11239000.0,183852000.0,0.0,3.848,127.672,104.529,199561000.0,0.0,17.77,0.969,0.976,480382000.0,-6010336000.0,573115000.0,573115000.0,108046000.0,,,,,14477000.0,113620000.0,1.0,135790185.0,136675000.0,136675000.0,4.193,2150714000.0,0.0,1299000.0,0.0,15.736,1195791000.0
23,CIEN,MRQ,2015-09-30,2015-10-31,2015-10-31,2021-09-08,-22126000.0,2695051000.0,,1864210000.0,830841000.0,,4.63,-22380000.0,790971000.0,790971000.0,388985000.0,-13832000.0,2.795,3.341,1274139000.0,2500000.0,1271639000.0,1274139000.0,189073000.0,54507000.0,0.0,0.0,0.0,3186000.0,57693000.0,0.083,57693000.0,3186000.0,-9502000.0,-0.13,-0.12,-0.13,620876000.0,,620876000.0,3835131657.0,51.0,18.201,62248000.0,0.464,1.0,302988000.0,0.438,459107000.0,12688000.0,2052078000.0,,191162000.0,230212000.0,135107000.0,95105000.0,2074175000.0,667034000.0,1407141000.0,3252961657.0,93880000.0,37212000.0,10653000.0,-22143000.0,0.0,-11911000.0,22558000.0,7724000.0,84628000.0,-1395000.0,-13832000.0,-13832000.0,-13832000.0,0.0,0.0,-0.02,293570000.0,9418000.0,222140000.0,0.0,5.239,278.817,241.4,191973000.0,0.0,24.14,1.33,1.169,550792000.0,-5998790000.0,691973000.0,691973000.0,107859000.0,,,,,22938000.0,126807000.0,1.0,134754004.0,134097000.0,136757000.0,5.16,2235944000.0,0.0,4330000.0,0.0,16.674,1197176000.0
24,CIEN,MRQ,2015-06-30,2015-07-31,2015-07-31,2021-09-08,-26135000.0,2163695000.0,,1766576000.0,397119000.0,,1.502,-17830000.0,697091000.0,697091000.0,333063000.0,23625000.0,2.985,11.166,1279261000.0,2500000.0,1276761000.0,1279261000.0,168633000.0,27499000.0,0.0,0.0,0.0,38960000.0,66459000.0,0.11,66459000.0,38960000.0,27077000.0,0.2,0.19,0.2,177854000.0,,177854000.0,3688923075.0,63.0,22.018,99712000.0,0.842,1.0,269869000.0,0.448,89019000.0,11883000.0,2064979000.0,,194017000.0,230228000.0,160067000.0,70161000.0,1985841000.0,591867000.0,1393974000.0,2996654075.0,110753000.0,0.0,9642000.0,-2580000.0,0.0,7062000.0,-11867000.0,5961000.0,117542000.0,-1984000.0,23625000.0,23625000.0,23625000.0,0.0,0.0,0.039,225418000.0,44451000.0,201774000.0,0.0,16.849,-575.837,-318.125,159592000.0,0.0,25.45,1.278,1.285,530261000.0,-5984957000.0,602932000.0,602932000.0,100379000.0,,,,,10266000.0,111393000.0,1.0,117746722.0,118413000.0,133233000.0,5.092,2074676000.0,0.0,3452000.0,0.0,17.521,1174709000.0
25,CIEN,MRQ,2015-03-31,2015-04-30,2015-04-30,2021-09-08,-21793000.0,2091564000.0,,1682838000.0,408726000.0,,1.221,-10705000.0,586338000.0,586338000.0,349191000.0,20653000.0,2.924,14.084,1278607000.0,2500000.0,1276107000.0,1278607000.0,158965000.0,26770000.0,0.0,0.0,0.0,36865000.0,63635000.0,0.102,63635000.0,36865000.0,23918000.0,0.18,0.17,0.18,138663000.0,,138663000.0,3173182702.0,63.0,19.92,27099000.0,0.239,1.0,272411000.0,0.438,102238000.0,12947000.0,2106102000.0,,214593000.0,230322000.0,145089000.0,85233000.0,1952901000.0,575493000.0,1377408000.0,2306402702.0,-12385000.0,0.0,1678000.0,-9564000.0,0.0,-7826000.0,-41853000.0,-31104000.0,37804000.0,-510000.0,20653000.0,20653000.0,20653000.0,0.0,0.0,0.033,229997000.0,42414000.0,210002000.0,0.0,16.633,-182.051,-163.846,139064000.0,0.0,21.3,0.983,1.031,553306000.0,-6008583000.0,621602000.0,621602000.0,105202000.0,,,,,11329000.0,112773000.0,1.0,108281817.0,113555000.0,128017000.0,5.474,1989326000.0,0.0,3265000.0,0.0,17.519,1107345000.0
26,CIEN,MRQ,2014-12-31,2015-01-31,2015-01-31,2021-09-08,-33958000.0,2056155000.0,,1681367000.0,374788000.0,,-0.822,-11194000.0,598723000.0,598723000.0,298867000.0,-18779000.0,2.159,-24.214,1465503000.0,190020000.0,1275483000.0,1465503000.0,152538000.0,26991000.0,0.0,0.0,0.0,-4068000.0,22923000.0,0.043,22923000.0,-4068000.0,-17729000.0,-0.17,-0.17,-0.17,-88575000.0,,-88575000.0,2859501219.0,150.0,22.243,10944000.0,0.102,1.0,230295000.0,0.435,115458000.0,13661000.0,2028878000.0,,241118000.0,200307000.0,145154000.0,55153000.0,2144730000.0,778599000.0,1366131000.0,1981367219.0,12003000.0,0.0,8302000.0,-3618000.0,0.0,4624000.0,-11965000.0,-771000.0,22138000.0,-2794000.0,-18779000.0,-18779000.0,-18779000.0,0.0,0.0,-0.035,226130000.0,4165000.0,192109000.0,0.0,-22.369,-45.57,-45.171,119403000.0,0.0,18.52,0.868,0.874,513554000.0,-6029236000.0,529162000.0,529162000.0,100761000.0,,,,,10807000.0,106265000.0,1.0,106985271.0,107773000.0,107773000.0,4.91,1940697000.0,0.0,1050000.0,0.0,18.007,902768000.0
27,CIEN,MRQ,2014-09-30,2014-10-31,2014-10-31,2021-09-08,-14668000.0,2072632000.0,,1693190000.0,379442000.0,,-0.651,-12242000.0,586720000.0,586720000.0,370126000.0,-30703000.0,2.168,-30.773,1464854000.0,190063000.0,1274791000.0,1464854000.0,145618000.0,27373000.0,0.0,0.0,0.0,-12846000.0,14527000.0,0.025,14527000.0,-12846000.0,-26405000.0,-0.29,-0.29,-0.29,-69615000.0,,-69615000.0,2717384233.0,133.0,20.399,61607000.0,0.576,1.0,220837000.0,0.374,128677000.0,13559000.0,2040953000.0,,254660000.0,190262000.0,140205000.0,50057000.0,2142247000.0,781136000.0,1361111000.0,1786047233.0,53836000.0,0.0,145000.0,-1384000.0,0.0,-2203000.0,-16423000.0,-4182000.0,73849000.0,-1387000.0,-30703000.0,-30703000.0,-30703000.0,0.0,0.0,-0.052,222652000.0,-1815000.0,209777000.0,0.0,-25.656,-43.951,-44.105,126632000.0,0.0,16.76,0.781,0.775,518981000.0,-6010457000.0,590963000.0,590963000.0,98506000.0,,,,,8726000.0,112956000.0,1.0,106566064.0,106920000.0,106920000.0,5.527,1943955000.0,0.0,4298000.0,0.0,18.181,912054000.0
28,CIEN,MRQ,2014-06-30,2014-07-31,2014-07-31,2021-09-08,-12039000.0,2100417000.0,,1698431000.0,401986000.0,,-0.425,-9489000.0,532884000.0,532884000.0,339589000.0,16160000.0,2.099,-47.517,1464221000.0,190105000.0,1274116000.0,1464221000.0,139668000.0,27539000.0,0.0,0.0,0.0,30674000.0,58213000.0,0.096,58213000.0,30674000.0,19166000.0,0.15,0.15,0.15,-45154000.0,,-45154000.0,2951444375.0,89.0,19.749,41645000.0,0.392,1.0,263973000.0,0.437,141897000.0,11508000.0,2080686000.0,,293092000.0,185269000.0,120250000.0,65019000.0,2145571000.0,809171000.0,1336400000.0,2062239375.0,207749000.0,0.0,8548000.0,247995000.0,0.0,253280000.0,-96335000.0,-86993000.0,51134000.0,-278000.0,16160000.0,16160000.0,16160000.0,0.0,0.0,0.027,226971000.0,37002000.0,236630000.0,0.0,-45.671,-104.518,-102.789,116949000.0,0.0,19.53,0.904,0.91,541573000.0,-5979754000.0,603562000.0,603562000.0,97685000.0,,,,,10761000.0,118204000.0,1.0,105593414.0,106236000.0,120809000.0,5.681,1958520000.0,0.0,3006000.0,0.0,18.436,889260000.0
29,CIEN,MRQ,2014-03-31,2014-04-30,2014-04-30,2021-09-08,-12258000.0,1795464000.0,,1431336000.0,364128000.0,,-0.767,-10709000.0,325083000.0,325083000.0,322370000.0,-10158000.0,1.812,-23.21,1214288000.0,187647000.0,1026641000.0,1214288000.0,142293000.0,27637000.0,0.0,0.0,0.0,5257000.0,32894000.0,0.059,32894000.0,5257000.0,-5763000.0,-0.1,-0.1,-0.1,-80840000.0,,-80840000.0,2959469336.0,209.0,22.007,-8718000.0,-0.083,1.0,237691000.0,0.424,155117000.0,11020000.0,1739498000.0,,293952000.0,105091000.0,90049000.0,15042000.0,1876304000.0,790054000.0,1086250000.0,2076407336.0,-5485000.0,0.0,1558000.0,-758000.0,0.0,800000.0,-8276000.0,488000.0,1991000.0,484000.0,-10158000.0,-10158000.0,-10158000.0,0.0,0.0,-0.018,230529000.0,7162000.0,229498000.0,0.0,-25.685,-55.935,-56.486,119876000.0,0.0,19.77,0.937,0.941,514973000.0,-5995914000.0,560061000.0,560061000.0,103492000.0,,,,,12051000.0,115544000.0,1.0,105028191.0,105451000.0,105451000.0,5.311,1640347000.0,0.0,4395000.0,0.0,15.556,641282000.0
30,CIEN,MRQ,2013-12-31,2014-01-31,2014-01-31,2021-09-08,-14826000.0,1800615000.0,,1416964000.0,383651000.0,,-0.831,-15776000.0,330084000.0,330084000.0,307852000.0,-15936000.0,2.3,-21.73,1213146000.0,0.0,1213146000.0,1213146000.0,120400000.0,30218000.0,0.0,0.0,0.0,-2643000.0,27575000.0,0.052,27575000.0,-2643000.0,-13671000.0,-0.15,-0.15,-0.15,-86861000.0,,-86861000.0,3285045239.0,-744.0,27.324,-52934000.0,-0.507,1.0,225851000.0,0.423,168938000.0,11028000.0,1898583000.0,,284124000.0,110031000.0,94993000.0,15038000.0,1887476000.0,616156000.0,1271320000.0,2419513239.0,-15867000.0,0.0,7412000.0,-762000.0,0.0,6650000.0,14641000.0,30450000.0,-37158000.0,-536000.0,-15936000.0,-15936000.0,-15936000.0,0.0,0.0,-0.03,222496000.0,3355000.0,245828000.0,0.0,-27.855,-44.77,-44.865,119446000.0,0.0,23.33,1.119,1.127,518915000.0,-5985756000.0,533703000.0,533703000.0,101497000.0,,,,,11392000.0,108445000.0,1.0,103708240.0,104501000.0,104501000.0,5.107,1631677000.0,0.0,2265000.0,0.0,15.614,800808000.0
31,CIEN,MRQ,2013-09-30,2013-10-31,2013-10-31,2021-09-08,-7774000.0,1802770000.0,,1395802000.0,406968000.0,,-0.798,-11930000.0,346487000.0,346487000.0,351739000.0,-9797000.0,2.269,-22.805,1212019000.0,0.0,1212019000.0,1212019000.0,112170000.0,30909000.0,0.0,0.0,0.0,-141000.0,30768000.0,0.053,30768000.0,-141000.0,-11087000.0,-0.09,-0.09,-0.09,-82677000.0,,-82677000.0,3232844853.0,-89.0,35.581,-8379000.0,-0.081,1.0,231646000.0,0.397,185828000.0,10946000.0,1867419000.0,,249103000.0,140010000.0,124979000.0,15031000.0,1885447000.0,615055000.0,1270392000.0,2400116853.0,-34100000.0,0.0,1838000.0,-965000.0,0.0,851000.0,-36067000.0,-24554000.0,3551000.0,-27000.0,-9797000.0,-9797000.0,-9797000.0,0.0,0.0,-0.017,232063000.0,-417000.0,254849000.0,0.0,-29.03,-28.094,-28.036,119729000.0,0.0,23.27,1.152,1.144,488578000.0,-5969820000.0,583385000.0,583385000.0,100427000.0,,,,,9688000.0,118769000.0,1.0,103142108.0,103547000.0,103547000.0,5.634,1616942000.0,0.0,-1290000.0,0.0,15.616,780747000.0
32,CIEN,MRQ,2013-06-30,2013-07-31,2013-07-31,2021-09-08,-6536000.0,1727355000.0,,1304477000.0,422878000.0,,-0.81,-10388000.0,378179000.0,378179000.0,310135000.0,-1231000.0,2.411,-21.769,1210907000.0,0.0,1210907000.0,1210907000.0,117490000.0,31580000.0,0.0,0.0,0.0,11664000.0,43244000.0,0.08,43244000.0,11664000.0,692000.0,-0.01,-0.01,-0.01,-83168000.0,,-83168000.0,3104601121.0,-51.0,45.122,31608000.0,0.308,1.0,228221000.0,0.424,203652000.0,10972000.0,1815307000.0,,235530000.0,115003000.0,99981000.0,15022000.0,1810523000.0,541124000.0,1269399000.0,2251285121.0,24086000.0,0.0,8105000.0,-943000.0,0.0,7153000.0,-25063000.0,-14917000.0,41996000.0,-2405000.0,-1231000.0,-1231000.0,-1231000.0,0.0,0.0,-0.002,213390000.0,14831000.0,208707000.0,0.0,-27.069,-19.678,-19.351,114041000.0,0.0,22.06,1.146,1.153,430424000.0,-5960023000.0,538356000.0,538356000.0,93069000.0,,,,,9885000.0,107679000.0,1.0,102052816.0,102713000.0,102713000.0,5.241,1523703000.0,0.0,1923000.0,0.0,14.835,763353000.0
33,CIEN,MRQ,2013-03-31,2013-04-30,2013-04-30,2021-09-08,-4546000.0,1693344000.0,,1264158000.0,429186000.0,,-0.961,-9253000.0,356498000.0,356498000.0,298199000.0,-27079000.0,2.43,-18.29,1209814000.0,0.0,1209814000.0,1209814000.0,126875000.0,31935000.0,0.0,0.0,0.0,-13296000.0,18639000.0,0.037,18639000.0,-13296000.0,-24688000.0,-0.27,-0.27,-0.27,-97937000.0,,-97937000.0,2391533162.0,-26.0,59.248,35604000.0,0.349,1.0,209513000.0,0.413,221476000.0,11392000.0,1804978000.0,,248096000.0,99973000.0,99973000.0,0.0,1791281000.0,520206000.0,1271075000.0,1518845162.0,-195590000.0,0.0,135000.0,-216961000.0,0.0,-217250000.0,-23197000.0,-14996000.0,44857000.0,-179000.0,-27079000.0,-27079000.0,-27079000.0,0.0,0.0,-0.053,220093000.0,-10580000.0,198820000.0,0.0,-15.508,-10.622,-10.462,117553000.0,0.0,14.96,0.799,0.802,421014000.0,-5958792000.0,507712000.0,507712000.0,100787000.0,,,,,9827000.0,105358000.0,1.0,101527083.0,101913000.0,101913000.0,4.982,1471868000.0,0.0,2391000.0,0.0,14.442,743952000.0
34,CIEN,MRQ,2012-12-31,2013-01-31,2013-01-31,2021-09-08,-2361000.0,1885172000.0,,1434873000.0,450299000.0,,-0.777,-12243000.0,552267000.0,552267000.0,257298000.0,-47324000.0,2.068,-24.974,1424955000.0,216210000.0,1208745000.0,1424955000.0,108478000.0,32583000.0,0.0,0.0,0.0,-34376000.0,-1793000.0,-0.004,-1793000.0,-34376000.0,-45108000.0,-0.47,-0.47,-0.47,-78635000.0,,-78635000.0,2375135343.0,-25.0,61.398,-57969000.0,-0.573,1.0,195795000.0,0.432,239300000.0,10732000.0,1824845000.0,,266901000.0,84918000.0,84918000.0,0.0,1963807000.0,693715000.0,1270092000.0,1575563343.0,-90353000.0,0.0,5820000.0,-676000.0,0.0,1907000.0,-46534000.0,-34918000.0,-45726000.0,176000.0,-47324000.0,-47324000.0,-47324000.0,0.0,0.0,-0.104,201404000.0,-5609000.0,182671000.0,0.0,-20.036,-10.965,-10.875,122207000.0,0.0,15.66,0.842,0.847,394785000.0,-5931713000.0,453093000.0,453093000.0,89125000.0,,,,,8320000.0,94796000.0,1.0,100610686.0,101204000.0,101204000.0,4.477,1645872000.0,0.0,2216000.0,0.0,16.263,741158000.0
35,CIEN,MRQ,2012-09-30,2012-10-31,2012-10-31,2021-09-08,-3354000.0,1881143000.0,,1415690000.0,465453000.0,,-0.884,-15098000.0,642444000.0,642444000.0,273325000.0,-38771000.0,2.067,-22.143,1442016000.0,216210000.0,1225806000.0,1442016000.0,107076000.0,34117000.0,0.0,0.0,0.0,-25403000.0,8714000.0,0.019,8714000.0,-25403000.0,-36243000.0,-0.39,-0.39,-0.39,-88972000.0,,-88972000.0,2069386939.0,-22.0,53.681,-4510000.0,-0.045,1.0,192206000.0,0.413,257137000.0,10840000.0,1738608000.0,,260098000.0,50057000.0,50057000.0,0.0,1970115000.0,684970000.0,1285145000.0,1244510939.0,22186000.0,0.0,145000.0,-664000.0,0.0,-2851000.0,16953000.0,0.0,10588000.0,522000.0,-38771000.0,-38771000.0,-38771000.0,0.0,0.0,-0.083,214141000.0,-21935000.0,179704000.0,0.0,-13.988,-8.641,-8.566,123580000.0,0.0,12.42,0.679,0.673,345496000.0,-5884389000.0,465531000.0,465531000.0,95801000.0,,,,,8738000.0,103805000.0,1.0,100202169.0,100598000.0,100598000.0,4.628,1624006000.0,0.0,2528000.0,0.0,16.144,730720000.0
36,CIEN,MRQ,2012-06-30,2012-07-31,2012-07-31,2021-09-08,-4529000.0,1915261000.0,,1410521000.0,504740000.0,,-0.605,-16850000.0,617232000.0,617232000.0,292769000.0,-29817000.0,2.015,-32.784,1442108000.0,216210000.0,1225898000.0,1442108000.0,101727000.0,32535000.0,0.0,0.0,0.0,-17730000.0,14805000.0,0.031,14805000.0,-17730000.0,-27327000.0,-0.3,-0.3,-0.3,-60258000.0,,-60258000.0,2446082280.0,-31.0,45.111,6295000.0,0.063,1.0,181321000.0,0.382,275670000.0,9597000.0,1764306000.0,,245043000.0,50115000.0,50115000.0,0.0,1975519000.0,700161000.0,1275358000.0,1589436280.0,32818000.0,0.0,6307000.0,-532000.0,0.0,5775000.0,3898000.0,0.0,23145000.0,-1133000.0,-29817000.0,-29817000.0,-29817000.0,0.0,0.0,-0.063,196593000.0,-15272000.0,205662000.0,0.0,-26.377,-12.458,-12.426,118568000.0,0.0,16.03,0.871,0.875,379092000.0,-5845618000.0,474090000.0,474090000.0,88315000.0,,,,,6826000.0,93273000.0,1.0,99153854.0,99530000.0,99530000.0,4.763,1639591000.0,0.0,2490000.0,0.0,16.473,710360000.0
37,CIEN,MRQ,2012-03-31,2012-04-30,2012-04-30,2021-09-08,-2024000.0,1928640000.0,,1409602000.0,519038000.0,,-0.415,-8252000.0,585547000.0,585547000.0,294676000.0,-27780000.0,2.905,-47.961,1442193000.0,0.0,1442193000.0,1442193000.0,129834000.0,32808000.0,0.0,0.0,0.0,-15850000.0,16958000.0,0.036,16958000.0,-15850000.0,-25496000.0,-0.28,-0.28,-0.28,-41069000.0,,-41069000.0,2353954991.0,-28.0,43.429,52223000.0,0.528,1.0,182941000.0,0.383,293769000.0,9646000.0,2006285000.0,,242724000.0,50166000.0,50166000.0,0.0,1969709000.0,485232000.0,1484477000.0,1462136991.0,35234000.0,0.0,46000.0,-699000.0,0.0,-653000.0,-24588000.0,0.0,60475000.0,-148000.0,-27780000.0,-27780000.0,-27780000.0,0.0,0.0,-0.058,194404000.0,-11463000.0,174176000.0,0.0,-35.602,-11.316,-11.227,115773000.0,0.0,14.82,0.819,0.822,397291000.0,-5815801000.0,477617000.0,477617000.0,90399000.0,,,,,7942000.0,89187000.0,1.0,98659716.0,98981000.0,98981000.0,4.825,1634871000.0,0.0,2284000.0,0.0,16.517,924370000.0
38,CIEN,MRQ,2011-12-31,2012-01-31,2012-01-31,2021-09-08,-1851000.0,1918256000.0,,1375364000.0,542892000.0,,-0.215,-7898000.0,550461000.0,550461000.0,248929000.0,-47653000.0,3.011,-91.895,1442279000.0,0.0,1442279000.0,1442279000.0,101164000.0,34136000.0,0.0,0.0,0.0,-36063000.0,-1927000.0,-0.005,-1927000.0,-36063000.0,-45633000.0,-0.49,-0.49,-0.49,-21104000.0,,-21104000.0,2318257946.0,-20.0,114.885,4983000.0,0.051,1.0,167756000.0,0.403,312220000.0,9570000.0,2041113000.0,,248651000.0,50239000.0,50239000.0,0.0,1939360000.0,456741000.0,1482619000.0,1417789946.0,10310000.0,0.0,5669000.0,0.0,0.0,5669000.0,-8240000.0,524000.0,12881000.0,-1745000.0,-47653000.0,-47653000.0,-47653000.0,0.0,0.0,-0.114,198932000.0,-31176000.0,176747000.0,0.0,-67.181,-8.639,-8.559,118105000.0,0.0,14.55,0.822,0.827,399457000.0,-5788021000.0,416685000.0,416685000.0,89664000.0,,,,,8888000.0,94075000.0,1.0,97442608.0,98066000.0,98066000.0,4.249,1606036000.0,0.0,2020000.0,0.0,16.377,918623000.0
39,CIEN,MRQ,2011-09-30,2011-10-31,2011-10-31,2021-09-08,31000.0,1951418000.0,,1332838000.0,618580000.0,,0.143,-11229000.0,541896000.0,541896000.0,265545000.0,-22329000.0,2.939,139.663,1442364000.0,0.0,1442364000.0,1442364000.0,123798000.0,34749000.0,0.0,0.0,0.0,-10361000.0,24388000.0,0.054,24388000.0,-10361000.0,-19861000.0,-0.22,-0.22,-0.22,13873000.0,,13873000.0,2233049082.0,-15.0,362.567,30771000.0,0.316,1.0,189910000.0,0.417,331635000.0,9500000.0,2066758000.0,,230076000.0,50264000.0,0.0,50264000.0,1937545000.0,453493000.0,1484052000.0,1276932082.0,55876000.0,0.0,19000.0,0.0,0.0,19000.0,14795000.0,6546000.0,42000000.0,-1250000.0,-22329000.0,-22329000.0,-22329000.0,0.0,0.0,-0.049,206208000.0,-16298000.0,157116000.0,0.0,92.044,-6.531,-6.461,122558000.0,0.0,13.18,0.733,0.725,417509000.0,-5740368000.0,455455000.0,455455000.0,91232000.0,,,,,10011000.0,98511000.0,1.0,96884073.0,97249000.0,97249000.0,4.683,1619783000.0,0.0,2468000.0,0.0,16.656,879345000.0
40,CIEN,MRQ,2011-06-30,2011-07-31,2011-07-31,2021-09-08,2430000.0,1938433000.0,,1286386000.0,652047000.0,,0.297,-11718000.0,486332000.0,486332000.0,250416000.0,-31450000.0,3.031,66.846,1442449000.0,0.0,1442449000.0,1442449000.0,127290000.0,35328000.0,0.0,0.0,0.0,-20545000.0,14783000.0,0.034,14783000.0,-20545000.0,-30015000.0,-0.33,-0.33,-0.33,28571000.0,,28571000.0,2414932850.0,-11.0,-76.263,-28755000.0,-0.299,1.0,184897000.0,0.425,349845000.0,9470000.0,2120348000.0,,243827000.0,50227000.0,0.0,50227000.0,1909862000.0,424357000.0,1485505000.0,1479238850.0,-19971000.0,0.0,5658000.0,0.0,0.0,5658000.0,-8592000.0,0.0,-17037000.0,-537000.0,-31450000.0,-31450000.0,-31450000.0,0.0,0.0,-0.072,202282000.0,-17385000.0,140806000.0,0.0,51.774,-5.835,-5.769,126174000.0,0.0,15.46,0.868,0.874,414826000.0,-5718039000.0,435313000.0,435313000.0,93216000.0,,,,,9033000.0,90067000.0,1.0,95681685.0,96313000.0,96313000.0,4.52,1588588000.0,0.0,1435000.0,0.0,16.494,862029000.0
41,CIEN,MRQ,2011-03-31,2011-04-30,2011-04-30,2021-09-08,6805000.0,2004884000.0,,1323402000.0,681482000.0,,0.521,-12155000.0,506840000.0,506840000.0,252061000.0,-62686000.0,2.824,39.336,1442534000.0,0.0,1442534000.0,1442534000.0,124048000.0,34324000.0,0.0,0.0,0.0,-51389000.0,-17065000.0,-0.041,-17065000.0,-51389000.0,-60795000.0,-0.66,-0.66,-0.66,49705000.0,,49705000.0,3499754546.0,-12.0,-41.073,-63942000.0,-0.671,1.0,165833000.0,0.397,369775000.0,9406000.0,2102251000.0,,285696000.0,50098000.0,0.0,50098000.0,1955179000.0,468552000.0,1486627000.0,2682955546.0,-119934000.0,0.0,2250000.0,0.0,0.0,2250000.0,-70397000.0,-49894000.0,-51787000.0,954000.0,-62686000.0,-62686000.0,-62686000.0,0.0,0.0,-0.15,221451000.0,-55618000.0,178747000.0,0.0,53.978,-8.083,-8.0,126399000.0,0.0,28.24,1.618,1.624,391330000.0,-5686589000.0,417894000.0,417894000.0,99624000.0,,,,,9022000.0,94248000.0,1.0,95005508.0,95360000.0,95360000.0,4.382,1635109000.0,0.0,1891000.0,0.0,17.147,854850000.0
42,CIEN,MRQ,2010-12-31,2011-01-31,2011-01-31,2021-09-08,813000.0,2049644000.0,,1397942000.0,651702000.0,,1.007,-17265000.0,625820000.0,625820000.0,264802000.0,-79056000.0,2.994,20.546,1442619000.0,0.0,1442619000.0,1442619000.0,105476000.0,51680000.0,0.0,0.0,0.0,-67627000.0,-15947000.0,-0.037,-15947000.0,-67627000.0,-77177000.0,-0.84,-0.84,-0.84,95127000.0,,95127000.0,2828070131.0,-9.0,-23.189,-80926000.0,-0.856,1.0,168506000.0,0.389,389275000.0,9550000.0,2010318000.0,,267346000.0,0.0,0.0,0.0,1954517000.0,466850000.0,1487667000.0,2074052131.0,-62762000.0,16394000.0,5275000.0,0.0,0.0,5275000.0,-4376000.0,0.0,-63661000.0,-105000.0,-79056000.0,-79056000.0,-79056000.0,0.0,0.0,-0.182,245687000.0,-77181000.0,202236000.0,0.0,21.803,-5.773,-5.737,123956000.0,0.0,22.03,1.388,1.393,369718000.0,-5623903000.0,433308000.0,433308000.0,95790000.0,,,,,9864000.0,95406000.0,1.0,94146715.0,94496000.0,94496000.0,4.585,1660369000.0,0.0,1879000.0,0.0,17.571,931092000.0
43,CIEN,MRQ,2010-09-30,2010-10-31,2010-10-31,2021-09-08,1062000.0,2118093000.0,,1441568000.0,676525000.0,,1.697,-16561000.0,688687000.0,688687000.0,249224000.0,-80317000.0,3.068,12.297,1442705000.0,0.0,1442705000.0,1442705000.0,105049000.0,59185000.0,0.0,0.0,0.0,-72622000.0,-13437000.0,-0.032,-13437000.0,-72622000.0,-79310000.0,-0.85,-0.85,-0.85,159293000.0,,159293000.0,1996570842.0,-6.0,-13.948,-42335000.0,-0.451,1.0,168390000.0,0.403,426412000.0,6688000.0,1975754000.0,,261619000.0,0.0,0.0,0.0,1958800000.0,469945000.0,1488855000.0,1292227842.0,217786000.0,0.0,646000.0,264318000.0,0.0,264964000.0,-22086000.0,151000.0,-25774000.0,1346000.0,-80317000.0,-80317000.0,-80317000.0,0.0,0.0,-0.192,263377000.0,-94987000.0,200617000.0,0.0,8.112,-3.875,-3.858,120294000.0,0.0,13.81,1.045,1.04,343582000.0,-5544847000.0,417614000.0,417614000.0,105582000.0,,,,,9109000.0,97600000.0,1.0,93571893.0,93859000.0,93859000.0,4.449,1691681000.0,0.0,1007000.0,0.0,18.024,971623000.0
44,CIEN,MRQ,2010-06-30,2010-07-31,2010-07-31,2021-09-08,-498000.0,1811471000.0,,1071433000.0,740038000.0,,2.457,-16371000.0,470237000.0,470237000.0,245666000.0,-109855000.0,2.973,6.935,1174580000.0,0.0,1174580000.0,1174580000.0,90777000.0,63461000.0,0.0,0.0,0.0,-102221000.0,-38760000.0,-0.099,-38760000.0,-102221000.0,-108211000.0,-1.18,-1.18,-1.18,228295000.0,,228295000.0,1809036434.0,-7.0,-12.678,-146371000.0,-1.575,1.0,144009000.0,0.37,508696000.0,5990000.0,1646737000.0,,222164000.0,184000.0,184000.0,0.0,1583176000.0,360381000.0,1222795000.0,1218600434.0,-113436000.0,18685000.0,93000.0,-5344000.0,0.0,-5251000.0,21815000.0,29300000.0,-130000000.0,-556000.0,-109855000.0,-109855000.0,-109855000.0,0.0,0.0,-0.282,243562000.0,-99553000.0,118972000.0,0.0,5.338,-4.354,-4.363,118755000.0,0.0,13.09,1.224,1.222,260277000.0,-5464530000.0,389675000.0,389675000.0,100869000.0,,,,,9652000.0,84776000.0,1.0,93093998.0,92906000.0,92906000.0,4.194,1302775000.0,0.0,1644000.0,1306000.0,14.023,711052000.0
45,CIEN,MRQ,2010-03-31,2010-04-30,2010-04-30,2021-09-08,230000.0,1906961000.0,,1121376000.0,785585000.0,,3.554,-11266000.0,584229000.0,584229000.0,148529000.0,-90009000.0,3.184,4.794,1174665000.0,0.0,1174665000.0,1174665000.0,91691000.0,33659000.0,0.0,0.0,0.0,-87474000.0,-53815000.0,-0.212,-53815000.0,-87474000.0,-91587000.0,-0.97,-0.97,-0.97,329133000.0,,329133000.0,1940152940.0,-10.0,-16.909,-88973000.0,-0.961,1.0,104942000.0,0.414,557176000.0,4113000.0,1587986000.0,,233405000.0,29537000.0,29537000.0,0.0,1577828000.0,352235000.0,1225593000.0,1715332940.0,10909000.0,-673482000.0,748000.0,369660000.0,0.0,370408000.0,-281792000.0,406482000.0,-77707000.0,140000.0,-90009000.0,-90009000.0,-90009000.0,0.0,0.0,-0.355,196164000.0,-91222000.0,105138000.0,0.0,5.212,-8.731,-8.782,110885000.0,0.0,18.53,2.227,2.228,178959000.0,-5354675000.0,253471000.0,253471000.0,71142000.0,,,,,8517000.0,66831000.0,1.0,92570585.0,92614000.0,92614000.0,2.737,1349785000.0,0.0,-1578000.0,1306000.0,14.574,769141000.0
46,CIEN,MRQ,2009-12-31,2010-01-31,2010-01-31,2021-09-08,404000.0,1481107000.0,,1278067000.0,203040000.0,,4.442,-7009000.0,573180000.0,573180000.0,95716000.0,-53333000.0,5.8,2.612,798000000.0,0.0,798000000.0,798000000.0,80899000.0,13502000.0,0.0,0.0,0.0,-50637000.0,-37135000.0,-0.211,-37135000.0,-50637000.0,-52465000.0,-0.58,-0.58,-0.58,410051000.0,,410051000.0,1485787520.0,-2.0,-2.705,-2538000.0,-0.027,1.0,80160000.0,0.456,53433000.0,1828000.0,1432129000.0,,95431000.0,436457000.0,428409000.0,8048000.0,1071056000.0,220365000.0,850691000.0,1173492520.0,87723000.0,-38450000.0,83000.0,0.0,0.0,83000.0,83169000.0,134148000.0,4471000.0,-248000.0,-53333000.0,-53333000.0,-53333000.0,0.0,0.0,-0.303,130024000.0,-49864000.0,76211000.0,0.0,2.862,-1.925,-1.912,64351000.0,0.0,12.75,1.775,1.78,105624000.0,-5264666000.0,175876000.0,175876000.0,50033000.0,,,,,8282000.0,47000000.0,1.0,92038629.0,92321000.0,92321000.0,1.905,1427674000.0,0.0,868000.0,1306000.0,15.464,1057702000.0
47,CIEN,MRQ,2009-09-30,2009-10-31,2009-10-31,2021-09-08,1223000.0,1504383000.0,,1305762000.0,198621000.0,,4.968,-6484000.0,485705000.0,485705000.0,98668000.0,-26659000.0,6.567,2.3,798000000.0,0.0,798000000.0,798000000.0,75933000.0,13288000.0,0.0,0.0,0.0,-26268000.0,-12980000.0,-0.074,-12980000.0,-26268000.0,-28122000.0,-0.27,-0.27,-0.27,455838000.0,,455838000.0,1415965316.0,-2.0,-2.714,-4567000.0,-0.05,1.0,77602000.0,0.44,60820000.0,1854000.0,1557029000.0,,88086000.0,571214000.0,563183000.0,8031000.0,1048545000.0,198829000.0,849716000.0,1073697316.0,30473000.0,0.0,574000.0,0.0,0.0,574000.0,27282000.0,35968000.0,1917000.0,200000.0,-26659000.0,-26659000.0,-26659000.0,0.0,0.0,-0.151,104190000.0,-26588000.0,53104000.0,0.0,2.355,-1.848,-1.841,61868000.0,0.0,11.73,1.645,1.639,118251000.0,-5211333000.0,176270000.0,176270000.0,49695000.0,,,,,8363000.0,47730000.0,1.0,91534298.0,91758000.0,91758000.0,1.921,1443563000.0,0.0,-1463000.0,0.0,15.732,1106933000.0
48,CIEN,MRQ,2009-06-30,2009-07-31,2009-07-31,2021-09-08,1787000.0,1511226000.0,,1317022000.0,194204000.0,,5.189,-4998000.0,455732000.0,455732000.0,90093000.0,-26454000.0,7.026,2.187,798000000.0,0.0,798000000.0,798000000.0,78500000.0,13314000.0,0.0,0.0,0.0,-24128000.0,-10814000.0,-0.066,-10814000.0,-24128000.0,-25984000.0,-0.29,-0.29,-0.29,474124000.0,,474124000.0,1231754428.0,-2.0,-2.373,-1479000.0,-0.016,1.0,74665000.0,0.453,68445000.0,1856000.0,1597599000.0,,89600000.0,607094000.0,607094000.0,0.0,1037102000.0,187450000.0,849652000.0,1017235428.0,-128264000.0,0.0,-6000.0,0.0,0.0,-6000.0,-131777000.0,-124974000.0,3519000.0,515000.0,-26454000.0,-26454000.0,-26454000.0,0.0,0.0,-0.161,97599000.0,-22934000.0,52337000.0,0.0,2.146,-1.754,-1.752,60608000.0,0.0,11.16,1.551,1.554,120271000.0,-5184674000.0,164758000.0,164758000.0,44442000.0,,,,,8484000.0,42992000.0,1.0,91150128.0,91364000.0,91364000.0,1.803,1442781000.0,0.0,470000.0,0.0,15.792,1129572000.0
49,CIEN,MRQ,2009-03-31,2009-04-30,2009-04-30,2021-09-08,-33000.0,1511092000.0,,1300154000.0,210938000.0,,5.392,-6492000.0,583481000.0,583481000.0,83481000.0,-503210000.0,7.451,2.082,798000000.0,0.0,798000000.0,798000000.0,77999000.0,13608000.0,0.0,0.0,0.0,-502030000.0,-488422000.0,-3.387,-488422000.0,-502030000.0,-503882000.0,-5.53,-5.53,-5.53,490280000.0,,490280000.0,1346570495.0,-3.0,-2.82,-3628000.0,-0.04,1.0,60720000.0,0.421,76319000.0,1852000.0,1474803000.0,,91269000.0,482294000.0,482294000.0,0.0,1020812000.0,174489000.0,846323000.0,1083555495.0,48557000.0,0.0,481000.0,0.0,0.0,481000.0,45212000.0,51729000.0,2864000.0,-61000.0,-503210000.0,-503210000.0,-503210000.0,0.0,0.0,-3.49,563688000.0,-502968000.0,32488000.0,0.0,2.21,-2.0,-2.008,60099000.0,0.0,11.95,1.456,1.46,116671000.0,-5158220000.0,144201000.0,144201000.0,49482000.0,,,,,9097000.0,45910000.0,1.0,90674100.0,90932000.0,90932000.0,1.586,1434773000.0,0.0,-672000.0,0.0,15.779,1125665000.0
50,CIEN,MRQ,2008-12-31,2009-01-31,2009-01-31,2021-09-08,-1843000.0,2000551000.0,,1178549000.0,822002000.0,,10.838,-6140000.0,534985000.0,534985000.0,95557000.0,-24831000.0,6.782,1.037,798000000.0,0.0,798000000.0,798000000.0,71894000.0,13152000.0,0.0,0.0,0.0,-22646000.0,-9494000.0,-0.057,-9494000.0,-22646000.0,-24490000.0,-0.27,-0.27,-0.27,982102000.0,,982102000.0,812259229.0,-143.0,15.431,-7019000.0,-0.077,1.0,71843000.0,0.429,539867000.0,1844000.0,1549935000.0,,91283000.0,534064000.0,387618000.0,146446000.0,1018449000.0,173764000.0,844685000.0,564928229.0,-15730000.0,0.0,58000.0,0.0,0.0,58000.0,-14909000.0,-8685000.0,-879000.0,46000.0,-24831000.0,-24831000.0,-24831000.0,0.0,0.0,-0.148,98584000.0,-26741000.0,50194000.0,0.0,0.575,-38.316,-41.6,59390000.0,0.0,6.24,0.671,0.671,130477000.0,-4655010000.0,167400000.0,167400000.0,46700000.0,,,,,8494000.0,45404000.0,1.0,90533370.0,90620000.0,90620000.0,1.847,1460684000.0,0.0,341000.0,1162000.0,16.119,1004785000.0
51,CIEN,MRQ,2008-09-30,2008-10-31,2008-10-31,2021-09-08,-1275000.0,2024594000.0,,1184786000.0,839808000.0,,11.103,-7051000.0,550669000.0,550669000.0,98523000.0,-25396000.0,6.606,1.027,798000000.0,0.0,798000000.0,798000000.0,74427000.0,15268000.0,0.0,0.0,0.0,-25670000.0,-10402000.0,-0.058,-10402000.0,-25670000.0,-27523000.0,-0.28,-0.21,-0.28,998949000.0,,998949000.0,794829897.0,15.0,7.159,-11659000.0,-0.13,1.0,81131000.0,0.452,547922000.0,1853000.0,1544664000.0,,93452000.0,522507000.0,366336000.0,156171000.0,1025645000.0,179339000.0,846306000.0,867932897.0,-322261000.0,0.0,530000.0,-1034000.0,0.0,-186000.0,-316773000.0,-309642000.0,-4608000.0,-867000.0,-25396000.0,-25396000.0,-25396000.0,0.0,0.0,-0.141,111597000.0,-30466000.0,44761000.0,0.0,0.869,22.315,21.841,59967000.0,0.0,9.61,0.962,0.949,138441000.0,-4630179000.0,179654000.0,179654000.0,47142000.0,,,,,7022000.0,54982000.0,1.0,90315598.0,89971000.0,110458000.0,1.997,1476672000.0,0.0,-2127000.0,0.0,16.413,1005447000.0
52,CIEN,MRQ,2008-06-30,2008-07-31,2008-07-31,2021-09-08,811000.0,2061699000.0,,1312030000.0,749669000.0,,11.29,-8775000.0,873103000.0,873103000.0,127548000.0,11723000.0,6.785,1.024,800000000.0,0.0,800000000.0,800000000.0,76365000.0,15555000.0,0.0,0.0,0.0,15181000.0,30736000.0,0.121,30736000.0,15181000.0,13326000.0,0.13,0.12,0.13,1018562000.0,,1018562000.0,1699647447.0,14.0,9.901,24887000.0,0.276,1.0,125631000.0,0.496,557983000.0,1855000.0,1237233000.0,,106343000.0,212973000.0,155818000.0,57155000.0,1043137000.0,193380000.0,849757000.0,1863499447.0,-90733000.0,-51000.0,668000.0,0.0,0.0,668000.0,-125063000.0,-122586000.0,33662000.0,-16000.0,11723000.0,11723000.0,11723000.0,0.0,0.0,0.046,110678000.0,14953000.0,61780000.0,0.0,1.83,19.678,18.963,58723000.0,0.0,20.67,1.985,1.986,138142000.0,-4604782000.0,253179000.0,253179000.0,47809000.0,,,,,8654000.0,54198000.0,1.0,90154787.0,90216000.0,111681000.0,2.806,1503716000.0,0.0,1603000.0,2140000.0,16.668,1118650000.0
53,CIEN,MRQ,2008-03-31,2008-04-30,2008-04-30,2021-09-08,556000.0,2055771000.0,,1333382000.0,722389000.0,,11.192,-7506000.0,963852000.0,963852000.0,114603000.0,23760000.0,6.327,1.061,800000000.0,0.0,800000000.0,800000000.0,80013000.0,14345000.0,0.0,0.0,0.0,27454000.0,41799000.0,0.173,41799000.0,27454000.0,25593000.0,0.27,0.23,0.27,997262000.0,,997262000.0,2821114668.0,20.0,15.055,67396000.0,0.756,1.0,127596000.0,0.527,568521000.0,1861000.0,1112661000.0,,125406000.0,95409000.0,69768000.0,25641000.0,1058509000.0,210737000.0,847772000.0,2943420668.0,41500000.0,-209965000.0,3324000.0,-12363000.0,0.0,-9039000.0,-24363000.0,197774000.0,74902000.0,46000.0,23760000.0,23760000.0,23760000.0,0.0,0.0,0.098,108629000.0,18967000.0,69953000.0,0.0,2.952,26.448,26.209,55593000.0,0.0,33.81,3.304,3.382,132065000.0,-4616505000.0,242199000.0,242199000.0,44628000.0,,,,,8871000.0,55241000.0,1.0,87057695.0,89102000.0,110770000.0,2.718,1487250000.0,0.0,1833000.0,1999000.0,16.692,1122645000.0
54,CIEN,MRQ,2007-12-31,2008-01-31,2008-01-31,2021-09-08,582000.0,1913416000.0,,1470674000.0,442742000.0,,10.23,-6666000.0,922306000.0,922306000.0,110847000.0,28807000.0,8.065,1.152,800000000.0,0.0,800000000.0,800000000.0,62264000.0,11387000.0,0.0,0.0,0.0,37501000.0,48888000.0,0.215,48888000.0,37501000.0,30143000.0,0.33,0.28,0.33,889061000.0,,889061000.0,2805055537.0,21.0,15.971,6997000.0,0.081,1.0,116569000.0,0.513,291250000.0,7358000.0,1317511000.0,,103520000.0,293589000.0,259643000.0,33946000.0,1024355000.0,182349000.0,842006000.0,2354854537.0,30102000.0,0.0,1254000.0,-542262000.0,0.0,-541008000.0,557447000.0,564376000.0,13663000.0,143000.0,28807000.0,28807000.0,28807000.0,0.0,0.0,0.127,98150000.0,18419000.0,66385000.0,0.0,2.649,23.422,23.188,48878000.0,0.0,27.13,2.796,2.8,144639000.0,-4640265000.0,227416000.0,227416000.0,35444000.0,,,,,6881000.0,56236000.0,1.0,86798914.0,86910000.0,109009000.0,2.617,1622166000.0,0.0,1336000.0,2052000.0,18.665,1288325000.0
55,CIEN,MRQ,2007-09-30,2007-10-31,2007-10-31,2021-09-08,-1243000.0,2416273000.0,,1968759000.0,447514000.0,,9.852,-10663000.0,892061000.0,892061000.0,107044000.0,30410000.0,2.695,1.842,1342262000.0,542262000.0,800000000.0,1342262000.0,63640000.0,10858000.0,0.0,0.0,0.0,39384000.0,50242000.0,0.232,50242000.0,39384000.0,31615000.0,0.36,0.3,0.36,850154000.0,,850154000.0,4732233209.0,42.0,30.574,684000.0,0.008,1.0,109146000.0,0.505,299159000.0,7769000.0,1836923000.0,,102618000.0,856131000.0,822185000.0,33946000.0,1566119000.0,730392000.0,835727000.0,4114242209.0,167790000.0,0.0,18521000.0,-319000.0,0.0,18202000.0,137801000.0,149837000.0,11347000.0,440000.0,30410000.0,30410000.0,30410000.0,0.0,0.0,0.141,82026000.0,27120000.0,55389000.0,0.0,4.839,49.696,49.34,46671000.0,0.0,47.86,5.276,5.249,104078000.0,-4669212000.0,216190000.0,216190000.0,34130000.0,,,,,5314000.0,46341000.0,1.0,85964108.0,86296000.0,109849000.0,2.505,2117114000.0,0.0,1205000.0,7768000.0,24.533,1238367000.0
56,CIEN,MRQ,2007-06-30,2007-07-31,2007-07-31,2021-09-08,-1929000.0,2413679000.0,,1995092000.0,418587000.0,,9.284,-7004000.0,724271000.0,724271000.0,107286000.0,28312000.0,2.688,2.035,1342262000.0,542262000.0,800000000.0,1342262000.0,60124000.0,10372000.0,0.0,0.0,0.0,36084000.0,46456000.0,0.227,46456000.0,36084000.0,29153000.0,0.33,0.29,0.33,795223000.0,,795223000.0,3491207732.0,38.0,25.928,57104000.0,0.667,1.0,97665000.0,0.477,301501000.0,6931000.0,1987855000.0,,105141000.0,1012846000.0,1004492000.0,8354000.0,1618456000.0,742314000.0,876142000.0,3119251732.0,253965000.0,0.0,12198000.0,488569000.0,0.0,458267000.0,-268410000.0,-255051000.0,64108000.0,0.0,28312000.0,28312000.0,28312000.0,0.0,0.0,0.138,81637000.0,16028000.0,51798000.0,0.0,3.922,47.652,47.442,41462000.0,0.0,36.53,4.311,4.324,117806000.0,-4699622000.0,204951000.0,204951000.0,31671000.0,,,,,5321000.0,44867000.0,1.0,85388769.0,85651000.0,101568000.0,2.393,2112178000.0,0.0,841000.0,6676000.0,24.66,1252778000.0
57,CIEN,MRQ,2007-03-31,2007-04-30,2007-04-30,2021-09-08,-1694000.0,1923056000.0,,1425174000.0,497882000.0,,9.297,-7848000.0,470306000.0,470306000.0,111697000.0,13010000.0,1.89,1.428,842262000.0,542262000.0,300000000.0,842262000.0,60168000.0,10410000.0,0.0,0.0,0.0,19635000.0,30045000.0,0.155,30045000.0,19635000.0,13487000.0,0.15,0.14,0.15,792127000.0,,792127000.0,2950156229.0,50.0,29.174,36733000.0,0.431,1.0,81830000.0,0.423,308764000.0,6148000.0,1232274000.0,,118790000.0,752209000.0,646653000.0,105556000.0,1130929000.0,753974000.0,376955000.0,2481973229.0,96227000.0,0.0,3335000.0,0.0,0.0,3335000.0,48311000.0,61187000.0,44581000.0,0.0,13010000.0,13010000.0,13010000.0,0.0,0.0,0.067,79092000.0,2738000.0,69942000.0,0.0,3.133,75.527,74.769,37567000.0,0.0,29.16,3.698,3.702,145495000.0,-4727934000.0,193527000.0,193527000.0,31642000.0,,,,,5648000.0,41889000.0,1.0,85115680.0,85198000.0,93737000.0,2.271,1614292000.0,0.0,477000.0,6479000.0,18.948,671200000.0
58,CIEN,MRQ,2006-12-31,2007-01-31,2007-01-31,2021-09-08,-1743000.0,1861656000.0,,1160077000.0,701579000.0,,9.065,-6590000.0,374079000.0,374079000.0,91473000.0,11056000.0,6.84,1.417,842262000.0,0.0,842262000.0,842262000.0,42862000.0,10413000.0,0.0,0.0,0.0,17625000.0,28038000.0,0.17,28038000.0,17625000.0,11477000.0,0.13,0.12,0.13,770085000.0,,770085000.0,3008056420.0,69.0,34.578,-17884000.0,-0.211,1.0,73628000.0,0.446,316026000.0,6148000.0,1844203000.0,,103548000.0,811005000.0,496628000.0,314377000.0,1091571000.0,169610000.0,921961000.0,2385958420.0,153915000.0,0.0,2781000.0,0.0,0.0,2781000.0,162428000.0,169539000.0,-11294000.0,0.0,11056000.0,11056000.0,11056000.0,0.0,0.0,0.067,70848000.0,2780000.0,37997000.0,0.0,3.098,132.982,127.682,32867000.0,0.0,28.09,3.92,3.92,139422000.0,-4740944000.0,165101000.0,165101000.0,29853000.0,,,,,3289000.0,35166000.0,1.0,84939780.0,84953000.0,93259000.0,1.943,1545630000.0,0.0,421000.0,6298000.0,18.194,990467000.0
59,CIEN,MRQ,2006-09-30,2006-10-31,2006-10-31,2021-09-08,-1076000.0,1839713000.0,,1098186000.0,741527000.0,,8.902,-4428000.0,220164000.0,220164000.0,87196000.0,13081000.0,6.796,1.441,842262000.0,0.0,842262000.0,842262000.0,40676000.0,10490000.0,0.0,0.0,0.0,19622000.0,30112000.0,0.188,30112000.0,19622000.0,13473000.0,0.16,0.16,0.16,753626000.0,,753626000.0,2275183963.0,87.0,31.78,-19460000.0,-0.23,1.0,72756000.0,0.455,323289000.0,6149000.0,1976919000.0,,106085000.0,979800000.0,628393000.0,351407000.0,1086087000.0,161603000.0,924484000.0,1985155963.0,-332070000.0,0.0,5762000.0,0.0,0.0,5762000.0,-322800000.0,-321577000.0,-15032000.0,0.0,13081000.0,13081000.0,13081000.0,0.0,0.0,0.082,68875000.0,3881000.0,39277000.0,0.0,2.634,3336.397,2351.0,29427000.0,0.0,23.51,3.519,3.494,107172000.0,-4752000000.0,159952000.0,159952000.0,26561000.0,,,,,3089000.0,33388000.0,1.0,84438790.0,84656000.0,89340000.0,1.889,1516424000.0,0.0,392000.0,5981000.0,17.913,936583000.0
60,CIEN,MRQ,2006-06-30,2006-07-31,2006-07-31,2021-09-08,-2897000.0,1830539000.0,,1247686000.0,582853000.0,,8.669,-4801000.0,552234000.0,552234000.0,80835000.0,-4285000.0,7.185,1.508,842262000.0,0.0,842262000.0,842262000.0,42601000.0,10745000.0,0.0,0.0,0.0,2183000.0,12928000.0,0.085,12928000.0,2183000.0,-3965000.0,-0.05,-0.05,-0.05,729873000.0,,729873000.0,2319313091.0,-10.0,-12.315,-23595000.0,-0.28,1.0,71664000.0,0.47,330551000.0,6148000.0,1616354000.0,,95821000.0,653436000.0,466362000.0,187074000.0,1100666000.0,173662000.0,927004000.0,2133274091.0,-103989000.0,0.0,6054000.0,-338000.0,0.0,5716000.0,-90911000.0,-85620000.0,-18794000.0,0.0,-4285000.0,-4285000.0,-4285000.0,0.0,0.0,-0.028,84474000.0,-12810000.0,39492000.0,0.0,2.923,-8.039,-7.916,28227000.0,0.0,25.41,4.084,4.096,89638000.0,-4765081000.0,152499000.0,152499000.0,26190000.0,,,,,2835000.0,41120000.0,1.0,83954116.0,84197000.0,84197000.0,1.811,1499988000.0,0.0,320000.0,5855000.0,17.815,1074024000.0
61,CIEN,MRQ,2006-03-31,2006-04-30,2006-04-30,2021-09-08,-3388000.0,1820138000.0,,1285907000.0,534231000.0,,8.678,-4156000.0,656223000.0,656223000.0,68269000.0,-1910000.0,7.319,1.511,842262000.0,0.0,842262000.0,842262000.0,58830000.0,11641000.0,0.0,0.0,0.0,4275000.0,15916000.0,0.121,15916000.0,4275000.0,-1540000.0,-0.02,-0.02,-0.02,724778000.0,,724778000.0,2625474662.0,-9.0,-11.726,-17685000.0,-0.212,1.0,62906000.0,0.48,337814000.0,5815000.0,1492678000.0,,79076000.0,566507000.0,433488000.0,133019000.0,1095360000.0,175685000.0,919675000.0,2381836662.0,357599000.0,0.0,14054000.0,292710000.0,0.0,278307000.0,92821000.0,96242000.0,-13529000.0,0.0,-1910000.0,-1910000.0,-1910000.0,0.0,0.0,-0.015,70190000.0,-7284000.0,41893000.0,0.0,3.286,-7.632,-7.554,26908000.0,0.0,28.63,4.959,4.979,76599000.0,-4760796000.0,131175000.0,131175000.0,28856000.0,,,,,3935000.0,37903000.0,1.0,83193736.0,83518000.0,83518000.0,1.571,1482324000.0,0.0,370000.0,5652000.0,17.749,1110222000.0
62,CIEN,MRQ,2005-12-31,2006-01-31,2006-01-31,2021-09-08,-3938000.0,1544891000.0,,974866000.0,570025000.0,,8.878,-4375000.0,298624000.0,298624000.0,69975000.0,-6291000.0,5.594,1.097,542262000.0,0.0,542262000.0,542262000.0,46713000.0,12575000.0,0.0,0.0,0.0,61000.0,12636000.0,0.105,12636000.0,61000.0,-5992000.0,-0.08,-0.08,-0.08,736606000.0,,736606000.0,2599487528.0,-7.0,-9.03,-36413000.0,-0.439,1.0,50455000.0,0.419,345076000.0,6053000.0,1269181000.0,,64379000.0,662961000.0,496010000.0,166951000.0,808285000.0,174272000.0,634013000.0,2323516528.0,-59388000.0,0.0,2117000.0,-98772000.0,0.0,-96655000.0,69305000.0,72578000.0,-32038000.0,0.0,-6291000.0,-6291000.0,-6291000.0,0.0,0.0,-0.052,65613000.0,-15158000.0,51995000.0,0.0,3.154,-6.035,-5.983,27131000.0,0.0,28.0,5.13,5.129,81136000.0,-4758886000.0,120430000.0,120430000.0,29462000.0,,,,,4183000.0,36468000.0,1.0,82982733.0,82967000.0,82967000.0,1.452,1199815000.0,0.0,299000.0,5846000.0,14.461,800594000.0
63,CIEN,MRQ,2005-09-30,2005-10-31,2005-10-31,2021-09-08,-5168000.0,1675229000.0,,1097529000.0,577700000.0,,8.891,-2368000.0,358012000.0,358012000.0,71019000.0,-252870000.0,6.15,1.278,648752000.0,0.0,648752000.0,648752000.0,43518000.0,16056000.0,0.0,0.0,0.0,-245871000.0,-229815000.0,-1.945,-229815000.0,-245871000.0,-252665000.0,-3.06,-3.06,-3.06,735367000.0,,735367000.0,1704957602.0,-4.0,-5.168,-11228000.0,-0.136,1.0,47164000.0,0.399,352339000.0,6794000.0,1435166000.0,,49333000.0,735475000.0,579531000.0,155944000.0,939862000.0,178464000.0,761398000.0,1369774602.0,62017000.0,0.0,4060000.0,0.0,0.0,4060000.0,66817000.0,66380000.0,-8860000.0,0.0,-252870000.0,-252870000.0,-252870000.0,0.0,0.0,-2.14,301771000.0,-254607000.0,43868000.0,0.0,1.863,-3.144,-3.13,28090000.0,0.0,16.59,3.206,3.191,72786000.0,-4752595000.0,118183000.0,118183000.0,32161000.0,,,,,631000.0,35997000.0,1.0,82566281.0,82706142.0,82706142.0,1.429,1322890000.0,0.0,205000.0,5785000.0,15.995,919065000.0
64,CIEN,MRQ,2005-06-30,2005-07-31,2005-07-31,2021-09-08,-5221000.0,1923474000.0,,1068887000.0,854587000.0,,11.945,-2451000.0,313569000.0,313569000.0,72851000.0,-51027000.0,6.106,0.956,648752000.0,0.0,648752000.0,648752000.0,45677000.0,21131000.0,0.0,0.0,0.0,-43778000.0,-22647000.0,-0.205,-22647000.0,-43778000.0,-50941000.0,-0.63,-0.63,-0.63,983493000.0,,983493000.0,1725602982.0,-3.0,-3.118,-41722000.0,-0.507,1.0,37629000.0,0.341,583460000.0,7163000.0,1500131000.0,,51447000.0,803076000.0,602888000.0,200188000.0,939981000.0,175066000.0,764915000.0,1291424982.0,57618000.0,0.0,699000.0,-36913000.0,0.0,-36214000.0,133103000.0,135683000.0,-39271000.0,0.0,-51027000.0,-51027000.0,-51027000.0,0.0,0.0,-0.462,91103000.0,-53474000.0,43025000.0,0.0,1.313,-1.905,-1.786,32984000.0,0.0,15.68,3.302,3.301,70622000.0,-4499725000.0,110480000.0,110480000.0,34814000.0,,,,,3282000.0,39702000.0,1.0,82361287.0,82333000.0,82333000.0,1.342,1340014000.0,0.0,86000.0,4093000.0,16.276,893821000.0
65,CIEN,MRQ,2005-03-31,2005-04-30,2005-04-30,2021-09-08,-5221000.0,2020365000.0,,1084299000.0,936066000.0,,12.577,-2194000.0,255822000.0,255822000.0,76680000.0,-74807000.0,6.204,0.96,690000000.0,0.0,690000000.0,690000000.0,46590000.0,19080000.0,0.0,0.0,0.0,-67125000.0,-48045000.0,-0.463,-48045000.0,-67125000.0,-74355000.0,-0.91,-0.91,-0.91,1030539000.0,,1030539000.0,1813212356.0,-2.0,-2.891,-38771000.0,-0.473,1.0,27166000.0,0.262,594081000.0,7230000.0,1685698000.0,,45489000.0,934717000.0,682766000.0,251951000.0,989826000.0,174764000.0,815062000.0,1316161356.0,62804000.0,0.0,4452000.0,0.0,0.0,4455000.0,94926000.0,97189000.0,-36577000.0,0.0,-74807000.0,-74807000.0,-74807000.0,0.0,0.0,-0.72,94094000.0,-66928000.0,36441000.0,0.0,1.277,-1.713,-1.626,41019000.0,0.0,16.1,3.695,3.704,66482000.0,-4448698000.0,103846000.0,103846000.0,35608000.0,,,,,3481000.0,38542000.0,1.0,81749153.0,81938429.0,81938429.0,1.267,1426284000.0,0.0,452000.0,4169000.0,17.407,909535000.0
66,CIEN,MRQ,2004-12-31,2005-01-31,2005-01-31,2021-09-08,-5217000.0,2066055000.0,,1023776000.0,1042279000.0,,13.44,-4024000.0,192949000.0,192949000.0,70517000.0,-56995000.0,6.724,0.883,690000000.0,0.0,690000000.0,690000000.0,34140000.0,19761000.0,0.0,0.0,0.0,-49192000.0,-29431000.0,-0.311,-29431000.0,-49192000.0,-56418000.0,-0.7,-0.7,-0.7,1097414000.0,,1097414000.0,1945370638.0,-3.0,-3.09,-47355000.0,-0.58,1.0,24231000.0,0.256,605252000.0,7226000.0,1805586000.0,,46257000.0,1036714000.0,704691000.0,332023000.0,968641000.0,152268000.0,816373000.0,1457993638.0,-10295000.0,0.0,347000.0,0.0,0.0,392000.0,32644000.0,37289000.0,-43331000.0,0.0,-56995000.0,-56995000.0,-56995000.0,0.0,0.0,-0.602,80878000.0,-56647000.0,32719000.0,0.0,1.329,-1.894,-1.766,46709000.0,0.0,17.85,4.458,4.457,52122000.0,-4373891000.0,94748000.0,94748000.0,34662000.0,,,,,2047000.0,34496000.0,1.0,81680316.0,81653286.0,81653286.0,1.16,1460803000.0,0.0,577000.0,3672000.0,17.89,871508000.0
67,CIEN,MRQ,2004-09-30,2004-10-31,2004-10-31,2021-09-08,-2765000.0,2137054000.0,,1079272000.0,1057782000.0,,14.143,-12717000.0,202623000.0,202623000.0,57824000.0,-495073000.0,6.806,0.851,690000000.0,0.0,690000000.0,690000000.0,37576000.0,32235000.0,0.0,0.0,0.0,-485481000.0,-453246000.0,-5.527,-453246000.0,-485481000.0,-494996000.0,-6.54,-6.54,-6.54,1154422000.0,,1154422000.0,1840117586.0,-2.0,-2.824,-60995000.0,-0.747,1.0,24181000.0,0.295,616630000.0,9515000.0,1849222000.0,,47614000.0,1082955000.0,753251000.0,329704000.0,982632000.0,158579000.0,824053000.0,1405847586.0,-55111000.0,0.0,2791000.0,28000.0,0.0,2819000.0,-9652000.0,5069000.0,-48278000.0,0.0,-495073000.0,-495073000.0,-495073000.0,0.0,0.0,-6.037,512870000.0,-488689000.0,31509000.0,0.0,1.218,-1.781,-1.631,51252000.0,0.0,17.29,4.706,4.312,45878000.0,-4316896000.0,82005000.0,82005000.0,48473000.0,,,,,3184000.0,37613000.0,1.0,81309866.0,81624000.0,81624000.0,1.005,1520424000.0,0.0,77000.0,3354000.0,18.627,920693000.0
68,CIEN,MRQ,2004-06-30,2004-07-31,2004-07-31,2021-09-08,-3561000.0,2613446000.0,,743419000.0,1870027000.0,,20.304,-4779000.0,255730000.0,255730000.0,56792000.0,-141467000.0,4.539,0.591,690000000.0,0.0,690000000.0,690000000.0,34255000.0,38321000.0,0.0,0.0,0.0,-134793000.0,-96472000.0,-1.276,-96472000.0,-134793000.0,-141262000.0,-1.75,-1.75,-1.75,1642372000.0,,1642372000.0,2072712606.0,-5.0,-7.846,-102754000.0,-1.27,1.0,18797000.0,0.249,991637000.0,6469000.0,1892295000.0,,49836000.0,1091336000.0,358369000.0,732967000.0,971074000.0,163784000.0,807290000.0,1600857606.0,37585000.0,4864000.0,-163000.0,26000.0,0.0,-90000.0,135650000.0,135565000.0,-97975000.0,0.0,-141467000.0,-141467000.0,-141467000.0,0.0,0.0,-1.872,158326000.0,-139529000.0,35570000.0,0.0,0.975,-3.91,-3.439,77499000.0,0.0,19.74,5.571,5.557,49821000.0,-3821823000.0,75589000.0,75589000.0,59622000.0,,,,,3953000.0,38530000.0,1.0,81097143.0,80890571.0,80890571.0,0.934,1621809000.0,0.0,205000.0,5609000.0,20.049,579635000.0
69,CIEN,MRQ,2004-03-31,2004-04-30,2004-04-30,2021-09-08,-833000.0,2177835000.0,,1158512000.0,1019323000.0,,17.582,-7777000.0,218145000.0,218145000.0,66477000.0,-76216000.0,6.721,0.825,690000000.0,0.0,690000000.0,690000000.0,33337000.0,18860000.0,0.0,0.0,0.0,-69328000.0,-50468000.0,-0.676,-50468000.0,-69328000.0,-75801000.0,-1.12,-1.12,-1.12,1193510000.0,,1193510000.0,2355218621.0,-7.0,-10.235,-55566000.0,-0.819,1.0,8222000.0,0.11,435655000.0,6473000.0,2041665000.0,,34457000.0,1241128000.0,824929000.0,416199000.0,984325000.0,172370000.0,811955000.0,1961533621.0,-78170000.0,0.0,7520000.0,7000.0,0.0,7527000.0,-37908000.0,-30131000.0,-47789000.0,0.0,-76216000.0,-76216000.0,-76216000.0,0.0,0.0,-1.02,83303000.0,-75081000.0,38532000.0,0.0,1.643,-5.497,-5.364,100123000.0,0.0,28.91,7.0,7.003,38593000.0,-3680356000.0,74699000.0,74699000.0,47887000.0,,,,,1902000.0,31561000.0,1.0,67849658.0,67884143.0,67884143.0,1.1,1742180000.0,0.0,415000.0,5596000.0,25.664,986142000.0
70,CIEN,MRQ,2003-12-31,2004-01-31,2004-01-31,2021-09-08,2472000.0,2264323000.0,,1180518000.0,1083805000.0,,18.703,-5869000.0,296315000.0,296315000.0,45861000.0,-76708000.0,6.463,0.792,690000000.0,0.0,690000000.0,690000000.0,36417000.0,17505000.0,0.0,0.0,0.0,-68900000.0,-51395000.0,-0.774,-51395000.0,-68900000.0,-76284000.0,-1.12,-1.12,-1.12,1263611000.0,,1263611000.0,3855783065.0,-12.0,-17.072,-57262000.0,-0.848,1.0,20553000.0,0.309,439963000.0,7384000.0,2035389000.0,,49242000.0,1222956000.0,757318000.0,465638000.0,1000712000.0,182656000.0,818056000.0,3435020065.0,-13350000.0,0.0,6632000.0,-49204000.0,0.0,-42572000.0,80615000.0,86484000.0,-51393000.0,0.0,-76708000.0,-76708000.0,-76708000.0,0.0,0.0,-1.155,89369000.0,-68816000.0,40459000.0,0.0,2.718,-9.647,-9.295,107590000.0,0.0,50.75,12.309,12.286,45876000.0,-3604140000.0,66414000.0,66414000.0,49382000.0,,,,,2844000.0,33198000.0,1.0,67685124.0,67562143.0,67562143.0,0.983,1824360000.0,0.0,424000.0,5095000.0,27.003,997862000.0
71,CIEN,MRQ,2003-09-30,2003-10-31,2003-10-31,2021-09-08,2447000.0,2378165000.0,,1229403000.0,1148762000.0,,19.721,-3653000.0,309665000.0,309665000.0,48614000.0,-115040000.0,6.603,0.787,730428000.0,0.0,730428000.0,730428000.0,29020000.0,40867000.0,0.0,0.0,0.0,-106696000.0,-65829000.0,-0.932,-65829000.0,-106696000.0,-114693000.0,-1.75,-1.75,-1.75,1330817000.0,,1330817000.0,3149003382.0,-9.0,-12.752,-59207000.0,-0.877,1.0,22030000.0,0.312,444447000.0,7997000.0,2168282000.0,,44995000.0,1316553000.0,796809000.0,519744000.0,1047348000.0,186199000.0,861149000.0,3004747382.0,-275593000.0,-33827000.0,7940000.0,-3538000.0,0.0,4688000.0,-224727000.0,-187247000.0,-55554000.0,0.0,-115040000.0,-115040000.0,-115040000.0,0.0,0.0,-1.628,133638000.0,-111608000.0,44402000.0,0.0,2.258,-7.774,-7.368,114930000.0,0.0,44.87,10.612,10.113,43600000.0,-3527432000.0,70644000.0,70644000.0,48497000.0,,,,,16777000.0,34925000.0,1.0,66965620.0,67483569.0,67483569.0,1.047,1933718000.0,0.0,347000.0,4640000.0,28.655,1043204000.0
72,CIEN,MRQ,2003-06-30,2003-07-31,2003-07-31,2021-09-08,3402000.0,2478863000.0,,1415119000.0,1063744000.0,,22.061,-10636000.0,585258000.0,585258000.0,51943000.0,-88874000.0,7.268,0.744,729514000.0,0.0,729514000.0,729514000.0,30144000.0,18087000.0,0.0,0.0,0.0,-80505000.0,-62418000.0,-0.912,-62418000.0,-80505000.0,-88575000.0,-1.4,-1.4,-1.4,1421394000.0,,1421394000.0,2725229769.0,-3.0,-3.073,-71960000.0,-1.117,1.0,16535000.0,0.241,431913000.0,8070000.0,1996501000.0,,26954000.0,1164213000.0,727078000.0,437135000.0,1057469000.0,194705000.0,862764000.0,2506113769.0,75851000.0,4159000.0,532000.0,-968000.0,0.0,-372000.0,137547000.0,144024000.0,-61324000.0,0.0,-88874000.0,-88874000.0,-88874000.0,0.0,0.0,-1.298,105905000.0,-89370000.0,40390000.0,0.0,1.763,-2.442,-2.268,132061000.0,0.0,40.32,9.133,9.467,41966000.0,-3412392000.0,68478000.0,68478000.0,50895000.0,,,,,0.0,33504000.0,1.0,62155599.0,64429857.0,64429857.0,1.063,2046950000.0,0.0,299000.0,5203000.0,31.77,1220414000.0
73,CIEN,MRQ,2003-03-31,2003-04-30,2003-04-30,2021-09-08,7711000.0,2429768000.0,,1339614000.0,1090154000.0,,21.965,-8382000.0,509407000.0,509407000.0,55325000.0,-75461000.0,6.711,0.784,728523000.0,0.0,728523000.0,728523000.0,32685000.0,20934000.0,0.0,0.0,0.0,-67149000.0,-46215000.0,-0.628,-46215000.0,-67149000.0,-75210000.0,-1.19,-1.19,-1.19,1361605000.0,,1361605000.0,2537857686.0,-2.0,-2.685,-83468000.0,-1.346,1.0,18215000.0,0.248,289134000.0,8061000.0,2160144000.0,,31935000.0,1308237000.0,730039000.0,578198000.0,1068163000.0,199606000.0,868557000.0,2115378686.0,204354000.0,0.0,4781000.0,0.0,0.0,5137000.0,274303000.0,282685000.0,-75086000.0,0.0,-75461000.0,-75461000.0,-75461000.0,0.0,0.0,-1.026,96495000.0,-78280000.0,42777000.0,0.0,1.554,-1.928,-1.768,155008000.0,0.0,34.16,8.264,8.273,32432000.0,-3323518000.0,73540000.0,73540000.0,55599000.0,,,,,0.0,34751000.0,1.0,61925606.0,61990286.0,61990286.0,1.186,2140634000.0,0.0,251000.0,5258000.0,34.532,1140008000.0
74,CIEN,MRQ,2002-12-31,2003-01-31,2003-01-31,2021-09-08,9223000.0,2543066000.0,,1395352000.0,1147714000.0,,23.095,-5813000.0,305053000.0,305053000.0,54209000.0,-107142000.0,5.802,0.782,727532000.0,0.0,727532000.0,727532000.0,34819000.0,22107000.0,0.0,0.0,0.0,-94580000.0,-72473000.0,-1.028,-72473000.0,-94580000.0,-106783000.0,-1.75,-1.75,-1.75,1427195000.0,,1427195000.0,2977951665.0,-2.0,-2.258,-44119000.0,-0.714,1.0,16265000.0,0.231,293522000.0,12203000.0,2431547000.0,,40024000.0,1590922000.0,983458000.0,607464000.0,1115871000.0,240476000.0,875395000.0,2511524665.0,-72136000.0,0.0,545000.0,-140125000.0,0.0,-138370000.0,104540000.0,110353000.0,-38306000.0,0.0,-107142000.0,-107142000.0,-107142000.0,0.0,0.0,-1.52,103530000.0,-87265000.0,42368000.0,0.0,1.76,-1.537,-1.303,177224000.0,0.0,40.6,9.32,9.31,23485000.0,-3248057000.0,70474000.0,70474000.0,57532000.0,,,,,0.0,42444000.0,1.0,61860213.0,61796000.0,61796000.0,1.14,2249544000.0,0.0,359000.0,3479000.0,36.403,1154876000.0
75,CIEN,MRQ,2002-09-30,2002-10-31,2002-10-31,2021-09-08,8840000.0,2751022000.0,,1637657000.0,1113365000.0,,24.974,-8976000.0,377189000.0,377189000.0,53393000.0,-754770000.0,7.317,0.801,843616000.0,0.0,843616000.0,843616000.0,30832000.0,34860000.0,0.0,0.0,0.0,-740695000.0,-705835000.0,-11.4,-705835000.0,-740695000.0,-756278000.0,-13.44,-13.44,-13.44,1527269000.0,,1527269000.0,1783844459.0,-1.0,-1.361,-98945000.0,-1.618,1.0,8525000.0,0.138,274957000.0,15583000.0,2718674000.0,,47023000.0,1701275000.0,1130414000.0,570861000.0,1223753000.0,223818000.0,999935000.0,1588433459.0,-337991000.0,0.0,1828000.0,-75623000.0,0.0,-71067000.0,-176955000.0,-167979000.0,-89969000.0,0.0,-754770000.0,-754770000.0,-754770000.0,0.0,0.0,-12.19,752970000.0,-744445000.0,39841000.0,0.0,1.04,-0.994,-0.842,196951000.0,0.0,25.76,4.398,3.721,28680000.0,-3140915000.0,61918000.0,61918000.0,77027000.0,,,,,20324000.0,51547000.0,1.0,61662790.0,61154569.0,61154569.0,1.012,2476065000.0,0.0,-1508000.0,0.0,40.489,1413839000.0
76,CIEN,MRQ,2002-06-30,2002-07-31,2002-07-31,2021-09-08,8890000.0,3630031000.0,,1860509000.0,1769522000.0,,42.203,-10993000.0,715180000.0,715180000.0,92152000.0,-159985000.0,7.045,0.599,910591000.0,0.0,910591000.0,910591000.0,35507000.0,27939000.0,0.0,0.0,0.0,-148764000.0,-120825000.0,-2.415,-120825000.0,-148764000.0,-159378000.0,-2.94,-2.94,-2.94,2270219000.0,,2270219000.0,1504833897.0,-1.0,-3.612,-92343000.0,-1.717,1.0,-42124000.0,-0.842,822918000.0,10614000.0,2738430000.0,,65478000.0,1538297000.0,971762000.0,566535000.0,1359812000.0,264094000.0,1095718000.0,1329564897.0,200449000.0,286899000.0,3072000.0,170000.0,0.0,4594000.0,277205000.0,1299000.0,-81350000.0,0.0,-159985000.0,-159985000.0,-159985000.0,0.0,0.0,-3.198,120198000.0,-162322000.0,53143000.0,0.0,0.586,-0.503,-0.487,248135000.0,0.0,28.21,1.993,2.275,43289000.0,-2386145000.0,50028000.0,50028000.0,53950000.0,,,,,0.0,41627000.0,1.0,47130978.0,53792571.0,53792571.0,0.93,2807113000.0,73803000.0,607000.0,65589000.0,52.184,1596415000.0
77,CIEN,MRQ,2002-03-31,2002-04-30,2002-04-30,2021-09-08,3566000.0,2473254000.0,,1561743000.0,911511000.0,,31.228,-16830000.0,514731000.0,514731000.0,87525000.0,-612153000.0,6.463,0.686,690000000.0,0.0,690000000.0,690000000.0,32292000.0,35858000.0,0.0,0.0,0.0,-455515000.0,-419657000.0,-4.821,-419657000.0,-455515000.0,-464152000.0,-13.02,-13.02,-13.02,1466684000.0,,1466684000.0,2856191018.0,-1.0,-10.863,-45402000.0,-0.967,1.0,-472000.0,-0.005,223139000.0,8637000.0,2183752000.0,,75573000.0,1202936000.0,853994000.0,348942000.0,1006570000.0,241632000.0,764938000.0,2462191018.0,42198000.0,0.0,7245000.0,-178903000.0,0.0,-171478000.0,242248000.0,259078000.0,-28572000.0,0.0,-612153000.0,-612153000.0,-612153000.0,0.0,0.0,-7.032,246377000.0,-246849000.0,48068000.0,0.0,1.679,-0.993,-0.955,214880000.0,0.0,52.43,2.29,2.291,61194000.0,-2226160000.0,87053000.0,87053000.0,59558000.0,,,,,0.0,43111000.0,1.0,46961492.0,46966286.0,46966286.0,1.854,2250115000.0,73718000.0,148001000.0,64568000.0,47.909,1320111000.0
78,CIEN,MRQ,2001-12-31,2002-01-31,2002-01-31,2021-09-08,5347000.0,3218778000.0,,2031406000.0,1187372000.0,,44.193,-29531000.0,472533000.0,472533000.0,119273000.0,-70591000.0,5.369,0.556,866533000.0,176533000.0,690000000.0,866533000.0,39419000.0,32363000.0,0.0,0.0,0.0,-96451000.0,-64088000.0,-0.395,-64088000.0,-96451000.0,-106956000.0,-1.54,-1.54,-1.54,2068365000.0,,2068365000.0,4631875753.0,-3.0,22.113,147539000.0,3.152,1.0,42883000.0,0.264,224952000.0,10505000.0,3009455000.0,,250191000.0,1467447000.0,1051117000.0,416330000.0,1150413000.0,378371000.0,772042000.0,4165882753.0,74643000.0,0.0,2995000.0,-313000.0,0.0,3465000.0,-105892000.0,-76361000.0,177070000.0,0.0,-70591000.0,-70591000.0,-70591000.0,0.0,0.0,-0.435,129786000.0,-86903000.0,46962000.0,0.0,2.014,-2.172,-2.065,316039000.0,0.0,88.9,2.947,2.944,150221000.0,-1614007000.0,162156000.0,162156000.0,64756000.0,,,,,0.0,51255000.0,1.0,46860323.0,46802857.0,46802857.0,3.465,2993826000.0,220730000.0,-36365000.0,64717000.0,63.967,1653035000.0
79,CIEN,MRQ,2001-09-30,2001-10-31,2001-10-31,2021-09-08,4842000.0,3317301000.0,,2191089000.0,1126212000.0,,45.247,-47462000.0,397890000.0,397890000.0,273379000.0,-1802282000.0,8.613,0.558,863883000.0,0.0,863883000.0,863883000.0,29480000.0,1979258000.0,0.0,0.0,0.0,-1791332000.0,187926000.0,0.511,187926000.0,-1791332000.0,-1803430000.0,-40.46,-40.46,-40.46,2128982000.0,,2128982000.0,5317212263.0,-3.0,14.237,17109000.0,0.364,1.0,94395000.0,0.257,226765000.0,12098000.0,3302147000.0,,254968000.0,1397251000.0,902594000.0,494657000.0,1188319000.0,254382000.0,933937000.0,5319990263.0,-471714000.0,0.0,4542000.0,238000.0,0.0,6082000.0,-542367000.0,-494905000.0,64571000.0,0.0,-1802282000.0,-1802282000.0,-1802282000.0,0.0,0.0,-4.901,1956308000.0,-1861913000.0,68735000.0,0.0,2.499,-2.965,-2.828,331490000.0,0.0,113.82,3.318,3.162,395063000.0,-1543416000.0,367774000.0,367774000.0,90978000.0,,,,,7775000.0,77636000.0,1.0,46740382.0,47052142.0,41156287.0,7.816,3090536000.0,186861000.0,-1148000.0,70721000.0,65.683,1936707000.0
80,CIEN,MRQ,2001-06-30,2001-07-31,2001-07-31,2021-09-08,-1781000.0,5070058000.0,,2295301000.0,2774757000.0,,84.048,-56126000.0,869604000.0,869604000.0,221882000.0,5654000.0,8.518,0.302,866826000.0,0.0,866826000.0,866826000.0,30768000.0,27524000.0,0.0,0.0,0.0,5365000.0,32889000.0,0.072,32889000.0,5365000.0,-5913000.0,0.14,0.14,0.14,3894622000.0,,3894622000.0,10540786426.0,69.0,42.936,-76252000.0,-1.646,1.0,236188000.0,0.516,2023859000.0,11278000.0,2773956000.0,,306568000.0,898418000.0,528821000.0,369597000.0,1175436000.0,269465000.0,905971000.0,10820805426.0,-274608000.0,0.0,3563000.0,16000.0,0.0,6826000.0,-261308000.0,-205182000.0,-20126000.0,0.0,5654000.0,5654000.0,5654000.0,0.0,0.0,0.012,212876000.0,23312000.0,95292000.0,0.0,2.778,318.418,254.923,314899000.0,0.0,231.98,7.105,7.058,370764000.0,258866000.0,458070000.0,458070000.0,65788000.0,,,,,1722000.0,54412000.0,1.0,46645424.0,46338286.0,48268143.0,9.885,3046199000.0,155848000.0,-11567000.0,45431000.0,65.738,2025836000.0
81,CIEN,MRQ,2001-03-31,2001-04-30,2001-04-30,2021-09-08,-391000.0,5030423000.0,,2243731000.0,2786692000.0,,88.117,-92790000.0,1144212000.0,1144212000.0,223152000.0,-50680000.0,8.293,0.305,864193000.0,0.0,864193000.0,864193000.0,18149000.0,23067000.0,0.0,0.0,0.0,29673000.0,52740000.0,0.124,52740000.0,29673000.0,22545000.0,-1.19,-1.19,-1.19,3856105000.0,,3856105000.0,16293982424.0,86.0,60.408,-28499000.0,-0.651,1.0,202244000.0,0.475,2099357000.0,7128000.0,2380476000.0,,276020000.0,693236000.0,357163000.0,336073000.0,1174318000.0,270571000.0,903747000.0,16470707424.0,967487000.0,54101000.0,890331000.0,669837000.0,0.0,1560168000.0,-656972000.0,-618283000.0,64291000.0,0.0,-50680000.0,-50680000.0,-50680000.0,0.0,0.0,-0.119,184921000.0,17323000.0,115410000.0,0.0,4.271,291.6,262.19,286413000.0,0.0,385.42,12.687,12.992,267011000.0,253212000.0,425396000.0,425396000.0,54344000.0,,,,,12041000.0,55569000.0,1.0,42734439.0,43761286.0,43761286.0,9.721,2931066000.0,142290000.0,73225000.0,46785000.0,66.979,1973160000.0
82,CIEN,MRQ,2000-12-31,2001-01-31,2001-01-31,2021-09-08,-810000.0,1167152000.0,,925185000.0,241967000.0,,22.484,-42166000.0,176725000.0,176725000.0,191837000.0,53246000.0,4.599,0.266,0.0,0.0,0.0,0.0,19923000.0,19773000.0,0.0,0.0,0.0,80156000.0,99929000.0,0.284,99929000.0,80156000.0,80069000.0,1.33,1.26,1.33,921861000.0,,921861000.0,25661761628.0,137.0,99.825,12271000.0,0.299,1.0,160152000.0,0.455,8851000.0,87000.0,780416000.0,,207221000.0,82958000.0,82958000.0,0.0,245291000.0,201160000.0,44131000.0,25804948628.0,33538000.0,0.0,8590000.0,474000.0,0.0,9094000.0,-29993000.0,12173000.0,54437000.0,0.0,53246000.0,53246000.0,53246000.0,0.0,0.0,0.151,84292000.0,75860000.0,82477000.0,0.0,27.992,205.501,200.133,212376000.0,0.0,630.42,24.378,24.418,250996000.0,303892000.0,351989000.0,351989000.0,42504000.0,,,,,50067000.0,40781000.0,1.0,40932947.0,41000143.0,42993714.0,8.585,1158301000.0,166273000.0,26823000.0,46411000.0,28.251,724025000.0
83,CIEN,MRQ,2000-09-30,2000-10-31,2000-10-31,2021-09-08,-903000.0,1027201000.0,,813014000.0,214187000.0,,19.756,-39379000.0,143187000.0,143187000.0,142991000.0,25763000.0,4.69,0.268,0.0,0.0,0.0,0.0,10731000.0,21695000.0,0.0,0.0,0.0,38249000.0,59944000.0,0.208,59944000.0,38249000.0,38168000.0,0.63,0.56,0.63,809835000.0,,809835000.0,29651556093.0,245.0,160.663,-22249000.0,-0.543,1.0,144599000.0,0.503,9049000.0,81000.0,701626000.0,,141279000.0,95131000.0,95131000.0,0.0,217366000.0,173339000.0,44027000.0,29861459093.0,-66716000.0,0.0,16546000.0,-68000.0,0.0,16478000.0,-100324000.0,-60945000.0,17130000.0,0.0,25763000.0,25763000.0,25763000.0,0.0,0.0,0.09,94845000.0,49754000.0,70250000.0,0.0,36.874,366.907,362.517,189231000.0,0.0,735.91,34.773,34.477,248950000.0,250646000.0,287590000.0,287590000.0,35756000.0,,,,,88529000.0,38668000.0,1.0,40577597.0,40991426.0,43274286.0,7.016,1018152000.0,143029000.0,12405000.0,46628000.0,24.838,639675000.0
84,CIEN,MRQ,2000-06-30,2000-07-31,2000-07-31,2021-09-08,-390000.0,852590000.0,,661670000.0,190920000.0,,16.852,-37097000.0,209903000.0,209903000.0,128172000.0,28155000.0,5.043,0.255,0.0,0.0,0.0,0.0,2788000.0,15334000.0,0.0,0.0,0.0,41785000.0,57119000.0,0.245,57119000.0,41785000.0,41711000.0,0.7,0.63,0.7,679500000.0,,679500000.0,19981066528.0,223.0,137.95,1639000.0,0.041,1.0,105096000.0,0.451,9908000.0,74000.0,501561000.0,,108026000.0,34159000.0,34159000.0,0.0,173090000.0,131218000.0,41872000.0,20071070528.0,119899000.0,0.0,8343000.0,-62000.0,0.0,8282000.0,72881000.0,109978000.0,38736000.0,0.0,28155000.0,28155000.0,28155000.0,0.0,0.0,0.121,66411000.0,38685000.0,45883000.0,0.0,29.538,333.833,323.0,167872000.0,0.0,497.42,28.169,28.15,213087000.0,224883000.0,233268000.0,233268000.0,31788000.0,,,,,27417000.0,33714000.0,1.0,40350349.0,40322571.0,42827143.0,5.785,842682000.0,57014000.0,13556000.0,36953000.0,20.899,530452000.0
85,CIEN,MRQ,2000-03-31,2000-04-30,2000-04-30,2021-09-08,-176000.0,780834000.0,,616320000.0,164514000.0,,15.386,-30474000.0,90004000.0,90004000.0,104205000.0,18407000.0,5.007,0.268,0.0,0.0,0.0,0.0,1294000.0,12716000.0,0.0,0.0,0.0,27359000.0,40075000.0,0.216,40075000.0,27359000.0,27270000.0,0.49,0.42,0.49,615788000.0,,615788000.0,17153422236.0,434.0,184.344,-31909000.0,-0.797,1.0,81474000.0,0.439,10817000.0,89000.0,556922000.0,,107566000.0,147137000.0,147137000.0,0.0,165046000.0,123091000.0,41955000.0,17301751236.0,-58325000.0,0.0,10672000.0,-195000.0,0.0,10587000.0,-67477000.0,-37003000.0,-1435000.0,0.0,18407000.0,18407000.0,18407000.0,0.0,0.0,0.099,57472000.0,24002000.0,42629000.0,0.0,28.097,655.096,618.1,146109000.0,0.0,432.67,28.454,28.478,197771000.0,196728000.0,185679000.0,185679000.0,29056000.0,,,,,24038000.0,27507000.0,1.0,39988331.0,40023143.0,42732286.0,4.639,770017000.0,42340000.0,8863000.0,36953000.0,19.239,493229000.0
86,CIEN,MRQ,1999-12-31,2000-01-31,2000-01-31,2021-09-08,-2000.0,707158000.0,,558478000.0,148680000.0,,14.263,-16997000.0,148329000.0,148329000.0,87003000.0,9062000.0,5.454,0.257,0.0,0.0,0.0,0.0,2102000.0,13899000.0,0.0,0.0,0.0,13521000.0,27420000.0,0.18,27420000.0,13521000.0,13425000.0,0.21,0.21,0.21,562725000.0,,562725000.0,8924414301.0,822.0,140.187,-12390000.0,-0.314,1.0,65210000.0,0.428,11726000.0,96000.0,444707000.0,,82609000.0,110208000.0,110208000.0,0.0,144433000.0,102396000.0,42037000.0,9067854301.0,4889000.0,0.0,8416000.0,46000.0,0.0,8531000.0,-8249000.0,8748000.0,4607000.0,0.0,9062000.0,9062000.0,9062000.0,0.0,0.0,0.06,54735000.0,10475000.0,38431000.0,0.0,16.114,1291.901,1312.4,129259000.0,0.0,229.67,16.985,16.973,166244000.0,178321000.0,152213000.0,152213000.0,29742000.0,,,,,14657000.0,24993000.0,1.0,39482102.0,39454571.0,42258000.0,3.858,695432000.0,26018000.0,4363000.0,36953000.0,17.626,456082000.0
87,CIEN,MRQ,1999-09-30,1999-10-31,1999-10-31,2021-09-08,-40000.0,677835000.0,,532999000.0,144836000.0,,13.657,-9744000.0,143440000.0,143440000.0,83392000.0,4499000.0,5.051,0.278,0.0,0.0,0.0,0.0,2954000.0,13266000.0,0.0,0.0,0.0,6963000.0,20229000.0,0.143,20229000.0,6963000.0,6869000.0,0.14,0.14,0.14,530473000.0,,530473000.0,4699471742.0,-856.0,104.5,-40983000.0,-1.055,1.0,57960000.0,0.41,12635000.0,94000.0,416232000.0,,79608000.0,118956000.0,118956000.0,0.0,147362000.0,105528000.0,41834000.0,4842070742.0,841000.0,0.0,3922000.0,747000.0,0.0,5123000.0,26957000.0,36701000.0,-31239000.0,0.0,4499000.0,4499000.0,4499000.0,0.0,0.0,0.032,54659000.0,3301000.0,34399000.0,0.0,9.128,-1233.963,-1762.5,125252000.0,0.0,123.375,10.044,9.763,144348000.0,169259000.0,141352000.0,141352000.0,26292000.0,,,,,4599000.0,24442000.0,1.0,39246774.0,38842286.0,38842286.0,3.639,665200000.0,25385000.0,2370000.0,45650000.0,17.126,427471000.0
88,CIEN,MRQ,1999-06-30,1999-07-31,1999-07-31,2021-09-08,133000.0,644897000.0,,497178000.0,147719000.0,,13.561,-12364000.0,142599000.0,142599000.0,79361000.0,-5557000.0,5.6,0.251,0.0,0.0,0.0,0.0,3697000.0,13612000.0,0.0,0.0,0.0,-8285000.0,5327000.0,0.041,5327000.0,-8285000.0,-8485000.0,-0.14,-0.14,-0.14,515394000.0,,515394000.0,3901508694.0,-165.0,162.191,-268000.0,-0.007,1.0,49465000.0,0.384,13544000.0,200000.0,399979000.0,,64638000.0,155657000.0,155657000.0,0.0,129503000.0,88775000.0,40728000.0,4096428694.0,-58054000.0,0.0,2181000.0,-846000.0,0.0,-2150000.0,-68000000.0,-55636000.0,12096000.0,0.0,-5557000.0,-5557000.0,-5557000.0,0.0,0.0,-0.043,61442000.0,-11977000.0,30467000.0,0.0,7.948,-263.25,-225.0,128333000.0,0.0,118.125,9.485,10.394,103156000.0,163139000.0,128826000.0,128826000.0,28402000.0,,,,,6405000.0,22272000.0,1.0,34678761.0,38004571.0,38004571.0,3.39,631353000.0,19324000.0,-2928000.0,41427000.0,16.613,408403000.0
89,CIEN,MRQ,1999-03-31,1999-04-30,1999-04-30,2021-09-08,21000.0,614848000.0,,468580000.0,146268000.0,,13.163,-12308000.0,194920000.0,194920000.0,71238000.0,-985000.0,6.155,0.234,0.0,0.0,0.0,0.0,719000.0,12023000.0,0.0,0.0,0.0,-1338000.0,10685000.0,0.096,10685000.0,-1338000.0,-1453000.0,-0.035,-0.035,-0.035,498437000.0,,498437000.0,2234787796.0,-144.0,80.542,-9014000.0,-0.238,1.0,40252000.0,0.361,14446000.0,115000.0,329354000.0,,54062000.0,100021000.0,100021000.0,0.0,116411000.0,76128000.0,40283000.0,2429470796.0,-14978000.0,0.0,3284000.0,13000.0,0.0,4255000.0,-22527000.0,-10219000.0,3294000.0,0.0,-985000.0,-985000.0,-985000.0,0.0,0.0,-0.009,45288000.0,-5036000.0,24144000.0,0.0,4.874,-236.929,-213.636,127085000.0,0.0,82.25,5.621,7.206,96448000.0,179251000.0,111490000.0,111490000.0,24094000.0,,,,,0.0,18941000.0,1.0,29537639.0,37865714.0,37865714.0,2.944,600402000.0,13514000.0,-468000.0,45796000.0,15.856,392452000.0
90,CIEN,MRQ,1998-12-31,1999-01-31,1999-01-31,2021-09-08,-108000.0,588686000.0,,444364000.0,144322000.0,,12.815,-12360000.0,194683000.0,194683000.0,65778000.0,-1881000.0,6.111,0.225,0.0,0.0,0.0,0.0,785000.0,11557000.0,0.0,0.0,0.0,-2827000.0,8730000.0,0.087,8730000.0,-2827000.0,-2922000.0,-0.035,-0.035,-0.035,480405000.0,,480405000.0,1857012624.0,114.0,33.279,32167000.0,0.858,1.0,34639000.0,0.345,15361000.0,95000.0,305930000.0,,58571000.0,89702000.0,89702000.0,0.0,108281000.0,72712000.0,35569000.0,2084409624.0,-35083000.0,0.0,1904000.0,1725000.0,0.0,6559000.0,-86169000.0,-73809000.0,44527000.0,0.0,-1881000.0,-1881000.0,-1881000.0,0.0,0.0,-0.019,40862000.0,-6223000.0,30576000.0,0.0,4.339,350.852,504.75,124317000.0,0.0,70.665,4.498,5.716,80257000.0,181717000.0,100417000.0,100417000.0,22218000.0,,,,,0.0,18644000.0,1.0,29497058.0,37486286.0,37486286.0,2.679,573325000.0,11525000.0,-1041000.0,37459000.0,15.294,371652000.0
91,CIEN,MRQ,1998-09-30,1998-10-31,1998-10-31,2021-09-08,-107000.0,602809000.0,,455924000.0,146885000.0,,13.371,-9808000.0,250714000.0,250714000.0,62688000.0,-7138000.0,7.056,0.203,0.0,0.0,0.0,0.0,1084000.0,10517000.0,0.0,0.0,0.0,-11204000.0,-687000.0,-0.008,-687000.0,-11204000.0,-11275000.0,-0.315,-0.245,-0.315,501036000.0,,501036000.0,1576563195.0,19.0,13.61,42240000.0,1.127,1.0,28473000.0,0.312,16270000.0,71000.0,271206000.0,,70908000.0,15993000.0,15993000.0,0.0,101773000.0,64619000.0,37154000.0,1770049195.0,30389000.0,33000.0,283000.0,1076000.0,0.0,-24023000.0,2364000.0,12139000.0,52048000.0,0.0,-7138000.0,-7138000.0,-7138000.0,0.0,0.0,-0.078,42762000.0,-14289000.0,27893000.0,0.0,3.533,38.732,45.237,125767000.0,0.0,60.165,3.484,3.992,78791000.0,171562000.0,91161000.0,91161000.0,22560000.0,,,,,22634000.0,18865000.0,1.0,29419915.0,37472574.0,39767430.0,2.433,586539000.0,28109000.0,-4137000.0,34125000.0,15.652,391305000.0
92,CIEN,MRQ,1998-06-30,1998-07-31,1998-07-31,2021-09-08,-65000.0,591235000.0,,444913000.0,146322000.0,,13.818,-20950000.0,193486000.0,193486000.0,70431000.0,-250000.0,5.751,0.229,0.0,0.0,0.0,0.0,192000.0,9178000.0,0.0,0.0,0.0,-159000.0,9019000.0,0.07,9019000.0,-159000.0,-230000.0,0.0,0.0,0.0,480931000.0,,480931000.0,7349313764.0,47.0,39.926,-34039000.0,-0.978,1.0,58685000.0,0.455,17102000.0,71000.0,303281000.0,,76343000.0,28132000.0,28132000.0,0.0,110304000.0,77366000.0,32938000.0,7523787764.0,31994000.0,0.0,23073000.0,567000.0,0.0,42236000.0,2847000.0,23797000.0,-13089000.0,0.0,-250000.0,-250000.0,-250000.0,0.0,0.0,-0.002,61684000.0,-2999000.0,42767000.0,,15.644,81.632,82.289,125260000.0,0.0,259.21,13.754,16.493,108480000.0,183353000.0,129116000.0,129116000.0,21965000.0,,,,,0.0,17123000.0,1.0,29025839.0,34805714.0,34805714.0,3.71,574133000.0,28127000.0,20000.0,32289000.0,16.495,367547000.0
93,CIEN,MRQ,1998-03-31,1998-04-30,1998-04-30,2021-09-08,-29000.0,575057000.0,,444957000.0,130100000.0,,15.034,-37095000.0,174474000.0,174474000.0,63915000.0,15210000.0,5.128,0.26,0.0,0.0,0.0,0.0,3576000.0,8294000.0,0.0,0.0,0.0,30445000.0,38739000.0,0.271,38739000.0,30445000.0,30364000.0,0.49,0.49,0.49,456382000.0,,456382000.0,5328660460.0,25.0,22.544,-61850000.0,-2.038,1.0,78803000.0,0.552,13436000.0,81000.0,300375000.0,,68955000.0,51765000.0,51765000.0,0.0,118675000.0,86772000.0,31903000.0,5580579460.0,-73792000.0,-1098000.0,9937000.0,-76000.0,0.0,9919000.0,-58956000.0,-20763000.0,-24755000.0,0.0,15210000.0,15210000.0,15210000.0,0.0,0.0,0.107,51791000.0,27012000.0,36629000.0,0.0,12.228,43.55,44.246,114252000.0,0.0,195.125,10.339,10.974,131990000.0,181264000.0,142718000.0,142718000.0,16706000.0,,,,,0.0,15582000.0,1.0,28600023.0,30355714.0,32130000.0,4.702,561621000.0,10335000.0,15154000.0,32304000.0,18.501,358185000.0
94,CIEN,MRQ,1997-12-31,1998-01-31,1998-01-31,2021-09-08,0.0,533505000.0,,436944000.0,96561000.0,,14.664,-21060000.0,251919000.0,251919000.0,58980000.0,39698000.0,5.411,0.265,0.0,0.0,0.0,0.0,0.0,5634000.0,0.0,0.0,0.0,65924000.0,71558000.0,0.493,71558000.0,65924000.0,65840000.0,1.365,1.295,1.365,421666000.0,,421666000.0,5203693174.0,22.0,21.112,13575000.0,0.472,1.0,86112000.0,0.593,10978000.0,84000.0,189857000.0,,61388000.0,31089000.0,31089000.0,0.0,111839000.0,80751000.0,31088000.0,5466778174.0,-11163000.0,-1005000.0,1025000.0,-419000.0,0.0,7433000.0,-53231000.0,-31166000.0,34635000.0,0.0,39698000.0,39698000.0,39698000.0,0.0,0.0,0.274,23963000.0,62149000.0,28687000.0,0.0,12.965,38.659,38.503,83356000.0,0.0,192.71,11.052,11.203,79258000.0,157272000.0,145092000.0,145092000.0,10203000.0,,,,,0.0,13760000.0,1.0,28367901.0,28754571.0,30729143.0,5.046,522527000.0,9556000.0,26142000.0,45468000.0,18.172,356193000.0
95,CIEN,MRQ,1997-09-30,1997-10-31,1997-10-31,2021-09-08,-5000.0,463279000.0,,394265000.0,69014000.0,,17.159,-19084000.0,268588000.0,268588000.0,50250000.0,37509000.0,6.483,0.244,0.0,0.0,0.0,0.0,2591000.0,4314000.0,0.0,0.0,0.0,60445000.0,64759000.0,0.498,64759000.0,60445000.0,60356000.0,1.295,1.225,1.295,372414000.0,,372414000.0,5162443250.0,27.0,25.978,-14821000.0,-0.683,1.0,79844000.0,0.614,5000.0,89000.0,133873000.0,,41109000.0,0.0,0.0,0.0,90865000.0,60813000.0,30052000.0,5404495250.0,26005000.0,0.0,5787000.0,-553000.0,0.0,40826000.0,-19084000.0,0.0,4263000.0,0.0,37509000.0,37509000.0,37509000.0,0.0,0.0,0.288,23092000.0,56752000.0,24760000.0,0.0,14.512,46.765,36.184,67618000.0,0.0,192.5,13.079,10.111,72336000.0,126261000.0,130094000.0,130094000.0,8779000.0,,,,,0.0,11813000.0,1.0,28075300.0,21704000.0,30930572.0,5.994,463274000.0,9139000.0,22847000.0,28428000.0,21.345,333452000.0
96,CIEN,MRQ,1997-06-30,1997-07-31,1997-07-31,2021-09-08,0.0,391060000.0,,337493000.0,53567000.0,,10.566,-20379000.0,244485000.0,244485000.0,47569000.0,35724000.0,4.473,0.322,2433000.0,987000.0,1446000.0,2433000.0,2527000.0,2733000.0,0.0,0.0,0.0,58579000.0,61312000.0,0.503,61312000.0,58579000.0,58494000.0,1.26,1.19,1.26,295917000.0,,295917000.0,5223156446.0,35.0,33.748,11777000.0,0.421,1.0,74276000.0,0.61,0.0,85000.0,73549000.0,,29103000.0,0.0,0.0,0.0,95143000.0,75459000.0,19684000.0,5401268446.0,63477000.0,0.0,52361000.0,-661000.0,0.0,51700000.0,-20379000.0,-36376000.0,32156000.0,0.0,35724000.0,35724000.0,35724000.0,0.0,0.0,0.293,17208000.0,57068000.0,23294000.0,0.0,18.253,59.666,19.554,53194000.0,0.0,196.42,15.659,15.948,57103000.0,80193000.0,121845000.0,121845000.0,7245000.0,,,,,0.0,9963000.0,1.0,27498567.0,28006000.0,30370286.0,4.351,391060000.0,5808000.0,22770000.0,37043000.0,13.963,262034000.0
97,CIEN,MRQ,1997-03-31,1997-04-30,1997-04-30,2021-09-08,0.0,276737000.0,,240253000.0,36484000.0,,7.881,-19032000.0,180791000.0,180791000.0,40400000.0,28480000.0,4.974,0.327,2679000.0,988000.0,1691000.0,2679000.0,652000.0,2138000.0,0.0,0.0,0.0,46712000.0,48850000.0,0.5,48850000.0,46712000.0,46607000.0,1.085,0.945,1.085,208597000.0,,208597000.0,2978457250.0,31.0,29.977,11118000.0,0.42,1.0,57203000.0,0.586,0.0,105000.0,50321000.0,,22859000.0,0.0,0.0,0.0,68140000.0,48304000.0,19836000.0,3006925250.0,150381000.0,0.0,122497000.0,-794000.0,0.0,139263000.0,-19032000.0,36376000.0,30150000.0,0.0,28480000.0,28480000.0,28480000.0,0.0,0.0,0.292,12442000.0,44761000.0,15150000.0,0.0,14.415,46.335,11.973,36092000.0,0.0,109.375,12.529,12.063,31187000.0,45244000.0,97603000.0,97603000.0,4699000.0,,,,,0.0,7743000.0,1.0,27491888.0,26469714.0,30130286.0,3.687,276737000.0,4308000.0,18127000.0,27806000.0,10.455,191949000.0
98,CIEN,MRQ,1996-12-31,1997-01-31,1997-01-31,2021-09-08,0.0,99611000.0,,79521000.0,20090000.0,,4.789,-8535000.0,31940000.0,31940000.0,20832000.0,13083000.0,2.078,2.274,3472000.0,1069000.0,2403000.0,3472000.0,3152000.0,1071000.0,0.0,,0.0,21550000.0,22621000.0,0.419,22621000.0,21550000.0,21448000.0,3.465,0.455,3.465,18083000.0,,18083000.0,,,,9593000.0,2.541,1.0,33101000.0,0.614,0.0,102000.0,32871000.0,,16145000.0,0.0,0.0,0.0,41124000.0,38272000.0,2852000.0,,9383000.0,0.0,20000.0,-230000.0,0.0,-210000.0,-8535000.0,0.0,18128000.0,0.0,13083000.0,13083000.0,13083000.0,0.0,0.0,0.243,11943000.0,21158000.0,9915000.0,0.0,,,,19362000.0,0.0,,,,26131000.0,17642000.0,53933000.0,53933000.0,3050000.0,,,,,0.0,8893000.0,1.0,27491888.0,3776000.0,28322286.0,14.283,99611000.0,3768000.0,8365000.0,10795000.0,26.38,41249000.0
99,CIEN,MRQ,1996-09-30,1996-10-31,1996-10-31,2021-09-08,0.0,67301000.0,,55012000.0,12289000.0,,1.259,-5096000.0,22557000.0,22557000.0,39969000.0,13238000.0,2.872,4.412,0.0,0.0,0.0,0.0,3265000.0,336000.0,0.0,,0.0,21651000.0,21987000.0,0.307,21987000.0,21651000.0,21391000.0,4.235,0.525,4.235,4970000.0,,4970000.0,,,,10833000.0,2.744,1.0,31571000.0,0.441,0.0,260000.0,25588000.0,,13228000.0,0.0,0.0,0.0,21927000.0,19156000.0,2771000.0,,10680000.0,0.0,5000.0,-158000.0,0.0,-153000.0,-5096000.0,0.0,15929000.0,0.0,13238000.0,13238000.0,13238000.0,0.0,0.0,0.185,10392000.0,21179000.0,6278000.0,0.0,,,,11863000.0,0.0,,,,16759000.0,4559000.0,71540000.0,71540000.0,2739000.0,,,,,0.0,7653000.0,1.0,,3947714.0,26402000.0,18.122,67301000.0,1834000.0,8153000.0,3342000.0,17.048,35856000.0
100,CIEN,MRQ,1996-06-30,1996-07-31,1996-07-31,2021-09-08,,,,,,,,-2831000.0,,,7346000.0,10094000.0,,,,,,,,315000.0,,,0.0,5584000.0,5899000.0,0.349,5899000.0,5584000.0,5494000.0,0.35,0.35,0.35,,,,,,,-8829000.0,-0.312,1.0,9577000.0,0.566,,90000.0,,,,,,,,,,,-6964000.0,0.0,8000.0,1857000.0,0.0,1865000.0,-2831000.0,0.0,-5998000.0,0.0,10094000.0,10094000.0,10094000.0,0.0,0.0,0.596,4158000.0,5419000.0,,0.0,,,,,0.0,,,,,,16923000.0,16923000.0,1964000.0,,,,,0.0,2194000.0,1.0,,28317429.0,28317429.0,0.598,,,-4600000.0,,,
101,CIEN,MRQ,1996-03-31,1996-04-30,1996-04-30,2021-09-08,0.0,67301000.0,,55012000.0,12289000.0,,0.176,-1032000.0,22557000.0,22557000.0,0.0,-2735000.0,2.872,4.412,3702000.0,1029000.0,2673000.0,3702000.0,3265000.0,221000.0,0.0,,0.0,-2680000.0,-2459000.0,,-2459000.0,-2680000.0,-2735000.0,-0.105,-0.105,-0.105,4970000.0,,4970000.0,,,,-9128000.0,-0.322,1.0,0.0,,0.0,55000.0,29290000.0,,13228000.0,0.0,0.0,0.0,21927000.0,19156000.0,2771000.0,,-8669000.0,0.0,-36000.0,495000.0,0.0,459000.0,-1032000.0,0.0,-8096000.0,0.0,-2735000.0,-2735000.0,-2735000.0,0.0,0.0,,2972000.0,-2972000.0,6278000.0,0.0,,,,11863000.0,0.0,,,,16759000.0,4559000.0,0.0,0.0,1746000.0,,,,,0.0,1226000.0,1.0,,28317429.0,28317429.0,0.0,67301000.0,1834000.0,0.0,3342000.0,2.377,35856000.0
102,CIEN,MRQ,1995-12-31,1996-01-31,1996-01-31,2021-09-08,,,,,,,,-2599000.0,,,0.0,-3334000.0,,,,,,,,210000.0,,,0.0,-3296000.0,-3086000.0,,-3086000.0,-3296000.0,-3334000.0,-0.105,-0.105,-0.105,,,,,,,-5614000.0,-0.198,1.0,0.0,,,38000.0,,,,,,,,,,,20732000.0,0.0,47000.0,349000.0,0.0,26346000.0,-2599000.0,0.0,-3015000.0,0.0,-3334000.0,-3334000.0,-3334000.0,0.0,0.0,,3463000.0,-3463000.0,,0.0,,,,,0.0,,,,,,0.0,0.0,2473000.0,,,,,0.0,990000.0,1.0,,28317429.0,28317429.0,0.0,,,0.0,,,
103,CIEN,MRQ,1995-09-30,1995-10-31,1995-10-31,2021-09-08,0.0,7383000.0,,5062000.0,2321000.0,,,,5032000.0,5032000.0,,,2.54,-0.288,1224000.0,368000.0,856000.0,1224000.0,0.0,,0.0,,0.0,,,,,,,,,,-9930000.0,,-9930000.0,,,,,,1.0,,,0.0,,1582000.0,,0.0,0.0,0.0,0.0,2859000.0,1993000.0,866000.0,,,,,,,,,,,,,,,,,,,,541000.0,,,,,2239000.0,,,,,8000.0,-10159000.0,,,,,,,,,,1.0,,,,,7383000.0,0.0,,0.0,,3069000.0
0,CIEN,MRT,2021-06-30,2021-07-31,2021-07-31,2021-09-08,-4630000.0,4655868000.0,4352923750.0,2984133000.0,1671735000.0,0.783,18.833,-88624000.0,1230441000.0,1230441000.0,1758469000.0,461738000.0,3.608,0.592,749105000.0,26015000.0,723090000.0,749105000.0,183899000.0,132381000.0,0.0,0.0,0.0,449581000.0,581962000.0,0.171,581962000.0,449581000.0,419265000.0,2.97,2.95,2.97,2924236000.0,2678402250.0,2924236000.0,8548632217.0,19.0,14.689,385427000.0,2.482,1.0,1649209000.0,0.484,385543000.0,30316000.0,2961898000.0,2809946250.0,370170000.0,242898000.0,182010000.0,60888000.0,1731632000.0,827091000.0,904541000.0,8998162217.0,136685000.0,0.0,-78812000.0,-9846000.0,0.0,-88658000.0,-249935000.0,-161311000.0,474051000.0,1227000.0,461738000.0,461738000.0,461738000.0,0.0,0.0,0.135,1197779000.0,451430000.0,301606000.0,0.0,3.077,19.488,19.576,337874000.0,0.0,58.14,2.641,2.649,878229000.0,-3888631000.0,3407678000.0,3407678000.0,526449000.0,0.106,0.172,0.16,0.132,79890000.0,611877000.0,1.0,154767152.0,155271000.0,156744000.0,21.947,4270325000.0,784702000.0,-42473000.0,0.0,27.502,2157042000.0
1,CIEN,MRT,2021-03-31,2021-05-01,2021-05-01,2021-09-08,5361000.0,4388013000.0,4202753750.0,2794453000.0,1593560000.0,0.808,17.339,-88860000.0,1202974000.0,1202974000.0,1756909000.0,365773000.0,3.57,0.629,753444000.0,26294000.0,727150000.0,753444000.0,204299000.0,130597000.0,0.0,0.0,0.0,488531000.0,619128000.0,0.182,619128000.0,488531000.0,458740000.0,2.36,2.34,2.36,2693263000.0,2554560000.0,2693263000.0,7552556157.0,15.0,12.199,491523000.0,3.164,1.0,1639340000.0,0.483,394613000.0,29791000.0,2761194000.0,2714556250.0,401233000.0,243531000.0,151816000.0,91715000.0,1694750000.0,782676000.0,912074000.0,7823017157.0,315260000.0,0.0,-51405000.0,-9715000.0,0.0,-61120000.0,-209932000.0,-121072000.0,580383000.0,5929000.0,365773000.0,365773000.0,365773000.0,0.0,0.0,0.108,1148397000.0,490943000.0,279247000.0,0.0,2.905,21.388,21.386,349326000.0,0.0,50.47,2.303,2.308,716779000.0,-4126863000.0,3396249000.0,3396249000.0,510445000.0,0.087,0.143,0.18,0.144,74678000.0,584488000.0,1.0,155003312.0,155331000.0,156876000.0,21.865,3993400000.0,653922000.0,92967000.0,0.0,25.709,2011777000.0
2,CIEN,MRT,2020-12-31,2021-01-30,2021-01-30,2021-09-08,-11547000.0,4186897000.0,4069941000.0,2596539000.0,1590358000.0,0.849,16.668,-76715000.0,1029237000.0,1029237000.0,1816128000.0,354311000.0,3.792,0.619,758776000.0,26294000.0,732482000.0,758776000.0,190600000.0,129888000.0,0.0,0.0,0.0,480999000.0,610887000.0,0.177,610887000.0,480999000.0,451133000.0,2.3,2.27,2.3,2586513000.0,2441388250.0,2586513000.0,7927302593.0,16.0,12.977,369856000.0,2.383,1.0,1640247000.0,0.475,402810000.0,29866000.0,2828859000.0,2670688000.0,389733000.0,253798000.0,151434000.0,102364000.0,1600384000.0,684767000.0,915617000.0,8252190593.0,191971000.0,0.0,-47227000.0,-9613000.0,0.0,-56840000.0,-199639000.0,-122924000.0,446571000.0,1879000.0,354311000.0,354311000.0,354311000.0,0.0,0.0,0.103,1155445000.0,484802000.0,247241000.0,0.0,3.19,23.291,23.213,335472000.0,0.0,53.39,2.388,2.397,700025000.0,-4229980000.0,3456375000.0,3456375000.0,531729000.0,0.087,0.145,0.18,0.139,71120000.0,573710000.0,1.0,154564349.0,155174000.0,156583000.0,22.274,3784087000.0,647232000.0,96822000.0,0.0,24.386,1911772000.0
3,CIEN,MRT,2020-09-30,2020-10-31,2020-10-31,2021-09-08,-35358000.0,4180917000.0,3980938500.0,2611159000.0,1569758000.0,0.887,16.266,-82667000.0,1088624000.0,1088624000.0,1879266000.0,361291000.0,3.433,0.666,763736000.0,25965000.0,737771000.0,763736000.0,158363000.0,132527000.0,0.0,0.0,0.0,487282000.0,619809000.0,0.175,619809000.0,487282000.0,455961000.0,2.34,2.32,2.34,2509597000.0,2343172500.0,2509597000.0,5741241956.0,12.0,9.263,410987000.0,2.664,1.0,1652891000.0,0.468,407494000.0,31321000.0,2687834000.0,2609399250.0,344379000.0,232893000.0,150667000.0,82226000.0,1671320000.0,760701000.0,910619000.0,6078646956.0,184547000.0,-28300000.0,-78939000.0,-8283000.0,0.0,-87222000.0,-220242000.0,-109275000.0,493654000.0,-1643000.0,361291000.0,361291000.0,361291000.0,0.0,0.0,0.102,1165927000.0,486964000.0,291904000.0,0.0,2.422,16.825,16.833,329403000.0,0.0,39.39,1.721,1.721,719405000.0,-4283122000.0,3532157000.0,3532157000.0,529888000.0,0.091,0.154,0.187,0.138,67758000.0,585973000.0,1.0,154319547.0,154287000.0,155955000.0,22.893,3773423000.0,647805000.0,94670000.0,0.0,24.457,1850458000.0
4,CIEN,MRT,2020-06-30,2020-08-01,2020-08-01,2021-09-08,-40189000.0,4055188000.0,3909045750.0,2567883000.0,1487305000.0,0.939,15.753,-74849000.0,1093749000.0,1093749000.0,2003426000.0,376581000.0,3.564,0.67,756344000.0,26347000.0,729997000.0,756344000.0,136870000.0,130436000.0,0.0,0.0,0.0,486067000.0,616503000.0,0.168,616503000.0,486067000.0,453005000.0,2.44,2.41,2.44,2428867000.0,2258963500.0,2428867000.0,9011126756.0,19.0,14.617,471523000.0,3.058,1.0,1668238000.0,0.454,416954000.0,33062000.0,2580338000.0,2542453000.0,363600000.0,70404000.0,70404000.0,0.0,1626321000.0,720491000.0,905830000.0,9143376756.0,369025000.0,-28300000.0,-118242000.0,-9538000.0,0.0,-127780000.0,-48125000.0,55024000.0,546372000.0,-1442000.0,376581000.0,376581000.0,376581000.0,0.0,0.0,0.103,1181555000.0,486683000.0,297163000.0,0.0,3.764,24.28,24.389,315569000.0,0.0,59.51,2.49,2.499,715195000.0,-4348163000.0,3671664000.0,3671664000.0,534308000.0,0.096,0.167,0.191,0.132,66128000.0,596684000.0,1.0,153644375.0,154184000.0,156318000.0,23.814,3638234000.0,655320000.0,76424000.0,0.0,23.597,1847392000.0
5,CIEN,MRT,2020-03-31,2020-05-02,2020-05-02,2021-09-08,-61386000.0,3856762000.0,3839175750.0,2340211000.0,1516551000.0,0.952,14.563,-72748000.0,887732000.0,887732000.0,2027649000.0,321063000.0,3.282,0.721,755482000.0,25026000.0,730456000.0,755482000.0,149917000.0,129681000.0,0.0,0.0,0.0,424150000.0,553831000.0,0.152,553831000.0,424150000.0,388935000.0,2.08,2.05,2.08,2240576000.0,2181592750.0,2240576000.0,7035806105.0,17.0,12.704,381310000.0,2.478,1.0,1627909000.0,0.445,425805000.0,35215000.0,2585721000.0,2530170500.0,325753000.0,100742000.0,100742000.0,0.0,1616186000.0,712986000.0,903200000.0,7113350105.0,188627000.0,-28300000.0,-166900000.0,-9827000.0,0.0,-176727000.0,-84080000.0,16968000.0,454058000.0,-4624000.0,321063000.0,321063000.0,321063000.0,0.0,0.0,0.088,1203961000.0,423948000.0,292164000.0,0.0,3.175,22.156,22.279,308731000.0,0.0,46.34,1.946,1.95,693963000.0,-4490430000.0,3655558000.0,3655558000.0,543967000.0,0.084,0.147,0.168,0.116,63953000.0,607211000.0,1.0,153503455.0,153858000.0,155141000.0,23.759,3430957000.0,689416000.0,67872000.0,0.0,22.3,1627225000.0
6,CIEN,MRT,2019-12-31,2020-01-31,2020-01-31,2021-09-08,-27711000.0,3830887000.0,3796679750.0,2266444000.0,1564443000.0,0.955,14.214,-74054000.0,837286000.0,837286000.0,2037256000.0,282146000.0,3.092,0.746,759742000.0,25623000.0,734119000.0,759742000.0,166835000.0,127721000.0,0.0,0.0,0.0,379403000.0,507124000.0,0.14,507124000.0,379403000.0,342577000.0,1.82,1.79,1.82,2193650000.0,2137248500.0,2193650000.0,6048740108.0,16.0,11.928,392955000.0,2.546,1.0,1589260000.0,0.438,436553000.0,36826000.0,2583704000.0,2503989750.0,342673000.0,120143000.0,110067000.0,10076000.0,1637237000.0,733086000.0,904151000.0,6265379108.0,168518000.0,-28300000.0,-187253000.0,-10106000.0,0.0,-197359000.0,-100270000.0,2084000.0,467009000.0,-862000.0,282146000.0,282146000.0,282146000.0,0.0,0.0,0.078,1212480000.0,376780000.0,311748000.0,0.0,2.856,22.206,22.346,327887000.0,0.0,40.67,1.728,1.731,655105000.0,-4582085000.0,3626516000.0,3626516000.0,550406000.0,0.074,0.132,0.152,0.105,61583000.0,609623000.0,1.0,154054072.0,154334000.0,155738000.0,23.498,3394334000.0,699439000.0,60431000.0,0.0,21.993,1533358000.0
7,CIEN,MRT,2019-09-30,2019-10-31,2019-10-31,2021-09-08,-22084000.0,3893346000.0,3743484500.0,2381802000.0,1511544000.0,0.954,13.953,-62579000.0,904045000.0,904045000.0,2030065000.0,253434000.0,2.816,0.792,687406000.0,7000000.0,680406000.0,687406000.0,156873000.0,122712000.0,0.0,0.0,0.0,350642000.0,473354000.0,0.133,473354000.0,350642000.0,313190000.0,1.63,1.61,1.63,2172761000.0,2102412250.0,2172761000.0,5708012352.0,16.0,12.059,350561000.0,2.251,1.0,1542066000.0,0.432,410718000.0,37452000.0,2420049000.0,2483939250.0,345049000.0,119954000.0,109940000.0,10014000.0,1720585000.0,845940000.0,874645000.0,5742323352.0,158727000.0,0.0,-156188000.0,-122778000.0,0.0,-278966000.0,24077000.0,86656000.0,413140000.0,476000.0,253434000.0,253434000.0,253434000.0,0.0,0.0,0.071,1195300000.0,346766000.0,344819000.0,0.0,2.643,22.658,22.773,286884000.0,0.0,37.12,1.608,1.618,724854000.0,-4644413000.0,3572131000.0,3572131000.0,548139000.0,0.068,0.121,0.141,0.098,59736000.0,597445000.0,1.0,154696211.0,155720000.0,157612000.0,22.939,3482628000.0,714942000.0,59756000.0,0.0,22.365,1535862000.0
8,CIEN,MRT,2019-06-30,2019-07-31,2019-07-31,2021-09-08,-23764000.0,3775708000.0,3709278750.0,2291232000.0,1484476000.0,0.945,13.631,-66293000.0,723229000.0,723229000.0,1983055000.0,237080000.0,2.896,0.782,688918000.0,7000000.0,681918000.0,688918000.0,145030000.0,120401000.0,0.0,0.0,0.0,327249000.0,447650000.0,0.128,447650000.0,327249000.0,284060000.0,1.56,1.44,1.56,2119384000.0,2041555500.0,2119384000.0,7004384055.0,21.0,15.647,174860000.0,1.125,1.0,1520445000.0,0.434,419154000.0,43189000.0,2531208000.0,2493818500.0,356818000.0,119670000.0,119670000.0,0.0,1656324000.0,791035000.0,865289000.0,7013103055.0,-1552000.0,-42258000.0,-152657000.0,-119924000.0,0.0,-272581000.0,31581000.0,140132000.0,241153000.0,-1705000.0,237080000.0,237080000.0,237080000.0,0.0,0.0,0.068,1171011000.0,349434000.0,356716000.0,0.0,3.309,29.581,28.987,280630000.0,0.0,45.22,2.002,2.007,798884000.0,-4724744000.0,3503500000.0,3503500000.0,541465000.0,0.064,0.116,0.131,0.093,58522000.0,587267000.0,1.0,155088524.0,155488000.0,157455000.0,22.532,3356554000.0,700206000.0,46980000.0,0.0,21.587,1500197000.0
9,CIEN,MRT,2019-03-31,2019-04-30,2019-04-30,2021-09-08,-19206000.0,3686778000.0,3671025500.0,2178168000.0,1508610000.0,0.916,13.211,-70959000.0,699148000.0,699148000.0,1914075000.0,201171000.0,2.831,0.787,690429000.0,7000000.0,683429000.0,690429000.0,145022000.0,117569000.0,0.0,0.0,0.0,284629000.0,402198000.0,0.12,402198000.0,284629000.0,237233000.0,1.35,1.23,1.35,2063199000.0,1956448000.0,2063199000.0,6005493905.0,21.0,14.932,175184000.0,1.122,1.0,1447636000.0,0.431,427682000.0,47396000.0,2480998000.0,2454107500.0,359417000.0,119327000.0,119327000.0,0.0,1623579000.0,769379000.0,854200000.0,5982364905.0,46935000.0,-82670000.0,-136112000.0,-119197000.0,0.0,-255309000.0,60839000.0,214522000.0,246143000.0,-4738000.0,201171000.0,201171000.0,201171000.0,0.0,0.0,0.06,1138229000.0,309407000.0,366932000.0,0.0,2.9,29.738,28.415,282022000.0,0.0,38.36,1.78,1.782,756607000.0,-4811493000.0,3361711000.0,3361711000.0,522718000.0,0.055,0.103,0.116,0.085,55775000.0,573949000.0,1.0,155953204.0,156170000.0,158289000.0,21.526,3259096000.0,715968000.0,36062000.0,0.0,20.869,1408789000.0
10,CIEN,MRT,2018-12-31,2019-01-31,2019-01-31,2021-09-08,-10640000.0,3618106000.0,3625969500.0,2089667000.0,1528439000.0,0.89,13.142,-57299000.0,668810000.0,668810000.0,1860412000.0,162289000.0,2.982,0.761,691939000.0,7000000.0,684939000.0,691939000.0,136141000.0,113735000.0,0.0,0.0,0.0,237915000.0,351650000.0,0.109,351650000.0,237915000.0,186959000.0,1.11,0.99,1.11,2054305000.0,1876678000.0,2054305000.0,6072631600.0,26.0,17.269,122154000.0,0.781,1.0,1366266000.0,0.423,436973000.0,50956000.0,2503502000.0,2445216500.0,323106000.0,119143000.0,119143000.0,0.0,1563801000.0,700760000.0,863041000.0,5960392600.0,19826000.0,-82670000.0,-118364000.0,-118480000.0,0.0,-236844000.0,83516000.0,223485000.0,179453000.0,-6299000.0,162289000.0,162289000.0,162289000.0,0.0,0.0,0.05,1105113000.0,261153000.0,335547000.0,0.0,2.901,36.727,34.315,288713000.0,0.0,38.09,1.847,1.845,761186000.0,-4864231000.0,3226678000.0,3226678000.0,501673000.0,0.045,0.086,0.097,0.074,54334000.0,564628000.0,1.0,156481822.0,156314000.0,158174000.0,20.642,3181133000.0,728139000.0,24670000.0,0.0,20.351,1388907000.0
11,CIEN,MRT,2018-09-30,2018-10-31,2018-10-31,2021-09-08,-5780000.0,3756523000.0,3588789000.0,2142602000.0,1613921000.0,0.862,13.423,-67616000.0,745423000.0,745423000.0,1779596000.0,-344690000.0,2.225,0.947,857662000.0,171212000.0,686450000.0,857662000.0,169457000.0,110020000.0,0.0,0.0,0.0,204030000.0,314050000.0,0.101,314050000.0,204030000.0,148781000.0,-2.4,-2.49,-2.4,1929334000.0,1802136750.0,1929334000.0,4671675044.0,23.0,14.876,161645000.0,1.125,1.0,1314690000.0,0.425,446193000.0,55249000.0,2459566000.0,2434368750.0,262751000.0,207951000.0,148981000.0,58970000.0,1827189000.0,963003000.0,864186000.0,4457715044.0,104793000.0,-82670000.0,-92611000.0,-6618000.0,0.0,-99229000.0,-19383000.0,130903000.0,229261000.0,-5856000.0,-344690000.0,-344690000.0,-344690000.0,0.0,0.0,-0.111,1084744000.0,229946000.0,340582000.0,0.0,2.31,-12.933,-13.025,292067000.0,0.0,31.26,1.441,1.452,786502000.0,-4947652000.0,3094286000.0,3094286000.0,491564000.0,-0.096,-0.191,0.084,0.066,52972000.0,554193000.0,1.0,142601249.0,143738000.0,143738000.0,21.527,3310330000.0,745039000.0,493471000.0,0.0,23.03,1179599000.0
12,CIEN,MRT,2018-06-30,2018-07-31,2018-07-31,2021-09-08,-8705000.0,3622695000.0,3637586000.0,2104476000.0,1518219000.0,0.808,12.406,-68982000.0,726214000.0,726214000.0,1697079000.0,751389000.0,1.97,1.036,940174000.0,353669000.0,586505000.0,940174000.0,184084000.0,108608000.0,0.0,0.0,0.0,191855000.0,300463000.0,0.102,300463000.0,191855000.0,137553000.0,5.33,3.98,5.33,1778954000.0,1853888750.0,1778954000.0,3914472361.0,20.0,13.028,230790000.0,1.609,1.0,1242300000.0,0.423,395853000.0,54302000.0,2372364000.0,2529722500.0,227885000.0,258405000.0,228940000.0,29465000.0,1843741000.0,1068438000.0,775303000.0,3627822361.0,166728000.0,-40412000.0,-50760000.0,-8445000.0,0.0,-59205000.0,-69138000.0,40256000.0,299772000.0,-4701000.0,751389000.0,751389000.0,751389000.0,0.0,0.0,0.256,1052425000.0,189875000.0,312611000.0,0.0,2.039,4.828,4.765,295863000.0,0.0,25.4,1.234,1.239,728940000.0,-5011629000.0,2939379000.0,2939379000.0,475689000.0,0.207,0.405,0.076,0.065,50413000.0,528921000.0,1.0,142827652.0,143400000.0,159998000.0,20.498,3226842000.0,724087000.0,-613836000.0,0.0,22.502,1036038000.0
13,CIEN,MRT,2018-03-31,2018-04-30,2018-04-30,2021-09-08,-5072000.0,3506554000.0,3416077250.0,1985422000.0,1521132000.0,0.834,12.114,-66218000.0,652096000.0,652096000.0,1630448000.0,760559000.0,2.006,1.011,938746000.0,353208000.0,585538000.0,938746000.0,178643000.0,107112000.0,0.0,0.0,0.0,189275000.0,296387000.0,0.104,296387000.0,189275000.0,135169000.0,5.4,4.03,5.4,1744119000.0,1645227750.0,1744119000.0,3985850319.0,21.0,13.448,196046000.0,1.362,1.0,1218833000.0,0.428,358015000.0,54106000.0,2445434000.0,2456625250.0,231338000.0,327479000.0,268584000.0,58895000.0,1762435000.0,989755000.0,772680000.0,3697363319.0,23527000.0,0.0,-16165000.0,-192882000.0,0.0,-209047000.0,-28800000.0,37364000.0,262264000.0,-890000.0,760559000.0,760559000.0,760559000.0,0.0,0.0,0.267,1032233000.0,186600000.0,264398000.0,0.0,2.12,4.861,4.769,298631000.0,0.0,25.75,1.298,1.301,647380000.0,-5062469000.0,2849281000.0,2849281000.0,472285000.0,0.223,0.462,0.077,0.066,50089000.0,517622000.0,1.0,143586925.0,143975000.0,147973000.0,19.79,3148539000.0,734824000.0,-625390000.0,0.0,21.869,995667000.0
14,CIEN,MRT,2017-12-31,2018-01-31,2018-01-31,2021-09-08,2375000.0,3469384000.0,3233714500.0,1923422000.0,1545962000.0,0.874,12.202,-94556000.0,648867000.0,648867000.0,1582559000.0,784729000.0,2.061,0.976,937354000.0,352753000.0,584601000.0,937354000.0,182513000.0,114084000.0,0.0,0.0,0.0,210815000.0,324899000.0,0.115,324899000.0,210815000.0,156432000.0,5.57,4.19,5.57,1756140000.0,1420834250.0,1756140000.0,3352969718.0,16.0,10.32,202279000.0,1.405,1.0,1243766000.0,0.44,364384000.0,54383000.0,2460111000.0,2365289750.0,255251000.0,337894000.0,278743000.0,59151000.0,1713244000.0,933376000.0,779868000.0,3057501718.0,-44932000.0,0.0,17609000.0,-192851000.0,0.0,-268867000.0,-74688000.0,19868000.0,296835000.0,1788000.0,784729000.0,784729000.0,784729000.0,0.0,0.0,0.278,1031412000.0,212354000.0,209243000.0,0.0,1.741,3.896,3.82,318835000.0,0.0,21.28,1.082,1.084,553724000.0,-5076325000.0,2826325000.0,2826325000.0,476984000.0,0.243,0.552,0.089,0.075,47928000.0,504828000.0,1.0,143679592.0,143922000.0,143922000.0,19.638,3105000000.0,739446000.0,-628297000.0,0.0,21.574,990046000.0
15,CIEN,MRT,2017-09-30,2017-10-31,2017-10-31,2021-09-08,-11017000.0,3951711000.0,3081392000.0,2006311000.0,1945400000.0,0.909,15.045,-94600000.0,640513000.0,640513000.0,1555901000.0,1261953000.0,1.933,0.85,935981000.0,352293000.0,583688000.0,935981000.0,185007000.0,122902000.0,0.0,0.0,0.0,211978000.0,334880000.0,0.12,334880000.0,211978000.0,156126000.0,8.89,7.53,8.89,2136342000.0,1181522500.0,2136342000.0,3410742609.0,16.0,10.185,140282000.0,0.988,1.0,1245786000.0,0.445,368455000.0,55852000.0,2840981000.0,2285147250.0,267143000.0,328916000.0,279133000.0,49783000.0,1815369000.0,1037743000.0,777626000.0,3034980609.0,-137048000.0,0.0,20412000.0,-237838000.0,0.0,-311051000.0,-61373000.0,33227000.0,234882000.0,494000.0,1261953000.0,1261953000.0,1261953000.0,0.0,0.0,0.45,1031064000.0,214722000.0,260098000.0,0.0,1.421,2.405,2.393,308465000.0,0.0,21.27,1.083,1.078,622183000.0,-4664253000.0,2801687000.0,2801687000.0,475329000.0,0.41,1.068,0.093,0.076,48360000.0,498773000.0,1.0,142688322.0,141997000.0,169919000.0,19.731,3583256000.0,1155104000.0,-1105827000.0,0.0,25.235,968568000.0
16,CIEN,MRT,2017-06-30,2017-07-31,2017-07-31,2021-09-08,-5495000.0,2736660000.0,2811858000.0,1923135000.0,813525000.0,0.986,6.628,-102028000.0,559540000.0,559540000.0,1534780000.0,138484000.0,2.924,1.898,935302000.0,4000000.0,931302000.0,935302000.0,197527000.0,131234000.0,0.0,0.0,0.0,213861000.0,345095000.0,0.124,345095000.0,213861000.0,156564000.0,0.98,0.92,0.98,944310000.0,839022250.0,944310000.0,4141944138.0,19.0,12.002,131028000.0,0.92,1.0,1238649000.0,0.447,374831000.0,57297000.0,2079975000.0,2086005000.0,276421000.0,294617000.0,234743000.0,59874000.0,1792350000.0,657616000.0,1134734000.0,3652164138.0,-295378000.0,0.0,21368000.0,-455944000.0,0.0,-528201000.0,-976000.0,101041000.0,233056000.0,743000.0,138484000.0,138484000.0,138484000.0,0.0,0.0,0.05,1020053000.0,218596000.0,258358000.0,0.0,3.868,26.372,26.276,314850000.0,0.0,25.75,1.317,1.323,653242000.0,-5824309000.0,2773429000.0,2773429000.0,468669000.0,0.049,0.165,0.103,0.077,47004000.0,495715000.0,1.0,141831617.0,142464000.0,172112000.0,19.468,2361829000.0,0.0,18080000.0,0.0,16.578,1265519000.0
17,CIEN,MRT,2017-03-31,2017-04-30,2017-04-30,2021-09-08,-21186000.0,2777103000.0,2888607500.0,1942250000.0,834853000.0,0.94,5.972,-114463000.0,628623000.0,628623000.0,1496202000.0,112020000.0,2.407,2.281,1118403000.0,189221000.0,929182000.0,1118403000.0,186863000.0,139981000.0,0.0,0.0,0.0,186087000.0,326068000.0,0.12,326068000.0,186087000.0,126238000.0,0.8,0.76,0.8,846545000.0,783334500.0,846545000.0,3753604030.0,20.0,11.512,145123000.0,1.024,1.0,1219058000.0,0.449,380018000.0,59849000.0,2080092000.0,2099557000.0,287073000.0,364631000.0,274779000.0,89852000.0,1930558000.0,806773000.0,1123785000.0,3237580030.0,-293410000.0,0.0,23468000.0,-302082000.0,0.0,-372239000.0,-179507000.0,-65055000.0,259586000.0,-1250000.0,112020000.0,112020000.0,112020000.0,0.0,0.0,0.041,1025437000.0,193621000.0,249556000.0,0.0,3.824,28.902,28.637,299792000.0,0.0,22.91,1.192,1.196,564856000.0,-5884319000.0,2715260000.0,2715260000.0,467637000.0,0.039,0.143,0.089,0.069,47613000.0,491475000.0,1.0,141317330.0,141743000.0,165273000.0,19.156,2397085000.0,0.0,14218000.0,0.0,16.911,1135477000.0
18,CIEN,MRT,2016-12-31,2017-01-31,2017-01-31,2021-09-08,-18171000.0,2860094000.0,2939727500.0,1998052000.0,862042000.0,0.901,5.679,-104018000.0,693853000.0,693853000.0,1465044000.0,87991000.0,2.374,2.58,1209877000.0,190122000.0,1019755000.0,1209877000.0,191936000.0,142300000.0,0.0,0.0,0.0,160385000.0,302685000.0,0.114,302685000.0,160385000.0,101236000.0,0.63,0.61,0.63,798893000.0,738951250.0,798893000.0,3901776969.0,24.0,12.891,144272000.0,1.026,1.0,1183911000.0,0.447,395016000.0,59149000.0,2139541000.0,2201335500.0,284595000.0,359990000.0,250056000.0,109934000.0,2061201000.0,841561000.0,1219640000.0,3416842969.0,33532000.0,-32000000.0,23929000.0,-57954000.0,0.0,-33228000.0,-182385000.0,-46378000.0,248290000.0,855000.0,87991000.0,87991000.0,87991000.0,0.0,0.0,0.033,1019877000.0,164034000.0,273513000.0,0.0,4.277,38.832,38.635,293150000.0,0.0,24.34,1.29,1.293,595706000.0,-5922345000.0,2648955000.0,2648955000.0,460617000.0,0.03,0.119,0.073,0.061,50341000.0,489805000.0,1.0,140379744.0,140682000.0,142184000.0,18.829,2465078000.0,0.0,13245000.0,0.0,17.522,1156491000.0
19,CIEN,MRT,2016-09-30,2016-10-31,2016-10-31,2021-09-08,-24329000.0,2873575000.0,2872032750.0,2013192000.0,860383000.0,0.905,5.541,-107185000.0,777615000.0,777615000.0,1438997000.0,72584000.0,2.258,2.75,1253682000.0,236241000.0,1017441000.0,1253682000.0,182863000.0,141692000.0,0.0,0.0,0.0,143374000.0,285066000.0,0.11,285066000.0,143374000.0,86718000.0,0.52,0.51,0.52,766341000.0,695984750.0,766341000.0,3326665627.0,23.0,11.67,182335000.0,1.318,1.0,1161576000.0,0.447,413685000.0,56656000.0,2044412000.0,2215445250.0,211251000.0,365420000.0,275248000.0,90172000.0,2107234000.0,891545000.0,1215689000.0,2700434627.0,-13356000.0,-32000000.0,23091000.0,-27319000.0,0.0,-4228000.0,-296259000.0,-157085000.0,289520000.0,-2389000.0,72584000.0,72584000.0,72584000.0,0.0,0.0,0.028,1005407000.0,156169000.0,235942000.0,0.0,3.524,37.204,37.269,288406000.0,0.0,19.38,1.038,1.031,576235000.0,-5926206000.0,2600573000.0,2600573000.0,451794000.0,0.025,0.104,0.065,0.055,51993000.0,482559000.0,1.0,139341312.0,138312000.0,150704000.0,18.802,2459890000.0,1116000.0,14134000.0,0.0,17.785,1121647000.0
20,CIEN,MRT,2016-06-30,2016-07-31,2016-07-31,2021-09-08,-21390000.0,3043658000.0,2827401750.0,2150174000.0,893484000.0,0.911,5.196,-103541000.0,854918000.0,854918000.0,1430339000.0,22165000.0,1.949,3.218,1481149000.0,455465000.0,1025684000.0,1481149000.0,188239000.0,160559000.0,0.0,0.0,0.0,88226000.0,248785000.0,0.097,248785000.0,88226000.0,34253000.0,0.13,0.13,0.13,721559000.0,659618500.0,721559000.0,3238809908.0,37.0,13.019,133896000.0,0.964,1.0,1146016000.0,0.445,432430000.0,53973000.0,2134183000.0,2217361750.0,221598000.0,410688000.0,295322000.0,115366000.0,2322099000.0,1103276000.0,1218823000.0,2650453908.0,157827000.0,5212000.0,32771000.0,171278000.0,0.0,203628000.0,-280147000.0,-181820000.0,237437000.0,-3091000.0,22165000.0,22165000.0,22165000.0,0.0,0.0,0.009,1040102000.0,105914000.0,232736000.0,0.0,3.673,119.578,147.615,272955000.0,0.0,19.19,1.029,1.034,588389000.0,-5962793000.0,2576355000.0,2576355000.0,447205000.0,0.008,0.034,0.04,0.034,64770000.0,480366000.0,1.0,138116410.0,138881000.0,169349000.0,18.551,2611228000.0,0.0,12088000.0,0.0,18.802,1046898000.0
21,CIEN,MRT,2016-03-31,2016-04-30,2016-04-30,2021-09-08,-15619000.0,2981583000.0,2607411000.0,2078049000.0,903534000.0,0.962,4.85,-93260000.0,922033000.0,922033000.0,1401337000.0,12244000.0,3.298,3.457,1510389000.0,5000000.0,1505389000.0,1510389000.0,187032000.0,152731000.0,0.0,0.0,0.0,73809000.0,226540000.0,0.09,226540000.0,73809000.0,23920000.0,0.09,0.09,0.09,669012000.0,523692250.0,669012000.0,2915439200.0,39.0,12.869,184592000.0,1.338,1.0,1107400000.0,0.441,452601000.0,49889000.0,2487206000.0,2200060750.0,190861000.0,320412000.0,195179000.0,125233000.0,2312571000.0,630132000.0,1682439000.0,2314944200.0,335695000.0,5212000.0,30263000.0,201216000.0,0.0,231058000.0,-169187000.0,-81143000.0,277852000.0,-4028000.0,12244000.0,12244000.0,12244000.0,0.0,0.0,0.005,1014059000.0,93341000.0,225237000.0,0.0,3.46,189.068,187.0,248649000.0,0.0,16.83,0.923,0.925,555056000.0,-5996339000.0,2508737000.0,2508737000.0,430887000.0,0.005,0.023,0.034,0.029,62414000.0,473691000.0,1.0,137548675.0,137950000.0,138889000.0,18.186,2528982000.0,0.0,11676000.0,0.0,18.333,1447917000.0
22,CIEN,MRT,2015-12-31,2016-01-31,2016-01-31,2021-09-08,-27776000.0,2589315000.0,2384906250.0,1751020000.0,838295000.0,1.044,4.588,-79788000.0,660321000.0,660321000.0,1392904000.0,18900000.0,3.154,3.13,1260816000.0,2500000.0,1258316000.0,1260816000.0,173691000.0,143731000.0,0.0,0.0,0.0,81474000.0,225205000.0,0.09,225205000.0,81474000.0,31246000.0,0.17,0.16,0.17,627027000.0,391105000.0,627027000.0,2896159587.0,36.0,12.86,175166000.0,1.282,1.0,1096718000.0,0.441,438601000.0,50228000.0,2195980000.0,2104784750.0,205664000.0,335070000.0,210010000.0,125060000.0,1962288000.0,555229000.0,1407059000.0,2412991587.0,61598000.0,37212000.0,30843000.0,-50553000.0,0.0,-20868000.0,-165199000.0,-122583000.0,254954000.0,-7289000.0,18900000.0,18900000.0,18900000.0,0.0,0.0,0.008,989196000.0,107522000.0,183852000.0,0.0,3.848,127.672,104.529,199561000.0,0.0,17.77,0.969,0.976,480382000.0,-6010336000.0,2489622000.0,2489622000.0,421486000.0,0.008,0.048,0.039,0.033,59010000.0,464593000.0,1.0,135790185.0,136675000.0,136675000.0,18.216,2150714000.0,0.0,12346000.0,0.0,15.736,1195791000.0
23,CIEN,MRT,2015-09-30,2015-10-31,2015-10-31,2021-09-08,-22126000.0,2695051000.0,2251616250.0,1864210000.0,830841000.0,1.086,5.243,-62109000.0,790971000.0,790971000.0,1370106000.0,11667000.0,2.795,3.341,1274139000.0,2500000.0,1271639000.0,1274139000.0,189073000.0,135767000.0,0.0,0.0,0.0,74943000.0,210710000.0,0.086,210710000.0,74943000.0,23764000.0,0.1,0.1,0.1,620876000.0,212204500.0,620876000.0,3835131657.0,51.0,18.201,200003000.0,1.689,1.0,1075563000.0,0.44,459107000.0,51179000.0,2052078000.0,2063009250.0,191162000.0,230212000.0,135107000.0,95105000.0,2074175000.0,667034000.0,1407141000.0,3252961657.0,204251000.0,37212000.0,30275000.0,-37905000.0,0.0,-8051000.0,-43127000.0,-18190000.0,262112000.0,-6683000.0,11667000.0,11667000.0,11667000.0,0.0,0.0,0.005,975115000.0,100448000.0,222140000.0,0.0,5.239,278.817,241.4,191973000.0,0.0,24.14,1.33,1.169,550792000.0,-5998790000.0,2445669000.0,2445669000.0,414201000.0,0.005,0.055,0.036,0.031,55340000.0,457238000.0,1.0,134754004.0,118416000.0,120101000.0,20.653,2235944000.0,0.0,12097000.0,0.0,18.882,1197176000.0
24,CIEN,MRT,2015-06-30,2015-07-31,2015-07-31,2021-09-08,-26135000.0,2163695000.0,2096011500.0,1766576000.0,397119000.0,1.119,1.502,-51971000.0,697091000.0,697091000.0,1351247000.0,-5204000.0,2.985,11.166,1279261000.0,2500000.0,1276761000.0,1279261000.0,168633000.0,108633000.0,0.0,0.0,0.0,58911000.0,167544000.0,0.071,167544000.0,58911000.0,6861000.0,-0.08,-0.1,-0.08,177854000.0,39581750.0,177854000.0,3688923075.0,63.0,22.018,199362000.0,1.684,1.0,993412000.0,0.424,89019000.0,52050000.0,2064979000.0,2060228000.0,194017000.0,230228000.0,160067000.0,70161000.0,1985841000.0,591867000.0,1393974000.0,2996654075.0,164207000.0,0.0,19767000.0,-17146000.0,0.0,1657000.0,-82108000.0,-30096000.0,251333000.0,-6675000.0,-5204000.0,-5204000.0,-5204000.0,0.0,0.0,-0.002,904197000.0,89215000.0,201774000.0,0.0,16.849,-575.837,-318.125,159592000.0,0.0,25.45,1.278,1.285,530261000.0,-5984957000.0,2344659000.0,2344659000.0,404848000.0,-0.002,-0.131,0.029,0.025,41128000.0,443387000.0,1.0,117746722.0,118413000.0,133233000.0,19.801,2074676000.0,0.0,12065000.0,0.0,17.521,1174709000.0
25,CIEN,MRT,2015-03-31,2015-04-30,2015-04-30,2021-09-08,-21793000.0,2091564000.0,2080192000.0,1682838000.0,408726000.0,1.127,1.221,-43630000.0,586338000.0,586338000.0,1357773000.0,-12669000.0,2.924,14.084,1278607000.0,2500000.0,1276107000.0,1278607000.0,158965000.0,108673000.0,0.0,0.0,0.0,50625000.0,159298000.0,0.068,159298000.0,50625000.0,-1050000.0,-0.13,-0.14,-0.13,138663000.0,-16170250.0,138663000.0,3173182702.0,63.0,19.92,141295000.0,1.244,1.0,987516000.0,0.421,102238000.0,51675000.0,2106102000.0,2064154750.0,214593000.0,230322000.0,145089000.0,85233000.0,1952901000.0,575493000.0,1377408000.0,2306402702.0,261203000.0,0.0,18673000.0,233429000.0,0.0,247875000.0,-166576000.0,-123050000.0,184925000.0,-4969000.0,-12669000.0,-12669000.0,-12669000.0,0.0,0.0,-0.005,905750000.0,81766000.0,210002000.0,0.0,16.633,-182.051,-163.846,139064000.0,0.0,21.3,0.983,1.031,553306000.0,-6008583000.0,2345289000.0,2345289000.0,402154000.0,-0.006,0.783,0.025,0.022,41623000.0,450198000.0,1.0,108281817.0,113555000.0,128017000.0,20.653,1989326000.0,0.0,11619000.0,0.0,17.519,1107345000.0
26,CIEN,MRT,2014-12-31,2015-01-31,2015-01-31,2021-09-08,-33958000.0,2056155000.0,2006167000.0,1681367000.0,374788000.0,1.138,-0.822,-43634000.0,598723000.0,598723000.0,1330952000.0,-43480000.0,2.159,-24.214,1465503000.0,190020000.0,1275483000.0,1465503000.0,152538000.0,109540000.0,0.0,0.0,0.0,19017000.0,128557000.0,0.056,128557000.0,19017000.0,-30731000.0,-0.41,-0.41,-0.41,-88575000.0,-71046000.0,-88575000.0,2859501219.0,150.0,22.243,105478000.0,0.979,1.0,952796000.0,0.417,115458000.0,49748000.0,2028878000.0,1972503750.0,241118000.0,200307000.0,145154000.0,55153000.0,2144730000.0,778599000.0,1366131000.0,1981367219.0,268103000.0,0.0,18553000.0,242235000.0,0.0,256501000.0,-132999000.0,-91458000.0,149112000.0,-3975000.0,-43480000.0,-43480000.0,-43480000.0,0.0,0.0,-0.019,906282000.0,46514000.0,192109000.0,0.0,-22.369,-45.57,-45.171,119403000.0,0.0,18.52,0.868,0.874,513554000.0,-6029236000.0,2283748000.0,2283748000.0,400444000.0,-0.022,0.612,0.01,0.008,42345000.0,452969000.0,1.0,106985271.0,107773000.0,107773000.0,21.19,1940697000.0,0.0,12749000.0,0.0,18.007,902768000.0
27,CIEN,MRT,2014-09-30,2014-10-31,2014-10-31,2021-09-08,-14668000.0,2072632000.0,1942282000.0,1693190000.0,379442000.0,1.178,-0.658,-48216000.0,586720000.0,586720000.0,1339937000.0,-40637000.0,2.168,-30.773,1464854000.0,190063000.0,1274791000.0,1464854000.0,145618000.0,112767000.0,0.0,0.0,0.0,20442000.0,133209000.0,0.058,133209000.0,20442000.0,-26673000.0,-0.38,-0.38,-0.38,-69615000.0,-70617500.0,-69615000.0,2717384233.0,133.0,20.399,41600000.0,0.393,1.0,948352000.0,0.414,128677000.0,47115000.0,2040953000.0,1939930000.0,254660000.0,190262000.0,140205000.0,50057000.0,2142247000.0,781136000.0,1361111000.0,1786047233.0,240233000.0,0.0,17663000.0,245091000.0,0.0,258527000.0,-106393000.0,-60237000.0,89816000.0,-1717000.0,-40637000.0,-40637000.0,-40637000.0,0.0,0.0,-0.018,902648000.0,45704000.0,209777000.0,0.0,-25.656,-43.951,-44.105,126632000.0,0.0,16.76,0.781,0.775,518981000.0,-6010457000.0,2288289000.0,2288289000.0,401180000.0,-0.021,0.575,0.011,0.009,42930000.0,455149000.0,1.0,106566064.0,105783000.0,105783000.0,21.632,1943955000.0,0.0,13964000.0,0.0,18.377,912054000.0
28,CIEN,MRT,2014-06-30,2014-07-31,2014-07-31,2021-09-08,-12039000.0,2100417000.0,1874816500.0,1698431000.0,401986000.0,1.216,-0.425,-47904000.0,532884000.0,532884000.0,1321550000.0,-19731000.0,2.099,-47.517,1464221000.0,190105000.0,1274116000.0,1464221000.0,139668000.0,116303000.0,0.0,0.0,0.0,33147000.0,149450000.0,0.066,149450000.0,33147000.0,-11355000.0,-0.19,-0.19,-0.19,-45154000.0,-73883000.0,-45154000.0,2951444375.0,89.0,19.749,-28386000.0,-0.267,1.0,959161000.0,0.421,141897000.0,44502000.0,2080686000.0,1896546500.0,293092000.0,185269000.0,120250000.0,65019000.0,2145571000.0,809171000.0,1336400000.0,2062239375.0,152297000.0,0.0,19356000.0,245510000.0,0.0,261581000.0,-126037000.0,-80609000.0,19518000.0,-357000.0,-19731000.0,-19731000.0,-19731000.0,0.0,0.0,-0.009,912059000.0,47102000.0,236630000.0,0.0,-45.671,-104.518,-102.789,116949000.0,0.0,19.53,0.904,0.91,541573000.0,-5979754000.0,2280711000.0,2280711000.0,403101000.0,-0.011,0.267,0.017,0.015,43892000.0,460962000.0,1.0,105593414.0,106236000.0,120809000.0,21.468,1958520000.0,0.0,8376000.0,0.0,18.436,889260000.0
29,CIEN,MRT,2014-03-31,2014-04-30,2014-04-30,2021-09-08,-12258000.0,1795464000.0,1781551000.0,1431336000.0,364128000.0,1.244,-0.767,-48803000.0,325083000.0,325083000.0,1292096000.0,-37122000.0,1.812,-23.21,1214288000.0,187647000.0,1026641000.0,1214288000.0,142293000.0,120344000.0,0.0,0.0,0.0,14137000.0,134481000.0,0.061,134481000.0,14137000.0,-29829000.0,-0.35,-0.35,-0.35,-80840000.0,-83386500.0,-80840000.0,2959469336.0,209.0,22.007,-38423000.0,-0.364,1.0,923409000.0,0.417,155117000.0,43966000.0,1739498000.0,1830201750.0,293952000.0,105091000.0,90049000.0,15042000.0,1876304000.0,790054000.0,1086250000.0,2076407336.0,-31366000.0,0.0,18913000.0,-3428000.0,0.0,15454000.0,-54765000.0,-8533000.0,10380000.0,-2484000.0,-37122000.0,-37122000.0,-37122000.0,0.0,0.0,-0.017,898478000.0,24931000.0,229498000.0,0.0,-25.685,-55.935,-56.486,119876000.0,0.0,19.77,0.937,0.941,514973000.0,-5995914000.0,2215505000.0,2215505000.0,398485000.0,-0.021,0.445,0.008,0.006,43016000.0,450437000.0,1.0,105028191.0,105451000.0,105451000.0,21.01,1640347000.0,0.0,7293000.0,0.0,15.556,641282000.0
30,CIEN,MRT,2013-12-31,2014-01-31,2014-01-31,2021-09-08,-14826000.0,1800615000.0,1756021000.0,1416964000.0,383651000.0,1.232,-0.831,-47347000.0,330084000.0,330084000.0,1267925000.0,-54043000.0,2.3,-21.73,1213146000.0,0.0,1213146000.0,1213146000.0,120400000.0,124642000.0,0.0,0.0,0.0,-4416000.0,120226000.0,0.056,120226000.0,-4416000.0,-48754000.0,-0.52,-0.52,-0.52,-86861000.0,-87660750.0,-86861000.0,3285045239.0,-744.0,27.324,5899000.0,0.056,1.0,895231000.0,0.414,168938000.0,44338000.0,1898583000.0,1846571750.0,284124000.0,110031000.0,94993000.0,15038000.0,1887476000.0,616156000.0,1271320000.0,2419513239.0,-221471000.0,0.0,17490000.0,-219631000.0,0.0,-202596000.0,-69686000.0,-24017000.0,53246000.0,-3147000.0,-54043000.0,-54043000.0,-54043000.0,0.0,0.0,-0.025,888042000.0,7189000.0,245828000.0,0.0,-27.855,-44.77,-44.865,119446000.0,0.0,23.33,1.119,1.127,518915000.0,-5985756000.0,2163156000.0,2163156000.0,395780000.0,-0.031,0.617,-0.002,-0.002,40792000.0,440251000.0,1.0,103708240.0,104501000.0,104501000.0,20.7,1631677000.0,0.0,5289000.0,0.0,15.614,800808000.0
31,CIEN,MRT,2013-09-30,2013-10-31,2013-10-31,2021-09-08,-7774000.0,1802770000.0,1777160250.0,1395802000.0,406968000.0,1.172,-0.808,-43814000.0,346487000.0,346487000.0,1217371000.0,-85431000.0,2.269,-22.805,1212019000.0,0.0,1212019000.0,1212019000.0,112170000.0,127007000.0,0.0,0.0,0.0,-36149000.0,90858000.0,0.044,90858000.0,-36149000.0,-80191000.0,-0.83,-0.83,-0.83,-82677000.0,-85604250.0,-82677000.0,3232844853.0,-89.0,35.581,864000.0,0.008,1.0,865175000.0,0.415,185828000.0,44042000.0,1867419000.0,1828137250.0,249103000.0,140010000.0,124979000.0,15031000.0,1885447000.0,615055000.0,1270392000.0,2400116853.0,-295957000.0,0.0,15898000.0,-219545000.0,0.0,-207339000.0,-130861000.0,-89385000.0,44678000.0,-2435000.0,-85431000.0,-85431000.0,-85431000.0,0.0,0.0,-0.041,866950000.0,-1775000.0,254849000.0,0.0,-29.03,-28.094,-28.036,119729000.0,0.0,23.27,1.152,1.144,488578000.0,-5969820000.0,2082546000.0,2082546000.0,383408000.0,-0.048,0.998,-0.02,-0.017,37720000.0,426602000.0,1.0,103142108.0,102350000.0,102350000.0,20.347,1616942000.0,0.0,5240000.0,0.0,15.798,780747000.0
32,CIEN,MRT,2013-06-30,2013-07-31,2013-07-31,2021-09-08,-6536000.0,1727355000.0,1796753500.0,1304477000.0,422878000.0,1.093,-0.81,-46982000.0,378179000.0,378179000.0,1138957000.0,-114405000.0,2.411,-21.769,1210907000.0,0.0,1210907000.0,1210907000.0,117490000.0,130215000.0,0.0,0.0,0.0,-61411000.0,68804000.0,0.035,68804000.0,-61411000.0,-105347000.0,-1.14,-1.14,-1.14,-83168000.0,-87178000.0,-83168000.0,3104601121.0,-51.0,45.122,4733000.0,0.046,1.0,825735000.0,0.42,203652000.0,43936000.0,1815307000.0,1795934500.0,235530000.0,115003000.0,99981000.0,15022000.0,1810523000.0,541124000.0,1269399000.0,2251285121.0,-239671000.0,0.0,14205000.0,-219244000.0,0.0,-211041000.0,-77841000.0,-64831000.0,51715000.0,-1886000.0,-114405000.0,-114405000.0,-114405000.0,0.0,0.0,-0.058,849028000.0,-23293000.0,208707000.0,0.0,-27.069,-19.678,-19.351,114041000.0,0.0,22.06,1.146,1.153,430424000.0,-5960023000.0,1964692000.0,1964692000.0,378782000.0,-0.064,1.312,-0.034,-0.031,36770000.0,411638000.0,1.0,102052816.0,102713000.0,102713000.0,19.128,1523703000.0,0.0,9058000.0,0.0,14.835,763353000.0
33,CIEN,MRT,2013-03-31,2013-04-30,2013-04-30,2021-09-08,-4546000.0,1693344000.0,1843730000.0,1264158000.0,429186000.0,1.031,-0.961,-53444000.0,356498000.0,356498000.0,1121591000.0,-142991000.0,2.43,-18.29,1209814000.0,0.0,1209814000.0,1209814000.0,126875000.0,131170000.0,0.0,0.0,0.0,-90805000.0,40365000.0,0.021,40365000.0,-90805000.0,-133366000.0,-1.43,-1.43,-1.43,-97937000.0,-81450500.0,-97937000.0,2391533162.0,-26.0,59.248,-20580000.0,-0.202,1.0,778835000.0,0.41,221476000.0,42561000.0,1804978000.0,1783184250.0,248096000.0,99973000.0,99973000.0,0.0,1791281000.0,520206000.0,1271075000.0,1518845162.0,-230939000.0,0.0,12407000.0,-218833000.0,0.0,-212419000.0,-48880000.0,-49914000.0,32864000.0,-614000.0,-142991000.0,-142991000.0,-142991000.0,0.0,0.0,-0.075,832231000.0,-53396000.0,198820000.0,0.0,-15.508,-10.622,-10.462,117553000.0,0.0,14.96,0.799,0.802,421014000.0,-5958792000.0,1900426000.0,1900426000.0,374028000.0,-0.078,1.756,-0.051,-0.048,33711000.0,397232000.0,1.0,101527083.0,101913000.0,101913000.0,18.648,1471868000.0,0.0,9625000.0,0.0,14.442,743952000.0
34,CIEN,MRT,2012-12-31,2013-01-31,2013-01-31,2021-09-08,-2361000.0,1885172000.0,1902554000.0,1434873000.0,450299000.0,0.983,-0.777,-52443000.0,552267000.0,552267000.0,1118068000.0,-143692000.0,2.068,-24.974,1424955000.0,216210000.0,1208745000.0,1424955000.0,108478000.0,132043000.0,0.0,0.0,0.0,-93359000.0,38684000.0,0.021,38684000.0,-93359000.0,-134174000.0,-1.44,-1.44,-1.44,-78635000.0,-67233500.0,-78635000.0,2375135343.0,-25.0,61.398,-3961000.0,-0.039,1.0,752263000.0,0.402,239300000.0,40815000.0,1824845000.0,1833511000.0,266901000.0,84918000.0,84918000.0,0.0,1963807000.0,693715000.0,1270092000.0,1575563343.0,-115000.0,0.0,12318000.0,-2571000.0,0.0,4178000.0,-50271000.0,-34918000.0,48482000.0,-583000.0,-143692000.0,-143692000.0,-143692000.0,0.0,0.0,-0.077,806542000.0,-54279000.0,182671000.0,0.0,-20.036,-10.965,-10.875,122207000.0,0.0,15.66,0.842,0.847,394785000.0,-5931713000.0,1870331000.0,1870331000.0,363640000.0,-0.076,2.137,-0.051,-0.05,31826000.0,381061000.0,1.0,100610686.0,101204000.0,101204000.0,18.481,1645872000.0,0.0,9518000.0,0.0,16.263,741158000.0
35,CIEN,MRT,2012-09-30,2012-10-31,2012-10-31,2021-09-08,-3354000.0,1881143000.0,1910825000.0,1415690000.0,465453000.0,0.96,-0.896,-48098000.0,642444000.0,642444000.0,1109699000.0,-144021000.0,2.067,-22.143,1442016000.0,216210000.0,1225806000.0,1442016000.0,107076000.0,133596000.0,0.0,0.0,0.0,-95046000.0,38550000.0,0.021,38550000.0,-95046000.0,-134699000.0,-1.45,-1.45,-1.45,-88972000.0,-52850750.0,-88972000.0,2069386939.0,-22.0,53.681,58991000.0,0.594,1.0,724224000.0,0.395,257137000.0,39653000.0,1738608000.0,1887578000.0,260098000.0,50057000.0,50057000.0,0.0,1970115000.0,684970000.0,1285145000.0,1244510939.0,100548000.0,0.0,12167000.0,-1895000.0,0.0,7940000.0,-11977000.0,524000.0,107089000.0,-2504000.0,-144021000.0,-144021000.0,-144021000.0,0.0,0.0,-0.079,804070000.0,-79846000.0,179704000.0,0.0,-13.988,-8.641,-8.566,123580000.0,0.0,12.42,0.679,0.673,345496000.0,-5884389000.0,1833923000.0,1833923000.0,364179000.0,-0.075,2.725,-0.05,-0.052,32394000.0,380340000.0,1.0,100202169.0,99341000.0,99341000.0,18.461,1624006000.0,0.0,9322000.0,0.0,16.348,730720000.0
36,CIEN,MRT,2012-06-30,2012-07-31,2012-07-31,2021-09-08,-4529000.0,1915261000.0,1928393750.0,1410521000.0,504740000.0,0.946,-0.605,-44229000.0,617232000.0,617232000.0,1101919000.0,-127579000.0,2.015,-32.784,1442108000.0,216210000.0,1225898000.0,1442108000.0,101727000.0,134228000.0,0.0,0.0,0.0,-80004000.0,54224000.0,0.03,54224000.0,-80004000.0,-118317000.0,-1.29,-1.29,-1.29,-60258000.0,-27139500.0,-60258000.0,2446082280.0,-31.0,45.111,94272000.0,0.947,1.0,721928000.0,0.396,275670000.0,38313000.0,1764306000.0,1969615500.0,245043000.0,50115000.0,50115000.0,0.0,1975519000.0,700161000.0,1275358000.0,1589436280.0,134238000.0,0.0,12041000.0,-1231000.0,0.0,10810000.0,-14135000.0,7070000.0,138501000.0,-4276000.0,-127579000.0,-127579000.0,-127579000.0,0.0,0.0,-0.07,796137000.0,-74209000.0,205662000.0,0.0,-26.377,-12.458,-12.426,118568000.0,0.0,16.03,0.871,0.875,379092000.0,-5845618000.0,1823847000.0,1823847000.0,359610000.0,-0.066,4.701,-0.041,-0.044,33667000.0,375046000.0,1.0,99153854.0,99530000.0,99530000.0,18.325,1639591000.0,0.0,9262000.0,0.0,16.473,710360000.0
37,CIEN,MRT,2012-03-31,2012-04-30,2012-04-30,2021-09-08,-2024000.0,1928640000.0,1934186750.0,1409602000.0,519038000.0,0.923,-0.415,-39097000.0,585547000.0,585547000.0,1059566000.0,-129212000.0,2.905,-47.961,1442193000.0,0.0,1442193000.0,1442193000.0,129834000.0,137021000.0,0.0,0.0,0.0,-82819000.0,54202000.0,0.03,54202000.0,-82819000.0,-121005000.0,-1.32,-1.32,-1.32,-41069000.0,-4932250.0,-41069000.0,2353954991.0,-28.0,43.429,59222000.0,0.598,1.0,725504000.0,0.406,293769000.0,38186000.0,2006285000.0,2058626000.0,242724000.0,50166000.0,50166000.0,0.0,1969709000.0,485232000.0,1484477000.0,1462136991.0,81449000.0,0.0,11392000.0,-699000.0,0.0,10693000.0,-26625000.0,7070000.0,98319000.0,-3680000.0,-129212000.0,-129212000.0,-129212000.0,0.0,0.0,-0.072,801826000.0,-76322000.0,174176000.0,0.0,-35.602,-11.316,-11.227,115773000.0,0.0,14.82,0.819,0.822,397291000.0,-5815801000.0,1785070000.0,1785070000.0,364511000.0,-0.067,26.197,-0.04,-0.046,35874000.0,371840000.0,1.0,98659716.0,98981000.0,98981000.0,18.034,1634871000.0,0.0,8207000.0,0.0,16.517,924370000.0
38,CIEN,MRT,2011-12-31,2012-01-31,2012-01-31,2021-09-08,-1851000.0,1918256000.0,1953247750.0,1375364000.0,542892000.0,0.883,-0.215,-43000000.0,550461000.0,550461000.0,1016951000.0,-164118000.0,3.011,-91.895,1442279000.0,0.0,1442279000.0,1442279000.0,101164000.0,138537000.0,0.0,0.0,0.0,-118358000.0,20179000.0,0.012,20179000.0,-118358000.0,-156304000.0,-1.7,-1.7,-1.7,-21104000.0,17761250.0,-21104000.0,2318257946.0,-20.0,114.885,-56943000.0,-0.581,1.0,708396000.0,0.411,312220000.0,37946000.0,2041113000.0,2082617500.0,248651000.0,50239000.0,50239000.0,0.0,1939360000.0,456741000.0,1482619000.0,1417789946.0,-73719000.0,0.0,13596000.0,0.0,0.0,13596000.0,-72434000.0,-42824000.0,-13943000.0,-2578000.0,-164118000.0,-164118000.0,-164118000.0,0.0,0.0,-0.095,828873000.0,-120477000.0,176747000.0,0.0,-67.181,-8.639,-8.559,118105000.0,0.0,14.55,0.822,0.827,399457000.0,-5788021000.0,1725347000.0,1725347000.0,373736000.0,-0.084,-9.24,-0.057,-0.069,36954000.0,376901000.0,1.0,97442608.0,98066000.0,98066000.0,17.594,1606036000.0,0.0,7814000.0,0.0,16.377,918623000.0
39,CIEN,MRT,2011-09-30,2011-10-31,2011-10-31,2021-09-08,31000.0,1951418000.0,1986094750.0,1332838000.0,618580000.0,0.877,0.145,-52367000.0,541896000.0,541896000.0,1032824000.0,-195521000.0,2.939,139.663,1442364000.0,0.0,1442364000.0,1442364000.0,123798000.0,156081000.0,0.0,0.0,0.0,-149922000.0,6159000.0,0.004,6159000.0,-149922000.0,-187848000.0,-2.04,-2.04,-2.04,13873000.0,46819000.0,13873000.0,2233049082.0,-15.0,362.567,-142852000.0,-1.49,1.0,709146000.0,0.407,331635000.0,37926000.0,2066758000.0,2074918750.0,230076000.0,50264000.0,0.0,50264000.0,1937545000.0,453493000.0,1484052000.0,1276932082.0,-146791000.0,16394000.0,13202000.0,0.0,0.0,13202000.0,-68570000.0,-43348000.0,-90485000.0,-938000.0,-195521000.0,-195521000.0,-195521000.0,0.0,0.0,-0.112,875628000.0,-166482000.0,157116000.0,0.0,92.044,-6.531,-6.461,122558000.0,0.0,13.18,0.733,0.725,417509000.0,-5740368000.0,1741970000.0,1741970000.0,379862000.0,-0.098,-4.176,-0.072,-0.086,37930000.0,378232000.0,1.0,96884073.0,95854000.0,95854000.0,18.173,1619783000.0,0.0,7673000.0,0.0,16.898,879345000.0
40,CIEN,MRT,2011-06-30,2011-07-31,2011-07-31,2021-09-08,2430000.0,1938433000.0,2027763500.0,1286386000.0,652047000.0,0.84,0.297,-57699000.0,486332000.0,486332000.0,1016503000.0,-253509000.0,3.031,66.846,1442449000.0,0.0,1442449000.0,1442449000.0,127290000.0,180517000.0,0.0,0.0,0.0,-212183000.0,-31666000.0,-0.019,-31666000.0,-212183000.0,-247297000.0,-2.68,-2.68,-2.68,28571000.0,83174000.0,28571000.0,2414932850.0,-11.0,-76.263,-215958000.0,-2.242,1.0,687626000.0,0.404,349845000.0,35114000.0,2120348000.0,2052167750.0,243827000.0,50227000.0,0.0,50227000.0,1909862000.0,424357000.0,1485505000.0,1479238850.0,15119000.0,16394000.0,13829000.0,264318000.0,0.0,278147000.0,-105451000.0,-49743000.0,-158259000.0,1658000.0,-253509000.0,-253509000.0,-253509000.0,0.0,0.0,-0.149,932797000.0,-245171000.0,140806000.0,0.0,51.774,-5.835,-5.769,126174000.0,0.0,15.46,0.868,0.874,414826000.0,-5718039000.0,1704129000.0,1704129000.0,394212000.0,-0.125,-3.048,-0.103,-0.125,37028000.0,377321000.0,1.0,95681685.0,96313000.0,96313000.0,17.694,1588588000.0,0.0,6212000.0,0.0,16.494,862029000.0
41,CIEN,MRT,2011-03-31,2011-04-30,2011-04-30,2021-09-08,6805000.0,2004884000.0,1996023000.0,1323402000.0,681482000.0,0.831,0.521,-62352000.0,506840000.0,506840000.0,1011753000.0,-331914000.0,2.824,39.336,1442534000.0,0.0,1442534000.0,1442534000.0,124048000.0,208650000.0,0.0,0.0,0.0,-293859000.0,-85209000.0,-0.051,-85209000.0,-293859000.0,-325493000.0,-3.53,-3.53,-3.53,49705000.0,133105000.0,49705000.0,3499754546.0,-12.0,-41.073,-333574000.0,-3.498,1.0,646738000.0,0.39,369775000.0,31634000.0,2102251000.0,1933765000.0,285696000.0,50098000.0,0.0,50098000.0,1955179000.0,468552000.0,1486627000.0,2682955546.0,-78346000.0,35079000.0,8264000.0,258974000.0,0.0,267238000.0,-75044000.0,-20443000.0,-271222000.0,1639000.0,-331914000.0,-331914000.0,-331914000.0,0.0,0.0,-0.2,974077000.0,-327339000.0,178747000.0,0.0,53.978,-8.083,-8.0,126399000.0,0.0,28.24,1.618,1.624,391330000.0,-5686589000.0,1658491000.0,1658491000.0,401865000.0,-0.166,-2.494,-0.152,-0.177,37647000.0,372030000.0,1.0,95005508.0,95360000.0,95360000.0,17.392,1635109000.0,0.0,6421000.0,0.0,17.147,854850000.0
42,CIEN,MRT,2010-12-31,2011-01-31,2011-01-31,2021-09-08,813000.0,2049644000.0,1971542250.0,1397942000.0,651702000.0,0.758,1.007,-61463000.0,625820000.0,625820000.0,908221000.0,-359237000.0,2.994,20.546,1442619000.0,0.0,1442619000.0,1442619000.0,105476000.0,207985000.0,0.0,0.0,0.0,-329944000.0,-121959000.0,-0.082,-121959000.0,-329944000.0,-356285000.0,-3.84,-3.84,-3.84,95127000.0,202962000.0,95127000.0,2828070131.0,-9.0,-23.189,-358605000.0,-3.795,1.0,585847000.0,0.392,389275000.0,26341000.0,2010318000.0,1805198750.0,267346000.0,0.0,0.0,0.0,1954517000.0,466850000.0,1487667000.0,2074052131.0,52497000.0,-638403000.0,6762000.0,628634000.0,0.0,635396000.0,-286439000.0,435933000.0,-297142000.0,825000.0,-359237000.0,-359237000.0,-359237000.0,0.0,0.0,-0.24,948790000.0,-362943000.0,202236000.0,0.0,21.803,-5.773,-5.737,123956000.0,0.0,22.03,1.388,1.393,369718000.0,-5623903000.0,1494068000.0,1494068000.0,373383000.0,-0.182,-1.77,-0.183,-0.221,37142000.0,344613000.0,1.0,94146715.0,94496000.0,94496000.0,15.811,1660369000.0,0.0,2952000.0,0.0,17.571,931092000.0
43,CIEN,MRT,2010-09-30,2010-10-31,2010-10-31,2021-09-08,1062000.0,2118093000.0,1829408000.0,1441568000.0,676525000.0,0.676,1.711,-51207000.0,688687000.0,688687000.0,739135000.0,-333514000.0,3.068,12.297,1442705000.0,0.0,1442705000.0,1442705000.0,105049000.0,169807000.0,0.0,0.0,0.0,-312954000.0,-143147000.0,-0.116,-143147000.0,-312954000.0,-331573000.0,-3.58,-3.58,-3.58,159293000.0,281693000.0,159293000.0,1996570842.0,-6.0,-13.948,-280217000.0,-3.01,1.0,497501000.0,0.402,426412000.0,18619000.0,1975754000.0,1660651500.0,261619000.0,0.0,0.0,0.0,1958800000.0,469945000.0,1488855000.0,1292227842.0,202982000.0,-693247000.0,1570000.0,628634000.0,0.0,630204000.0,-198894000.0,570081000.0,-229010000.0,682000.0,-333514000.0,-333514000.0,-333514000.0,0.0,0.0,-0.27,833127000.0,-335626000.0,200617000.0,0.0,8.112,-3.875,-3.858,120294000.0,0.0,13.81,1.045,1.04,343582000.0,-5544847000.0,1236636000.0,1236636000.0,327626000.0,-0.182,-1.184,-0.188,-0.253,35560000.0,296207000.0,1.0,93571893.0,93103000.0,93103000.0,13.282,1691681000.0,0.0,1941000.0,0.0,18.17,971623000.0
44,CIEN,MRT,2010-06-30,2010-07-31,2010-07-31,2021-09-08,-498000.0,1811471000.0,1675980500.0,1071433000.0,740038000.0,0.594,2.457,-41130000.0,470237000.0,470237000.0,588579000.0,-279856000.0,2.973,6.935,1174580000.0,0.0,1174580000.0,1174580000.0,90777000.0,123910000.0,0.0,0.0,0.0,-266600000.0,-142690000.0,-0.143,-142690000.0,-266600000.0,-280385000.0,-3.0,-3.0,-3.0,228295000.0,355829250.0,228295000.0,1809036434.0,-7.0,-12.678,-242449000.0,-2.61,1.0,406713000.0,0.409,508696000.0,13785000.0,1646737000.0,1555970250.0,222164000.0,184000.0,184000.0,0.0,1583176000.0,360381000.0,1222795000.0,1218600434.0,15669000.0,-693247000.0,1498000.0,364316000.0,0.0,365814000.0,-149526000.0,605898000.0,-201319000.0,-464000.0,-279856000.0,-279856000.0,-279856000.0,0.0,0.0,-0.281,673940000.0,-267227000.0,118972000.0,0.0,5.338,-4.354,-4.363,118755000.0,0.0,13.09,1.224,1.222,260277000.0,-5464530000.0,995292000.0,995292000.0,271739000.0,-0.167,-0.786,-0.171,-0.268,34814000.0,246337000.0,1.0,93093998.0,92906000.0,92906000.0,10.713,1302775000.0,0.0,-529000.0,1306000.0,14.023,711052000.0
45,CIEN,MRT,2010-03-31,2010-04-30,2010-04-30,2021-09-08,230000.0,1906961000.0,1600919250.0,1121376000.0,785585000.0,0.481,3.554,-29757000.0,584229000.0,584229000.0,433006000.0,-196455000.0,3.184,4.794,1174665000.0,0.0,1174665000.0,1174665000.0,91691000.0,73763000.0,0.0,0.0,0.0,-188507000.0,-114744000.0,-0.149,-114744000.0,-188507000.0,-198158000.0,-2.11,-2.11,-2.11,329133000.0,417286500.0,329133000.0,1940152940.0,-10.0,-16.909,-97557000.0,-1.053,1.0,337369000.0,0.438,557176000.0,9651000.0,1587986000.0,1543685750.0,233405000.0,29537000.0,29537000.0,0.0,1577828000.0,352235000.0,1225593000.0,1715332940.0,841000.0,-711932000.0,1399000.0,369660000.0,0.0,371059000.0,-303118000.0,451624000.0,-67800000.0,607000.0,-196455000.0,-196455000.0,-196455000.0,0.0,0.0,-0.255,527977000.0,-190608000.0,105138000.0,0.0,5.212,-8.731,-8.782,110885000.0,0.0,18.53,2.227,2.228,178959000.0,-5354675000.0,770375000.0,770375000.0,215312000.0,-0.123,-0.471,-0.122,-0.245,33646000.0,204553000.0,1.0,92570585.0,92614000.0,92614000.0,8.318,1349785000.0,0.0,-1703000.0,1306000.0,14.574,769141000.0
46,CIEN,MRT,2009-12-31,2010-01-31,2010-01-31,2021-09-08,404000.0,1481107000.0,1501952000.0,1278067000.0,203040000.0,0.44,4.442,-24983000.0,573180000.0,573180000.0,367958000.0,-609656000.0,5.8,2.612,798000000.0,0.0,798000000.0,798000000.0,80899000.0,53712000.0,0.0,0.0,0.0,-603063000.0,-549351000.0,-0.831,-549351000.0,-603063000.0,-610453000.0,-6.67,-6.67,-6.67,410051000.0,457573250.0,410051000.0,1485787520.0,-2.0,-2.705,-12212000.0,-0.132,1.0,293147000.0,0.443,53433000.0,7390000.0,1432129000.0,1515390000.0,95431000.0,436457000.0,428409000.0,8048000.0,1071056000.0,220365000.0,850691000.0,1173492520.0,38489000.0,-38450000.0,1132000.0,0.0,0.0,1132000.0,23886000.0,96871000.0,12771000.0,406000.0,-609656000.0,-609656000.0,-609656000.0,0.0,0.0,-0.922,895501000.0,-602354000.0,76211000.0,0.0,2.862,-1.925,-1.912,64351000.0,0.0,12.75,1.775,1.78,105624000.0,-5264666000.0,661105000.0,661105000.0,193652000.0,-0.406,-1.332,-0.398,-0.912,34226000.0,183632000.0,1.0,92038629.0,92321000.0,92321000.0,7.161,1427674000.0,0.0,-797000.0,1306000.0,15.464,1057702000.0
47,CIEN,MRT,2009-09-30,2009-10-31,2009-10-31,2021-09-08,1223000.0,1504383000.0,1631813000.0,1305762000.0,198621000.0,0.4,5.0,-24114000.0,485705000.0,485705000.0,367799000.0,-581154000.0,6.567,2.3,798000000.0,0.0,798000000.0,798000000.0,75933000.0,53362000.0,0.0,0.0,0.0,-575072000.0,-521710000.0,-0.799,-521710000.0,-575072000.0,-582478000.0,-6.37,-6.37,-6.37,455838000.0,600586000.0,455838000.0,1415965316.0,-2.0,-2.714,-16693000.0,-0.183,1.0,284830000.0,0.436,60820000.0,7406000.0,1557029000.0,1544841500.0,88086000.0,571214000.0,563183000.0,8031000.0,1048545000.0,198829000.0,849716000.0,1073697316.0,-64964000.0,0.0,1107000.0,0.0,0.0,1107000.0,-74192000.0,-45962000.0,7421000.0,700000.0,-581154000.0,-581154000.0,-581154000.0,0.0,0.0,-0.89,864061000.0,-579231000.0,53104000.0,0.0,2.355,-1.848,-1.841,61868000.0,0.0,11.73,1.645,1.639,118251000.0,-5211333000.0,652629000.0,652629000.0,190319000.0,-0.356,-0.968,-0.372,-0.881,34438000.0,182036000.0,1.0,91534298.0,91167000.0,91167000.0,7.159,1443563000.0,0.0,-1324000.0,0.0,15.834,1106933000.0
48,CIEN,MRT,2009-06-30,2009-07-31,2009-07-31,2021-09-08,1787000.0,1511226000.0,1761865750.0,1317022000.0,194204000.0,0.372,5.189,-24681000.0,455732000.0,455732000.0,367654000.0,-579891000.0,7.026,2.187,798000000.0,0.0,798000000.0,798000000.0,78500000.0,55342000.0,0.0,0.0,0.0,-574474000.0,-519132000.0,-0.791,-519132000.0,-574474000.0,-581879000.0,-6.37,-6.3,-6.37,474124000.0,736363750.0,474124000.0,1231754428.0,-2.0,-2.373,-23785000.0,-0.26,1.0,288359000.0,0.44,68445000.0,7405000.0,1597599000.0,1541750250.0,89600000.0,607094000.0,607094000.0,0.0,1037102000.0,187450000.0,849652000.0,1017235428.0,-417698000.0,0.0,1063000.0,-1034000.0,0.0,347000.0,-418247000.0,-391572000.0,896000.0,-367000.0,-579891000.0,-579891000.0,-579891000.0,0.0,0.0,-0.884,871468000.0,-583109000.0,52337000.0,0.0,2.146,-1.754,-1.752,60608000.0,0.0,11.16,1.551,1.554,120271000.0,-5184674000.0,656013000.0,656013000.0,187766000.0,-0.329,-0.788,-0.373,-0.876,33097000.0,189288000.0,1.0,91150128.0,91364000.0,91364000.0,7.18,1442781000.0,0.0,-1988000.0,0.0,15.792,1129572000.0
49,CIEN,MRT,2009-03-31,2009-04-30,2009-04-30,2021-09-08,-33000.0,1511092000.0,1899484000.0,1300154000.0,210938000.0,0.392,5.392,-28458000.0,583481000.0,583481000.0,405109000.0,-541714000.0,7.451,2.082,798000000.0,0.0,798000000.0,798000000.0,77999000.0,57583000.0,0.0,0.0,0.0,-535165000.0,-477582000.0,-0.642,-477582000.0,-535165000.0,-542569000.0,-5.95,-5.89,-5.95,490280000.0,872473250.0,490280000.0,1346570495.0,-3.0,-2.82,2581000.0,0.028,1.0,339325000.0,0.456,76319000.0,7404000.0,1474803000.0,1451658750.0,91269000.0,482294000.0,482294000.0,0.0,1020812000.0,174489000.0,846323000.0,1083555495.0,-380167000.0,-51000.0,1737000.0,-1034000.0,0.0,1021000.0,-411533000.0,-389184000.0,31039000.0,-898000.0,-541714000.0,-541714000.0,-541714000.0,0.0,0.0,-0.728,884547000.0,-545222000.0,32488000.0,0.0,2.21,-2.0,-2.008,60099000.0,0.0,11.95,1.456,1.46,116671000.0,-5158220000.0,744434000.0,744434000.0,191133000.0,-0.285,-0.621,-0.369,-0.719,33267000.0,200494000.0,1.0,90674100.0,90932000.0,90932000.0,8.187,1434773000.0,0.0,-855000.0,0.0,15.779,1125665000.0
50,CIEN,MRT,2008-12-31,2009-01-31,2009-01-31,2021-09-08,-1843000.0,2000551000.0,2035653750.0,1178549000.0,822002000.0,0.414,10.838,-29472000.0,534985000.0,534985000.0,436231000.0,-14744000.0,6.782,1.037,798000000.0,0.0,798000000.0,798000000.0,71894000.0,58320000.0,0.0,0.0,0.0,-5681000.0,52639000.0,0.062,52639000.0,-5681000.0,-13094000.0,-0.15,-0.13,-0.15,982102000.0,999218750.0,982102000.0,812259229.0,-143.0,15.431,73605000.0,0.812,1.0,406201000.0,0.482,539867000.0,7413000.0,1549935000.0,1361123250.0,91283000.0,534064000.0,387618000.0,146446000.0,1018449000.0,173764000.0,844685000.0,564928229.0,-387224000.0,-210016000.0,4580000.0,-13397000.0,0.0,-8499000.0,-481108000.0,-243139000.0,103077000.0,-791000.0,-14744000.0,-14744000.0,-14744000.0,0.0,0.0,-0.018,429488000.0,-23287000.0,50194000.0,0.0,0.575,-38.316,-41.6,59390000.0,0.0,6.24,0.671,0.671,130477000.0,-4655010000.0,842432000.0,842432000.0,186279000.0,-0.007,-0.015,-0.004,-0.007,33041000.0,209825000.0,1.0,90533370.0,90620000.0,90620000.0,9.296,1460684000.0,0.0,1650000.0,1162000.0,16.119,1004785000.0
51,CIEN,MRT,2008-09-30,2008-10-31,2008-10-31,2021-09-08,-1275000.0,2024594000.0,2013870000.0,1184786000.0,839808000.0,0.448,11.206,-29998000.0,550669000.0,550669000.0,451521000.0,38894000.0,6.606,1.027,798000000.0,0.0,798000000.0,798000000.0,74427000.0,56555000.0,0.0,0.0,0.0,54466000.0,111021000.0,0.123,111021000.0,54466000.0,41539000.0,0.44,0.42,0.44,998949000.0,975958500.0,998949000.0,794829897.0,15.0,7.159,87621000.0,0.983,1.0,450927000.0,0.5,547922000.0,12927000.0,1544664000.0,1303017250.0,93452000.0,522507000.0,366336000.0,156171000.0,1025645000.0,179339000.0,846306000.0,867932897.0,-341392000.0,-210016000.0,5776000.0,-555659000.0,0.0,-549565000.0,91248000.0,329922000.0,117619000.0,-694000.0,38894000.0,38894000.0,38894000.0,0.0,0.0,0.043,429054000.0,21873000.0,44761000.0,0.0,0.869,22.315,21.841,59967000.0,0.0,9.61,0.962,0.949,138441000.0,-4630179000.0,902448000.0,902448000.0,175023000.0,0.019,0.04,0.042,0.06,31428000.0,220657000.0,1.0,90315598.0,89146000.0,110605000.0,10.123,1476672000.0,0.0,2645000.0,0.0,16.565,1005447000.0
52,CIEN,MRT,2008-06-30,2008-07-31,2008-07-31,2021-09-08,811000.0,2061699000.0,2111789750.0,1312030000.0,749669000.0,0.445,11.29,-33610000.0,873103000.0,873103000.0,460042000.0,94700000.0,6.785,1.024,800000000.0,0.0,800000000.0,800000000.0,76365000.0,52145000.0,0.0,0.0,0.0,119520000.0,171665000.0,0.183,171665000.0,119520000.0,100677000.0,1.09,0.93,1.09,1018562000.0,938759750.0,1018562000.0,1699647447.0,14.0,9.901,99964000.0,1.108,1.0,478942000.0,0.51,557983000.0,18843000.0,1237233000.0,1376082000.0,106343000.0,212973000.0,155818000.0,57155000.0,1043137000.0,193380000.0,849757000.0,1863499447.0,148659000.0,-210016000.0,23767000.0,-554944000.0,0.0,-531177000.0,545822000.0,789401000.0,133574000.0,613000.0,94700000.0,94700000.0,94700000.0,0.0,0.0,0.101,399483000.0,79459000.0,61780000.0,0.0,1.83,19.678,18.963,58723000.0,0.0,20.67,1.985,1.986,138142000.0,-4604782000.0,938984000.0,938984000.0,162011000.0,0.045,0.101,0.087,0.127,29720000.0,212016000.0,1.0,90154787.0,90216000.0,111681000.0,10.408,1503716000.0,0.0,5977000.0,2140000.0,16.668,1118650000.0
53,CIEN,MRT,2008-03-31,2008-04-30,2008-04-30,2021-09-08,556000.0,2055771000.0,2199784750.0,1333382000.0,722389000.0,0.405,11.192,-31839000.0,963852000.0,963852000.0,439780000.0,111289000.0,6.327,1.061,800000000.0,0.0,800000000.0,800000000.0,80013000.0,46962000.0,0.0,0.0,0.0,140423000.0,187385000.0,0.21,187385000.0,140423000.0,116504000.0,1.29,1.1,1.29,997262000.0,882925000.0,997262000.0,2821114668.0,20.0,15.055,132181000.0,1.483,1.0,450976000.0,0.506,568521000.0,23919000.0,1112661000.0,1563737500.0,125406000.0,95409000.0,69768000.0,25641000.0,1058509000.0,210737000.0,847772000.0,2943420668.0,493357000.0,-209965000.0,35297000.0,-66375000.0,0.0,-73578000.0,402475000.0,656936000.0,164020000.0,629000.0,111289000.0,111289000.0,111289000.0,0.0,0.0,0.125,370442000.0,80534000.0,69953000.0,0.0,2.952,26.448,26.209,55593000.0,0.0,33.81,3.304,3.382,132065000.0,-4616505000.0,890756000.0,890756000.0,145873000.0,0.051,0.126,0.09,0.158,26387000.0,202685000.0,1.0,87057695.0,89102000.0,110770000.0,9.997,1487250000.0,0.0,5215000.0,1999000.0,16.692,1122645000.0
54,CIEN,MRT,2007-12-31,2008-01-31,2008-01-31,2021-09-08,582000.0,1913416000.0,2166606000.0,1470674000.0,442742000.0,0.389,10.23,-32181000.0,922306000.0,922306000.0,436874000.0,100539000.0,8.065,1.152,800000000.0,0.0,800000000.0,800000000.0,62264000.0,43027000.0,0.0,0.0,0.0,132604000.0,175631000.0,0.209,175631000.0,132604000.0,104398000.0,1.17,1.01,1.17,889061000.0,831641250.0,889061000.0,2805055537.0,21.0,15.971,101518000.0,1.168,1.0,405210000.0,0.481,291250000.0,28206000.0,1317511000.0,1593640750.0,103520000.0,293589000.0,259643000.0,33946000.0,1024355000.0,182349000.0,842006000.0,2354854537.0,548084000.0,0.0,35308000.0,-54012000.0,0.0,-61204000.0,475149000.0,520349000.0,133699000.0,583000.0,100539000.0,100539000.0,100539000.0,0.0,0.0,0.119,340905000.0,64305000.0,66385000.0,0.0,2.649,23.422,23.188,48878000.0,0.0,27.13,2.796,2.8,144639000.0,-4640265000.0,842084000.0,842084000.0,132887000.0,0.046,0.121,0.083,0.157,23164000.0,189333000.0,1.0,86798914.0,86910000.0,109009000.0,9.689,1622166000.0,0.0,3859000.0,2052000.0,18.665,1288325000.0
55,CIEN,MRT,2007-09-30,2007-10-31,2007-10-31,2021-09-08,-1243000.0,2416273000.0,2153666000.0,1968759000.0,447514000.0,0.362,9.94,-32105000.0,892061000.0,892061000.0,417500000.0,82788000.0,2.695,1.842,1342262000.0,542262000.0,800000000.0,1342262000.0,63640000.0,42053000.0,0.0,0.0,0.0,112728000.0,154781000.0,0.198,154781000.0,112728000.0,85732000.0,0.97,0.87,0.97,850154000.0,801897250.0,850154000.0,4732233209.0,42.0,30.574,76637000.0,0.896,1.0,362269000.0,0.465,299159000.0,26996000.0,1836923000.0,1725313750.0,102618000.0,856131000.0,822185000.0,33946000.0,1566119000.0,730392000.0,835727000.0,4114242209.0,671897000.0,0.0,36835000.0,488250000.0,0.0,482585000.0,80130000.0,125512000.0,108742000.0,440000.0,82788000.0,82788000.0,82788000.0,0.0,0.0,0.106,313603000.0,48666000.0,55389000.0,0.0,4.839,49.696,49.34,46671000.0,0.0,47.86,5.276,5.249,104078000.0,-4669212000.0,779769000.0,779769000.0,127296000.0,0.038,0.103,0.065,0.145,19572000.0,168263000.0,1.0,85964108.0,85525000.0,99604000.0,9.117,2117114000.0,0.0,2944000.0,7768000.0,24.754,1238367000.0
56,CIEN,MRT,2007-06-30,2007-07-31,2007-07-31,2021-09-08,-1929000.0,2413679000.0,2009526000.0,1995092000.0,418587000.0,0.36,9.284,-25870000.0,724271000.0,724271000.0,397652000.0,65459000.0,2.688,2.035,1342262000.0,542262000.0,800000000.0,1342262000.0,60124000.0,41685000.0,0.0,0.0,0.0,92966000.0,134651000.0,0.186,134651000.0,92966000.0,67590000.0,0.77,0.71,0.77,795223000.0,777765250.0,795223000.0,3491207732.0,38.0,25.928,56493000.0,0.66,1.0,325879000.0,0.45,301501000.0,25376000.0,1987855000.0,1760312750.0,105141000.0,1012846000.0,1004492000.0,8354000.0,1618456000.0,742314000.0,876142000.0,3119251732.0,172037000.0,0.0,24076000.0,488569000.0,0.0,470145000.0,-380471000.0,-345902000.0,82363000.0,0.0,65459000.0,65459000.0,65459000.0,0.0,0.0,0.09,300452000.0,25427000.0,51798000.0,0.0,3.922,47.652,47.442,41462000.0,0.0,36.53,4.311,4.324,117806000.0,-4699622000.0,723531000.0,723531000.0,119727000.0,0.033,0.084,0.053,0.128,17347000.0,155310000.0,1.0,85388769.0,85651000.0,101568000.0,8.447,2112178000.0,0.0,2131000.0,6676000.0,24.66,1252778000.0
57,CIEN,MRT,2007-03-31,2007-04-30,2007-04-30,2021-09-08,-1694000.0,1923056000.0,1863741000.0,1425174000.0,497882000.0,0.36,9.297,-23667000.0,470306000.0,470306000.0,371201000.0,32862000.0,1.89,1.428,842262000.0,542262000.0,300000000.0,842262000.0,60168000.0,42058000.0,0.0,0.0,0.0,59065000.0,101123000.0,0.151,101123000.0,59065000.0,34472000.0,0.39,0.37,0.39,792127000.0,761427750.0,792127000.0,2950156229.0,50.0,29.174,-24206000.0,-0.284,1.0,299878000.0,0.447,308764000.0,24593000.0,1232274000.0,1667437500.0,118790000.0,752209000.0,646653000.0,105556000.0,1130929000.0,753974000.0,376955000.0,2481973229.0,-185917000.0,0.0,17932000.0,-338000.0,0.0,17594000.0,-202972000.0,-176471000.0,-539000.0,0.0,32862000.0,32862000.0,32862000.0,0.0,0.0,0.049,303289000.0,-3411000.0,69942000.0,0.0,3.133,75.527,74.769,37567000.0,0.0,29.16,3.698,3.702,145495000.0,-4727934000.0,671079000.0,671079000.0,114246000.0,0.018,0.043,0.035,0.088,14861000.0,151563000.0,1.0,85115680.0,85198000.0,93737000.0,7.877,1614292000.0,0.0,1610000.0,6479000.0,18.948,671200000.0
58,CIEN,MRT,2006-12-31,2007-01-31,2007-01-31,2021-09-08,-1743000.0,1861656000.0,1838011500.0,1160077000.0,701579000.0,0.331,9.065,-19975000.0,374079000.0,374079000.0,327773000.0,17942000.0,6.84,1.417,842262000.0,0.0,842262000.0,842262000.0,42862000.0,43289000.0,0.0,0.0,0.0,43705000.0,86994000.0,0.143,86994000.0,43705000.0,19445000.0,0.22,0.21,0.22,770085000.0,744590500.0,770085000.0,3008056420.0,69.0,34.578,-78624000.0,-0.925,1.0,280954000.0,0.462,316026000.0,24260000.0,1844203000.0,1732538500.0,103548000.0,811005000.0,496628000.0,314377000.0,1091571000.0,169610000.0,921961000.0,2385958420.0,75455000.0,0.0,28651000.0,292372000.0,0.0,292566000.0,-158462000.0,-141416000.0,-58649000.0,0.0,17942000.0,17942000.0,17942000.0,0.0,0.0,0.029,294387000.0,-13433000.0,37997000.0,0.0,3.098,132.982,127.682,32867000.0,0.0,28.09,3.92,3.92,139422000.0,-4740944000.0,608727000.0,608727000.0,111460000.0,0.01,0.024,0.025,0.072,13148000.0,147577000.0,1.0,84939780.0,84953000.0,93259000.0,7.165,1545630000.0,0.0,1503000.0,6298000.0,18.194,990467000.0
59,CIEN,MRT,2006-09-30,2006-10-31,2006-10-31,2021-09-08,-1076000.0,1839713000.0,1758820250.0,1098186000.0,741527000.0,0.321,8.989,-17760000.0,220164000.0,220164000.0,306275000.0,595000.0,6.796,1.441,842262000.0,0.0,842262000.0,842262000.0,40676000.0,45451000.0,0.0,0.0,0.0,26141000.0,71592000.0,0.127,71592000.0,26141000.0,1976000.0,0.01,0.01,0.01,753626000.0,736220750.0,753626000.0,2275183963.0,87.0,31.78,-97153000.0,-1.159,1.0,257781000.0,0.457,323289000.0,24165000.0,1976919000.0,1588783000.0,106085000.0,979800000.0,628393000.0,351407000.0,1086087000.0,161603000.0,924484000.0,1985155963.0,-137848000.0,0.0,27987000.0,193600000.0,0.0,193130000.0,-251585000.0,-238377000.0,-79393000.0,0.0,595000.0,595000.0,595000.0,0.0,0.0,0.001,289152000.0,-31371000.0,39277000.0,0.0,2.634,3336.397,2351.0,29427000.0,0.0,23.51,3.519,3.494,107172000.0,-4752000000.0,564056000.0,564056000.0,111069000.0,0.0,0.001,0.016,0.046,14042000.0,148879000.0,1.0,84438790.0,83840000.0,85011000.0,6.728,1516424000.0,0.0,1381000.0,5981000.0,18.087,936583000.0
60,CIEN,MRT,2006-06-30,2006-07-31,2006-07-31,2021-09-08,-2897000.0,1830539000.0,1717699250.0,1247686000.0,582853000.0,0.304,8.669,-15700000.0,552234000.0,552234000.0,290098000.0,-265356000.0,7.185,1.508,842262000.0,0.0,842262000.0,842262000.0,42601000.0,51017000.0,0.0,0.0,0.0,-239352000.0,-188335000.0,-0.361,-188335000.0,-239352000.0,-264162000.0,-3.21,-3.21,-3.21,729873000.0,731656000.0,729873000.0,2319313091.0,-10.0,-12.315,-88921000.0,-1.056,1.0,232189000.0,0.445,330551000.0,24810000.0,1616354000.0,1453344750.0,95821000.0,653436000.0,466362000.0,187074000.0,1100666000.0,173662000.0,927004000.0,2133274091.0,256239000.0,0.0,26285000.0,193600000.0,0.0,191428000.0,138032000.0,149580000.0,-73221000.0,0.0,-265356000.0,-265356000.0,-265356000.0,0.0,0.0,-0.508,522048000.0,-289859000.0,39492000.0,0.0,2.923,-8.039,-7.916,28227000.0,0.0,25.41,4.084,4.096,89638000.0,-4765081000.0,522287000.0,522287000.0,116669000.0,-0.154,-0.363,-0.165,-0.458,11584000.0,151488000.0,1.0,83954116.0,84197000.0,84197000.0,6.203,1499988000.0,0.0,1194000.0,5855000.0,17.815,1074024000.0
61,CIEN,MRT,2006-03-31,2006-04-30,2006-04-30,2021-09-08,-3388000.0,1820138000.0,1740933000.0,1285907000.0,534231000.0,0.276,8.678,-13350000.0,656223000.0,656223000.0,282114000.0,-312098000.0,7.319,1.511,842262000.0,0.0,842262000.0,842262000.0,58830000.0,61403000.0,0.0,0.0,0.0,-285313000.0,-223910000.0,-0.466,-223910000.0,-285313000.0,-311138000.0,-3.79,-3.79,-3.79,724778000.0,795061000.0,724778000.0,2625474662.0,-9.0,-11.726,-107048000.0,-1.282,1.0,198154000.0,0.413,337814000.0,25825000.0,1492678000.0,1424289000.0,79076000.0,566507000.0,433488000.0,133019000.0,1095360000.0,175685000.0,919675000.0,2381836662.0,417846000.0,0.0,20930000.0,157025000.0,0.0,149498000.0,362046000.0,370883000.0,-93698000.0,0.0,-312098000.0,-312098000.0,-312098000.0,0.0,0.0,-0.65,528677000.0,-330523000.0,41893000.0,0.0,3.286,-7.632,-7.554,26908000.0,0.0,28.63,4.959,4.979,76599000.0,-4760796000.0,480268000.0,480268000.0,125293000.0,-0.179,-0.393,-0.2,-0.594,12031000.0,150070000.0,1.0,83193736.0,83518000.0,83518000.0,5.75,1482324000.0,0.0,960000.0,5652000.0,17.749,1110222000.0
62,CIEN,MRT,2005-12-31,2006-01-31,2006-01-31,2021-09-08,-3938000.0,1544891000.0,1790989750.0,974866000.0,570025000.0,0.253,8.878,-11388000.0,298624000.0,298624000.0,290525000.0,-384995000.0,5.594,1.097,542262000.0,0.0,542262000.0,542262000.0,46713000.0,68842000.0,0.0,0.0,0.0,-356713000.0,-287871000.0,-0.636,-287871000.0,-356713000.0,-383953000.0,-4.68,-4.68,-4.68,736606000.0,871501250.0,736606000.0,2599487528.0,-7.0,-9.03,-128134000.0,-1.544,1.0,162414000.0,0.359,345076000.0,27240000.0,1269181000.0,1472544000.0,64379000.0,662961000.0,496010000.0,166951000.0,808285000.0,174272000.0,634013000.0,2323516528.0,123051000.0,0.0,11328000.0,-135685000.0,0.0,-124354000.0,364151000.0,371830000.0,-116746000.0,0.0,-384995000.0,-384995000.0,-384995000.0,0.0,0.0,-0.85,552581000.0,-390167000.0,51995000.0,0.0,3.154,-6.035,-5.983,27131000.0,0.0,28.0,5.13,5.129,81136000.0,-4758886000.0,452939000.0,452939000.0,132045000.0,-0.215,-0.442,-0.242,-0.788,11577000.0,150709000.0,1.0,82982733.0,82967000.0,82967000.0,5.459,1199815000.0,0.0,1042000.0,5846000.0,14.461,800594000.0
63,CIEN,MRT,2005-09-30,2005-10-31,2005-10-31,2021-09-08,-5168000.0,1675229000.0,1921280750.0,1097529000.0,577700000.0,0.222,8.949,-11037000.0,358012000.0,358012000.0,291067000.0,-435699000.0,6.15,1.278,648752000.0,0.0,648752000.0,648752000.0,43518000.0,76028000.0,0.0,0.0,0.0,-405966000.0,-329938000.0,-0.772,-329938000.0,-405966000.0,-434379000.0,-5.3,-5.3,-5.3,735367000.0,961703250.0,735367000.0,1704957602.0,-4.0,-5.168,-139076000.0,-1.693,1.0,136190000.0,0.319,352339000.0,28413000.0,1435166000.0,1606645250.0,49333000.0,735475000.0,579531000.0,155944000.0,939862000.0,178464000.0,761398000.0,1369774602.0,172144000.0,0.0,9558000.0,-36913000.0,0.0,-27307000.0,327490000.0,336541000.0,-128039000.0,0.0,-435699000.0,-435699000.0,-435699000.0,0.0,0.0,-1.02,567846000.0,-431656000.0,43868000.0,0.0,1.863,-3.144,-3.13,28090000.0,0.0,16.59,3.206,3.191,72786000.0,-4752595000.0,427257000.0,427257000.0,137245000.0,-0.227,-0.453,-0.253,-0.95,9441000.0,148737000.0,1.0,82566281.0,82170000.0,82170000.0,5.2,1322890000.0,0.0,1320000.0,5785000.0,16.099,919065000.0
64,CIEN,MRT,2005-06-30,2005-07-31,2005-07-31,2021-09-08,-5221000.0,1923474000.0,2036737000.0,1068887000.0,854587000.0,0.192,11.945,-21386000.0,313569000.0,313569000.0,277872000.0,-677902000.0,6.106,0.956,648752000.0,0.0,648752000.0,648752000.0,45677000.0,92207000.0,0.0,0.0,0.0,-645576000.0,-553369000.0,-1.415,-553369000.0,-645576000.0,-676710000.0,-8.78,-8.78,-8.78,983493000.0,1066467000.0,983493000.0,1725602982.0,-3.0,-3.118,-188843000.0,-2.294,1.0,113207000.0,0.289,583460000.0,31134000.0,1500131000.0,1710159250.0,51447000.0,803076000.0,602888000.0,200188000.0,939981000.0,175066000.0,764915000.0,1291424982.0,55016000.0,0.0,8289000.0,-36885000.0,0.0,-28548000.0,251021000.0,275230000.0,-167457000.0,0.0,-677902000.0,-677902000.0,-677902000.0,0.0,0.0,-1.733,778945000.0,-665738000.0,43025000.0,0.0,1.313,-1.905,-1.786,32984000.0,0.0,15.68,3.302,3.301,70622000.0,-4499725000.0,391079000.0,391079000.0,153557000.0,-0.333,-0.636,-0.377,-1.651,11994000.0,150353000.0,1.0,82361287.0,82333000.0,82333000.0,4.75,1340014000.0,0.0,1192000.0,4093000.0,16.276,893821000.0
65,CIEN,MRT,2005-03-31,2005-04-30,2005-04-30,2021-09-08,-5221000.0,2020365000.0,2209230000.0,1084299000.0,936066000.0,0.161,12.577,-23714000.0,255822000.0,255822000.0,261813000.0,-768342000.0,6.204,0.96,690000000.0,0.0,690000000.0,690000000.0,46590000.0,109397000.0,0.0,0.0,0.0,-736591000.0,-627194000.0,-1.761,-627194000.0,-736591000.0,-767031000.0,-9.9,-9.9,-9.9,1030539000.0,1231186750.0,1030539000.0,1813212356.0,-2.0,-2.891,-249875000.0,-3.05,1.0,94375000.0,0.265,594081000.0,30440000.0,1685698000.0,1808200250.0,45489000.0,934717000.0,682766000.0,251951000.0,989826000.0,174764000.0,815062000.0,1316161356.0,34983000.0,4864000.0,7427000.0,54000.0,0.0,7576000.0,253568000.0,275112000.0,-226161000.0,0.0,-768342000.0,-768342000.0,-768342000.0,0.0,0.0,-2.157,846168000.0,-751793000.0,36441000.0,0.0,1.277,-1.713,-1.626,41019000.0,0.0,16.1,3.695,3.704,66482000.0,-4448698000.0,356188000.0,356188000.0,178365000.0,-0.348,-0.624,-0.407,-2.068,12665000.0,149181000.0,1.0,81749153.0,81938429.0,81938429.0,4.347,1426284000.0,0.0,1311000.0,4169000.0,17.407,909535000.0
66,CIEN,MRT,2004-12-31,2005-01-31,2005-01-31,2021-09-08,-5217000.0,2066055000.0,2248597500.0,1023776000.0,1042279000.0,0.145,13.44,-29297000.0,192949000.0,192949000.0,251610000.0,-769751000.0,6.724,0.883,690000000.0,0.0,690000000.0,690000000.0,34140000.0,109177000.0,0.0,0.0,0.0,-738794000.0,-629617000.0,-1.925,-629617000.0,-738794000.0,-768477000.0,-10.11,-10.11,-10.11,1097414000.0,1271929500.0,1097414000.0,1945370638.0,-3.0,-3.09,-266670000.0,-3.266,1.0,75431000.0,0.231,605252000.0,29683000.0,1805586000.0,1897192000.0,46257000.0,1036714000.0,704691000.0,332023000.0,968641000.0,152268000.0,816373000.0,1457993638.0,-105991000.0,4864000.0,10495000.0,61000.0,0.0,10648000.0,120734000.0,147792000.0,-237373000.0,0.0,-769751000.0,-769751000.0,-769751000.0,0.0,0.0,-2.354,835377000.0,-759946000.0,32719000.0,0.0,1.329,-1.894,-1.766,46709000.0,0.0,17.85,4.458,4.457,52122000.0,-4373891000.0,327041000.0,327041000.0,190644000.0,-0.342,-0.605,-0.389,-2.259,11086000.0,142200000.0,1.0,81680316.0,81653286.0,81653286.0,4.005,1460803000.0,0.0,1274000.0,3672000.0,17.89,871508000.0
67,CIEN,MRT,2004-09-30,2004-10-31,2004-10-31,2021-09-08,-2765000.0,2137054000.0,2298164500.0,1079272000.0,1057782000.0,0.13,15.497,-31142000.0,202623000.0,202623000.0,226954000.0,-789464000.0,6.806,0.851,690000000.0,0.0,690000000.0,690000000.0,37576000.0,106921000.0,0.0,0.0,0.0,-758502000.0,-651581000.0,-2.181,-651581000.0,-758502000.0,-788343000.0,-10.6,-10.6,-10.6,1154422000.0,1313478750.0,1154422000.0,1840117586.0,-2.0,-2.824,-276577000.0,-3.713,1.0,71753000.0,0.24,616630000.0,29841000.0,1849222000.0,1954642750.0,47614000.0,1082955000.0,753251000.0,329704000.0,982632000.0,158579000.0,824053000.0,1405847586.0,-109046000.0,4864000.0,16780000.0,-49143000.0,0.0,-32316000.0,168705000.0,196987000.0,-245435000.0,0.0,-789464000.0,-789464000.0,-789464000.0,0.0,0.0,-2.643,843868000.0,-772115000.0,31509000.0,0.0,1.218,-1.781,-1.631,51252000.0,0.0,17.29,4.706,4.312,45878000.0,-4316896000.0,298707000.0,298707000.0,205364000.0,-0.344,-0.601,-0.388,-2.539,11883000.0,140902000.0,1.0,81309866.0,74493000.0,74493000.0,4.01,1520424000.0,0.0,1121000.0,3354000.0,20.41,920693000.0
68,CIEN,MRT,2004-06-30,2004-07-31,2004-07-31,2021-09-08,-3561000.0,2613446000.0,2358442250.0,743419000.0,1870027000.0,0.122,20.304,-22078000.0,255730000.0,255730000.0,217744000.0,-409431000.0,4.539,0.591,690000000.0,0.0,690000000.0,690000000.0,34255000.0,115553000.0,0.0,0.0,0.0,-379717000.0,-264164000.0,-0.919,-264164000.0,-379717000.0,-408040000.0,-5.74,-5.74,-5.74,1642372000.0,1357577500.0,1642372000.0,2072712606.0,-5.0,-7.846,-274789000.0,-3.397,1.0,69602000.0,0.242,991637000.0,28323000.0,1892295000.0,2034407750.0,49836000.0,1091336000.0,358369000.0,732967000.0,971074000.0,163784000.0,807290000.0,1600857606.0,-329528000.0,-28963000.0,21929000.0,-52709000.0,0.0,-30447000.0,-46370000.0,4671000.0,-252711000.0,0.0,-409431000.0,-409431000.0,-409431000.0,0.0,0.0,-1.425,464636000.0,-395034000.0,35570000.0,0.0,0.975,-3.91,-3.439,77499000.0,0.0,19.74,5.571,5.557,49821000.0,-3821823000.0,287346000.0,287346000.0,205388000.0,-0.174,-0.302,-0.187,-1.321,25476000.0,138214000.0,1.0,81097143.0,80890571.0,80890571.0,3.552,1621809000.0,0.0,1391000.0,5609000.0,20.049,579635000.0
69,CIEN,MRT,2004-03-31,2004-04-30,2004-04-30,2021-09-08,-833000.0,2177835000.0,2324796500.0,1158512000.0,1019323000.0,0.121,17.582,-27935000.0,218145000.0,218145000.0,212895000.0,-356838000.0,6.721,0.825,690000000.0,0.0,690000000.0,690000000.0,33337000.0,95319000.0,0.0,0.0,0.0,-325429000.0,-230110000.0,-0.821,-230110000.0,-325429000.0,-355353000.0,-5.39,-5.39,-5.39,1193510000.0,1302333000.0,1193510000.0,2355218621.0,-7.0,-10.235,-243995000.0,-3.594,1.0,67340000.0,0.24,435655000.0,29924000.0,2041665000.0,2060459250.0,34457000.0,1241128000.0,824929000.0,416199000.0,984325000.0,172370000.0,811955000.0,1961533621.0,-291262000.0,-29668000.0,22624000.0,-53703000.0,0.0,-30729000.0,-44473000.0,13130000.0,-216060000.0,0.0,-356838000.0,-356838000.0,-356838000.0,0.0,0.0,-1.273,412215000.0,-344875000.0,38532000.0,0.0,1.643,-5.497,-5.364,100123000.0,0.0,28.91,7.0,7.003,38593000.0,-3680356000.0,280235000.0,280235000.0,196661000.0,-0.153,-0.274,-0.158,-1.161,21523000.0,133188000.0,1.0,67849658.0,67884143.0,67884143.0,4.128,1742180000.0,0.0,1485000.0,5596000.0,25.664,986142000.0
70,CIEN,MRT,2003-12-31,2004-01-31,2004-01-31,2021-09-08,2472000.0,2264323000.0,2387779750.0,1180518000.0,1083805000.0,0.117,18.703,-28540000.0,296315000.0,296315000.0,201743000.0,-356083000.0,6.463,0.792,690000000.0,0.0,690000000.0,690000000.0,36417000.0,97393000.0,0.0,0.0,0.0,-323250000.0,-225857000.0,-0.809,-225857000.0,-323250000.0,-354762000.0,-5.46,-5.46,-5.46,1263611000.0,1344356750.0,1263611000.0,3855783065.0,-12.0,-17.072,-271897000.0,-4.024,1.0,77333000.0,0.277,439963000.0,31512000.0,2035389000.0,2090079000.0,49242000.0,1222956000.0,757318000.0,465638000.0,1000712000.0,182656000.0,818056000.0,3435020065.0,-8738000.0,-29668000.0,19885000.0,-53710000.0,0.0,-33119000.0,267738000.0,325946000.0,-243357000.0,0.0,-356083000.0,-356083000.0,-356083000.0,0.0,0.0,-1.276,425407000.0,-348074000.0,40459000.0,0.0,2.718,-9.647,-9.295,107590000.0,0.0,50.75,12.309,12.286,45876000.0,-3604140000.0,279076000.0,279076000.0,204373000.0,-0.149,-0.265,-0.155,-1.158,19621000.0,136378000.0,1.0,67685124.0,67562143.0,67562143.0,4.131,1824360000.0,0.0,1321000.0,5095000.0,27.003,997862000.0
71,CIEN,MRT,2003-09-30,2003-10-31,2003-10-31,2021-09-08,2447000.0,2378165000.0,2457465500.0,1229403000.0,1148762000.0,0.115,20.855,-28484000.0,309665000.0,309665000.0,210091000.0,-386517000.0,6.603,0.787,730428000.0,0.0,730428000.0,730428000.0,29020000.0,101995000.0,0.0,0.0,0.0,-348930000.0,-246935000.0,-0.872,-246935000.0,-348930000.0,-385261000.0,-6.09,-6.09,-6.09,1330817000.0,1385252750.0,1330817000.0,3149003382.0,-9.0,-12.752,-258754000.0,-4.055,1.0,73045000.0,0.258,444447000.0,36331000.0,2168282000.0,2189118500.0,44995000.0,1316553000.0,796809000.0,519744000.0,1047348000.0,186199000.0,861149000.0,3004747382.0,-67524000.0,-29668000.0,13798000.0,-144631000.0,0.0,-128917000.0,291663000.0,349815000.0,-230270000.0,0.0,-386517000.0,-386517000.0,-386517000.0,0.0,0.0,-1.365,439568000.0,-366523000.0,44402000.0,0.0,2.258,-7.774,-7.368,114930000.0,0.0,44.87,10.612,10.113,43600000.0,-3527432000.0,283136000.0,283136000.0,212523000.0,-0.157,-0.279,-0.159,-1.232,16777000.0,145624000.0,1.0,66965620.0,63813714.0,63813714.0,4.437,1933718000.0,0.0,1256000.0,4640000.0,30.303,1043204000.0
72,CIEN,MRT,2003-06-30,2003-07-31,2003-07-31,2021-09-08,3402000.0,2478863000.0,2550679750.0,1415119000.0,1063744000.0,0.108,22.061,-33807000.0,585258000.0,585258000.0,214870000.0,-1026247000.0,7.268,0.744,729514000.0,0.0,729514000.0,729514000.0,30144000.0,95988000.0,0.0,0.0,0.0,-982929000.0,-886941000.0,-3.232,-886941000.0,-982929000.0,-1026846000.0,-17.78,-17.78,-17.78,1421394000.0,1434365750.0,1421394000.0,2725229769.0,-3.0,-3.073,-298492000.0,-4.633,1.0,59540000.0,0.217,431913000.0,43917000.0,1996501000.0,2326716500.0,26954000.0,1164213000.0,727078000.0,437135000.0,1057469000.0,194705000.0,862764000.0,2506113769.0,-129922000.0,4159000.0,7686000.0,-216716000.0,0.0,-204672000.0,339435000.0,369083000.0,-264685000.0,0.0,-1026247000.0,-1026247000.0,-1026247000.0,0.0,0.0,-3.74,1058900000.0,-999360000.0,40390000.0,0.0,1.763,-2.442,-2.268,132061000.0,0.0,40.32,9.133,9.467,41966000.0,-3412392000.0,274410000.0,274410000.0,241053000.0,-0.402,-0.715,-0.422,-3.582,20324000.0,162246000.0,1.0,62155599.0,64429857.0,64429857.0,4.259,2046950000.0,0.0,-599000.0,5203000.0,31.77,1220414000.0
73,CIEN,MRT,2003-03-31,2003-04-30,2003-04-30,2021-09-08,7711000.0,2429768000.0,2838471750.0,1339614000.0,1090154000.0,0.09,21.965,-34164000.0,509407000.0,509407000.0,255079000.0,-1097358000.0,6.711,0.784,728523000.0,0.0,728523000.0,728523000.0,32685000.0,105840000.0,0.0,0.0,0.0,-1051188000.0,-945348000.0,-3.693,-945348000.0,-1051188000.0,-1097649000.0,-19.32,-19.32,-19.32,1361605000.0,1646572000.0,1361605000.0,2537857686.0,-2.0,-2.685,-318875000.0,-5.144,1.0,881000.0,0.003,289134000.0,46461000.0,2160144000.0,2512198750.0,31935000.0,1308237000.0,730039000.0,578198000.0,1068163000.0,199606000.0,868557000.0,2115378686.0,-5324000.0,286899000.0,10226000.0,-215578000.0,0.0,-199706000.0,479093000.0,226358000.0,-284711000.0,0.0,-1097358000.0,-1097358000.0,-1097358000.0,0.0,0.0,-4.287,1073193000.0,-1072312000.0,42777000.0,0.0,1.554,-1.928,-1.768,155008000.0,0.0,34.16,8.264,8.273,32432000.0,-3323518000.0,255960000.0,255960000.0,244108000.0,-0.387,-0.666,-0.418,-4.107,20324000.0,170369000.0,1.0,61925606.0,61990286.0,61990286.0,4.129,2140634000.0,0.0,-291000.0,5258000.0,34.532,1140008000.0
74,CIEN,MRT,2002-12-31,2003-01-31,2003-01-31,2021-09-08,9223000.0,2543066000.0,2849343250.0,1395352000.0,1147714000.0,0.095,23.095,-42612000.0,305053000.0,305053000.0,287279000.0,-1634050000.0,5.802,0.782,727532000.0,0.0,727532000.0,727532000.0,34819000.0,120764000.0,0.0,0.0,0.0,-1439554000.0,-1318790000.0,-4.894,-1318790000.0,-1439554000.0,-1486591000.0,-31.15,-31.15,-31.15,1427195000.0,1672841750.0,1427195000.0,2977951665.0,-2.0,-2.258,-280809000.0,-4.544,1.0,-17806000.0,-0.066,293522000.0,47037000.0,2431547000.0,2518100750.0,40024000.0,1590922000.0,983458000.0,607464000.0,1115871000.0,240476000.0,875395000.0,2511524665.0,-167480000.0,286899000.0,12690000.0,-394481000.0,0.0,-376321000.0,447038000.0,202751000.0,-238197000.0,0.0,-1634050000.0,-1634050000.0,-1634050000.0,0.0,0.0,-6.064,1223075000.0,-1240881000.0,42368000.0,0.0,1.76,-1.537,-1.303,177224000.0,0.0,40.6,9.32,9.31,23485000.0,-3248057000.0,269473000.0,269473000.0,248067000.0,-0.573,-0.977,-0.572,-5.342,20324000.0,178729000.0,1.0,61860213.0,61796000.0,61796000.0,4.361,2249544000.0,0.0,147459000.0,3479000.0,36.403,1154876000.0
75,CIEN,MRT,2002-09-30,2002-10-31,2002-10-31,2021-09-08,8840000.0,2751022000.0,3018271250.0,1637657000.0,1113365000.0,0.12,29.274,-66330000.0,377189000.0,377189000.0,596034000.0,-1597499000.0,7.317,0.801,843616000.0,0.0,843616000.0,843616000.0,30832000.0,131020000.0,0.0,0.0,0.0,-1441425000.0,-1310405000.0,-3.628,-1310405000.0,-1441425000.0,-1486764000.0,-30.59,-30.59,-30.59,1527269000.0,1833134250.0,1527269000.0,1783844459.0,-1.0,-1.361,-89151000.0,-1.709,1.0,-234879000.0,-0.65,274957000.0,45339000.0,2718674000.0,2662577750.0,47023000.0,1701275000.0,1130414000.0,570861000.0,1223753000.0,223818000.0,999935000.0,1588433459.0,-20701000.0,286899000.0,15140000.0,-254669000.0,0.0,-234486000.0,236606000.0,16037000.0,-22821000.0,0.0,-1597499000.0,-1597499000.0,-1597499000.0,0.0,0.0,-4.423,1249331000.0,-1484210000.0,39841000.0,0.0,1.04,-0.994,-0.842,196951000.0,0.0,25.76,4.398,3.721,28680000.0,-3140915000.0,361155000.0,361155000.0,255291000.0,-0.529,-0.871,-0.541,-3.991,20324000.0,187540000.0,1.0,61662790.0,52171714.0,52171714.0,6.922,2476065000.0,0.0,110735000.0,0.0,47.46,1413839000.0
76,CIEN,MRT,2002-06-30,2002-07-31,2002-07-31,2021-09-08,8890000.0,3630031000.0,3159841000.0,1860509000.0,1769522000.0,0.211,42.203,-104816000.0,715180000.0,715180000.0,572329000.0,-2645011000.0,7.045,0.599,910591000.0,0.0,910591000.0,910591000.0,35507000.0,2075418000.0,0.0,0.0,0.0,-2492062000.0,-416644000.0,-0.625,-416644000.0,-2492062000.0,-2533916000.0,-57.96,-57.96,-57.96,2270219000.0,1983562500.0,2270219000.0,1504833897.0,-1.0,-3.612,26903000.0,0.5,1.0,94682000.0,0.142,822918000.0,41854000.0,2738430000.0,2808446000.0,65478000.0,1538297000.0,971762000.0,566535000.0,1359812000.0,264094000.0,1095718000.0,1329564897.0,-154424000.0,286899000.0,17854000.0,-178808000.0,0.0,-157337000.0,-128806000.0,-310889000.0,131719000.0,0.0,-2645011000.0,-2645011000.0,-2645011000.0,0.0,0.0,-3.965,2452669000.0,-2357987000.0,53143000.0,0.0,0.586,-0.503,-0.487,248135000.0,0.0,28.21,1.993,2.275,43289000.0,-2386145000.0,667011000.0,667011000.0,269242000.0,-0.837,-1.333,-0.887,-3.736,7775000.0,213629000.0,1.0,47130978.0,53792571.0,53792571.0,12.4,2807113000.0,73803000.0,111095000.0,65589000.0,52.184,1596415000.0
77,CIEN,MRT,2002-03-31,2002-04-30,2002-04-30,2021-09-08,3566000.0,2473254000.0,3519847750.0,1561743000.0,911511000.0,0.305,31.228,-149949000.0,514731000.0,514731000.0,702059000.0,-2479372000.0,6.463,0.686,690000000.0,0.0,690000000.0,690000000.0,32292000.0,2075003000.0,0.0,0.0,0.0,-2337933000.0,-262930000.0,-0.245,-262930000.0,-2337933000.0,-2380451000.0,-54.88,-54.88,-54.88,1466684000.0,2389663250.0,1466684000.0,2856191018.0,-1.0,-10.863,42994000.0,0.915,1.0,372994000.0,0.347,223139000.0,42518000.0,2183752000.0,2817327500.0,75573000.0,1202936000.0,853994000.0,348942000.0,1006570000.0,241632000.0,764938000.0,2462191018.0,-629481000.0,0.0,18345000.0,-178962000.0,0.0,-155105000.0,-667319000.0,-517370000.0,192943000.0,0.0,-2479372000.0,-2479372000.0,-2479372000.0,0.0,0.0,-2.306,2545347000.0,-2172353000.0,48068000.0,0.0,1.679,-0.993,-0.955,214880000.0,0.0,52.43,2.29,2.291,61194000.0,-2226160000.0,1075053000.0,1075053000.0,281080000.0,-0.704,-1.038,-0.83,-2.175,9497000.0,226414000.0,1.0,46961492.0,46966286.0,46966286.0,22.89,2250115000.0,73718000.0,98921000.0,64568000.0,47.909,1320111000.0
78,CIEN,MRT,2001-12-31,2002-01-31,2002-01-31,2021-09-08,5347000.0,3218778000.0,4159140000.0,2031406000.0,1187372000.0,0.34,44.193,-225909000.0,472533000.0,472533000.0,837686000.0,-1917899000.0,5.369,0.556,866533000.0,176533000.0,690000000.0,866533000.0,39419000.0,2062212000.0,0.0,0.0,0.0,-1852745000.0,209467000.0,0.148,209467000.0,-1852745000.0,-1893754000.0,-43.05,-43.05,-43.05,2068365000.0,2987018500.0,2068365000.0,4631875753.0,-3.0,22.113,59897000.0,1.28,1.0,575710000.0,0.407,224952000.0,41009000.0,3009455000.0,2866508500.0,250191000.0,1467447000.0,1051117000.0,416330000.0,1150413000.0,378371000.0,772042000.0,4165882753.0,295808000.0,54101000.0,901431000.0,669778000.0,0.0,1576541000.0,-1566539000.0,-1394731000.0,285806000.0,0.0,-1917899000.0,-1917899000.0,-1917899000.0,0.0,0.0,-1.357,2483891000.0,-1908181000.0,46962000.0,0.0,2.014,-2.172,-2.065,316039000.0,0.0,88.9,2.947,2.944,150221000.0,-1614007000.0,1413396000.0,1413396000.0,275866000.0,-0.461,-0.642,-0.646,-1.311,21538000.0,238872000.0,1.0,46860323.0,46802857.0,46802857.0,30.199,2993826000.0,220730000.0,24145000.0,64717000.0,63.967,1653035000.0
79,CIEN,MRT,2001-09-30,2001-10-31,2001-10-31,2021-09-08,4842000.0,3317301000.0,3646233500.0,2191089000.0,1126212000.0,0.44,47.794,-238544000.0,397890000.0,397890000.0,904549000.0,-1794062000.0,8.613,0.558,863883000.0,0.0,863883000.0,863883000.0,29480000.0,2049622000.0,0.0,0.0,0.0,-1676138000.0,373484000.0,0.233,373484000.0,-1676138000.0,-1706729000.0,-40.25,-40.25,-40.25,2128982000.0,2700392500.0,2128982000.0,5317212263.0,-3.0,14.237,-75371000.0,-1.692,1.0,698680000.0,0.436,226765000.0,30591000.0,3302147000.0,2309248750.0,254968000.0,1397251000.0,902594000.0,494657000.0,1188319000.0,254382000.0,933937000.0,5319990263.0,254703000.0,54101000.0,907026000.0,670565000.0,0.0,1582170000.0,-1490640000.0,-1306197000.0,163173000.0,0.0,-1794062000.0,-1794062000.0,-1794062000.0,0.0,0.0,-1.119,2438397000.0,-1739717000.0,68735000.0,0.0,2.499,-2.965,-2.828,331490000.0,0.0,113.82,3.318,3.162,395063000.0,-1543416000.0,1603229000.0,1603229000.0,253614000.0,-0.492,-0.664,-0.726,-1.045,71605000.0,228398000.0,1.0,46740382.0,44545000.0,44545000.0,35.991,3090536000.0,186861000.0,87333000.0,70721000.0,69.38,1936707000.0
80,CIEN,MRT,2001-06-30,2001-07-31,2001-07-31,2021-09-08,-1781000.0,5070058000.0,3073708500.0,2295301000.0,2774757000.0,0.496,84.048,-230461000.0,869604000.0,869604000.0,779862000.0,33983000.0,8.518,0.302,866826000.0,0.0,866826000.0,866826000.0,30768000.0,92059000.0,0.0,0.0,0.0,153443000.0,245502000.0,0.161,245502000.0,153443000.0,134869000.0,0.91,0.77,0.91,3894622000.0,2370605750.0,3894622000.0,10540786426.0,69.0,42.936,-114729000.0,-2.476,1.0,743183000.0,0.488,2023859000.0,18574000.0,2773956000.0,1659118500.0,306568000.0,898418000.0,528821000.0,369597000.0,1175436000.0,269465000.0,905971000.0,10820805426.0,659701000.0,54101000.0,919030000.0,670259000.0,0.0,1592566000.0,-1048597000.0,-872237000.0,115732000.0,0.0,33983000.0,33983000.0,33983000.0,0.0,0.0,0.022,576934000.0,166249000.0,95292000.0,0.0,2.778,318.418,254.923,314899000.0,0.0,231.98,7.105,7.058,370764000.0,258866000.0,1523045000.0,1523045000.0,198392000.0,0.011,0.014,0.092,0.101,152359000.0,189430000.0,1.0,46645424.0,46338286.0,48268143.0,32.868,3046199000.0,155848000.0,100886000.0,45431000.0,65.738,2025836000.0
81,CIEN,MRT,2001-03-31,2001-04-30,2001-04-30,2021-09-08,-391000.0,5030423000.0,2019341500.0,2243731000.0,2786692000.0,0.643,88.117,-211432000.0,1144212000.0,1144212000.0,686152000.0,56484000.0,8.293,0.305,864193000.0,0.0,864193000.0,864193000.0,18149000.0,79869000.0,0.0,0.0,0.0,189863000.0,269732000.0,0.208,269732000.0,189863000.0,182493000.0,1.47,1.26,1.47,3856105000.0,1566825250.0,3856105000.0,16293982424.0,86.0,60.408,-36838000.0,-0.842,1.0,612091000.0,0.471,2099357000.0,7370000.0,2380476000.0,1091019750.0,276020000.0,693236000.0,357163000.0,336073000.0,1174318000.0,270571000.0,903747000.0,16470707424.0,1054208000.0,54101000.0,923810000.0,670181000.0,0.0,1594022000.0,-714408000.0,-557077000.0,174594000.0,0.0,56484000.0,56484000.0,56484000.0,0.0,0.0,0.044,430469000.0,181622000.0,115410000.0,0.0,4.271,291.6,262.19,286413000.0,0.0,385.42,12.687,12.992,267011000.0,253212000.0,1298243000.0,1298243000.0,164392000.0,0.028,0.036,0.174,0.146,178054000.0,168732000.0,1.0,42734439.0,43761286.0,43761286.0,29.666,2931066000.0,142290000.0,126009000.0,46785000.0,66.979,1973160000.0
82,CIEN,MRT,2000-12-31,2001-01-31,2001-01-31,2021-09-08,-810000.0,1167152000.0,956944250.0,925185000.0,241967000.0,1.106,22.484,-149116000.0,176725000.0,176725000.0,567205000.0,125571000.0,4.599,0.266,0.0,0.0,0.0,0.0,19923000.0,69518000.0,0.0,0.0,0.0,187549000.0,257067000.0,0.243,257067000.0,187549000.0,187218000.0,3.15,2.87,3.15,921861000.0,756746000.0,921861000.0,25661761628.0,137.0,99.825,-40248000.0,-0.982,1.0,491321000.0,0.464,8851000.0,331000.0,780416000.0,635131250.0,207221000.0,82958000.0,82958000.0,0.0,245291000.0,201160000.0,44131000.0,25804948628.0,28396000.0,0.0,44151000.0,149000.0,0.0,44441000.0,-124913000.0,24203000.0,108868000.0,0.0,125571000.0,125571000.0,125571000.0,0.0,0.0,0.119,303020000.0,188301000.0,82477000.0,0.0,27.992,205.501,200.133,212376000.0,0.0,630.42,24.378,24.418,250996000.0,303892000.0,1058526000.0,1058526000.0,139104000.0,0.131,0.166,0.295,0.177,190051000.0,140670000.0,1.0,40932947.0,41000143.0,42993714.0,25.818,1158301000.0,166273000.0,61647000.0,46411000.0,28.251,724025000.0
83,CIEN,MRT,2000-09-30,2000-10-31,2000-10-31,2021-09-08,-903000.0,1027201000.0,841945750.0,813014000.0,214187000.0,1.02,20.129,-123947000.0,143187000.0,143187000.0,462371000.0,81387000.0,4.69,0.268,0.0,0.0,0.0,0.0,10731000.0,63644000.0,0.0,0.0,0.0,120914000.0,184558000.0,0.215,184558000.0,120914000.0,120574000.0,2.03,1.89,2.03,809835000.0,666962000.0,809835000.0,29651556093.0,245.0,160.663,-64909000.0,-1.613,1.0,396379000.0,0.462,9049000.0,340000.0,701626000.0,551204000.0,141279000.0,95131000.0,95131000.0,0.0,217366000.0,173339000.0,44027000.0,29861459093.0,-253000.0,0.0,43977000.0,-279000.0,0.0,43878000.0,-103169000.0,20778000.0,59038000.0,0.0,81387000.0,81387000.0,81387000.0,0.0,0.0,0.095,273463000.0,122916000.0,70250000.0,0.0,36.874,366.907,362.517,189231000.0,0.0,735.91,34.773,34.477,248950000.0,250646000.0,858750000.0,858750000.0,125434000.0,0.097,0.122,0.219,0.141,154641000.0,124882000.0,1.0,40577597.0,40231571.0,42808857.0,21.345,1018152000.0,143029000.0,39187000.0,46628000.0,25.307,639675000.0
84,CIEN,MRT,2000-06-30,2000-07-31,2000-07-31,2021-09-08,-390000.0,852590000.0,754604250.0,661670000.0,190920000.0,0.944,16.852,-94312000.0,209903000.0,209903000.0,402772000.0,60123000.0,5.043,0.255,0.0,0.0,0.0,0.0,2788000.0,55215000.0,0.0,0.0,0.0,89628000.0,144843000.0,0.203,144843000.0,89628000.0,89275000.0,1.54,1.4,1.54,679500000.0,597121500.0,679500000.0,19981066528.0,223.0,137.95,-83643000.0,-2.074,1.0,309740000.0,0.435,9908000.0,353000.0,501561000.0,479855500.0,108026000.0,34159000.0,34159000.0,0.0,173090000.0,131218000.0,41872000.0,20071070528.0,67304000.0,0.0,31353000.0,536000.0,0.0,32523000.0,24112000.0,118424000.0,10669000.0,0.0,60123000.0,60123000.0,60123000.0,0.0,0.0,0.084,233277000.0,76463000.0,45883000.0,0.0,29.538,333.833,323.0,167872000.0,0.0,497.42,28.169,28.15,213087000.0,224883000.0,712512000.0,712512000.0,116878000.0,0.08,0.101,0.187,0.126,70711000.0,110656000.0,1.0,40350349.0,40322571.0,42827143.0,17.67,842682000.0,57014000.0,29152000.0,36953000.0,20.899,530452000.0
85,CIEN,MRT,2000-03-31,2000-04-30,2000-04-30,2021-09-08,-176000.0,780834000.0,702681000.0,616320000.0,164514000.0,0.865,15.386,-69579000.0,90004000.0,90004000.0,353961000.0,26411000.0,5.007,0.268,0.0,0.0,0.0,0.0,1294000.0,53493000.0,0.0,0.0,0.0,39558000.0,93051000.0,0.153,93051000.0,39558000.0,39079000.0,0.7,0.63,0.7,615788000.0,556095000.0,615788000.0,17153422236.0,434.0,184.344,-85550000.0,-2.138,1.0,254109000.0,0.418,10817000.0,479000.0,556922000.0,454460000.0,107566000.0,147137000.0,147137000.0,0.0,165046000.0,123091000.0,41955000.0,17301751236.0,-110649000.0,0.0,25191000.0,-248000.0,0.0,22091000.0,-116769000.0,-47190000.0,-15971000.0,0.0,26411000.0,26411000.0,26411000.0,0.0,0.0,0.043,228308000.0,25801000.0,42629000.0,0.0,28.097,655.096,618.1,146109000.0,0.0,432.67,28.454,28.478,197771000.0,196728000.0,608070000.0,608070000.0,113492000.0,0.038,0.047,0.087,0.065,49699000.0,99214000.0,1.0,39988331.0,40023143.0,42732286.0,15.193,770017000.0,42340000.0,12668000.0,36953000.0,19.239,493229000.0
86,CIEN,MRT,1999-12-31,2000-01-31,2000-01-31,2021-09-08,-2000.0,707158000.0,661184500.0,558478000.0,148680000.0,0.807,14.263,-51413000.0,148329000.0,148329000.0,320994000.0,7019000.0,5.454,0.257,0.0,0.0,0.0,0.0,2102000.0,52800000.0,0.0,0.0,0.0,10861000.0,63661000.0,0.119,63661000.0,10861000.0,10356000.0,0.175,0.175,0.175,562725000.0,526757250.0,562725000.0,8924414301.0,822.0,140.187,-62655000.0,-1.588,1.0,212887000.0,0.399,11726000.0,505000.0,444707000.0,397568000.0,82609000.0,110208000.0,110208000.0,0.0,144433000.0,102396000.0,42037000.0,9067854301.0,-67302000.0,0.0,17803000.0,-40000.0,0.0,15759000.0,-71819000.0,-20406000.0,-11242000.0,0.0,7019000.0,7019000.0,7019000.0,0.0,0.0,0.013,216124000.0,-3237000.0,38431000.0,0.0,16.114,1291.901,1312.4,129259000.0,0.0,229.67,16.985,16.973,166244000.0,178321000.0,533881000.0,533881000.0,108530000.0,0.011,0.013,0.027,0.02,25661000.0,90648000.0,1.0,39482102.0,39454571.0,42258000.0,13.532,695432000.0,26018000.0,3337000.0,36953000.0,17.626,456082000.0
87,CIEN,MRT,1999-09-30,1999-10-31,1999-10-31,2021-09-08,-40000.0,677835000.0,631566500.0,532999000.0,144836000.0,0.763,13.905,-46776000.0,143440000.0,143440000.0,299769000.0,-3924000.0,5.051,0.278,0.0,0.0,0.0,0.0,2954000.0,50458000.0,0.0,0.0,0.0,-5487000.0,44971000.0,0.093,44971000.0,-5487000.0,-5991000.0,-0.07,-0.07,-0.07,530473000.0,506177250.0,530473000.0,4699471742.0,-856.0,104.5,-18098000.0,-0.474,1.0,182316000.0,0.378,12635000.0,504000.0,416232000.0,362873750.0,79608000.0,118956000.0,118956000.0,0.0,147362000.0,105528000.0,41834000.0,4842070742.0,-107274000.0,0.0,11291000.0,1639000.0,0.0,13787000.0,-149739000.0,-102963000.0,28678000.0,0.0,-3924000.0,-3924000.0,-3924000.0,0.0,0.0,-0.008,202251000.0,-19935000.0,34399000.0,0.0,9.128,-1233.963,-1762.5,125252000.0,0.0,123.375,10.044,9.763,144348000.0,169259000.0,482085000.0,482085000.0,101006000.0,-0.006,-0.008,-0.015,-0.011,11004000.0,84299000.0,1.0,39246774.0,38148857.0,38148857.0,12.637,665200000.0,25385000.0,-2067000.0,45650000.0,17.437,427471000.0
88,CIEN,MRT,1999-06-30,1999-07-31,1999-07-31,2021-09-08,133000.0,644897000.0,612810000.0,497178000.0,147719000.0,0.705,13.561,-46840000.0,142599000.0,142599000.0,279065000.0,-15561000.0,5.6,0.251,0.0,0.0,0.0,0.0,3697000.0,47709000.0,0.0,0.0,0.0,-23654000.0,24055000.0,0.056,24055000.0,-23654000.0,-24135000.0,-0.525,-0.455,-0.525,515394000.0,498818000.0,515394000.0,3901508694.0,-165.0,162.191,65125000.0,1.714,1.0,152829000.0,0.354,13544000.0,481000.0,399979000.0,326617250.0,64638000.0,155657000.0,155657000.0,0.0,129503000.0,88775000.0,40728000.0,4096428694.0,-77726000.0,33000.0,7652000.0,1968000.0,0.0,-15359000.0,-174332000.0,-127525000.0,111965000.0,0.0,-15561000.0,-15561000.0,-15561000.0,0.0,0.0,-0.036,190354000.0,-37525000.0,30467000.0,0.0,7.948,-263.25,-225.0,128333000.0,0.0,118.125,9.485,10.394,103156000.0,163139000.0,431894000.0,431894000.0,97274000.0,-0.025,-0.031,-0.072,-0.055,29039000.0,78722000.0,1.0,34678761.0,38004571.0,38004571.0,11.364,631353000.0,19324000.0,-8574000.0,41427000.0,16.613,408403000.0
89,CIEN,MRT,1999-03-31,1999-04-30,1999-04-30,2021-09-08,21000.0,614848000.0,599394500.0,468580000.0,146268000.0,0.721,13.163,-55426000.0,194920000.0,194920000.0,270135000.0,-10254000.0,6.155,0.234,0.0,0.0,0.0,0.0,719000.0,43275000.0,0.0,0.0,0.0,-15528000.0,27747000.0,0.064,27747000.0,-15528000.0,-15880000.0,-0.385,-0.315,-0.385,498437000.0,490202250.0,498437000.0,2234787796.0,-144.0,80.542,31354000.0,0.828,1.0,162049000.0,0.375,14446000.0,352000.0,329354000.0,302442750.0,54062000.0,100021000.0,100021000.0,0.0,116411000.0,76128000.0,40283000.0,2429470796.0,12322000.0,33000.0,28544000.0,3381000.0,0.0,29027000.0,-103485000.0,-48092000.0,86780000.0,0.0,-10254000.0,-10254000.0,-10254000.0,0.0,0.0,-0.024,190596000.0,-28547000.0,24144000.0,0.0,4.874,-236.929,-213.636,127085000.0,0.0,82.25,5.621,7.206,96448000.0,179251000.0,432184000.0,432184000.0,90837000.0,-0.017,-0.021,-0.051,-0.036,22634000.0,73573000.0,1.0,29537639.0,37865714.0,37865714.0,11.414,600402000.0,13514000.0,-5626000.0,45796000.0,15.856,392452000.0
90,CIEN,MRT,1998-12-31,1999-01-31,1999-01-31,2021-09-08,-108000.0,588686000.0,589446750.0,444364000.0,144322000.0,0.786,12.815,-80213000.0,194683000.0,194683000.0,262812000.0,5941000.0,6.111,0.225,0.0,0.0,0.0,0.0,785000.0,39546000.0,0.0,0.0,0.0,16255000.0,55801000.0,0.12,55801000.0,16255000.0,15937000.0,0.14,0.21,0.14,480405000.0,479688500.0,480405000.0,1857012624.0,114.0,33.279,-21482000.0,-0.573,1.0,200600000.0,0.433,15361000.0,318000.0,305930000.0,295198000.0,58571000.0,89702000.0,89702000.0,0.0,108281000.0,72712000.0,35569000.0,2084409624.0,-46492000.0,-1065000.0,35197000.0,3292000.0,0.0,34691000.0,-139914000.0,-58636000.0,58731000.0,0.0,5941000.0,5941000.0,5941000.0,0.0,0.0,0.013,197099000.0,3501000.0,30576000.0,0.0,4.339,350.852,504.75,124317000.0,0.0,70.665,4.498,5.716,80257000.0,181717000.0,463412000.0,463412000.0,83449000.0,0.01,0.012,0.055,0.035,22634000.0,70214000.0,1.0,29497058.0,37486286.0,37486286.0,12.362,573325000.0,11525000.0,9996000.0,37459000.0,15.294,371652000.0
91,CIEN,MRT,1998-09-30,1998-10-31,1998-10-31,2021-09-08,-107000.0,602809000.0,575651500.0,455924000.0,146885000.0,0.883,14.862,-88913000.0,250714000.0,250714000.0,256014000.0,45700000.0,7.056,0.203,0.0,0.0,0.0,0.0,1084000.0,33623000.0,0.0,0.0,0.0,82213000.0,115836000.0,0.228,115836000.0,82213000.0,81900000.0,1.33,1.26,1.33,501036000.0,465003750.0,501036000.0,1576563195.0,19.0,13.61,-40074000.0,-1.189,1.0,252073000.0,0.496,16270000.0,313000.0,271206000.0,266179750.0,70908000.0,15993000.0,15993000.0,0.0,101773000.0,64619000.0,37154000.0,1770049195.0,-22572000.0,-2070000.0,34318000.0,1148000.0,0.0,35565000.0,-106976000.0,-15993000.0,48839000.0,0.0,45700000.0,45700000.0,45700000.0,0.0,0.0,0.09,183003000.0,69070000.0,27893000.0,0.0,3.533,38.732,45.237,125767000.0,0.0,60.165,3.484,3.992,78791000.0,171562000.0,508087000.0,508087000.0,73756000.0,0.079,0.098,0.309,0.162,22634000.0,65811000.0,1.0,29419915.0,33711429.0,36541143.0,15.072,586539000.0,28109000.0,36200000.0,34125000.0,17.399,391305000.0
92,CIEN,MRT,1998-06-30,1998-07-31,1998-07-31,2021-09-08,-65000.0,591235000.0,540769000.0,444913000.0,146322000.0,1.012,13.818,-98189000.0,193486000.0,193486000.0,243576000.0,92167000.0,5.751,0.229,0.0,0.0,0.0,0.0,192000.0,27420000.0,0.0,0.0,0.0,156655000.0,184075000.0,0.337,184075000.0,156655000.0,156330000.0,3.15,3.01,3.15,480931000.0,432848250.0,480931000.0,7349313764.0,47.0,39.926,-97135000.0,-2.791,1.0,303444000.0,0.555,17102000.0,325000.0,303281000.0,231846500.0,76343000.0,28132000.0,28132000.0,0.0,110304000.0,77366000.0,32938000.0,7523787764.0,-26956000.0,-2103000.0,39822000.0,-481000.0,0.0,100414000.0,-128424000.0,-28132000.0,1054000.0,0.0,92167000.0,92167000.0,92167000.0,0.0,0.0,0.168,160530000.0,142914000.0,42767000.0,0.0,15.644,81.632,82.289,125260000.0,0.0,259.21,13.754,16.493,108480000.0,183353000.0,547020000.0,547020000.0,57653000.0,0.17,0.213,0.676,0.286,0.0,58278000.0,1.0,29025839.0,34805714.0,34805714.0,15.716,574133000.0,28127000.0,64163000.0,32289000.0,16.495,367547000.0
93,CIEN,MRT,1998-03-31,1998-04-30,1998-04-30,2021-09-08,-29000.0,575057000.0,490725250.0,444957000.0,130100000.0,1.1,15.034,-97618000.0,174474000.0,174474000.0,220714000.0,128141000.0,5.128,0.26,0.0,0.0,0.0,0.0,3576000.0,20975000.0,0.0,0.0,0.0,215393000.0,236368000.0,0.438,236368000.0,215393000.0,215054000.0,4.41,4.2,4.41,456382000.0,386594750.0,456382000.0,5328660460.0,25.0,22.544,-51319000.0,-1.691,1.0,319035000.0,0.591,13436000.0,339000.0,300375000.0,174413500.0,68955000.0,51765000.0,51765000.0,0.0,118675000.0,86772000.0,31903000.0,5580579460.0,4527000.0,-2103000.0,69110000.0,-1709000.0,0.0,109878000.0,-151650000.0,-88305000.0,46299000.0,0.0,128141000.0,128141000.0,128141000.0,0.0,0.0,0.237,116054000.0,202981000.0,36629000.0,0.0,12.228,43.55,44.246,114252000.0,0.0,195.125,10.339,10.974,131990000.0,181264000.0,539749000.0,539749000.0,42933000.0,0.261,0.331,1.235,0.399,0.0,51118000.0,1.0,28600023.0,30355714.0,32130000.0,17.781,561621000.0,10335000.0,86913000.0,32304000.0,18.501,358185000.0
94,CIEN,MRT,1997-12-31,1998-01-31,1998-01-31,2021-09-08,0.0,533505000.0,416145250.0,436944000.0,96561000.0,1.189,14.664,-79555000.0,251919000.0,251919000.0,197199000.0,141411000.0,5.411,0.265,0.0,0.0,0.0,0.0,0.0,14819000.0,0.0,0.0,0.0,231660000.0,246479000.0,0.498,246479000.0,231660000.0,231297000.0,5.005,4.655,5.005,421666000.0,324648500.0,421666000.0,5203693174.0,22.0,21.112,21649000.0,0.753,1.0,297435000.0,0.601,10978000.0,363000.0,189857000.0,111900000.0,61388000.0,31089000.0,31089000.0,0.0,111839000.0,80751000.0,31088000.0,5466778174.0,228700000.0,-1005000.0,181670000.0,-2427000.0,0.0,239222000.0,-111726000.0,-31166000.0,101204000.0,0.0,141411000.0,141411000.0,141411000.0,0.0,0.0,0.286,76705000.0,220730000.0,28687000.0,0.0,12.965,38.659,38.503,83356000.0,0.0,192.71,11.052,11.203,79258000.0,157272000.0,494634000.0,494634000.0,30926000.0,0.34,0.436,2.07,0.468,0.0,43279000.0,1.0,28367901.0,28754571.0,30729143.0,17.202,522527000.0,9556000.0,89886000.0,45468000.0,18.172,356193000.0
95,CIEN,MRT,1997-09-30,1997-10-31,1997-10-31,2021-09-08,-5000.0,463279000.0,307671750.0,394265000.0,69014000.0,1.343,17.159,-67030000.0,268588000.0,268588000.0,166472000.0,115568000.0,6.483,0.244,0.0,0.0,0.0,0.0,2591000.0,10256000.0,0.0,0.0,0.0,188464000.0,198720000.0,0.481,198720000.0,188464000.0,188056000.0,5.32,3.85,5.32,372414000.0,223752750.0,372414000.0,5162443250.0,27.0,25.978,17667000.0,0.814,1.0,246743000.0,0.597,5000.0,408000.0,133873000.0,72653500.0,41109000.0,0.0,0.0,0.0,90865000.0,60813000.0,30052000.0,5404495250.0,249246000.0,0.0,180665000.0,-2238000.0,0.0,231579000.0,-67030000.0,0.0,84697000.0,0.0,115568000.0,115568000.0,115568000.0,0.0,0.0,0.28,65865000.0,180878000.0,24760000.0,0.0,14.512,46.765,36.184,67618000.0,0.0,192.5,13.079,10.111,72336000.0,126261000.0,413215000.0,413215000.0,23773000.0,0.376,0.516,2.594,0.456,0.0,34592000.0,1.0,28075300.0,21704000.0,29955143.0,19.039,463274000.0,9139000.0,72488000.0,28428000.0,21.345,333452000.0
96,CIEN,MRT,1997-06-30,1997-07-31,1997-07-31,2021-09-08,0.0,391060000.0,208677250.0,337493000.0,53567000.0,1.653,10.566,-53042000.0,244485000.0,244485000.0,148770000.0,90525000.0,4.473,0.322,2433000.0,987000.0,1446000.0,2433000.0,2527000.0,6278000.0,0.0,0.0,0.0,148492000.0,154770000.0,0.449,154770000.0,148492000.0,147940000.0,10.045,3.115,10.045,295917000.0,131891750.0,295917000.0,5223156446.0,35.0,33.748,43321000.0,1.547,1.0,196151000.0,0.569,0.0,552000.0,73549000.0,45582250.0,29103000.0,0.0,0.0,0.0,95143000.0,75459000.0,19684000.0,5401268446.0,233921000.0,0.0,174883000.0,-1843000.0,0.0,190600000.0,-53042000.0,0.0,96363000.0,0.0,90525000.0,90525000.0,90525000.0,0.0,0.0,0.262,51985000.0,144166000.0,23294000.0,0.0,18.253,59.666,19.554,53194000.0,0.0,196.42,15.659,15.948,57103000.0,80193000.0,344921000.0,344921000.0,17733000.0,0.434,0.686,3.258,0.431,0.0,34252000.0,1.0,27498567.0,28006000.0,30370286.0,12.316,391060000.0,5808000.0,57415000.0,37043000.0,13.963,262034000.0
97,CIEN,MRT,1997-03-31,1997-04-30,1997-04-30,2021-09-08,0.0,276737000.0,172019000.0,240253000.0,36484000.0,1.395,7.881,-35494000.0,180791000.0,180791000.0,108547000.0,64895000.0,4.974,0.327,2679000.0,988000.0,1691000.0,2679000.0,652000.0,3860000.0,0.0,0.0,0.0,95497000.0,99357000.0,0.414,99357000.0,95497000.0,94940000.0,9.135,2.275,9.135,208597000.0,106783500.0,208597000.0,2978457250.0,31.0,29.977,22715000.0,0.858,1.0,131452000.0,0.548,0.0,557000.0,50321000.0,39805500.0,22859000.0,0.0,0.0,0.0,68140000.0,48304000.0,19836000.0,3006925250.0,163480000.0,0.0,122530000.0,675000.0,0.0,140765000.0,-35494000.0,36376000.0,58209000.0,0.0,64895000.0,64895000.0,64895000.0,0.0,0.0,0.27,38935000.0,92517000.0,15150000.0,0.0,14.415,46.335,11.973,36092000.0,0.0,109.375,12.529,12.063,31187000.0,45244000.0,239999000.0,239999000.0,12452000.0,0.377,0.608,2.399,0.398,0.0,26483000.0,1.0,27491888.0,26469714.0,30130286.0,9.067,276737000.0,4308000.0,30045000.0,27806000.0,10.455,191949000.0
98,CIEN,MRT,1996-12-31,1997-01-31,1997-01-31,2021-09-08,0.0,99611000.0,,79521000.0,20090000.0,,4.789,-17494000.0,31940000.0,31940000.0,68147000.0,33680000.0,2.078,2.274,3472000.0,1069000.0,2403000.0,3472000.0,3152000.0,1943000.0,0.0,,0.0,46105000.0,48048000.0,0.337,48048000.0,46105000.0,45598000.0,7.945,1.225,7.945,18083000.0,,18083000.0,,,,2469000.0,0.654,1.0,74249000.0,0.521,0.0,507000.0,32871000.0,,16145000.0,0.0,0.0,0.0,41124000.0,38272000.0,2852000.0,,4430000.0,0.0,-3000.0,1964000.0,0.0,1961000.0,-17494000.0,0.0,19963000.0,0.0,33680000.0,33680000.0,33680000.0,0.0,0.0,0.237,29465000.0,44784000.0,9915000.0,0.0,,,,19362000.0,0.0,,,,26131000.0,17642000.0,142396000.0,142396000.0,9499000.0,,,,0.324,0.0,19966000.0,1.0,27491888.0,3776000.0,28322286.0,37.711,99611000.0,3768000.0,11918000.0,10795000.0,26.38,41249000.0
99,CIEN,MRT,1996-09-30,1996-10-31,1996-10-31,2021-09-08,0.0,67301000.0,37342000.0,55012000.0,12289000.0,2.369,1.259,-11558000.0,22557000.0,22557000.0,47315000.0,17263000.0,2.872,4.412,0.0,0.0,0.0,0.0,3265000.0,1082000.0,0.0,,0.0,21259000.0,22341000.0,0.253,22341000.0,21259000.0,20816000.0,4.375,0.665,4.375,4970000.0,-2480000.0,4970000.0,,,,-12738000.0,-3.227,1.0,41148000.0,0.465,0.0,443000.0,25588000.0,13585000.0,13228000.0,0.0,0.0,0.0,21927000.0,19156000.0,2771000.0,,15779000.0,0.0,24000.0,2543000.0,0.0,28517000.0,-11558000.0,0.0,-1180000.0,0.0,17263000.0,17263000.0,17263000.0,0.0,0.0,0.195,20985000.0,20163000.0,6278000.0,0.0,,,,11863000.0,0.0,,,,16759000.0,4559000.0,88463000.0,88463000.0,8922000.0,0.462,-6.961,1.565,0.24,0.0,12063000.0,1.0,,3947714.0,26402000.0,22.409,67301000.0,1834000.0,3553000.0,3342000.0,17.048,35856000.0
100,CIEN,MRT,1996-06-30,1996-07-31,1996-07-31,2021-09-08,,,,,,,,,,,,,,,,,,,,,,,0.0,,,,,,,,,,,,,,,,,,1.0,,,,,,,,,,,,,,,,,,,,,,,,,,,,,,,,,,,,,,,,,,,,,,,,,,,,,,1.0,,28317429.0,,,,,,,,
101,CIEN,MRT,1996-03-31,1996-04-30,1996-04-30,2021-09-08,0.0,67301000.0,,55012000.0,12289000.0,,0.176,,22557000.0,22557000.0,,,2.872,4.412,3702000.0,1029000.0,2673000.0,3702000.0,3265000.0,,0.0,,0.0,,,,,,,,,,4970000.0,,4970000.0,,,,,,1.0,,,0.0,,29290000.0,,13228000.0,0.0,0.0,0.0,21927000.0,19156000.0,2771000.0,,,,,,,,,,,,,,,,,,,,6278000.0,,,,,11863000.0,,,,,16759000.0,4559000.0,,,,,,,,,,1.0,,28317429.0,,,67301000.0,1834000.0,,3342000.0,2.377,35856000.0
102,CIEN,MRT,1995-12-31,1996-01-31,1996-01-31,2021-09-08,,,,,,,,,,,,,,,,,,,,,,,0.0,,,,,,,,,,,,,,,,,,1.0,,,,,,,,,,,,,,,,,,,,,,,,,,,,,,,,,,,,,,,,,,,,,,,,,,,,,,1.0,,28317429.0,,,,,,,,
103,CIEN,MRT,1995-09-30,1995-10-31,1995-10-31,2021-09-08,0.0,7383000.0,,5062000.0,2321000.0,,,-2036000.0,5032000.0,5032000.0,0.0,-7629000.0,2.54,-0.288,1224000.0,368000.0,856000.0,1224000.0,0.0,355000.0,0.0,,0.0,-7543000.0,-7188000.0,,-7188000.0,-7543000.0,-7629000.0,,,,-9930000.0,,-9930000.0,,,,-8644000.0,,1.0,0.0,,0.0,86000.0,1582000.0,,0.0,0.0,0.0,0.0,2859000.0,1993000.0,866000.0,,3124000.0,0.0,22000.0,719000.0,0.0,11768000.0,-2036000.0,0.0,-6608000.0,0.0,-7629000.0,-7629000.0,-7629000.0,0.0,0.0,,7738000.0,-7738000.0,541000.0,,,,,2239000.0,0.0,,,,8000.0,-10159000.0,0.0,0.0,6361000.0,,,,,0.0,1377000.0,1.0,,,,,7383000.0,0.0,0.0,0.0,,3069000.0
104,CIEN,MRT,1994-09-30,1994-10-31,1994-10-31,2021-09-08,,,,,,,,-585000.0,,,0.0,-2407000.0,,,,,,,,25000.0,,,0.0,-2405000.0,-2380000.0,,-2380000.0,-2405000.0,-2407000.0,,,,,,,,,,-2077000.0,,1.0,0.0,,,2000.0,,,,,,,,,,,1898000.0,0.0,11000.0,504000.0,0.0,3975000.0,-585000.0,0.0,-1492000.0,0.0,-2407000.0,-2407000.0,-2407000.0,0.0,0.0,,2369000.0,-2369000.0,,,,,,,0.0,,,,,,0.0,0.0,1287000.0,,,,,0.0,1082000.0,1.0,,,,,,,0.0,,,
