None,ticker,dimension,calendardate,datekey,reportperiod,lastupdated,accoci,assets,assetsavg,assetsc,assetsnc,assetturnover,bvps,capex,cashneq,cashnequsd,cor,consolinc,currentratio,de,debt,debtc,debtnc,debtusd,deferredrev,depamor,deposits,divyield,dps,ebit,ebitda,ebitdamargin,ebitdausd,ebitusd,ebt,eps,epsdil,epsusd,equity,equityavg,equityusd,ev,evebit,evebitda,fcf,fcfps,fxusd,gp,grossmargin,intangibles,intexp,invcap,invcapavg,inventory,investments,investmentsc,investmentsnc,liabilities,liabilitiesc,liabilitiesnc,marketcap,ncf,ncfbus,ncfcommon,ncfdebt,ncfdiv,ncff,ncfi,ncfinv,ncfo,ncfx,netinc,netinccmn,netinccmnusd,netincdis,netincnci,netmargin,opex,opinc,payables,payoutratio,pb,pe,pe1,ppnenet,prefdivis,price,ps,ps1,receivables,retearn,revenue,revenueusd,rnd,roa,roe,roic,ros,sbcomp,sgna,sharefactor,sharesbas,shareswa,shareswadil,sps,tangibles,taxassets,taxexp,taxliabilities,tbvps,workingcapital
0,MET,MRY,2020-12-31,2020-12-31,2020-12-31,2021-08-25,18072000000.0,795146000000.0,770240500000.0,,,0.088,82.847,0.0,19795000000.0,19795000000.0,47765000000.0,5418000000.0,,9.661,18994000000.0,,,18994000000.0,0.0,619000000.0,0.0,0.039,1.82,6916000000.0,7535000000.0,0.111,7535000000.0,6916000000.0,6916000000.0,5.72,5.68,5.72,74558000000.0,73447000000.0,74558000000.0,36813582685.0,5.0,4.886,11639000000.0,12.933,1.0,20077000000.0,0.296,10112000000.0,0.0,784233000000.0,756584500000.0,0.0,508519000000.0,,,720329000000.0,,,42252582685.0,3962000000.0,-2851000000.0,-1151000000.0,877000000.0,-1657000000.0,10729000000.0,-18569000000.0,-15857000000.0,11639000000.0,163000000.0,5407000000.0,5191000000.0,5191000000.0,0.0,11000000.0,0.077,13150000000.0,6927000000.0,29475000000.0,0.318,0.567,8.14,8.208,0.0,216000000.0,46.95,0.623,0.623,17870000000.0,36491000000.0,67842000000.0,67842000000.0,0.0,0.007,0.071,0.009,0.102,0.0,0.0,1.0,899948513.0,899948513.0,,75.384,785034000000.0,0.0,1509000000.0,11137000000.0,872.31,
1,MET,MRY,2019-12-31,2019-12-31,2019-12-31,2021-08-25,13052000000.0,740463000000.0,732157500000.0,,,0.095,71.924,0.0,16598000000.0,16598000000.0,49136000000.0,5909000000.0,,10.191,17844000000.0,,,17844000000.0,0.0,630000000.0,0.0,0.034,1.74,6785000000.0,7415000000.0,0.107,7415000000.0,6785000000.0,6785000000.0,6.1,6.06,6.1,66144000000.0,64208000000.0,66144000000.0,45168605169.0,7.0,6.092,13786000000.0,14.991,1.0,20484000000.0,0.294,9308000000.0,0.0,732401000000.0,723208000000.0,0.0,473795000000.0,,,674081000000.0,,,46873605169.0,777000000.0,-871000000.0,-2285000000.0,409000000.0,-1643000000.0,4568000000.0,-17586000000.0,-16584000000.0,13786000000.0,9000000.0,5899000000.0,5721000000.0,5721000000.0,0.0,10000000.0,0.082,13689000000.0,6795000000.0,26745000000.0,0.285,0.709,8.193,8.356,0.0,178000000.0,50.97,0.673,0.673,20443000000.0,33078000000.0,69620000000.0,69620000000.0,0.0,0.008,0.089,0.009,0.097,0.0,0.0,1.0,919631257.0,919631257.0,,75.704,731155000000.0,0.0,886000000.0,9460000000.0,795.052,
2,MET,MRY,2018-12-31,2018-12-31,2018-12-31,2021-08-25,1722000000.0,687538000000.0,701226500000.0,,,0.097,53.444,0.0,15821000000.0,15821000000.0,47920000000.0,5128000000.0,,12.032,17304000000.0,,,17304000000.0,0.0,628000000.0,0.0,0.04,1.66,6302000000.0,6930000000.0,0.102,6930000000.0,6302000000.0,6302000000.0,4.95,4.91,4.95,52741000000.0,53577250000.0,52741000000.0,45946578627.0,7.0,6.63,11738000000.0,11.895,1.0,20021000000.0,0.295,9422000000.0,0.0,679599000000.0,695803750000.0,0.0,436210000000.0,,,634580000000.0,,,40519578627.0,3120000000.0,109000000.0,-3992000000.0,-1908000000.0,-1678000000.0,-2801000000.0,-5634000000.0,-5711000000.0,11738000000.0,-183000000.0,5123000000.0,4982000000.0,4982000000.0,0.0,5000000.0,0.073,13714000000.0,6307000000.0,24794000000.0,0.335,0.768,8.133,8.295,0.0,141000000.0,41.06,0.596,0.596,19644000000.0,28926000000.0,67941000000.0,67941000000.0,0.0,0.007,0.093,0.009,0.093,0.0,0.0,1.0,986838252.0,986838252.0,,68.847,678116000000.0,0.0,1179000000.0,5855000000.0,687.16,
3,MET,MRY,2017-12-31,2017-12-31,2017-12-31,2021-08-25,7427000000.0,719892000000.0,820073250000.0,,,0.076,55.76,0.0,12701000000.0,12701000000.0,45151000000.0,4020000000.0,,11.266,20428000000.0,,,20428000000.0,0.0,795000000.0,0.0,0.032,1.6,2540000000.0,3335000000.0,0.054,3335000000.0,2540000000.0,2540000000.0,3.65,3.62,3.65,58676000000.0,63193500000.0,58676000000.0,61447251142.0,24.0,18.425,12283000000.0,11.673,1.0,17157000000.0,0.275,9590000000.0,0.0,718029000000.0,817949500000.0,0.0,444067000000.0,,,661022000000.0,,,53204251142.0,-5176000000.0,-1348000000.0,-2927000000.0,-367000000.0,-1717000000.0,-906000000.0,-16876000000.0,-15182000000.0,12283000000.0,323000000.0,4010000000.0,3907000000.0,3907000000.0,986000000.0,10000000.0,0.063,13621000000.0,3536000000.0,25723000000.0,0.438,0.907,13.618,13.852,0.0,103000000.0,50.56,0.854,0.854,18423000000.0,26527000000.0,62308000000.0,62308000000.0,0.0,0.005,0.062,0.003,0.041,0.0,0.0,1.0,1052299271.0,1052299271.0,,59.211,710302000000.0,0.0,-1470000000.0,7078000000.0,675.0,
4,MET,MRY,2016-12-31,2016-12-31,2016-12-31,2021-08-25,5366000000.0,898764000000.0,927915750000.0,,,0.066,61.44,0.0,12651000000.0,12651000000.0,42757000000.0,854000000.0,,12.306,21126000000.0,,,21126000000.0,0.0,652000000.0,0.0,0.029,1.575,1543000000.0,2195000000.0,0.036,2195000000.0,1543000000.0,1543000000.0,0.68,0.67,0.68,67531000000.0,75192750000.0,67531000000.0,67355407622.0,44.0,30.686,14774000000.0,13.441,1.0,18030000000.0,0.297,9220000000.0,0.0,898019000000.0,927197750000.0,0.0,420911000000.0,,,831062000000.0,,,59232407622.0,5125000000.0,-533000000.0,-372000000.0,-1347000000.0,-1736000000.0,-3497000000.0,-5850000000.0,-4860000000.0,14774000000.0,-302000000.0,850000000.0,747000000.0,747000000.0,2734000000.0,4000000.0,0.012,13749000000.0,4281000000.0,25873000000.0,2.316,0.877,79.294,79.25,0.0,103000000.0,53.89,0.974,0.974,15445000000.0,34683000000.0,60787000000.0,60787000000.0,0.0,0.001,0.01,0.002,0.025,0.0,0.0,1.0,1099135417.0,1099135417.0,,55.304,889544000000.0,20000000.0,693000000.0,6892000000.0,809.312,
5,MET,MRY,2015-12-31,2015-12-31,2015-12-31,2021-08-25,4771000000.0,877933000000.0,894648000000.0,,,0.069,61.126,0.0,12752000000.0,12752000000.0,40915000000.0,5385000000.0,,11.912,25456000000.0,,,25456000000.0,0.0,693000000.0,0.0,0.031,1.475,6963000000.0,7656000000.0,0.125,7656000000.0,6963000000.0,6963000000.0,4.67,4.62,4.67,67949000000.0,70399750000.0,67949000000.0,67576512649.0,10.0,8.827,14052000000.0,12.641,1.0,20428000000.0,0.333,9477000000.0,0.0,881160000000.0,900031500000.0,0.0,495459000000.0,,,809437000000.0,,,53591512649.0,1944000000.0,1958000000.0,-1930000000.0,2398000000.0,-1653000000.0,-1218000000.0,-10398000000.0,-12297000000.0,14052000000.0,-492000000.0,5373000000.0,5215000000.0,5215000000.0,-1324000000.0,12000000.0,0.085,14777000000.0,5651000000.0,36871000000.0,0.316,0.789,10.276,10.323,0.0,158000000.0,48.21,0.874,0.874,22702000000.0,35519000000.0,61343000000.0,61343000000.0,0.0,0.006,0.074,0.008,0.114,0.0,0.0,1.0,1111626481.0,1111626481.0,,55.183,868456000000.0,161000000.0,1590000000.0,10592000000.0,781.248,
6,MET,MRY,2014-12-31,2014-12-31,2014-12-31,2021-08-25,10649000000.0,902337000000.0,903246750000.0,,,0.081,63.425,0.0,10808000000.0,10808000000.0,47421000000.0,6336000000.0,,11.515,23775000000.0,,,23775000000.0,0.0,713000000.0,0.0,0.024,1.325,8774000000.0,9487000000.0,0.129,9487000000.0,8774000000.0,8774000000.0,5.48,5.42,5.48,72053000000.0,69551750000.0,72053000000.0,76543513240.0,9.0,8.068,16376000000.0,14.415,1.0,25895000000.0,0.353,9872000000.0,0.0,905432000000.0,908171500000.0,0.0,505995000000.0,,,829678000000.0,,,61448513240.0,3223000000.0,-1111000000.0,0.0,-1937000000.0,-1499000000.0,2256000000.0,-15055000000.0,-13603000000.0,16376000000.0,-354000000.0,6309000000.0,6187000000.0,6187000000.0,3000000.0,27000000.0,0.084,17091000000.0,8804000000.0,35326000000.0,0.242,0.853,9.932,9.87,0.0,122000000.0,54.09,0.838,0.838,22244000000.0,32020000000.0,73316000000.0,73316000000.0,0.0,0.007,0.089,0.01,0.12,0.0,0.0,1.0,1136042027.0,1136042027.0,,64.536,892465000000.0,0.0,2465000000.0,12005000000.0,785.592,
7,MET,MRY,2013-12-31,2013-12-31,2013-12-31,2021-08-25,5104000000.0,885296000000.0,841321500000.0,,,0.081,54.906,0.0,7585000000.0,7585000000.0,47545000000.0,3393000000.0,,13.359,26217000000.0,,,26217000000.0,0.0,714000000.0,0.0,0.019,1.01,4029000000.0,4743000000.0,0.07,4743000000.0,4029000000.0,4029000000.0,2.94,2.91,2.94,61553000000.0,61733250000.0,61553000000.0,74812372519.0,19.0,15.773,16131000000.0,14.389,1.0,20654000000.0,0.303,10542000000.0,0.0,893386000000.0,848049500000.0,0.0,488779000000.0,,,822313000000.0,,,60447372519.0,-8153000000.0,-2971000000.0,1000000000.0,-299000000.0,-1119000000.0,-8907000000.0,-15165000000.0,-12108000000.0,16131000000.0,-212000000.0,3368000000.0,3246000000.0,3246000000.0,-2000000.0,25000000.0,0.048,16602000000.0,4052000000.0,30411000000.0,0.344,0.982,18.622,18.34,0.0,122000000.0,53.92,0.886,0.886,21859000000.0,27332000000.0,68199000000.0,68199000000.0,0.0,0.004,0.053,0.005,0.059,0.0,0.0,1.0,1121056612.0,1121056612.0,,60.835,874754000000.0,0.0,661000000.0,6829000000.0,780.294,
8,MET,MRY,2012-12-31,2012-12-31,2012-12-31,2021-08-25,11397000000.0,836781000000.0,831964500000.0,,,0.082,59.075,0.0,15738000000.0,15738000000.0,47085000000.0,1362000000.0,,11.975,26550000000.0,,,26550000000.0,0.0,596000000.0,6416000000.0,0.022,0.74,1452000000.0,2048000000.0,0.03,2048000000.0,1452000000.0,1452000000.0,1.12,1.12,1.12,64453000000.0,62393500000.0,64453000000.0,46097990941.0,32.0,22.509,17160000000.0,15.728,1.0,21065000000.0,0.309,9953000000.0,0.0,837640000000.0,832030250000.0,0.0,517052000000.0,,,771823000000.0,,,35938990941.0,5277000000.0,-364000000.0,1000000000.0,-1931000000.0,-811000000.0,35000000.0,-11929000000.0,-11407000000.0,17160000000.0,11000000.0,1324000000.0,1202000000.0,1202000000.0,-48000000.0,38000000.0,0.018,19623000000.0,1442000000.0,33687000000.0,0.661,0.558,29.899,29.411,0.0,122000000.0,32.94,0.527,0.527,21634000000.0,25205000000.0,68150000000.0,68150000000.0,0.0,0.001,0.019,0.002,0.021,0.0,0.0,1.0,1091044048.0,1091044048.0,,62.463,826828000000.0,0.0,128000000.0,9094000000.0,757.832,
9,MET,MRY,2011-12-31,2011-12-31,2011-12-31,2021-08-25,6083000000.0,796226000000.0,776070000000.0,,,0.091,54.385,0.0,10461000000.0,10461000000.0,42520000000.0,6415000000.0,,12.835,32217000000.0,,,32217000000.0,0.0,679000000.0,10507000000.0,0.024,0.74,9216000000.0,9895000000.0,0.141,9895000000.0,9216000000.0,9216000000.0,5.81,5.76,5.81,57519000000.0,55248000000.0,57519000000.0,56669028058.0,6.0,5.727,10273000000.0,9.713,1.0,27721000000.0,0.395,11935000000.0,0.0,806047000000.0,788752250000.0,0.0,511379000000.0,,,738232000000.0,,,32977028058.0,-2585000000.0,-6000000.0,2950000000.0,-781000000.0,-787000000.0,9382000000.0,-22218000000.0,-22043000000.0,10273000000.0,-22000000.0,6423000000.0,6155000000.0,6155000000.0,-24000000.0,-8000000.0,0.088,18537000000.0,9184000000.0,33716000000.0,0.127,0.573,5.358,5.367,0.0,268000000.0,31.18,0.469,0.469,22481000000.0,24814000000.0,70241000000.0,70241000000.0,0.0,0.008,0.111,0.012,0.131,0.0,0.0,1.0,1057633998.0,1057633998.0,,66.413,784291000000.0,0.0,2793000000.0,6588000000.0,741.552,
10,MET,MRY,2010-12-31,2010-12-31,2010-12-31,2021-08-25,1000000000.0,730906000000.0,621908500000.0,,,0.084,49.353,0.0,12957000000.0,12957000000.0,35591000000.0,2663000000.0,,14.021,36380000000.0,,,36380000000.0,0.0,585000000.0,10316000000.0,0.017,0.74,3777000000.0,4362000000.0,0.083,4362000000.0,3777000000.0,3777000000.0,2.88,2.86,2.88,48625000000.0,42556500000.0,48625000000.0,64284719935.0,17.0,14.737,7985000000.0,8.105,1.0,16656000000.0,0.319,11781000000.0,0.0,742548000000.0,635954250000.0,0.0,460306000000.0,,,681793000000.0,,,43784719935.0,2934000000.0,-3485000000.0,3529000000.0,3423000000.0,-784000000.0,13381000000.0,-18303000000.0,-14632000000.0,7985000000.0,-129000000.0,2667000000.0,2545000000.0,2545000000.0,-44000000.0,-4000000.0,0.049,12927000000.0,3729000000.0,27272000000.0,0.257,0.9,17.204,15.431,0.0,122000000.0,44.44,0.838,0.838,19799000000.0,21363000000.0,52247000000.0,52247000000.0,0.0,0.004,0.06,0.006,0.072,0.0,0.0,1.0,985254724.0,985254724.0,,53.029,719125000000.0,0.0,1110000000.0,2153000000.0,729.887,
11,MET,MRY,2009-12-31,2009-12-31,2009-12-31,2021-08-25,-3058000000.0,539314000000.0,518842750000.0,,,0.078,40.451,0.0,10112000000.0,10112000000.0,34497000000.0,-2278000000.0,,15.272,22620000000.0,,,22620000000.0,0.0,520000000.0,10211000000.0,0.021,0.74,-4271000000.0,-3751000000.0,-0.092,-3751000000.0,-4271000000.0,-4271000000.0,-2.89,-2.89,-2.89,33121000000.0,29448000000.0,33121000000.0,37203247957.0,-9.0,-9.918,3803000000.0,4.645,1.0,6160000000.0,0.152,5047000000.0,0.0,546775000000.0,523478250000.0,0.0,327567000000.0,,,505816000000.0,,,28944247957.0,-14127000000.0,-605000000.0,8000000.0,1609000000.0,-610000000.0,-4103000000.0,-13935000000.0,-13170000000.0,3803000000.0,108000000.0,-2246000000.0,-2368000000.0,-2368000000.0,-58000000.0,-32000000.0,-0.058,10521000000.0,-4361000000.0,24196000000.0,-0.256,0.874,-12.223,-12.232,0.0,122000000.0,35.35,0.712,0.712,16752000000.0,19501000000.0,40657000000.0,40657000000.0,0.0,-0.005,-0.08,-0.008,-0.105,0.0,0.0,1.0,818790607.0,818790607.0,,49.655,534267000000.0,1544000000.0,-2025000000.0,0.0,652.507,
12,MET,MRY,2008-12-31,2008-12-31,2008-12-31,2021-08-25,-14253000000.0,501678000000.0,533974000000.0,,,0.095,29.907,0.0,24207000000.0,24207000000.0,33976000000.0,3278000000.0,,20.127,21276000000.0,,,21276000000.0,0.0,375000000.0,6884000000.0,0.021,0.74,4789000000.0,5164000000.0,0.101,5164000000.0,4789000000.0,4789000000.0,4.19,4.14,4.19,23734000000.0,29276750000.0,23734000000.0,28263593799.0,6.0,5.473,10702000000.0,13.486,1.0,17006000000.0,0.334,5008000000.0,0.0,493739000000.0,532628500000.0,0.0,298311000000.0,,,477693000000.0,,,27664593799.0,13871000000.0,-1816000000.0,976000000.0,2135000000.0,-592000000.0,6189000000.0,-2671000000.0,-708000000.0,10702000000.0,-349000000.0,3209000000.0,3084000000.0,3084000000.0,201000000.0,69000000.0,0.06,11947000000.0,5059000000.0,31059000000.0,0.177,1.166,8.97,8.32,0.0,125000000.0,34.86,0.543,0.543,16973000000.0,22403000000.0,50982000000.0,50982000000.0,0.0,0.006,0.105,0.009,0.094,0.0,0.0,1.0,793591331.0,793591331.0,,64.242,496670000000.0,4927000000.0,1580000000.0,342000000.0,625.851,
13,MET,MRY,2007-12-31,2007-12-31,2007-12-31,2021-08-25,1078000000.0,559149000000.0,553149750000.0,,,0.085,47.501,0.0,9961000000.0,9961000000.0,30967000000.0,4465000000.0,,14.894,18724000000.0,,,18724000000.0,0.0,457000000.0,0.0,0.012,0.74,5992000000.0,6449000000.0,0.137,6449000000.0,5992000000.0,5992000000.0,5.62,5.48,5.62,35179000000.0,34387250000.0,35179000000.0,55304530080.0,9.0,8.576,9902000000.0,13.37,1.0,16185000000.0,0.343,4814000000.0,0.0,563098000000.0,558426000000.0,0.0,318048000000.0,,,523970000000.0,,,45635530080.0,3261000000.0,-2301000000.0,-1595000000.0,5220000000.0,-541000000.0,3942000000.0,-10644000000.0,-8203000000.0,9902000000.0,61000000.0,4317000000.0,4180000000.0,4180000000.0,-360000000.0,148000000.0,0.089,10405000000.0,5780000000.0,44136000000.0,0.132,1.297,10.918,10.964,0.0,137000000.0,61.62,0.968,0.968,13373000000.0,19884000000.0,47152000000.0,47152000000.0,0.0,0.008,0.122,0.011,0.127,0.0,0.0,1.0,740596074.0,740596074.0,,63.668,554335000000.0,334000000.0,1675000000.0,1502000000.0,748.498,
14,MET,MRY,2006-12-31,2006-12-31,2006-12-31,2021-08-25,1118000000.0,527715000000.0,510827000000.0,,,0.084,44.457,0.0,7107000000.0,7107000000.0,29466000000.0,6293000000.0,,14.614,15208000000.0,,,15208000000.0,0.0,394000000.0,0.0,0.01,0.59,7309000000.0,7703000000.0,0.179,7703000000.0,7309000000.0,7309000000.0,8.09,7.99,8.09,33798000000.0,30414000000.0,33798000000.0,53488380192.0,7.0,6.944,6554000000.0,8.621,1.0,13463000000.0,0.314,4897000000.0,0.0,530919000000.0,514948250000.0,0.0,323152000000.0,,,493917000000.0,,,44861380192.0,3089000000.0,4621000000.0,-417000000.0,1660000000.0,-450000000.0,15374000000.0,-18886000000.0,-23396000000.0,6554000000.0,47000000.0,6293000000.0,6159000000.0,6159000000.0,-3383000000.0,0.0,0.143,9537000000.0,3926000000.0,45846000000.0,0.073,1.327,7.284,7.294,0.0,134000000.0,59.01,1.045,1.045,14490000000.0,16574000000.0,42929000000.0,42929000000.0,0.0,0.012,0.203,0.014,0.17,0.0,0.0,1.0,760233523.0,760233523.0,,56.468,522818000000.0,0.0,1016000000.0,3743000000.0,687.707,
15,MET,MRY,2005-12-31,2005-12-31,2005-12-31,2021-08-25,1912000000.0,481645000000.0,427141500000.0,,,0.104,38.428,0.0,4018000000.0,4018000000.0,31072000000.0,4714000000.0,,15.551,13436000000.0,,,13436000000.0,0.0,352000000.0,0.0,0.011,0.52,5936000000.0,6288000000.0,0.141,6288000000.0,5936000000.0,5936000000.0,6.21,6.16,6.21,29101000000.0,27266750000.0,29101000000.0,43085584270.0,7.0,6.852,8019000000.0,10.589,1.0,13557000000.0,0.304,4797000000.0,0.0,486266000000.0,429754750000.0,0.0,301709000000.0,,,452544000000.0,,,37106584270.0,-88000000.0,-7683000000.0,72000000.0,4588000000.0,-394000000.0,14510000000.0,-22617000000.0,-14445000000.0,8019000000.0,0.0,4714000000.0,4651000000.0,4651000000.0,-1643000000.0,0.0,0.104,9264000000.0,4293000000.0,34515000000.0,0.084,1.275,7.978,7.89,0.0,63000000.0,49.0,0.831,0.831,12186000000.0,10865000000.0,44629000000.0,44629000000.0,0.0,0.011,0.171,0.014,0.133,0.0,0.0,1.0,757277230.0,757277230.0,,58.934,476848000000.0,0.0,1222000000.0,1775000000.0,629.687,
16,MET,MRY,2004-12-31,2004-12-31,2004-12-31,2021-08-25,2956000000.0,356808000000.0,344607250000.0,,,0.112,30.664,0.0,4048000000.0,4048000000.0,27325000000.0,2758000000.0,,14.633,8857000000.0,,,8857000000.0,0.0,444000000.0,0.0,0.011,0.46,3754000000.0,4198000000.0,0.108,4198000000.0,3754000000.0,3754000000.0,3.67,3.65,3.67,22824000000.0,22347000000.0,22824000000.0,34822063756.0,9.0,8.295,6510000000.0,8.746,1.0,11387000000.0,0.294,633000000.0,0.0,360984000000.0,349472000000.0,0.0,234967000000.0,,,333984000000.0,,,30153063756.0,373000000.0,418000000.0,-954000000.0,-475000000.0,-343000000.0,8273000000.0,-14410000000.0,-14694000000.0,6510000000.0,0.0,2758000000.0,2758000000.0,2758000000.0,-266000000.0,0.0,0.071,7813000000.0,3574000000.0,28678000000.0,0.125,1.321,10.933,11.038,0.0,0.0,40.51,0.779,0.779,6695000000.0,6608000000.0,38712000000.0,38712000000.0,0.0,0.008,0.123,0.011,0.097,0.0,0.0,1.0,744336306.0,744336306.0,,52.009,356175000000.0,0.0,996000000.0,2894000000.0,478.514,
17,MET,MRY,2003-12-31,2003-12-31,2003-12-31,2021-08-25,2792000000.0,326841000000.0,309626000000.0,,,0.114,27.822,0.0,3683000000.0,3683000000.0,25577000000.0,2217000000.0,,14.454,9345000000.0,,,9345000000.0,0.0,486000000.0,0.0,0.007,0.23,2833000000.0,3319000000.0,0.094,3319000000.0,2833000000.0,2833000000.0,2.97,2.94,2.97,21149000000.0,20179000000.0,21149000000.0,28860697739.0,10.0,8.696,6127000000.0,8.06,1.0,9613000000.0,0.273,0.0,0.0,332503000000.0,313426750000.0,0.0,218057000000.0,,,305692000000.0,,,25594697739.0,1410000000.0,799000000.0,-96000000.0,2644000000.0,-175000000.0,22161000000.0,-26878000000.0,-27455000000.0,6127000000.0,0.0,2217000000.0,2196000000.0,2196000000.0,-414000000.0,0.0,0.062,7168000000.0,2445000000.0,27083000000.0,0.077,1.21,11.655,11.337,0.0,21000000.0,33.67,0.727,0.727,7024000000.0,4193000000.0,35190000000.0,35190000000.0,0.0,0.007,0.109,0.009,0.081,0.0,0.0,1.0,760163283.0,760163283.0,,46.293,326841000000.0,0.0,616000000.0,3048000000.0,429.962,
18,MET,MRY,2002-12-31,2002-12-31,2002-12-31,2021-08-25,2007000000.0,277426000000.0,266325250000.0,,,0.123,24.826,0.0,2323000000.0,2323000000.0,24265000000.0,1605000000.0,,14.885,5586000000.0,,,5586000000.0,0.0,498000000.0,0.0,0.008,0.21,2095000000.0,2593000000.0,0.079,2593000000.0,2095000000.0,2095000000.0,2.28,2.2,2.28,17385000000.0,16481500000.0,17385000000.0,19594528260.0,9.0,7.557,4180000000.0,5.969,1.0,8416000000.0,0.258,0.0,0.0,280689000000.0,267276000000.0,0.0,188335000000.0,,,258776000000.0,,,18935528260.0,-5150000000.0,-196000000.0,-471000000.0,1603000000.0,-147000000.0,6883000000.0,-16213000000.0,-20909000000.0,4180000000.0,0.0,1605000000.0,1605000000.0,1605000000.0,-492000000.0,0.0,0.049,6813000000.0,1603000000.0,17862000000.0,0.092,1.089,11.798,11.86,0.0,0.0,27.04,0.579,0.579,6445000000.0,2807000000.0,32681000000.0,32681000000.0,0.0,0.006,0.097,0.008,0.064,0.0,0.0,1.0,700278412.0,700278412.0,,46.669,277426000000.0,0.0,490000000.0,2394000000.0,396.165,
19,MET,MRY,2001-12-31,2001-12-31,2001-12-31,2021-08-25,1673000000.0,256970000000.0,254439750000.0,,,0.123,22.161,0.0,7473000000.0,7473000000.0,23624000000.0,473000000.0,,14.92,3983000000.0,,,3983000000.0,0.0,481000000.0,0.0,0.006,0.2,677000000.0,1158000000.0,0.037,1158000000.0,677000000.0,677000000.0,0.64,0.62,0.64,16062000000.0,16693750000.0,16062000000.0,21568837057.0,32.0,18.626,4258000000.0,5.875,1.0,7592000000.0,0.243,0.0,0.0,253480000000.0,253100750000.0,0.0,162222000000.0,,,239652000000.0,,,22960837057.0,4039000000.0,-620000000.0,-1321000000.0,498000000.0,-145000000.0,2751000000.0,-2970000000.0,-2123000000.0,4258000000.0,0.0,473000000.0,473000000.0,473000000.0,-107000000.0,0.0,0.015,7022000000.0,570000000.0,12661000000.0,0.312,1.43,48.543,49.5,0.0,0.0,31.68,0.736,0.736,6509000000.0,1349000000.0,31216000000.0,31216000000.0,0.0,0.002,0.028,0.003,0.022,0.0,0.0,1.0,724773897.0,724773897.0,,43.07,256970000000.0,0.0,204000000.0,1832000000.0,354.552,
20,MET,MRY,2000-12-31,2000-12-31,2000-12-31,2021-08-25,1047000000.0,254134000000.0,255624000000.0,,,0.121,21.436,0.0,3434000000.0,3434000000.0,21747000000.0,953000000.0,,14.44,3485000000.0,,,3485000000.0,0.0,369000000.0,0.0,0.006,0.2,1374000000.0,1743000000.0,0.056,1743000000.0,1374000000.0,1374000000.0,1.52,1.49,1.52,16389000000.0,15044750000.0,16389000000.0,29819559085.0,22.0,17.108,3277000000.0,4.286,1.0,9253000000.0,0.298,0.0,0.0,254185000000.0,257792250000.0,0.0,156527000000.0,,,236655000000.0,,,26759559085.0,645000000.0,652000000.0,3396000000.0,-3012000000.0,-152000000.0,-1400000000.0,-1232000000.0,-6912000000.0,3277000000.0,0.0,953000000.0,953000000.0,953000000.0,-79000000.0,0.0,0.031,7958000000.0,1295000000.0,12301000000.0,0.132,1.633,28.079,23.026,0.0,0.0,35.0,0.863,0.863,7459000000.0,1021000000.0,31000000000.0,31000000000.0,0.0,0.004,0.063,0.005,0.044,0.0,0.0,1.0,764558831.0,764558831.0,,40.546,254134000000.0,0.0,421000000.0,864000000.0,332.393,
21,MET,MRY,1999-12-31,1999-12-31,1999-12-31,2021-08-25,-410000000.0,225232000000.0,220289000000.0,,,0.114,18.364,0.0,2789000000.0,2789000000.0,17231000000.0,617000000.0,,15.452,6722000000.0,,,6722000000.0,0.0,105000000.0,0.0,,0.0,1175000000.0,1280000000.0,0.051,1280000000.0,1175000000.0,1175000000.0,,,,13690000000.0,14278500000.0,13690000000.0,,,,3883000000.0,5.209,1.0,7897000000.0,0.314,0.0,0.0,229165000000.0,223849000000.0,0.0,135860000000.0,,,211542000000.0,,,,-512000000.0,-2251000000.0,0.0,216000000.0,0.0,-2006000000.0,-2389000000.0,-2759000000.0,3883000000.0,0.0,617000000.0,617000000.0,617000000.0,0.0,0.0,0.025,6722000000.0,1175000000.0,6461000000.0,,,,,0.0,0.0,,,,6681000000.0,14100000000.0,25128000000.0,25128000000.0,0.0,0.003,0.043,0.005,0.047,0.0,0.0,1.0,745476118.0,745476118.0,,33.707,225232000000.0,603000000.0,558000000.0,548000000.0,302.132,
22,MET,MRY,1998-12-31,1998-12-31,1998-12-31,2021-08-25,1384000000.0,215346000000.0,,,,,,0.0,3301000000.0,3301000000.0,17000000000.0,1343000000.0,,13.485,6488000000.0,,,6488000000.0,0.0,56000000.0,0.0,,0.0,2081000000.0,2137000000.0,0.079,2137000000.0,2081000000.0,2081000000.0,,,,14867000000.0,,14867000000.0,,,,842000000.0,,1.0,10106000000.0,0.373,0.0,0.0,218533000000.0,,0.0,135721000000.0,,,200479000000.0,,,,390000000.0,8071000000.0,0.0,-790000000.0,0.0,-3135000000.0,2683000000.0,-8974000000.0,842000000.0,0.0,1343000000.0,1343000000.0,1343000000.0,0.0,0.0,0.05,8025000000.0,2081000000.0,0.0,,,,,0.0,0.0,,,,5972000000.0,13483000000.0,27106000000.0,27106000000.0,0.0,,,,0.077,0.0,0.0,1.0,,,,,215346000000.0,0.0,738000000.0,948000000.0,,
23,MET,MRY,1997-12-31,1997-12-31,1997-12-31,2021-08-25,,,,,,,,0.0,,,17023000000.0,1203000000.0,,,,,,,,-36000000.0,,,0.0,1671000000.0,1635000000.0,0.067,1635000000.0,1671000000.0,1671000000.0,,,,,,,,,,2872000000.0,,1.0,7442000000.0,0.304,,0.0,,,,,,,,,,,586000000.0,1127000000.0,0.0,2150000000.0,0.0,-620000000.0,-1666000000.0,-2984000000.0,2872000000.0,0.0,1203000000.0,1203000000.0,1203000000.0,0.0,0.0,0.049,5771000000.0,1671000000.0,,,,,,,0.0,,,,,,24465000000.0,24465000000.0,0.0,,,,0.068,0.0,0.0,1.0,,,,,,,468000000.0,,,
0,MET,MRQ,2021-06-30,2021-06-30,2021-06-30,2021-08-25,12309000000.0,773253000000.0,,,,,78.977,0.0,25037000000.0,25037000000.0,11156000000.0,3412000000.0,,10.18,18883000000.0,,,18883000000.0,0.0,0.0,0.0,0.031,0.48,4482000000.0,4482000000.0,0.242,4482000000.0,4482000000.0,4482000000.0,3.85,3.83,3.85,69138000000.0,,69138000000.0,51555585176.0,9.0,7.967,2254000000.0,2.575,1.0,7368000000.0,0.398,9768000000.0,0.0,757331000000.0,,0.0,491243000000.0,,,703830000000.0,,,52393585176.0,4895000000.0,3766000000.0,-1113000000.0,-13000000.0,-421000000.0,1632000000.0,1009000000.0,-2734000000.0,2254000000.0,0.0,3407000000.0,3366000000.0,3366000000.0,0.0,5000000.0,0.182,2881000000.0,4487000000.0,30620000000.0,0.125,0.758,11.873,11.899,0.0,41000000.0,59.85,0.754,0.754,18236000000.0,39318000000.0,18524000000.0,18524000000.0,0.0,,,,,0.0,0.0,1.0,875414957.0,875414957.0,,21.16,763485000000.0,52000000.0,1075000000.0,9748000000.0,872.141,
1,MET,MRQ,2021-03-31,2021-03-31,2021-03-31,2021-08-25,10397000000.0,769814000000.0,,,,,74.473,0.0,19635000000.0,19635000000.0,12121000000.0,363000000.0,,10.684,18797000000.0,,,18797000000.0,0.0,0.0,0.0,0.03,0.46,286000000.0,286000000.0,0.018,286000000.0,286000000.0,286000000.0,0.33,0.33,0.33,65864000000.0,,65864000000.0,52961628705.0,34.0,24.283,1496000000.0,1.692,1.0,3441000000.0,0.221,9944000000.0,0.0,759032000000.0,,0.0,485754000000.0,,,703677000000.0,,,53762628705.0,-314000000.0,-130000000.0,-999000000.0,-27000000.0,-408000000.0,-564000000.0,-1054000000.0,-941000000.0,1496000000.0,-192000000.0,358000000.0,290000000.0,290000000.0,0.0,5000000.0,0.019,3150000000.0,291000000.0,28694000000.0,1.394,0.816,48.218,48.632,0.0,68000000.0,60.79,0.826,0.826,18727000000.0,36373000000.0,15562000000.0,15562000000.0,0.0,,,,,0.0,0.0,1.0,884399222.0,884399222.0,,17.596,759870000000.0,214000000.0,-72000000.0,8570000000.0,859.193,
2,MET,MRQ,2020-12-31,2020-12-31,2020-12-31,2021-08-25,18072000000.0,795146000000.0,,,,,82.847,0.0,19795000000.0,19795000000.0,15830000000.0,158000000.0,,9.661,18994000000.0,,,18994000000.0,0.0,619000000.0,0.0,0.039,0.46,164000000.0,783000000.0,0.04,783000000.0,164000000.0,164000000.0,0.15,0.15,0.15,74558000000.0,,74558000000.0,36813582685.0,5.0,4.886,5153000000.0,5.726,1.0,3588000000.0,0.185,10112000000.0,0.0,784233000000.0,,0.0,508519000000.0,,,720329000000.0,,,42252582685.0,-3845000000.0,-1855000000.0,-571000000.0,-83000000.0,-415000000.0,-6993000000.0,-2162000000.0,-310000000.0,5153000000.0,157000000.0,158000000.0,124000000.0,124000000.0,0.0,0.0,0.006,3424000000.0,164000000.0,29475000000.0,3.067,0.567,8.14,8.208,0.0,34000000.0,46.95,0.623,0.623,17870000000.0,36491000000.0,19418000000.0,19418000000.0,0.0,,,,,0.0,0.0,1.0,899948513.0,899948513.0,,21.577,785034000000.0,0.0,6000000.0,11137000000.0,872.31,
3,MET,MRQ,2020-09-30,2020-09-30,2020-09-30,2021-08-25,16036000000.0,780492000000.0,,,,,80.775,0.0,24405000000.0,24405000000.0,11622000000.0,709000000.0,,9.642,18966000000.0,,,18966000000.0,0.0,0.0,0.0,0.048,0.46,920000000.0,920000000.0,0.057,920000000.0,920000000.0,920000000.0,0.7,0.69,0.7,73316000000.0,,73316000000.0,28383813824.0,4.0,3.862,3793000000.0,4.179,1.0,4393000000.0,0.274,9360000000.0,0.0,765693000000.0,,0.0,506245000000.0,,,706923000000.0,,,33737813824.0,116000000.0,-157000000.0,-80000000.0,-76000000.0,-419000000.0,2885000000.0,-6679000000.0,-6493000000.0,3793000000.0,117000000.0,706000000.0,633000000.0,633000000.0,0.0,3000000.0,0.04,3470000000.0,923000000.0,34772000000.0,0.657,0.46,6.021,6.034,0.0,73000000.0,37.17,0.515,0.515,20712000000.0,36782000000.0,16015000000.0,16015000000.0,0.0,,,,,0.0,0.0,1.0,907662465.0,907662465.0,,17.644,771132000000.0,0.0,214000000.0,11477000000.0,849.58,
4,MET,MRQ,2020-06-30,2020-06-30,2020-06-30,2021-08-25,18563000000.0,767583000000.0,,,,,83.4,0.0,24289000000.0,24289000000.0,10919000000.0,150000000.0,,9.137,18935000000.0,,,18935000000.0,0.0,0.0,0.0,0.049,0.46,192000000.0,192000000.0,0.014,192000000.0,192000000.0,192000000.0,0.07,0.07,0.07,75693000000.0,,75693000000.0,27991140456.0,3.0,3.038,846000000.0,0.932,1.0,3180000000.0,0.226,9245000000.0,0.0,752984000000.0,,0.0,494944000000.0,,,691643000000.0,,,33145140456.0,195000000.0,-356000000.0,0.0,-20000000.0,-419000000.0,680000000.0,-1391000000.0,-1275000000.0,846000000.0,60000000.0,145000000.0,68000000.0,68000000.0,0.0,5000000.0,0.005,2983000000.0,197000000.0,34133000000.0,6.571,0.438,4.654,4.7,0.0,77000000.0,36.52,0.486,0.486,20848000000.0,36568000000.0,14099000000.0,14099000000.0,0.0,,,,,0.0,0.0,1.0,907588731.0,907588731.0,,15.535,758338000000.0,0.0,47000000.0,12262000000.0,835.552,
5,MET,MRQ,2020-03-31,2020-03-31,2020-03-31,2021-08-25,12757000000.0,737741000000.0,,,,,76.675,0.0,24094000000.0,24094000000.0,9394000000.0,4401000000.0,,9.503,18940000000.0,,,18940000000.0,0.0,0.0,0.0,0.058,0.44,5640000000.0,5640000000.0,0.308,5640000000.0,5640000000.0,5640000000.0,4.78,4.75,4.78,70221000000.0,,70221000000.0,29242864130.0,3.0,2.584,1847000000.0,2.017,1.0,8916000000.0,0.487,9159000000.0,0.0,723428000000.0,,0.0,483111000000.0,,,667278000000.0,,,27996864130.0,7496000000.0,-483000000.0,-500000000.0,1056000000.0,-404000000.0,14157000000.0,-8337000000.0,-7779000000.0,1847000000.0,-171000000.0,4398000000.0,4366000000.0,4366000000.0,0.0,3000000.0,0.238,3273000000.0,5643000000.0,35530000000.0,0.092,0.399,3.204,3.225,0.0,32000000.0,30.57,0.391,0.391,21224000000.0,36919000000.0,18310000000.0,18310000000.0,0.0,,,,,0.0,0.0,1.0,915828071.0,915828071.0,,19.993,728582000000.0,0.0,1242000000.0,10717000000.0,795.545,
6,MET,MRQ,2019-12-31,2019-12-31,2019-12-31,2021-08-25,13052000000.0,740463000000.0,,,,,71.924,0.0,16598000000.0,16598000000.0,13549000000.0,588000000.0,,10.191,17844000000.0,,,17844000000.0,0.0,630000000.0,0.0,0.034,0.44,-32000000.0,598000000.0,0.035,598000000.0,-32000000.0,-32000000.0,0.61,0.61,0.61,66144000000.0,,66144000000.0,45168605169.0,7.0,6.092,5181000000.0,5.634,1.0,3594000000.0,0.21,9308000000.0,0.0,732401000000.0,,0.0,473795000000.0,,,674081000000.0,,,46873605169.0,-2854000000.0,-326000000.0,-250000000.0,-25000000.0,-406000000.0,-1009000000.0,-7093000000.0,-6765000000.0,5181000000.0,67000000.0,593000000.0,536000000.0,536000000.0,0.0,-5000000.0,0.031,3631000000.0,-37000000.0,26745000000.0,0.721,0.709,8.193,8.356,0.0,57000000.0,50.97,0.673,0.673,20443000000.0,33078000000.0,17143000000.0,17143000000.0,0.0,,,,,0.0,0.0,1.0,919631257.0,919631257.0,,18.641,731155000000.0,0.0,-625000000.0,9460000000.0,795.052,
7,MET,MRQ,2019-09-30,2019-09-30,2019-09-30,2021-08-25,15197000000.0,742812000000.0,,,,,73.008,0.0,19452000000.0,19452000000.0,12444000000.0,2190000000.0,,9.861,17747000000.0,,,17747000000.0,0.0,0.0,0.0,0.036,0.44,2785000000.0,2785000000.0,0.149,2785000000.0,2785000000.0,2785000000.0,2.31,2.3,2.31,68368000000.0,,68368000000.0,43406868439.0,5.0,4.375,4146000000.0,4.427,1.0,6234000000.0,0.334,9278000000.0,0.0,731829000000.0,,0.0,471893000000.0,,,674193000000.0,,,44162868439.0,1017000000.0,121000000.0,-785000000.0,-19000000.0,-413000000.0,2327000000.0,-5351000000.0,-5435000000.0,4146000000.0,-105000000.0,2184000000.0,2152000000.0,2152000000.0,0.0,6000000.0,0.115,3443000000.0,2791000000.0,28443000000.0,0.19,0.646,6.138,6.271,0.0,32000000.0,47.16,0.648,0.648,20723000000.0,32948000000.0,18678000000.0,18678000000.0,0.0,,,,,0.0,0.0,1.0,936447592.0,936447592.0,,19.946,733534000000.0,0.0,601000000.0,10184000000.0,783.316,
8,MET,MRQ,2019-06-30,2019-06-30,2019-06-30,2021-08-25,11631000000.0,732167000000.0,,,,,67.143,0.0,18435000000.0,18435000000.0,11810000000.0,1746000000.0,,10.47,17679000000.0,,,17679000000.0,0.0,0.0,0.0,0.034,0.44,2292000000.0,2292000000.0,0.131,2292000000.0,2292000000.0,2292000000.0,1.78,1.77,1.78,63811000000.0,,63811000000.0,50033845416.0,7.0,6.093,2387000000.0,2.512,1.0,5687000000.0,0.325,9408000000.0,0.0,722003000000.0,,0.0,461094000000.0,,,668121000000.0,,,47204845416.0,3929000000.0,-286000000.0,-750000000.0,475000000.0,-419000000.0,934000000.0,557000000.0,880000000.0,2387000000.0,51000000.0,1741000000.0,1684000000.0,1684000000.0,0.0,5000000.0,0.096,3390000000.0,2297000000.0,25354000000.0,0.247,0.74,7.97,8.143,0.0,57000000.0,49.67,0.718,0.718,20425000000.0,31209000000.0,17497000000.0,17497000000.0,0.0,,,,,0.0,0.0,1.0,950369346.0,950369346.0,,18.411,722759000000.0,97000000.0,551000000.0,8766000000.0,760.503,
9,MET,MRQ,2019-03-31,2019-03-31,2019-03-31,2021-08-25,6911000000.0,713188000000.0,,,,,61.121,0.0,14506000000.0,14506000000.0,11333000000.0,1385000000.0,,11.185,17335000000.0,,,17335000000.0,0.0,0.0,0.0,0.039,0.42,1740000000.0,1740000000.0,0.107,1740000000.0,1740000000.0,1740000000.0,1.41,1.4,1.41,58509000000.0,,58509000000.0,42234019744.0,7.0,6.018,2072000000.0,2.164,1.0,4969000000.0,0.305,9418000000.0,0.0,706599000000.0,,0.0,450866000000.0,,,654450000000.0,,,40751019744.0,-1315000000.0,-380000000.0,-500000000.0,-22000000.0,-405000000.0,2316000000.0,-5699000000.0,-5264000000.0,2072000000.0,-4000000.0,1381000000.0,1349000000.0,1349000000.0,0.0,4000000.0,0.083,3225000000.0,1744000000.0,25084000000.0,0.298,0.696,8.016,8.266,0.0,32000000.0,42.57,0.587,0.587,20615000000.0,29944000000.0,16302000000.0,16302000000.0,0.0,,,,,0.0,0.0,1.0,957270842.0,957270842.0,,17.03,703770000000.0,0.0,359000000.0,7580000000.0,735.184,
10,MET,MRQ,2018-12-31,2018-12-31,2018-12-31,2021-08-25,1722000000.0,687538000000.0,,,,,53.444,0.0,15821000000.0,15821000000.0,9796000000.0,2062000000.0,,12.032,17304000000.0,,,17304000000.0,0.0,628000000.0,0.0,0.04,0.42,2476000000.0,3104000000.0,0.198,3104000000.0,2476000000.0,2476000000.0,2.02,2.0,2.02,52741000000.0,,52741000000.0,45946578627.0,7.0,6.63,1301000000.0,1.318,1.0,5866000000.0,0.375,9422000000.0,0.0,679599000000.0,,0.0,436210000000.0,,,634580000000.0,,,40519578627.0,3331000000.0,460000000.0,-1200000000.0,-573000000.0,-415000000.0,-3332000000.0,5358000000.0,4954000000.0,1301000000.0,4000000.0,2067000000.0,2010000000.0,2010000000.0,0.0,-5000000.0,0.128,3395000000.0,2471000000.0,24794000000.0,0.208,0.768,8.133,8.295,0.0,57000000.0,41.06,0.596,0.596,19644000000.0,28926000000.0,15662000000.0,15662000000.0,0.0,,,,,0.0,0.0,1.0,986838252.0,986838252.0,,15.871,678116000000.0,0.0,409000000.0,5855000000.0,687.16,
11,MET,MRQ,2018-09-30,2018-09-30,2018-09-30,2021-08-25,1000000000.0,698451000000.0,,,,,51.893,0.0,12490000000.0,12490000000.0,11741000000.0,915000000.0,,12.526,17917000000.0,,,17917000000.0,0.0,0.0,0.0,0.035,0.42,1076000000.0,1076000000.0,0.066,1076000000.0,1076000000.0,1076000000.0,0.89,0.88,0.89,51625000000.0,,51625000000.0,49412828604.0,10.0,8.849,3533000000.0,3.551,1.0,4548000000.0,0.279,9440000000.0,0.0,694438000000.0,,0.0,439941000000.0,,,646642000000.0,,,46478828604.0,-3822000000.0,-278000000.0,-636000000.0,-1113000000.0,-419000000.0,-1081000000.0,-6228000000.0,-5962000000.0,3533000000.0,-46000000.0,912000000.0,880000000.0,880000000.0,0.0,3000000.0,0.054,3469000000.0,1079000000.0,26075000000.0,0.472,0.9,8.863,9.251,0.0,32000000.0,46.72,0.682,0.682,19820000000.0,27331000000.0,16289000000.0,16289000000.0,0.0,,,,,0.0,0.0,1.0,994837941.0,994837941.0,,16.374,689011000000.0,0.0,164000000.0,5090000000.0,692.586,
12,MET,MRQ,2018-06-30,2018-06-30,2018-06-30,2021-08-25,2854000000.0,706333000000.0,,,,,52.761,0.0,16312000000.0,16312000000.0,16599000000.0,894000000.0,,12.166,19246000000.0,,,19246000000.0,0.0,0.0,0.0,0.037,0.42,1098000000.0,1098000000.0,0.052,1098000000.0,1098000000.0,1098000000.0,0.83,0.83,0.83,53633000000.0,,53633000000.0,50879741310.0,16.0,12.66,5608000000.0,5.517,1.0,4586000000.0,0.216,9499000000.0,0.0,699768000000.0,,0.0,438812000000.0,,,652501000000.0,,,44320741310.0,2385000000.0,41000000.0,-1115000000.0,-191000000.0,-428000000.0,1394000000.0,-4279000000.0,-4246000000.0,5608000000.0,-338000000.0,891000000.0,845000000.0,845000000.0,0.0,3000000.0,0.04,3485000000.0,1101000000.0,27030000000.0,0.506,0.826,10.387,10.713,0.0,46000000.0,43.6,0.652,0.652,19608000000.0,26870000000.0,21185000000.0,21185000000.0,0.0,,,,,0.0,0.0,1.0,1016530764.0,1016530764.0,,20.84,696834000000.0,0.0,207000000.0,5599000000.0,685.502,
13,MET,MRQ,2018-03-31,2018-03-31,2018-03-31,2021-08-25,5634000000.0,712584000000.0,,,,,54.32,0.0,13927000000.0,13927000000.0,9784000000.0,1257000000.0,,11.651,20486000000.0,,,20486000000.0,0.0,0.0,0.0,0.035,0.4,1652000000.0,1652000000.0,0.112,1652000000.0,1652000000.0,1652000000.0,1.2,1.19,1.2,56310000000.0,,56310000000.0,55298533319.0,17.0,13.845,1296000000.0,1.25,1.0,5021000000.0,0.339,9733000000.0,0.0,709410000000.0,,0.0,441843000000.0,,,656076000000.0,,,47571533319.0,1226000000.0,-114000000.0,-1041000000.0,-31000000.0,-416000000.0,218000000.0,-485000000.0,-457000000.0,1296000000.0,197000000.0,1253000000.0,1247000000.0,1247000000.0,0.0,4000000.0,0.084,3365000000.0,1656000000.0,26151000000.0,0.333,0.845,11.097,11.331,0.0,6000000.0,45.89,0.765,0.765,19368000000.0,26453000000.0,14805000000.0,14805000000.0,0.0,,,,,0.0,0.0,1.0,1036642696.0,1036642696.0,,14.282,702851000000.0,0.0,399000000.0,6459000000.0,678.007,
14,MET,MRQ,2017-12-31,2017-12-31,2017-12-31,2021-08-25,7427000000.0,719892000000.0,,,,,55.76,0.0,12701000000.0,12701000000.0,11127000000.0,2315000000.0,,11.266,20428000000.0,,,20428000000.0,0.0,795000000.0,0.0,0.032,0.4,963000000.0,1758000000.0,0.111,1758000000.0,963000000.0,963000000.0,2.13,2.11,2.13,58676000000.0,,58676000000.0,61447251142.0,24.0,18.425,2050000000.0,1.948,1.0,4713000000.0,0.298,9590000000.0,0.0,718029000000.0,,0.0,444067000000.0,,,661022000000.0,,,53204251142.0,-322000000.0,-85000000.0,-622000000.0,-1112000000.0,-422000000.0,-2595000000.0,282000000.0,457000000.0,2050000000.0,-59000000.0,2317000000.0,2272000000.0,2272000000.0,0.0,-2000000.0,0.143,3752000000.0,961000000.0,25723000000.0,0.188,0.907,13.618,13.852,0.0,45000000.0,50.56,0.854,0.854,18423000000.0,26527000000.0,15840000000.0,15840000000.0,0.0,,,,,0.0,0.0,1.0,1052299271.0,1052299271.0,,15.053,710302000000.0,0.0,-1354000000.0,7078000000.0,675.0,
15,MET,MRQ,2017-09-30,2017-09-30,2017-09-30,2021-08-25,7005000000.0,720515000000.0,,,,,53.359,0.0,13023000000.0,13023000000.0,12368000000.0,-85000000.0,,11.7,21266000000.0,,,21266000000.0,0.0,0.0,0.0,0.031,0.4,-489000000.0,-489000000.0,-0.03,-489000000.0,-489000000.0,-489000000.0,-0.09,-0.09,-0.09,56714000000.0,,56714000000.0,62044038991.0,-61.0,-168.141,4734000000.0,4.454,1.0,3803000000.0,0.235,9556000000.0,0.0,719202000000.0,,0.0,445706000000.0,,,663571000000.0,,,55216038991.0,-4296000000.0,-1151000000.0,-495000000.0,601000000.0,-427000000.0,883000000.0,-10009000000.0,-8796000000.0,4734000000.0,96000000.0,-91000000.0,-97000000.0,-97000000.0,968000000.0,6000000.0,-0.006,3318000000.0,485000000.0,27132000000.0,-4.444,0.974,-123.25,-140.405,0.0,6000000.0,51.95,0.931,0.931,18588000000.0,24410000000.0,16171000000.0,16171000000.0,0.0,,,,,0.0,0.0,1.0,1062868893.0,1062868893.0,,15.214,710959000000.0,3000000.0,-398000000.0,8554000000.0,668.906,
16,MET,MRQ,2017-06-30,2017-06-30,2017-06-30,2021-08-25,8436000000.0,925199000000.0,,,,,64.553,0.0,17319000000.0,17319000000.0,11032000000.0,914000000.0,,12.318,24147000000.0,,,24147000000.0,0.0,0.0,0.0,0.029,0.4,1073000000.0,1073000000.0,0.07,1073000000.0,1073000000.0,1073000000.0,0.81,0.8,0.81,69455000000.0,,69455000000.0,65699767755.0,365.0,78.966,3401000000.0,3.161,1.0,4301000000.0,0.281,9385000000.0,0.0,922642000000.0,,0.0,514036000000.0,,,855530000000.0,,,59111767755.0,-92000000.0,190000000.0,-952000000.0,160000000.0,-431000000.0,-693000000.0,-2873000000.0,-2967000000.0,3401000000.0,73000000.0,911000000.0,865000000.0,865000000.0,-58000000.0,3000000.0,0.056,3283000000.0,1018000000.0,33725000000.0,0.494,0.851,268.69,228.917,0.0,46000000.0,54.94,1.003,1.003,26487000000.0,35270000000.0,15333000000.0,15333000000.0,0.0,,,,,0.0,0.0,1.0,1075933159.0,1075933159.0,,14.251,915814000000.0,66000000.0,162000000.0,10383000000.0,851.181,
17,MET,MRQ,2017-03-31,2017-03-31,2017-03-31,2021-08-25,6396000000.0,914687000000.0,,,,,62.477,0.0,17411000000.0,17411000000.0,10624000000.0,876000000.0,,12.463,23999000000.0,,,23999000000.0,0.0,0.0,0.0,0.03,0.4,993000000.0,993000000.0,0.066,993000000.0,993000000.0,993000000.0,0.8,0.79,0.8,67929000000.0,,67929000000.0,63535913208.0,-64.0,-184.162,2098000000.0,1.93,1.0,4340000000.0,0.29,9350000000.0,0.0,911925000000.0,,0.0,506878000000.0,,,846579000000.0,,,57428913208.0,-466000000.0,-302000000.0,-858000000.0,-16000000.0,-437000000.0,1499000000.0,-4276000000.0,-3876000000.0,2098000000.0,213000000.0,873000000.0,867000000.0,867000000.0,76000000.0,3000000.0,0.058,3268000000.0,1072000000.0,32899000000.0,0.5,0.845,-98.845,-103.569,0.0,6000000.0,52.82,0.975,0.975,25916000000.0,34863000000.0,14964000000.0,14964000000.0,0.0,,,,,0.0,0.0,1.0,1087256971.0,1087256971.0,,13.763,905337000000.0,25000000.0,120000000.0,9550000000.0,832.68,
18,MET,MRQ,2016-12-31,2016-12-31,2016-12-31,2021-08-25,5366000000.0,898764000000.0,,,,,61.44,0.0,12651000000.0,12651000000.0,10620000000.0,-2036000000.0,,12.306,21126000000.0,,,21126000000.0,0.0,652000000.0,0.0,0.029,0.4,-2598000000.0,-1946000000.0,-0.152,-1946000000.0,-2598000000.0,-2598000000.0,-1.89,-1.88,-1.89,67531000000.0,,67531000000.0,67355407622.0,44.0,30.686,5643000000.0,5.134,1.0,2212000000.0,0.172,9220000000.0,0.0,898019000000.0,,0.0,420911000000.0,,,831062000000.0,,,59232407622.0,1994000000.0,-15000000.0,-302000000.0,-19000000.0,-441000000.0,-11777000000.0,8736000000.0,8824000000.0,5643000000.0,-608000000.0,-2038000000.0,-2083000000.0,-2083000000.0,1355000000.0,2000000.0,-0.162,3453000000.0,-1241000000.0,25873000000.0,-0.212,0.877,79.294,79.25,0.0,45000000.0,53.89,0.974,0.974,15445000000.0,34683000000.0,12832000000.0,12832000000.0,0.0,,,,,0.0,0.0,1.0,1099135417.0,1099135417.0,,11.675,889544000000.0,20000000.0,-560000000.0,6892000000.0,809.312,
19,MET,MRQ,2016-09-30,2016-09-30,2016-09-30,2021-08-25,13595000000.0,952904000000.0,,,,,71.242,0.0,15883000000.0,15883000000.0,11458000000.0,573000000.0,,11.17,24006000000.0,,,24006000000.0,0.0,0.0,0.0,0.035,0.4,712000000.0,712000000.0,0.045,712000000.0,712000000.0,712000000.0,0.52,0.51,0.52,78286000000.0,,78286000000.0,55725899932.0,13.0,11.483,2927000000.0,2.664,1.0,4375000000.0,0.276,9592000000.0,0.0,951435000000.0,,0.0,548791000000.0,,,874438000000.0,,,48822899932.0,-1184000000.0,24000000.0,0.0,-38000000.0,-441000000.0,613000000.0,-4678000000.0,-4563000000.0,2927000000.0,-46000000.0,577000000.0,571000000.0,571000000.0,451000000.0,-4000000.0,0.036,3216000000.0,1159000000.0,44422000000.0,0.769,0.624,13.274,13.302,0.0,6000000.0,44.43,0.843,0.843,26178000000.0,37054000000.0,15833000000.0,15833000000.0,0.0,,,,,0.0,0.0,1.0,1098872382.0,1098872382.0,,14.408,943312000000.0,0.0,135000000.0,14510000000.0,858.436,
20,MET,MRQ,2016-06-30,2016-06-30,2016-06-30,2021-08-25,14632000000.0,942567000000.0,,,,,72.068,0.0,17067000000.0,17067000000.0,12098000000.0,114000000.0,,10.902,23970000000.0,,,23970000000.0,0.0,0.0,0.0,0.038,0.4,-104000000.0,-104000000.0,-0.007,-104000000.0,-104000000.0,-104000000.0,0.06,0.06,0.06,79179000000.0,,79179000000.0,55779894263.0,10.0,8.841,4291000000.0,3.906,1.0,3146000000.0,0.206,9852000000.0,0.0,939618000000.0,,0.0,543511000000.0,,,863194000000.0,,,43759894263.0,3777000000.0,-365000000.0,0.0,-1273000000.0,-441000000.0,3376000000.0,-4169000000.0,-3582000000.0,4291000000.0,279000000.0,110000000.0,64000000.0,64000000.0,0.0,4000000.0,0.004,3246000000.0,-100000000.0,45790000000.0,6.667,0.553,10.167,10.239,0.0,46000000.0,39.83,0.728,0.728,26035000000.0,36924000000.0,15244000000.0,15244000000.0,0.0,,,,,0.0,0.0,1.0,1098666690.0,1098666690.0,,13.875,932715000000.0,51000000.0,-214000000.0,14966000000.0,848.952,
21,MET,MRQ,2016-03-31,2016-03-31,2016-03-31,2021-08-25,10865000000.0,917428000000.0,,,,,69.096,0.0,13290000000.0,13290000000.0,11319000000.0,2203000000.0,,11.105,25310000000.0,,,25310000000.0,0.0,0.0,0.0,0.034,0.375,2920000000.0,2920000000.0,0.158,2920000000.0,2920000000.0,2920000000.0,1.99,1.98,1.99,75775000000.0,,75775000000.0,60891542048.0,9.0,8.095,1913000000.0,1.744,1.0,7114000000.0,0.386,9729000000.0,0.0,919719000000.0,,0.0,524727000000.0,,,841463000000.0,,,48187542048.0,538000000.0,-177000000.0,-70000000.0,-17000000.0,-413000000.0,4291000000.0,-5739000000.0,-5539000000.0,1913000000.0,73000000.0,2201000000.0,2195000000.0,2195000000.0,0.0,2000000.0,0.119,4192000000.0,2922000000.0,41165000000.0,0.188,0.636,9.123,9.231,0.0,6000000.0,43.94,0.789,0.789,27843000000.0,37301000000.0,18433000000.0,18433000000.0,0.0,,,,,0.0,0.0,1.0,1096666865.0,1096666865.0,,16.808,907699000000.0,125000000.0,719000000.0,13776000000.0,827.689,
22,MET,MRQ,2015-12-31,2015-12-31,2015-12-31,2021-08-25,4771000000.0,877933000000.0,,,,,61.126,0.0,12752000000.0,12752000000.0,7008000000.0,905000000.0,,11.912,25456000000.0,,,25456000000.0,0.0,693000000.0,0.0,0.031,0.375,632000000.0,1325000000.0,0.157,1325000000.0,632000000.0,632000000.0,0.77,0.76,0.77,67949000000.0,,67949000000.0,67576512649.0,10.0,8.827,4525000000.0,4.071,1.0,1428000000.0,0.169,9477000000.0,0.0,881160000000.0,,0.0,495459000000.0,,,809437000000.0,,,53591512649.0,2536000000.0,1291000000.0,-823000000.0,1942000000.0,-419000000.0,1634000000.0,-3491000000.0,-4914000000.0,4525000000.0,-132000000.0,897000000.0,848000000.0,848000000.0,-1324000000.0,8000000.0,0.101,2112000000.0,-684000000.0,36871000000.0,0.487,0.789,10.276,10.323,0.0,49000000.0,48.21,0.874,0.874,22702000000.0,35519000000.0,8436000000.0,8436000000.0,0.0,,,,,0.0,0.0,1.0,1111626481.0,1111626481.0,,7.589,868456000000.0,161000000.0,-265000000.0,10592000000.0,781.248,
23,MET,MRQ,2015-09-30,2015-09-30,2015-09-30,2021-08-25,6891000000.0,882460000000.0,,,,,63.125,0.0,10216000000.0,10216000000.0,11335000000.0,1198000000.0,,11.509,24201000000.0,,,24201000000.0,0.0,0.0,0.0,0.031,0.375,2168000000.0,2168000000.0,0.12,2168000000.0,2168000000.0,2168000000.0,1.07,1.06,1.07,70503000000.0,,70503000000.0,68813942262.0,8.0,7.55,2639000000.0,2.363,1.0,6696000000.0,0.371,9546000000.0,0.0,886899000000.0,,0.0,501577000000.0,,,811393000000.0,,,52660942262.0,2142000000.0,498000000.0,-107000000.0,16000000.0,-420000000.0,-288000000.0,-147000000.0,-604000000.0,2639000000.0,-62000000.0,1203000000.0,1197000000.0,1197000000.0,0.0,-5000000.0,0.066,4533000000.0,2163000000.0,37991000000.0,0.35,0.747,8.991,9.067,0.0,6000000.0,47.15,0.731,0.731,25808000000.0,35153000000.0,18031000000.0,18031000000.0,0.0,,,,,0.0,0.0,1.0,1116881066.0,1116881066.0,,16.144,872914000000.0,0.0,965000000.0,11384000000.0,781.564,
24,MET,MRQ,2015-06-30,2015-06-30,2015-06-30,2021-08-25,6443000000.0,898409000000.0,,,,,62.176,0.0,8074000000.0,8074000000.0,10981000000.0,1119000000.0,,11.941,24227000000.0,,,24227000000.0,0.0,0.0,0.0,0.025,0.375,1109000000.0,1109000000.0,0.069,1109000000.0,1109000000.0,1109000000.0,0.93,0.92,0.93,69377000000.0,,69377000000.0,79550689293.0,9.0,8.037,4202000000.0,3.766,1.0,5185000000.0,0.321,9644000000.0,0.0,904918000000.0,,0.0,500384000000.0,,,828420000000.0,,,62474689293.0,-53000000.0,29000000.0,-14000000.0,-1045000000.0,-420000000.0,-4287000000.0,140000000.0,175000000.0,4202000000.0,-108000000.0,1115000000.0,1042000000.0,1042000000.0,0.0,4000000.0,0.064,4072000000.0,1113000000.0,35532000000.0,0.403,0.901,9.291,9.394,0.0,73000000.0,55.99,0.858,0.858,24872000000.0,34376000000.0,16166000000.0,16166000000.0,0.0,,,,,0.0,0.0,1.0,1115818705.0,1115818705.0,,14.488,888765000000.0,0.0,-6000000.0,10833000000.0,796.514,
25,MET,MRQ,2015-03-31,2015-03-31,2015-03-31,2021-08-25,11529000000.0,919790000000.0,,,,,66.017,0.0,8127000000.0,8127000000.0,11591000000.0,2163000000.0,,11.46,25203000000.0,,,25203000000.0,0.0,0.0,0.0,0.028,0.35,3054000000.0,3054000000.0,0.163,3054000000.0,3054000000.0,3054000000.0,1.89,1.87,1.89,73770000000.0,,73770000000.0,69453642398.0,7.0,6.473,2686000000.0,2.404,1.0,7119000000.0,0.38,9717000000.0,0.0,927149000000.0,,0.0,516751000000.0,,,845381000000.0,,,56486642398.0,-2681000000.0,140000000.0,-986000000.0,1485000000.0,-394000000.0,1723000000.0,-6900000000.0,-6954000000.0,2686000000.0,-190000000.0,2158000000.0,2128000000.0,2128000000.0,0.0,5000000.0,0.114,4060000000.0,3059000000.0,37312000000.0,0.185,0.766,8.05,8.14,0.0,30000000.0,50.55,0.754,0.754,24190000000.0,33754000000.0,18710000000.0,18710000000.0,0.0,,,,,0.0,0.0,1.0,1117440997.0,1117440997.0,,16.744,910073000000.0,0.0,896000000.0,13548000000.0,814.426,
26,MET,MRQ,2014-12-31,2014-12-31,2014-12-31,2021-08-25,10649000000.0,902337000000.0,,,,,63.425,0.0,10808000000.0,10808000000.0,12555000000.0,1527000000.0,,11.515,23775000000.0,,,23775000000.0,0.0,713000000.0,0.0,0.024,0.35,2070000000.0,2783000000.0,0.146,2783000000.0,2070000000.0,2070000000.0,1.31,1.3,1.31,72053000000.0,,72053000000.0,76543513240.0,9.0,8.068,5426000000.0,4.776,1.0,6564000000.0,0.343,9872000000.0,0.0,905432000000.0,,0.0,505995000000.0,,,829678000000.0,,,61448513240.0,2025000000.0,-436000000.0,443000000.0,-60000000.0,-398000000.0,279000000.0,-3386000000.0,-2740000000.0,5426000000.0,-294000000.0,1521000000.0,1490000000.0,1490000000.0,0.0,6000000.0,0.078,4488000000.0,2076000000.0,35326000000.0,0.267,0.853,9.932,9.87,0.0,31000000.0,54.09,0.838,0.838,22244000000.0,32020000000.0,19119000000.0,19119000000.0,0.0,,,,,0.0,0.0,1.0,1136042027.0,1136042027.0,,16.829,892465000000.0,0.0,549000000.0,12005000000.0,785.592,
27,MET,MRQ,2014-09-30,2014-09-30,2014-09-30,2021-08-25,10992000000.0,908627000000.0,,,,,62.953,0.0,8783000000.0,8783000000.0,11676000000.0,2094000000.0,,11.824,23878000000.0,,,23878000000.0,0.0,0.0,0.0,0.023,0.35,2952000000.0,2952000000.0,0.157,2952000000.0,2952000000.0,2952000000.0,1.83,1.81,1.83,70805000000.0,,70805000000.0,77299231566.0,10.0,8.906,4029000000.0,3.582,1.0,7170000000.0,0.38,10216000000.0,0.0,913506000000.0,,0.0,507551000000.0,,,837226000000.0,,,60420231566.0,1390000000.0,-351000000.0,-439000000.0,-318000000.0,-395000000.0,2411000000.0,-4969000000.0,-4597000000.0,4029000000.0,-81000000.0,2094000000.0,2064000000.0,2064000000.0,0.0,0.0,0.11,4218000000.0,2952000000.0,33776000000.0,0.191,0.853,10.84,10.853,0.0,30000000.0,53.72,0.832,0.832,23814000000.0,30928000000.0,18846000000.0,18846000000.0,0.0,,,,,0.0,0.0,1.0,1124725085.0,1124725085.0,,16.756,898411000000.0,0.0,858000000.0,11650000000.0,798.783,
28,MET,MRQ,2014-06-30,2014-06-30,2014-06-30,2021-08-25,11058000000.0,911120000000.0,,,,,61.827,0.0,7393000000.0,7393000000.0,12094000000.0,1376000000.0,,12.083,24272000000.0,,,24272000000.0,0.0,0.0,0.0,0.021,0.35,1940000000.0,1940000000.0,0.106,1940000000.0,1940000000.0,1940000000.0,1.18,1.17,1.18,69591000000.0,,69591000000.0,78246081400.0,13.0,11.675,4437000000.0,3.942,1.0,6172000000.0,0.338,10430000000.0,0.0,917569000000.0,,0.0,505305000000.0,,,840838000000.0,,,62537081400.0,-1180000000.0,-6000000.0,-4000000.0,-24000000.0,-395000000.0,3225000000.0,-8864000000.0,-8814000000.0,4437000000.0,22000000.0,1366000000.0,1335000000.0,1335000000.0,0.0,10000000.0,0.073,4222000000.0,1950000000.0,33187000000.0,0.297,0.899,14.047,13.995,0.0,31000000.0,55.56,0.892,0.892,23730000000.0,29259000000.0,18266000000.0,18266000000.0,0.0,,,,,0.0,0.0,1.0,1125577419.0,1125577419.0,,16.228,900690000000.0,0.0,574000000.0,10685000000.0,800.203,
29,MET,MRQ,2014-03-31,2014-03-31,2014-03-31,2021-08-25,8215000000.0,890903000000.0,,,,,58.528,0.0,8573000000.0,8573000000.0,11096000000.0,1339000000.0,,12.538,24282000000.0,,,24282000000.0,0.0,0.0,0.0,0.021,0.275,1812000000.0,1812000000.0,0.106,1812000000.0,1812000000.0,1812000000.0,1.15,1.14,1.15,65758000000.0,,65758000000.0,77954772714.0,17.0,14.661,2484000000.0,2.211,1.0,5989000000.0,0.351,10433000000.0,0.0,896179000000.0,,0.0,493247000000.0,,,824464000000.0,,,59322772714.0,988000000.0,-318000000.0,0.0,-1535000000.0,-311000000.0,-3659000000.0,2164000000.0,2548000000.0,2484000000.0,-1000000.0,1328000000.0,1298000000.0,1298000000.0,3000000.0,11000000.0,0.076,4163000000.0,1826000000.0,32469000000.0,0.239,0.902,16.534,16.398,0.0,30000000.0,52.8,0.878,0.878,23031000000.0,28319000000.0,17085000000.0,17085000000.0,0.0,,,,,0.0,0.0,1.0,1123537362.0,1123537362.0,,15.206,880470000000.0,0.0,484000000.0,9145000000.0,783.659,
30,MET,MRQ,2013-12-31,2013-12-31,2013-12-31,2021-08-25,5104000000.0,885296000000.0,,,,,54.906,0.0,7585000000.0,7585000000.0,12728000000.0,916000000.0,,13.359,26217000000.0,,,26217000000.0,0.0,714000000.0,0.0,0.019,0.275,1261000000.0,1975000000.0,0.107,1975000000.0,1261000000.0,1261000000.0,0.79,0.77,0.79,61553000000.0,,61553000000.0,74812372519.0,19.0,15.773,6147000000.0,5.483,1.0,5730000000.0,0.31,10542000000.0,0.0,893386000000.0,,0.0,488779000000.0,,,822313000000.0,,,60447372519.0,-3791000000.0,-2689000000.0,0.0,466000000.0,-311000000.0,-1323000000.0,-8590000000.0,-5833000000.0,6147000000.0,-25000000.0,908000000.0,877000000.0,877000000.0,-1000000.0,8000000.0,0.048,4462000000.0,1268000000.0,30411000000.0,0.348,0.982,18.622,18.34,0.0,31000000.0,53.92,0.886,0.886,21859000000.0,27332000000.0,18458000000.0,18458000000.0,0.0,,,,,0.0,0.0,1.0,1121056612.0,1121056612.0,,16.465,874754000000.0,0.0,353000000.0,6829000000.0,780.294,
31,MET,MRQ,2013-09-30,2013-09-30,2013-09-30,2021-08-25,5100000000.0,822643000000.0,,,,,55.532,0.0,11376000000.0,11376000000.0,11384000000.0,975000000.0,,12.495,25741000000.0,,,25741000000.0,0.0,0.0,0.0,0.031,0.275,975000000.0,975000000.0,0.06,975000000.0,975000000.0,975000000.0,0.85,0.84,0.85,60927000000.0,,60927000000.0,68392974417.0,30.0,23.511,2670000000.0,2.434,1.0,4953000000.0,0.303,9509000000.0,0.0,827499000000.0,,0.0,484925000000.0,,,761265000000.0,,,51510974417.0,2192000000.0,-205000000.0,1000000000.0,-409000000.0,-303000000.0,-1794000000.0,1278000000.0,1523000000.0,2670000000.0,38000000.0,972000000.0,942000000.0,942000000.0,-2000000.0,3000000.0,0.058,3977000000.0,976000000.0,31866000000.0,0.324,0.845,20.897,21.054,0.0,30000000.0,46.95,0.768,0.768,23473000000.0,26766000000.0,16337000000.0,16337000000.0,0.0,,,,,0.0,0.0,1.0,1097145355.0,1097145355.0,,14.89,813134000000.0,0.0,3000000.0,6154000000.0,741.136,
32,MET,MRQ,2013-06-30,2013-06-30,2013-06-30,2021-08-25,6202000000.0,815662000000.0,,,,,54.797,0.0,9184000000.0,9184000000.0,11135000000.0,510000000.0,,12.585,26066000000.0,,,26066000000.0,0.0,0.0,0.0,0.026,0.275,555000000.0,555000000.0,0.035,555000000.0,555000000.0,555000000.0,0.43,0.43,0.43,60003000000.0,,60003000000.0,66334802430.0,200.0,71.559,4581000000.0,4.184,1.0,4586000000.0,0.292,9447000000.0,0.0,823097000000.0,,0.0,491206000000.0,,,755124000000.0,,,50107802430.0,-799000000.0,-110000000.0,0.0,-116000000.0,-302000000.0,-7114000000.0,1866000000.0,1994000000.0,4581000000.0,-132000000.0,502000000.0,471000000.0,471000000.0,-2000000.0,8000000.0,0.03,4025000000.0,561000000.0,33247000000.0,0.64,0.835,92.964,99.478,0.0,31000000.0,45.76,0.745,0.745,23283000000.0,25824000000.0,15721000000.0,15721000000.0,0.0,,,,,0.0,0.0,1.0,1095013165.0,1095013165.0,,14.357,806215000000.0,0.0,53000000.0,6713000000.0,736.261,
33,MET,MRQ,2013-03-31,2013-03-31,2013-03-31,2021-08-25,10580000000.0,841685000000.0,,,,,58.934,0.0,9983000000.0,9983000000.0,12298000000.0,992000000.0,,12.051,26210000000.0,,,26210000000.0,0.0,0.0,0.0,0.024,0.185,1238000000.0,1238000000.0,0.07,1238000000.0,1238000000.0,1238000000.0,0.87,0.87,0.87,64450000000.0,,64450000000.0,52390303396.0,17.0,14.14,2733000000.0,2.499,1.0,5385000000.0,0.305,9696000000.0,0.0,848216000000.0,,0.0,512472000000.0,,,776717000000.0,,,41578303396.0,-5755000000.0,33000000.0,0.0,-240000000.0,-203000000.0,1324000000.0,-9719000000.0,-9792000000.0,2733000000.0,-93000000.0,986000000.0,956000000.0,956000000.0,3000000.0,6000000.0,0.054,4138000000.0,1247000000.0,34215000000.0,0.213,0.645,17.829,17.602,0.0,30000000.0,38.02,0.595,0.595,23052000000.0,25958000000.0,17683000000.0,17683000000.0,0.0,,,,,0.0,0.0,1.0,1093590305.0,1093590305.0,,16.17,831989000000.0,0.0,252000000.0,8930000000.0,760.787,
34,MET,MRQ,2012-12-31,2012-12-31,2012-12-31,2021-08-25,11397000000.0,836781000000.0,,,,,59.075,0.0,15738000000.0,15738000000.0,13396000000.0,136000000.0,,11.975,26550000000.0,,,26550000000.0,0.0,596000000.0,6416000000.0,0.022,0.74,-455000000.0,141000000.0,0.008,141000000.0,-455000000.0,-455000000.0,0.08,0.09,0.08,64453000000.0,,64453000000.0,46097990941.0,32.0,22.509,1872000000.0,1.716,1.0,3937000000.0,0.227,9953000000.0,0.0,837640000000.0,,0.0,517052000000.0,,,771823000000.0,,,35938990941.0,-1212000000.0,-438000000.0,1000000000.0,-596000000.0,-811000000.0,-5217000000.0,2146000000.0,2668000000.0,1872000000.0,-13000000.0,127000000.0,96000000.0,96000000.0,-31000000.0,9000000.0,0.006,4414000000.0,-477000000.0,33687000000.0,9.25,0.558,29.899,29.411,0.0,31000000.0,32.94,0.527,0.527,21634000000.0,25205000000.0,17333000000.0,17333000000.0,0.0,,,,,0.0,0.0,1.0,1091044048.0,1091044048.0,,15.887,826828000000.0,0.0,-582000000.0,9094000000.0,757.832,
35,MET,MRQ,2012-09-30,2012-09-30,2012-09-30,2021-08-25,11325000000.0,846285000000.0,,,,,60.296,0.0,16950000000.0,16950000000.0,11400000000.0,-957000000.0,,12.205,27109000000.0,,,27109000000.0,0.0,0.0,6515000000.0,0.021,0.0,-1007000000.0,-1007000000.0,-0.061,-1007000000.0,-1007000000.0,-1007000000.0,-0.92,-0.92,-0.92,64049000000.0,,64049000000.0,46938152816.0,15.0,12.073,3186000000.0,2.999,1.0,5103000000.0,0.309,10024000000.0,0.0,846420000000.0,,0.0,521556000000.0,,,781735000000.0,,,36605152816.0,915000000.0,-191000000.0,0.0,665000000.0,0.0,-1039000000.0,-1298000000.0,-1112000000.0,3186000000.0,66000000.0,-954000000.0,-984000000.0,-984000000.0,0.0,-3000000.0,-0.06,6113000000.0,-1010000000.0,38493000000.0,0.0,0.572,17.726,17.672,0.0,30000000.0,34.46,0.542,0.542,22939000000.0,25920000000.0,16503000000.0,16503000000.0,0.0,,,,,0.0,0.0,1.0,1062250517.0,1062250517.0,,15.536,836261000000.0,0.0,-53000000.0,9726000000.0,787.254,
36,MET,MRQ,2012-06-30,2012-06-30,2012-06-30,2021-08-25,8735000000.0,825188000000.0,,,,,58.761,0.0,16035000000.0,16035000000.0,10285000000.0,2303000000.0,,12.216,26368000000.0,,,26368000000.0,0.0,0.0,6832000000.0,0.024,0.0,3333000000.0,3333000000.0,0.181,3333000000.0,3333000000.0,3333000000.0,2.13,2.12,2.13,62406000000.0,,62406000000.0,45425618836.0,5.0,4.532,6344000000.0,5.973,1.0,8113000000.0,0.441,11823000000.0,0.0,823698000000.0,,0.0,516419000000.0,,,762364000000.0,,,32763618836.0,-2632000000.0,131000000.0,0.0,-1066000000.0,0.0,6051000000.0,-14944000000.0,-15036000000.0,6344000000.0,-83000000.0,2295000000.0,2264000000.0,2264000000.0,-3000000.0,8000000.0,0.123,4775000000.0,3338000000.0,40302000000.0,0.0,0.525,5.06,5.057,0.0,31000000.0,30.85,0.458,0.458,23974000000.0,26904000000.0,18398000000.0,18398000000.0,0.0,,,,,0.0,0.0,1.0,1062029784.0,1062029784.0,,17.323,813365000000.0,0.0,1038000000.0,8913000000.0,765.859,
37,MET,MRQ,2012-03-31,2012-03-31,2012-03-31,2021-08-25,7266000000.0,819604000000.0,,,,,55.328,0.0,18667000000.0,18667000000.0,12004000000.0,-120000000.0,,12.963,31329000000.0,,,31329000000.0,0.0,0.0,10478000000.0,0.02,0.0,-419000000.0,-419000000.0,-0.026,-419000000.0,-419000000.0,-419000000.0,-0.16,-0.16,-0.16,58666000000.0,,58666000000.0,61359339842.0,8.0,7.447,5758000000.0,5.43,1.0,3912000000.0,0.246,11903000000.0,0.0,820363000000.0,,0.0,503936000000.0,,,760480000000.0,,,39603339842.0,8206000000.0,134000000.0,0.0,-934000000.0,0.0,240000000.0,2167000000.0,2073000000.0,5758000000.0,41000000.0,-144000000.0,-174000000.0,-174000000.0,-14000000.0,24000000.0,-0.011,4321000000.0,-409000000.0,32496000000.0,0.0,0.675,7.501,7.5,0.0,30000000.0,37.35,0.564,0.564,23759000000.0,24640000000.0,15916000000.0,15916000000.0,0.0,,,,,0.0,0.0,1.0,1060330384.0,1060330384.0,,15.01,807701000000.0,0.0,-275000000.0,6614000000.0,761.745,
38,MET,MRQ,2011-12-31,2011-12-31,2011-12-31,2021-08-25,6083000000.0,796226000000.0,,,,,54.385,0.0,10461000000.0,10461000000.0,10910000000.0,988000000.0,,12.835,32217000000.0,,,32217000000.0,0.0,679000000.0,10507000000.0,0.024,0.74,1302000000.0,1981000000.0,0.118,1981000000.0,1302000000.0,1302000000.0,0.9,0.9,0.9,57519000000.0,,57519000000.0,56669028058.0,6.0,5.727,1239000000.0,1.171,1.0,5825000000.0,0.348,11935000000.0,0.0,806047000000.0,,0.0,511379000000.0,,,738232000000.0,,,32977028058.0,409000000.0,-519000000.0,-77000000.0,-1179000000.0,-787000000.0,-1800000000.0,1125000000.0,1709000000.0,1239000000.0,-155000000.0,990000000.0,959000000.0,959000000.0,-25000000.0,-2000000.0,0.057,4550000000.0,1275000000.0,33716000000.0,0.822,0.573,5.358,5.367,0.0,31000000.0,31.18,0.469,0.469,22481000000.0,24814000000.0,16735000000.0,16735000000.0,0.0,,,,,0.0,0.0,1.0,1057633998.0,1057633998.0,,15.823,784291000000.0,0.0,312000000.0,6588000000.0,741.552,
39,MET,MRQ,2011-09-30,2011-09-30,2011-09-30,2021-08-25,6813000000.0,785230000000.0,,,,,57.067,0.0,10001000000.0,10001000000.0,10140000000.0,3450000000.0,,12.003,33693000000.0,,,33693000000.0,0.0,0.0,10685000000.0,0.026,0.0,5129000000.0,5129000000.0,0.251,5129000000.0,5129000000.0,5129000000.0,3.23,3.21,3.23,60348000000.0,,60348000000.0,56852393691.0,7.0,6.835,2246000000.0,2.124,1.0,10313000000.0,0.504,12006000000.0,0.0,796916000000.0,,0.0,504410000000.0,,,724355000000.0,,,29620393691.0,379000000.0,393000000.0,4000000.0,-3000000.0,0.0,4596000000.0,-6450000000.0,-6817000000.0,2246000000.0,-13000000.0,3456000000.0,3426000000.0,3426000000.0,-8000000.0,-6000000.0,0.168,5198000000.0,5115000000.0,34933000000.0,0.0,0.491,5.781,5.998,0.0,30000000.0,28.01,0.448,0.448,23137000000.0,26951000000.0,20453000000.0,20453000000.0,0.0,,,,,0.0,0.0,1.0,1057493527.0,1057493527.0,,19.341,773224000000.0,0.0,1673000000.0,7599000000.0,731.186,
40,MET,MRQ,2011-06-30,2011-06-30,2011-06-30,2021-08-25,3356000000.0,771483000000.0,,,,,50.432,0.0,9628000000.0,9628000000.0,10937000000.0,1093000000.0,,13.462,36860000000.0,,,36860000000.0,0.0,0.0,10022000000.0,0.017,0.0,1548000000.0,1548000000.0,0.09,1548000000.0,1548000000.0,1548000000.0,1.01,1.0,1.01,53309000000.0,,53309000000.0,72344366033.0,24.0,20.248,3289000000.0,3.112,1.0,6209000000.0,0.362,12036000000.0,0.0,786679000000.0,,0.0,482170000000.0,,,717650000000.0,,,46372366033.0,-1135000000.0,173000000.0,26000000.0,104000000.0,0.0,4324000000.0,-8801000000.0,-8949000000.0,3289000000.0,53000000.0,1100000000.0,1069000000.0,1069000000.0,-31000000.0,-7000000.0,0.062,4699000000.0,1510000000.0,30079000000.0,0.0,0.87,23.373,24.785,0.0,31000000.0,43.87,0.799,0.799,21070000000.0,23399000000.0,17146000000.0,17146000000.0,0.0,,,,,0.0,0.0,1.0,1057040484.0,1057040484.0,,16.221,759447000000.0,0.0,448000000.0,3897000000.0,718.465,
41,MET,MRQ,2011-03-31,2011-03-31,2011-03-31,2021-08-25,1115000000.0,751341000000.0,,,,,50.493,0.0,10692000000.0,10692000000.0,10533000000.0,884000000.0,,14.072,36664000000.0,,,36664000000.0,0.0,0.0,9313000000.0,0.017,0.0,1238000000.0,1238000000.0,0.078,1238000000.0,1238000000.0,1238000000.0,0.66,0.66,0.66,49816000000.0,,49816000000.0,67463967760.0,18.0,15.301,3499000000.0,3.547,1.0,5375000000.0,0.338,11946000000.0,0.0,765367000000.0,,0.0,467283000000.0,,,700992000000.0,,,44129967760.0,-2238000000.0,-53000000.0,2997000000.0,297000000.0,0.0,2262000000.0,-8092000000.0,-7986000000.0,3499000000.0,93000000.0,877000000.0,701000000.0,701000000.0,40000000.0,7000000.0,0.044,4090000000.0,1285000000.0,28625000000.0,0.0,0.886,18.079,17.138,0.0,176000000.0,44.73,0.802,0.802,20315000000.0,22193000000.0,15908000000.0,15908000000.0,0.0,,,,,0.0,0.0,1.0,986585463.0,986585463.0,,16.124,739395000000.0,0.0,361000000.0,2351000000.0,749.449,
42,MET,MRQ,2010-12-31,2010-12-31,2010-12-31,2021-08-25,1000000000.0,730906000000.0,,,,,49.353,0.0,12957000000.0,12957000000.0,9278000000.0,-38000000.0,,14.021,36380000000.0,,,36380000000.0,0.0,585000000.0,10316000000.0,0.017,0.74,-182000000.0,403000000.0,0.032,403000000.0,-182000000.0,-182000000.0,-0.23,-0.23,-0.23,48625000000.0,,48625000000.0,64284719935.0,17.0,14.737,2792000000.0,2.834,1.0,3394000000.0,0.268,11781000000.0,0.0,742548000000.0,,0.0,460306000000.0,,,681793000000.0,,,43784719935.0,-1511000000.0,-3146000000.0,-32000000.0,-1609000000.0,-784000000.0,-5248000000.0,1066000000.0,4283000000.0,2792000000.0,-121000000.0,-41000000.0,-72000000.0,-72000000.0,-24000000.0,3000000.0,-0.006,3597000000.0,-203000000.0,27272000000.0,-3.217,0.9,17.204,15.431,0.0,31000000.0,44.44,0.838,0.838,19799000000.0,21363000000.0,12672000000.0,12672000000.0,0.0,,,,,0.0,0.0,1.0,985254724.0,985254724.0,,12.862,719125000000.0,0.0,-141000000.0,2153000000.0,729.887,
43,MET,MRQ,2010-09-30,2010-09-30,2010-09-30,2021-08-25,4030000000.0,617255000000.0,,,,,56.573,0.0,14557000000.0,14557000000.0,8964000000.0,320000000.0,,12.291,35057000000.0,,,35057000000.0,0.0,0.0,9362000000.0,0.019,0.0,384000000.0,384000000.0,0.031,384000000.0,384000000.0,384000000.0,0.33,0.32,0.33,46415000000.0,,46415000000.0,50857879858.0,12.0,10.918,1265000000.0,1.542,1.0,3374000000.0,0.273,4966000000.0,0.0,632789000000.0,,0.0,378683000000.0,,,570486000000.0,,,31545879858.0,3855000000.0,-121000000.0,3535000000.0,4899000000.0,0.0,11768000000.0,-9249000000.0,-9108000000.0,1265000000.0,71000000.0,316000000.0,286000000.0,286000000.0,-3000000.0,4000000.0,0.023,2989000000.0,385000000.0,31891000000.0,0.0,0.68,10.855,10.923,0.0,30000000.0,38.45,0.612,0.612,18654000000.0,22096000000.0,12338000000.0,12338000000.0,0.0,,,,,0.0,0.0,1.0,820439008.0,820439008.0,,15.038,612289000000.0,178000000.0,68000000.0,3543000000.0,746.294,
44,MET,MRQ,2010-06-30,2010-06-30,2010-06-30,2021-08-25,822000000.0,573907000000.0,,,,,48.009,0.0,10702000000.0,10702000000.0,8366000000.0,1547000000.0,,13.567,30014000000.0,,,30014000000.0,0.0,0.0,9790000000.0,0.02,0.0,2384000000.0,2384000000.0,0.169,2384000000.0,2384000000.0,2384000000.0,1.85,1.84,1.85,39375000000.0,,39375000000.0,50749958287.0,20.0,16.355,1057000000.0,1.289,1.0,5772000000.0,0.408,5037000000.0,0.0,588182000000.0,,0.0,358705000000.0,,,534183000000.0,,,30968958287.0,1500000000.0,-60000000.0,26000000.0,886000000.0,0.0,3016000000.0,-2522000000.0,-2402000000.0,1057000000.0,-51000000.0,1557000000.0,1526000000.0,1526000000.0,-11000000.0,-10000000.0,0.108,3409000000.0,2363000000.0,29772000000.0,0.0,0.787,15.72,15.733,0.0,31000000.0,37.76,0.627,0.627,18177000000.0,21820000000.0,14138000000.0,14138000000.0,0.0,,,,,0.0,0.0,1.0,820152497.0,820152497.0,,17.238,568870000000.0,243000000.0,827000000.0,2050000000.0,693.615,
45,MET,MRQ,2010-03-31,2010-03-31,2010-03-31,2021-08-25,-1191000000.0,565566000000.0,,,,,43.719,0.0,9202000000.0,9202000000.0,8983000000.0,834000000.0,,14.783,28983000000.0,,,28983000000.0,0.0,0.0,10032000000.0,0.017,0.0,1191000000.0,1191000000.0,0.091,1191000000.0,1191000000.0,1191000000.0,0.98,0.97,0.98,35811000000.0,,35811000000.0,48008554444.0,-22.0,-29.291,2871000000.0,3.505,1.0,4117000000.0,0.314,5049000000.0,0.0,580298000000.0,,0.0,346218000000.0,,,529387000000.0,,,35500554444.0,-910000000.0,-158000000.0,0.0,-753000000.0,0.0,3845000000.0,-7598000000.0,-7405000000.0,2871000000.0,-28000000.0,835000000.0,805000000.0,805000000.0,-5000000.0,-1000000.0,0.061,2932000000.0,1185000000.0,25982000000.0,0.0,0.991,-35.895,-36.42,0.0,30000000.0,43.34,0.815,0.815,17554000000.0,20294000000.0,13100000000.0,13100000000.0,0.0,,,,,0.0,0.0,1.0,819117546.0,819117546.0,,15.993,560517000000.0,149000000.0,356000000.0,66000000.0,684.294,
46,MET,MRQ,2009-12-31,2009-12-31,2009-12-31,2021-08-25,-3058000000.0,539314000000.0,,,,,40.451,0.0,10112000000.0,10112000000.0,8844000000.0,313000000.0,,15.272,22620000000.0,,,22620000000.0,0.0,520000000.0,10211000000.0,0.021,0.74,179000000.0,699000000.0,0.059,699000000.0,179000000.0,179000000.0,0.36,0.36,0.36,33121000000.0,,33121000000.0,37203247957.0,-9.0,-9.918,1085000000.0,1.325,1.0,3096000000.0,0.259,5047000000.0,0.0,546775000000.0,,0.0,327567000000.0,,,505816000000.0,,,28944247957.0,-5450000000.0,-93000000.0,8000000.0,-827000000.0,-610000000.0,23000000.0,-6578000000.0,-6454000000.0,1085000000.0,20000000.0,320000000.0,289000000.0,289000000.0,-21000000.0,-7000000.0,0.024,2945000000.0,151000000.0,24196000000.0,2.056,0.874,-12.223,-12.232,0.0,31000000.0,35.35,0.712,0.712,16752000000.0,19501000000.0,11940000000.0,11940000000.0,0.0,,,,,0.0,0.0,1.0,818790607.0,818790607.0,,14.582,534267000000.0,1544000000.0,-141000000.0,0.0,652.507,
47,MET,MRQ,2009-09-30,2009-09-30,2009-09-30,2021-08-25,-2234000000.0,535192000000.0,,,,,41.86,0.0,15562000000.0,15562000000.0,8870000000.0,-625000000.0,,14.608,23821000000.0,,,23821000000.0,0.0,0.0,0.0,0.019,0.0,-1171000000.0,-1171000000.0,-0.114,-1171000000.0,-1171000000.0,-1171000000.0,-0.79,-0.79,-0.79,34268000000.0,,34268000000.0,43637584865.0,-15.0,-16.868,3945000000.0,4.819,1.0,1368000000.0,0.134,5033000000.0,0.0,538418000000.0,,0.0,322729000000.0,,,500599000000.0,,,31165584865.0,2349000000.0,-260000000.0,0.0,-1841000000.0,0.0,-3124000000.0,1524000000.0,1810000000.0,3945000000.0,4000000.0,-620000000.0,-650000000.0,-650000000.0,1000000.0,-5000000.0,-0.063,2543000000.0,-1175000000.0,24363000000.0,0.0,0.909,-18.3,-18.847,0.0,30000000.0,38.07,0.73,0.73,16903000000.0,19822000000.0,10238000000.0,10238000000.0,0.0,,,,,0.0,0.0,1.0,818638951.0,818638951.0,,12.506,530159000000.0,947000000.0,-551000000.0,0.0,647.61,
48,MET,MRQ,2009-06-30,2009-06-30,2009-06-30,2021-08-25,-9834000000.0,509457000000.0,,,,,33.345,0.0,13213000000.0,13213000000.0,8609000000.0,-1418000000.0,,17.655,25685000000.0,,,25685000000.0,0.0,0.0,0.0,0.025,0.0,-2358000000.0,-2358000000.0,-0.285,-2358000000.0,-2358000000.0,-2358000000.0,-1.74,-1.74,-1.74,27293000000.0,,27293000000.0,29992483870.0,-47.0,-50.749,-242000000.0,-0.296,1.0,-344000000.0,-0.042,5036000000.0,0.0,516893000000.0,,0.0,312163000000.0,,,481845000000.0,,,24563483870.0,-6211000000.0,-69000000.0,0.0,654000000.0,0.0,1166000000.0,-7263000000.0,-7146000000.0,-242000000.0,128000000.0,-1402000000.0,-1433000000.0,-1433000000.0,-1000000.0,-16000000.0,-0.173,2031000000.0,-2375000000.0,24607000000.0,0.0,0.9,-54.224,-76.949,0.0,31000000.0,30.01,0.536,0.536,16730000000.0,20472000000.0,8265000000.0,8265000000.0,0.0,,,,,0.0,0.0,1.0,818509959.0,818509959.0,,10.098,504421000000.0,4109000000.0,-956000000.0,0.0,616.267,
49,MET,MRQ,2009-03-31,2009-03-31,2009-03-31,2021-08-25,-15358000000.0,491408000000.0,,,,,28.249,0.0,19424000000.0,19424000000.0,8174000000.0,-548000000.0,,20.25,24853000000.0,,,24853000000.0,0.0,0.0,0.0,0.032,0.0,-921000000.0,-921000000.0,-0.09,-921000000.0,-921000000.0,-921000000.0,-0.71,-0.71,-0.71,23110000000.0,,23110000000.0,15696711064.0,5.0,4.955,-985000000.0,-1.204,1.0,2040000000.0,0.2,5010000000.0,0.0,491827000000.0,,0.0,296821000000.0,,,467979000000.0,,,18627711064.0,-4815000000.0,-183000000.0,0.0,3623000000.0,0.0,-2168000000.0,-1618000000.0,-1380000000.0,-985000000.0,-44000000.0,-544000000.0,-574000000.0,-574000000.0,-37000000.0,-4000000.0,-0.056,3002000000.0,-962000000.0,24341000000.0,0.0,0.806,9.83,8.658,0.0,30000000.0,22.77,0.376,0.376,18514000000.0,21829000000.0,10214000000.0,10214000000.0,0.0,,,,,0.0,0.0,1.0,818081294.0,818081294.0,,12.485,486398000000.0,6349000000.0,-377000000.0,635000000.0,594.559,
50,MET,MRQ,2008-12-31,2008-12-31,2008-12-31,2021-08-25,-14253000000.0,501678000000.0,,,,,29.907,0.0,24207000000.0,24207000000.0,8669000000.0,976000000.0,,20.127,21276000000.0,,,21276000000.0,0.0,375000000.0,6884000000.0,0.021,0.74,1488000000.0,1863000000.0,0.133,1863000000.0,1488000000.0,1488000000.0,1.22,1.22,1.22,23734000000.0,,23734000000.0,28263593799.0,6.0,5.473,3700000000.0,4.662,1.0,5291000000.0,0.379,5008000000.0,0.0,493739000000.0,,0.0,298311000000.0,,,477693000000.0,,,27664593799.0,4030000000.0,-275000000.0,2183000000.0,-109000000.0,-592000000.0,-3019000000.0,3586000000.0,3912000000.0,3700000000.0,-237000000.0,985000000.0,954000000.0,954000000.0,-50000000.0,-9000000.0,0.068,3862000000.0,1429000000.0,31059000000.0,0.607,1.166,8.97,8.32,0.0,31000000.0,34.86,0.543,0.543,16973000000.0,22403000000.0,13960000000.0,13960000000.0,0.0,,,,,0.0,0.0,1.0,793591331.0,793591331.0,,17.591,496670000000.0,4927000000.0,503000000.0,342000000.0,625.851,
51,MET,MRQ,2008-09-30,2008-09-30,2008-09-30,2021-08-25,-7540000000.0,521299000000.0,,,,,39.214,0.0,20209000000.0,20209000000.0,8841000000.0,646000000.0,,17.73,20808000000.0,,,20808000000.0,0.0,-334000000.0,0.0,0.013,0.0,1159000000.0,825000000.0,0.062,825000000.0,1159000000.0,1159000000.0,0.84,0.83,0.84,27833000000.0,,27833000000.0,47320610112.0,10.0,8.88,1584000000.0,2.232,1.0,4510000000.0,0.338,5036000000.0,0.0,516862000000.0,,0.0,303556000000.0,,,493466000000.0,,,39747610112.0,6394000000.0,-684000000.0,12000000.0,1381000000.0,0.0,1713000000.0,3266000000.0,3972000000.0,1584000000.0,-169000000.0,630000000.0,600000000.0,600000000.0,404000000.0,16000000.0,0.045,2931000000.0,1579000000.0,43299000000.0,0.0,1.428,12.371,12.613,0.0,30000000.0,56.0,0.808,0.808,17865000000.0,22041000000.0,13351000000.0,13351000000.0,0.0,,,,,0.0,0.0,1.0,709778752.0,709778752.0,,18.81,516263000000.0,2387000000.0,529000000.0,0.0,727.358,
52,MET,MRQ,2008-06-30,2008-06-30,2008-06-30,2021-08-25,-2509000000.0,555787000000.0,,,,,45.813,0.0,13815000000.0,13815000000.0,8221000000.0,996000000.0,,16.08,21388000000.0,,,21388000000.0,0.0,113000000.0,0.0,0.014,0.0,1288000000.0,1401000000.0,0.116,1401000000.0,1288000000.0,1288000000.0,1.28,1.26,1.28,32541000000.0,,32541000000.0,47158862026.0,9.0,7.989,1875000000.0,2.64,1.0,3828000000.0,0.318,5161000000.0,0.0,558199000000.0,,0.0,336607000000.0,,,523246000000.0,,,37482862026.0,2941000000.0,-328000000.0,14000000.0,820000000.0,0.0,2841000000.0,-1785000000.0,-1407000000.0,1875000000.0,10000000.0,946000000.0,915000000.0,915000000.0,-117000000.0,50000000.0,0.076,2607000000.0,1221000000.0,45979000000.0,0.0,1.152,10.418,10.726,0.0,31000000.0,52.77,0.788,0.788,15402000000.0,21441000000.0,12049000000.0,12049000000.0,0.0,,,,,0.0,0.0,1.0,710306273.0,710306273.0,,16.963,550626000000.0,590000000.0,342000000.0,1017000000.0,775.195,
53,MET,MRQ,2008-03-31,2008-03-31,2008-03-31,2021-08-25,-1028000000.0,557132000000.0,,,,,46.532,0.0,10874000000.0,10874000000.0,8245000000.0,660000000.0,,15.883,20550000000.0,,,20550000000.0,0.0,221000000.0,0.0,0.012,0.0,855000000.0,1076000000.0,0.093,1076000000.0,855000000.0,855000000.0,0.85,0.84,0.85,32999000000.0,,32999000000.0,52867391790.0,10.0,8.609,3543000000.0,4.996,1.0,3379000000.0,0.291,5094000000.0,0.0,561714000000.0,,0.0,339226000000.0,,,524133000000.0,,,42734391790.0,506000000.0,-529000000.0,-1233000000.0,43000000.0,0.0,4654000000.0,-7738000000.0,-7185000000.0,3543000000.0,47000000.0,648000000.0,615000000.0,615000000.0,-35000000.0,12000000.0,0.053,2547000000.0,832000000.0,46649000000.0,0.0,1.295,11.21,11.678,0.0,33000000.0,60.26,0.877,0.877,14998000000.0,20526000000.0,11624000000.0,11624000000.0,0.0,,,,,0.0,0.0,1.0,709166807.0,709166807.0,,16.391,552038000000.0,430000000.0,207000000.0,1462000000.0,778.432,
54,MET,MRQ,2007-12-31,2007-12-31,2007-12-31,2021-08-25,1078000000.0,559149000000.0,,,,,47.501,0.0,9961000000.0,9961000000.0,7837000000.0,1266000000.0,,14.894,18724000000.0,,,18724000000.0,0.0,457000000.0,0.0,0.012,0.74,1570000000.0,2027000000.0,0.166,2027000000.0,1570000000.0,1570000000.0,1.47,1.43,1.47,35179000000.0,,35179000000.0,55304530080.0,9.0,8.576,2980000000.0,4.024,1.0,4360000000.0,0.357,4814000000.0,0.0,563098000000.0,,0.0,318048000000.0,,,523970000000.0,,,45635530080.0,1741000000.0,-337000000.0,-715000000.0,2237000000.0,-541000000.0,-6444000000.0,5144000000.0,5497000000.0,2980000000.0,61000000.0,1118000000.0,1083000000.0,1083000000.0,-198000000.0,148000000.0,0.089,2840000000.0,1520000000.0,44136000000.0,0.503,1.297,10.918,10.964,0.0,35000000.0,61.62,0.968,0.968,13373000000.0,19884000000.0,12197000000.0,12197000000.0,0.0,,,,,0.0,0.0,1.0,740596074.0,740596074.0,,16.469,554335000000.0,334000000.0,452000000.0,1502000000.0,748.498,
55,MET,MRQ,2007-09-30,2007-09-30,2007-09-30,2021-08-25,56000000.0,563077000000.0,,,,,46.773,0.0,8627000000.0,8627000000.0,7872000000.0,1019000000.0,,15.206,18296000000.0,,,18296000000.0,0.0,0.0,0.0,0.008,0.0,1399000000.0,1399000000.0,0.12,1399000000.0,1399000000.0,1399000000.0,1.32,1.29,1.32,34746000000.0,,34746000000.0,63049400618.0,7.0,7.086,2781000000.0,3.744,1.0,3806000000.0,0.326,4909000000.0,0.0,567837000000.0,,0.0,339332000000.0,,,528331000000.0,,,51800400618.0,2123000000.0,-1124000000.0,-180000000.0,511000000.0,0.0,418000000.0,-1076000000.0,88000000.0,2781000000.0,0.0,1019000000.0,985000000.0,985000000.0,-76000000.0,0.0,0.084,2483000000.0,1323000000.0,49283000000.0,0.0,1.491,7.479,7.596,0.0,34000000.0,69.73,1.143,1.143,16549000000.0,19342000000.0,11678000000.0,11678000000.0,0.0,,,,,0.0,0.0,1.0,742871083.0,742871083.0,,15.72,558168000000.0,0.0,380000000.0,1656000000.0,751.366,
56,MET,MRQ,2007-06-30,2007-06-30,2007-06-30,2021-08-25,-292000000.0,552564000000.0,,,,,45.246,0.0,6504000000.0,6504000000.0,8752000000.0,1163000000.0,,15.467,17753000000.0,,,17753000000.0,0.0,0.0,0.0,0.009,0.0,1639000000.0,1639000000.0,0.124,1639000000.0,1639000000.0,1639000000.0,1.52,1.48,1.52,33555000000.0,,33555000000.0,58766796341.0,7.0,6.611,1931000000.0,2.604,1.0,4465000000.0,0.338,4904000000.0,0.0,558909000000.0,,0.0,336124000000.0,,,519009000000.0,,,47818796341.0,-41000000.0,-469000000.0,29000000.0,193000000.0,0.0,5954000000.0,-7926000000.0,-7395000000.0,1931000000.0,0.0,1163000000.0,1129000000.0,1129000000.0,-8000000.0,0.0,0.085,2834000000.0,1631000000.0,50590000000.0,0.0,1.425,6.89,7.032,0.0,34000000.0,64.48,1.036,1.036,15297000000.0,18357000000.0,13217000000.0,13217000000.0,0.0,,,,,0.0,0.0,1.0,741606643.0,741606643.0,,17.822,547660000000.0,0.0,476000000.0,1057000000.0,738.478,
57,MET,MRQ,2007-03-31,2007-03-31,2007-03-31,2021-08-25,1402000000.0,537809000000.0,,,,,45.264,0.0,6545000000.0,6545000000.0,8573000000.0,1017000000.0,,14.786,17493000000.0,,,17493000000.0,0.0,0.0,0.0,0.009,0.0,1433000000.0,1433000000.0,0.111,1433000000.0,1433000000.0,1433000000.0,1.31,1.28,1.31,34069000000.0,,34069000000.0,55632051644.0,7.0,6.864,2210000000.0,2.936,1.0,4339000000.0,0.336,4897000000.0,0.0,543860000000.0,,0.0,330511000000.0,,,503740000000.0,,,47531051644.0,-562000000.0,-371000000.0,-729000000.0,2279000000.0,0.0,4014000000.0,-6786000000.0,-6393000000.0,2210000000.0,0.0,1017000000.0,983000000.0,983000000.0,10000000.0,0.0,0.076,2896000000.0,1443000000.0,48140000000.0,0.0,1.395,7.394,7.465,0.0,34000000.0,63.15,1.073,1.073,15581000000.0,17228000000.0,12912000000.0,12912000000.0,0.0,,,,,0.0,0.0,1.0,752669068.0,752669068.0,,17.155,532912000000.0,122000000.0,416000000.0,1992000000.0,708.03,
58,MET,MRQ,2006-12-31,2006-12-31,2006-12-31,2021-08-25,1118000000.0,527715000000.0,,,,,44.457,0.0,7107000000.0,7107000000.0,4965000000.0,3863000000.0,,14.614,15208000000.0,,,15208000000.0,0.0,394000000.0,0.0,0.01,0.59,4033000000.0,4427000000.0,0.589,4427000000.0,4033000000.0,4033000000.0,5.03,4.96,5.03,33798000000.0,,33798000000.0,53488380192.0,7.0,6.944,678000000.0,0.892,1.0,2553000000.0,0.34,4897000000.0,0.0,530919000000.0,,0.0,323152000000.0,,,493917000000.0,,,44861380192.0,1183000000.0,4854000000.0,-482000000.0,568000000.0,-450000000.0,-1594000000.0,2052000000.0,-2906000000.0,678000000.0,47000000.0,3863000000.0,3829000000.0,3829000000.0,-3235000000.0,0.0,0.509,1755000000.0,798000000.0,45846000000.0,0.117,1.327,7.284,7.294,0.0,34000000.0,59.01,1.045,1.045,14490000000.0,16574000000.0,7518000000.0,7518000000.0,0.0,,,,,0.0,0.0,1.0,760233523.0,760233523.0,,9.889,522818000000.0,0.0,170000000.0,3743000000.0,687.707,
59,MET,MRQ,2006-09-30,2006-09-30,2006-09-30,2021-08-25,1887000000.0,516186000000.0,,,,,41.625,0.0,5924000000.0,5924000000.0,8468000000.0,1033000000.0,,15.33,14551000000.0,,,14551000000.0,0.0,0.0,0.0,0.009,0.0,1390000000.0,1390000000.0,0.111,1390000000.0,1390000000.0,1390000000.0,1.31,1.29,1.31,31610000000.0,,31610000000.0,54040421596.0,13.0,11.919,1848000000.0,2.434,1.0,4060000000.0,0.324,4916000000.0,0.0,519897000000.0,,0.0,321219000000.0,,,484576000000.0,,,43042421596.0,1798000000.0,49000000.0,23000000.0,-592000000.0,0.0,1722000000.0,-1772000000.0,-1738000000.0,1848000000.0,0.0,1033000000.0,999000000.0,999000000.0,-74000000.0,0.0,0.08,2744000000.0,1316000000.0,48082000000.0,0.0,1.362,14.314,14.386,0.0,34000000.0,56.68,0.918,0.918,14494000000.0,13195000000.0,12528000000.0,12528000000.0,0.0,,,,,0.0,0.0,1.0,759393465.0,759393465.0,,16.497,511270000000.0,170000000.0,357000000.0,2319000000.0,673.261,
60,MET,MRQ,2006-06-30,2006-06-30,2006-06-30,2021-08-25,-991000000.0,500305000000.0,,,,,36.488,0.0,4126000000.0,4126000000.0,8010000000.0,650000000.0,,17.074,15124000000.0,,,15124000000.0,0.0,0.0,0.0,0.01,0.0,855000000.0,855000000.0,0.075,855000000.0,855000000.0,855000000.0,0.81,0.8,0.81,27681000000.0,,27681000000.0,47131863502.0,12.0,11.343,1676000000.0,2.209,1.0,3341000000.0,0.294,4913000000.0,0.0,506390000000.0,,0.0,312854000000.0,,,472624000000.0,,,38849863502.0,-1018000000.0,13000000.0,24000000.0,1661000000.0,0.0,1370000000.0,-4064000000.0,-3980000000.0,1676000000.0,0.0,650000000.0,617000000.0,617000000.0,-57000000.0,0.0,0.054,2543000000.0,798000000.0,46612000000.0,0.0,1.403,14.127,14.186,0.0,33000000.0,51.21,0.838,0.838,13216000000.0,12196000000.0,11351000000.0,11351000000.0,0.0,,,,,0.0,0.0,1.0,758638225.0,758638225.0,,14.962,495392000000.0,154000000.0,205000000.0,485000000.0,653.002,
61,MET,MRQ,2006-03-31,2006-03-31,2006-03-31,2021-08-25,590000000.0,499102000000.0,,,,,37.689,0.0,5144000000.0,5144000000.0,8023000000.0,747000000.0,,16.471,13426000000.0,,,13426000000.0,0.0,0.0,0.0,0.011,0.0,1031000000.0,1031000000.0,0.089,1031000000.0,1031000000.0,1031000000.0,0.94,0.93,0.94,28567000000.0,,28567000000.0,46080507351.0,8.0,7.686,2352000000.0,3.103,1.0,3509000000.0,0.304,4797000000.0,0.0,502587000000.0,,0.0,312373000000.0,,,470535000000.0,,,36662507351.0,1126000000.0,-295000000.0,18000000.0,23000000.0,0.0,13876000000.0,-15102000000.0,-14772000000.0,2352000000.0,0.0,747000000.0,714000000.0,714000000.0,-17000000.0,0.0,0.062,2495000000.0,1014000000.0,47059000000.0,0.0,1.283,8.374,8.268,0.0,33000000.0,48.37,0.798,0.798,12731000000.0,11579000000.0,11532000000.0,11532000000.0,0.0,,,,,0.0,0.0,1.0,757959631.0,757959631.0,,15.215,494305000000.0,0.0,284000000.0,1287000000.0,652.152,
62,MET,MRQ,2005-12-31,2005-12-31,2005-12-31,2021-08-25,1912000000.0,481645000000.0,,,,,38.428,0.0,4018000000.0,4018000000.0,8029000000.0,709000000.0,,15.551,13436000000.0,,,13436000000.0,0.0,352000000.0,0.0,0.011,0.52,906000000.0,1258000000.0,0.11,1258000000.0,906000000.0,906000000.0,0.88,0.88,0.88,29101000000.0,,29101000000.0,43085584270.0,7.0,6.852,3183000000.0,4.203,1.0,3441000000.0,0.3,4797000000.0,0.0,486266000000.0,,0.0,301709000000.0,,,452544000000.0,,,37106584270.0,-2932000000.0,289000000.0,13000000.0,445000000.0,-394000000.0,-5646000000.0,-469000000.0,-405000000.0,3183000000.0,0.0,709000000.0,677000000.0,677000000.0,-138000000.0,0.0,0.059,2673000000.0,768000000.0,34515000000.0,0.591,1.275,7.978,7.89,0.0,32000000.0,49.0,0.831,0.831,12186000000.0,10865000000.0,11470000000.0,11470000000.0,0.0,,,,,0.0,0.0,1.0,757277230.0,757277230.0,,15.146,476848000000.0,0.0,197000000.0,1775000000.0,629.687,
63,MET,MRQ,2005-09-30,2005-09-30,2005-09-30,2021-08-25,1874000000.0,482819000000.0,,,,,38.014,0.0,6950000000.0,6950000000.0,8412000000.0,773000000.0,,15.79,12929000000.0,,,12929000000.0,0.0,0.0,0.0,0.009,0.0,1011000000.0,1011000000.0,0.084,1011000000.0,1011000000.0,1011000000.0,0.98,0.97,0.98,28757000000.0,,28757000000.0,37503523822.0,7.0,6.071,1217000000.0,1.609,1.0,3576000000.0,0.298,4564000000.0,0.0,484234000000.0,,0.0,302343000000.0,,,454062000000.0,,,37695523822.0,-6659000000.0,-10668000000.0,21000000.0,-475000000.0,0.0,7150000000.0,-15026000000.0,-4322000000.0,1217000000.0,0.0,773000000.0,742000000.0,742000000.0,-50000000.0,0.0,0.062,2615000000.0,961000000.0,40127000000.0,0.0,1.311,8.405,8.223,0.0,31000000.0,49.83,0.875,0.875,14391000000.0,10582000000.0,11988000000.0,11988000000.0,0.0,,,,,0.0,0.0,1.0,756482517.0,756482517.0,,15.847,478255000000.0,0.0,238000000.0,1553000000.0,632.209,
64,MET,MRQ,2005-06-30,2005-06-30,2005-06-30,2021-08-25,3081000000.0,381431000000.0,,,,,38.415,0.0,13609000000.0,13609000000.0,7495000000.0,2245000000.0,,12.54,13417000000.0,,,13417000000.0,0.0,0.0,0.0,0.01,0.0,2695000000.0,2695000000.0,0.246,2695000000.0,2695000000.0,2695000000.0,3.05,3.02,3.05,28171000000.0,,28171000000.0,37564596738.0,7.0,6.107,1963000000.0,2.677,1.0,3460000000.0,0.316,0.0,0.0,381239000000.0,,0.0,245845000000.0,,,353260000000.0,,,32955596738.0,9684000000.0,2422000000.0,19000000.0,4915000000.0,0.0,7826000000.0,-105000000.0,-2417000000.0,1963000000.0,0.0,2245000000.0,2245000000.0,2245000000.0,-1240000000.0,0.0,0.205,2005000000.0,1455000000.0,31632000000.0,0.0,1.17,7.426,7.478,0.0,0.0,44.94,0.803,0.803,7822000000.0,9840000000.0,10955000000.0,10955000000.0,0.0,,,,,0.0,0.0,1.0,733324360.0,733324360.0,,14.939,381431000000.0,0.0,450000000.0,3836000000.0,520.14,
65,MET,MRQ,2005-03-31,2005-03-31,2005-03-31,2021-08-25,2156000000.0,362671000000.0,,,,,31.433,0.0,3925000000.0,3925000000.0,7136000000.0,987000000.0,,14.742,8534000000.0,,,8534000000.0,0.0,0.0,0.0,0.012,0.0,1337000000.0,1337000000.0,0.13,1337000000.0,1337000000.0,1337000000.0,1.34,1.33,1.34,23038000000.0,,23038000000.0,33463343610.0,8.0,7.201,1656000000.0,2.259,1.0,3121000000.0,0.304,0.0,0.0,367280000000.0,,0.0,240967000000.0,,,339633000000.0,,,28657343610.0,-181000000.0,274000000.0,19000000.0,-297000000.0,0.0,5180000000.0,-7017000000.0,-7301000000.0,1656000000.0,0.0,987000000.0,987000000.0,987000000.0,-187000000.0,0.0,0.096,1971000000.0,1150000000.0,31713000000.0,0.0,1.244,9.106,9.265,0.0,0.0,39.1,0.724,0.724,7515000000.0,7595000000.0,10257000000.0,10257000000.0,0.0,,,,,0.0,0.0,1.0,732924389.0,732924389.0,,13.995,362671000000.0,0.0,350000000.0,2445000000.0,494.827,
66,MET,MRQ,2004-12-31,2004-12-31,2004-12-31,2021-08-25,2956000000.0,356808000000.0,,,,,30.664,0.0,4048000000.0,4048000000.0,7078000000.0,511000000.0,,14.633,8857000000.0,,,8857000000.0,0.0,444000000.0,0.0,0.011,0.46,690000000.0,1134000000.0,0.115,1134000000.0,690000000.0,690000000.0,0.69,0.68,0.69,22824000000.0,,22824000000.0,34822063756.0,9.0,8.295,2250000000.0,3.023,1.0,2780000000.0,0.282,633000000.0,0.0,360984000000.0,,0.0,234967000000.0,,,333984000000.0,,,30153063756.0,475000000.0,-55000000.0,-497000000.0,588000000.0,-343000000.0,1692000000.0,-3467000000.0,-3307000000.0,2250000000.0,0.0,511000000.0,511000000.0,511000000.0,-78000000.0,0.0,0.052,2168000000.0,612000000.0,28678000000.0,0.667,1.321,10.933,11.038,0.0,0.0,40.51,0.779,0.779,6695000000.0,6608000000.0,9858000000.0,9858000000.0,0.0,,,,,0.0,0.0,1.0,744336306.0,744336306.0,,13.244,356175000000.0,0.0,179000000.0,2894000000.0,478.514,
67,MET,MRQ,2004-09-30,2004-09-30,2004-09-30,2021-08-25,2794000000.0,346179000000.0,,,,,30.628,0.0,3592000000.0,3592000000.0,7070000000.0,695000000.0,,14.068,8261000000.0,,,8261000000.0,0.0,0.0,0.0,0.006,0.0,985000000.0,985000000.0,0.099,985000000.0,985000000.0,985000000.0,0.93,0.92,0.93,22975000000.0,,22975000000.0,33977960781.0,9.0,7.715,865000000.0,1.153,1.0,2902000000.0,0.291,0.0,0.0,350848000000.0,,0.0,230335000000.0,,,323204000000.0,,,28992960781.0,-828000000.0,-171000000.0,-200000000.0,-1162000000.0,0.0,2946000000.0,-4639000000.0,-3371000000.0,865000000.0,0.0,695000000.0,695000000.0,695000000.0,-16000000.0,0.0,0.07,1933000000.0,969000000.0,28662000000.0,0.0,1.262,9.905,9.91,0.0,0.0,38.65,0.758,0.758,7089000000.0,6440000000.0,9972000000.0,9972000000.0,0.0,,,,,0.0,0.0,1.0,750141288.0,750141288.0,,13.293,346179000000.0,0.0,290000000.0,2969000000.0,461.485,
68,MET,MRQ,2004-06-30,2004-06-30,2004-06-30,2021-08-25,1717000000.0,338229000000.0,,,,,28.202,0.0,4459000000.0,4459000000.0,6540000000.0,954000000.0,,14.867,9444000000.0,,,9444000000.0,0.0,0.0,0.0,0.006,0.0,1191000000.0,1191000000.0,0.126,1191000000.0,1191000000.0,1191000000.0,1.26,1.26,1.26,21316000000.0,,21316000000.0,32725851919.0,9.0,7.912,2269000000.0,3.002,1.0,2931000000.0,0.309,0.0,0.0,343214000000.0,,0.0,222987000000.0,,,316913000000.0,,,27096851919.0,1313000000.0,575000000.0,-194000000.0,668000000.0,0.0,2373000000.0,-3329000000.0,-4002000000.0,2269000000.0,0.0,954000000.0,954000000.0,954000000.0,-126000000.0,0.0,0.101,1866000000.0,1065000000.0,28132000000.0,0.0,1.271,9.657,9.637,0.0,0.0,35.85,0.732,0.732,7566000000.0,5663000000.0,9471000000.0,9471000000.0,0.0,,,,,0.0,0.0,1.0,755839663.0,755839663.0,,12.53,338229000000.0,0.0,237000000.0,2687000000.0,447.488,
69,MET,MRQ,2004-03-31,2004-03-31,2004-03-31,2021-08-25,3444000000.0,337213000000.0,,,,,29.469,0.0,3146000000.0,3146000000.0,6638000000.0,598000000.0,,14.14,8775000000.0,,,8775000000.0,0.0,0.0,0.0,0.006,0.0,888000000.0,888000000.0,0.094,888000000.0,888000000.0,888000000.0,0.79,0.79,0.79,22273000000.0,,22273000000.0,32579279321.0,10.0,8.718,1126000000.0,1.49,1.0,2779000000.0,0.295,0.0,0.0,342842000000.0,,0.0,225516000000.0,,,314940000000.0,,,26967279321.0,-587000000.0,69000000.0,-63000000.0,-569000000.0,0.0,1262000000.0,-2975000000.0,-4014000000.0,1126000000.0,0.0,598000000.0,598000000.0,598000000.0,-46000000.0,0.0,0.064,1851000000.0,928000000.0,28045000000.0,0.0,1.211,11.089,10.978,0.0,0.0,35.68,0.741,0.741,7554000000.0,4716000000.0,9417000000.0,9417000000.0,0.0,,,,,0.0,0.0,1.0,755809398.0,755809398.0,,12.459,337213000000.0,0.0,290000000.0,3490000000.0,446.161,
70,MET,MRQ,2003-12-31,2003-12-31,2003-12-31,2021-08-25,2792000000.0,326841000000.0,,,,,27.822,0.0,3683000000.0,3683000000.0,6775000000.0,701000000.0,,14.454,9345000000.0,,,9345000000.0,0.0,486000000.0,0.0,0.007,0.23,854000000.0,1340000000.0,0.143,1340000000.0,854000000.0,854000000.0,0.92,0.9,0.92,21149000000.0,,21149000000.0,28860697739.0,10.0,8.696,1180000000.0,1.552,1.0,2610000000.0,0.278,0.0,0.0,332503000000.0,,0.0,218057000000.0,,,305692000000.0,,,25594697739.0,-1639000000.0,766000000.0,-99000000.0,698000000.0,-175000000.0,11782000000.0,-14601000000.0,-8991000000.0,1180000000.0,0.0,701000000.0,680000000.0,680000000.0,-305000000.0,0.0,0.072,2035000000.0,575000000.0,27083000000.0,0.25,1.21,11.655,11.337,0.0,21000000.0,33.67,0.727,0.727,7024000000.0,4193000000.0,9385000000.0,9385000000.0,0.0,,,,,0.0,0.0,1.0,760163283.0,760163283.0,,12.346,326841000000.0,0.0,153000000.0,3048000000.0,429.962,
71,MET,MRQ,2003-09-30,2003-09-30,2003-09-30,2021-08-25,3009000000.0,314983000000.0,,,,,27.501,0.0,5372000000.0,5372000000.0,6389000000.0,574000000.0,,14.067,8638000000.0,,,8638000000.0,0.0,0.0,0.0,0.007,0.0,717000000.0,717000000.0,0.082,717000000.0,717000000.0,717000000.0,0.75,0.75,0.75,20905000000.0,,20905000000.0,24613034600.0,10.0,7.994,1746000000.0,2.297,1.0,2332000000.0,0.267,0.0,0.0,318249000000.0,,0.0,210951000000.0,,,294078000000.0,,,21322034600.0,-342000000.0,-78000000.0,0.0,-446000000.0,0.0,2140000000.0,-4228000000.0,-5633000000.0,1746000000.0,0.0,574000000.0,574000000.0,574000000.0,-23000000.0,0.0,0.066,1638000000.0,694000000.0,24666000000.0,0.0,1.02,10.266,9.912,0.0,0.0,28.05,0.62,0.62,7133000000.0,3667000000.0,8721000000.0,8721000000.0,0.0,,,,,0.0,0.0,1.0,760143836.0,760143836.0,,11.473,314983000000.0,0.0,143000000.0,3128000000.0,414.373,
72,MET,MRQ,2003-06-30,2003-06-30,2003-06-30,2021-08-25,3306000000.0,309822000000.0,,,,,29.446,0.0,5714000000.0,5714000000.0,6238000000.0,580000000.0,,14.01,9005000000.0,,,9005000000.0,0.0,0.0,0.0,0.007,0.0,792000000.0,792000000.0,0.089,792000000.0,792000000.0,792000000.0,0.79,0.79,0.79,20623000000.0,,20623000000.0,22818546680.0,10.0,8.126,2225000000.0,3.177,1.0,2625000000.0,0.296,0.0,0.0,313113000000.0,,0.0,208247000000.0,,,288922000000.0,,,19834546680.0,776000000.0,-53000000.0,3000000.0,1082000000.0,0.0,4879000000.0,-6328000000.0,-9535000000.0,2225000000.0,0.0,580000000.0,580000000.0,580000000.0,-8000000.0,0.0,0.065,1841000000.0,784000000.0,23028000000.0,0.0,0.962,10.833,11.106,0.0,0.0,28.32,0.588,0.588,7512000000.0,3093000000.0,8863000000.0,8863000000.0,0.0,,,,,0.0,0.0,1.0,700372411.0,700372411.0,,12.655,309822000000.0,0.0,212000000.0,3240000000.0,442.368,
73,MET,MRQ,2003-03-31,2003-03-31,2003-03-31,2021-08-25,2312000000.0,286858000000.0,,,,,25.76,0.0,4938000000.0,4938000000.0,6203000000.0,362000000.0,,14.887,7922000000.0,,,7922000000.0,0.0,0.0,0.0,0.008,0.0,477000000.0,477000000.0,0.057,477000000.0,477000000.0,477000000.0,0.49,0.47,0.49,18039000000.0,,18039000000.0,21736344509.0,11.0,8.478,976000000.0,1.394,1.0,2159000000.0,0.258,0.0,0.0,289842000000.0,,0.0,193480000000.0,,,268542000000.0,,,18473344509.0,2615000000.0,164000000.0,0.0,1310000000.0,0.0,3360000000.0,-1721000000.0,-3296000000.0,976000000.0,0.0,362000000.0,362000000.0,362000000.0,-67000000.0,0.0,0.043,1749000000.0,410000000.0,19566000000.0,0.0,1.024,11.278,11.42,0.0,0.0,26.38,0.558,0.558,7968000000.0,3169000000.0,8362000000.0,8362000000.0,0.0,,,,,0.0,0.0,1.0,700278412.0,700278412.0,,11.941,286858000000.0,0.0,115000000.0,2570000000.0,409.634,
74,MET,MRQ,2002-12-31,2002-12-31,2002-12-31,2021-08-25,2007000000.0,277426000000.0,,,,,24.826,0.0,2323000000.0,2323000000.0,6360000000.0,561000000.0,,14.885,5586000000.0,,,5586000000.0,0.0,498000000.0,0.0,0.008,0.21,595000000.0,1093000000.0,0.13,1093000000.0,595000000.0,595000000.0,0.8,0.78,0.8,17385000000.0,,17385000000.0,19594528260.0,9.0,7.557,1753000000.0,2.503,1.0,2058000000.0,0.244,0.0,0.0,280689000000.0,,0.0,188335000000.0,,,258776000000.0,,,18935528260.0,-1324000000.0,786000000.0,0.0,1280000000.0,-147000000.0,3227000000.0,-6304000000.0,-8461000000.0,1753000000.0,0.0,561000000.0,561000000.0,561000000.0,-418000000.0,0.0,0.067,1881000000.0,177000000.0,17862000000.0,0.263,1.089,11.798,11.86,0.0,0.0,27.04,0.579,0.579,6445000000.0,2807000000.0,8418000000.0,8418000000.0,0.0,,,,,0.0,0.0,1.0,700278412.0,700278412.0,,12.021,277426000000.0,0.0,34000000.0,2394000000.0,396.165,
75,MET,MRQ,2002-09-30,2002-09-30,2002-09-30,2021-08-25,2114000000.0,267934000000.0,,,,,24.33,0.0,3647000000.0,3647000000.0,5979000000.0,328000000.0,,14.616,4306000000.0,,,4306000000.0,0.0,0.0,0.0,0.009,0.0,446000000.0,446000000.0,0.055,446000000.0,446000000.0,446000000.0,0.47,0.45,0.47,17077000000.0,,17077000000.0,15899752657.0,15.0,10.338,532000000.0,0.758,1.0,2132000000.0,0.263,0.0,0.0,268593000000.0,,0.0,180651000000.0,,,249594000000.0,,,15974752657.0,84000000.0,35000000.0,-40000000.0,818000000.0,0.0,2125000000.0,-2573000000.0,-5645000000.0,532000000.0,0.0,328000000.0,328000000.0,328000000.0,-26000000.0,0.0,0.04,1707000000.0,425000000.0,16251000000.0,0.0,0.935,21.357,20.881,0.0,0.0,22.76,0.495,0.495,8165000000.0,2393000000.0,8111000000.0,8111000000.0,0.0,,,,,0.0,0.0,1.0,701878412.0,701878412.0,,11.556,267934000000.0,0.0,118000000.0,2039000000.0,381.738,
76,MET,MRQ,2002-06-30,2002-06-30,2002-06-30,2021-08-25,1469000000.0,261231000000.0,,,,,22.885,0.0,3563000000.0,3563000000.0,6097000000.0,387000000.0,,15.103,3488000000.0,,,3488000000.0,0.0,0.0,0.0,0.007,0.0,548000000.0,548000000.0,0.067,548000000.0,548000000.0,548000000.0,0.55,0.53,0.55,16144000000.0,,16144000000.0,20272403786.0,24.0,15.323,1228000000.0,1.741,1.0,2104000000.0,0.257,0.0,0.0,261156000000.0,,0.0,171029000000.0,,,243827000000.0,,,20316403786.0,-461000000.0,-1011000000.0,-191000000.0,-492000000.0,0.0,759000000.0,-2448000000.0,-1313000000.0,1228000000.0,0.0,387000000.0,387000000.0,387000000.0,-16000000.0,0.0,0.047,1572000000.0,532000000.0,13486000000.0,0.0,1.258,34.908,34.286,0.0,0.0,28.8,0.635,0.635,8170000000.0,2065000000.0,8201000000.0,8201000000.0,0.0,,,,,0.0,0.0,1.0,705430687.0,705430687.0,,11.626,261231000000.0,0.0,161000000.0,1685000000.0,370.314,
77,MET,MRQ,2002-03-31,2002-03-31,2002-03-31,2021-08-25,842000000.0,258710000000.0,,,,,21.62,0.0,4024000000.0,4024000000.0,5829000000.0,329000000.0,,15.805,3980000000.0,,,3980000000.0,0.0,0.0,0.0,0.006,0.0,515000000.0,515000000.0,0.065,515000000.0,515000000.0,515000000.0,0.46,0.44,0.46,15320000000.0,,15320000000.0,18830841788.0,24.0,14.851,667000000.0,0.941,1.0,2146000000.0,0.269,0.0,0.0,258666000000.0,,0.0,165566000000.0,,,242132000000.0,,,22320841788.0,-3449000000.0,-6000000.0,-240000000.0,-3000000.0,0.0,772000000.0,-4888000000.0,-5490000000.0,667000000.0,0.0,329000000.0,329000000.0,329000000.0,-17000000.0,0.0,0.041,1653000000.0,493000000.0,13665000000.0,0.0,1.457,43.341,43.75,0.0,0.0,31.5,0.709,0.709,8111000000.0,1678000000.0,7975000000.0,7975000000.0,0.0,,,,,0.0,0.0,1.0,708598152.0,708598152.0,,11.255,258710000000.0,0.0,186000000.0,1317000000.0,365.101,
78,MET,MRQ,2001-12-31,2001-12-31,2001-12-31,2021-08-25,1673000000.0,256970000000.0,,,,,22.161,0.0,7473000000.0,7473000000.0,6382000000.0,-296000000.0,,14.92,3983000000.0,,,3983000000.0,0.0,481000000.0,0.0,0.006,0.2,-452000000.0,29000000.0,0.004,29000000.0,-452000000.0,-452000000.0,-0.39,-0.37,-0.39,16062000000.0,,16062000000.0,21568837057.0,32.0,18.626,1319000000.0,1.82,1.0,1631000000.0,0.204,0.0,0.0,253480000000.0,,0.0,162222000000.0,,,239652000000.0,,,22960837057.0,3028000000.0,-442000000.0,-304000000.0,979000000.0,-145000000.0,1830000000.0,-121000000.0,1142000000.0,1319000000.0,0.0,-296000000.0,-296000000.0,-296000000.0,-46000000.0,0.0,-0.037,2129000000.0,-498000000.0,12661000000.0,-0.513,1.43,48.543,49.5,0.0,0.0,31.68,0.736,0.736,6509000000.0,1349000000.0,8013000000.0,8013000000.0,0.0,,,,,0.0,0.0,1.0,724773897.0,724773897.0,,11.056,256970000000.0,0.0,-156000000.0,1832000000.0,354.552,
79,MET,MRQ,2001-09-30,2001-09-30,2001-09-30,2021-08-25,1834000000.0,251895000000.0,,,,,23.118,0.0,4445000000.0,4445000000.0,6015000000.0,162000000.0,,13.816,3053000000.0,,,3053000000.0,0.0,0.0,0.0,0.007,0.0,231000000.0,231000000.0,0.03,231000000.0,231000000.0,231000000.0,0.22,0.21,0.22,16928000000.0,,16928000000.0,21429365660.0,12.0,9.99,864000000.0,1.18,1.0,1802000000.0,0.231,0.0,0.0,250503000000.0,,0.0,162627000000.0,,,233871000000.0,,,21747365660.0,-303000000.0,-137000000.0,-506000000.0,-1398000000.0,0.0,-436000000.0,-731000000.0,-1321000000.0,864000000.0,0.0,162000000.0,162000000.0,162000000.0,-17000000.0,0.0,0.021,1588000000.0,214000000.0,13123000000.0,0.0,1.285,15.991,16.5,0.0,0.0,29.7,0.702,0.702,8063000000.0,1790000000.0,7817000000.0,7817000000.0,0.0,,,,,0.0,0.0,1.0,732234534.0,732234534.0,,10.676,251895000000.0,0.0,69000000.0,1944000000.0,344.009,
80,MET,MRQ,2001-06-30,2001-06-30,2001-06-30,2021-08-25,1325000000.0,254777000000.0,,,,,22.359,0.0,4748000000.0,4748000000.0,5517000000.0,320000000.0,,14.134,4430000000.0,,,4430000000.0,0.0,0.0,0.0,0.006,0.0,493000000.0,493000000.0,0.064,493000000.0,493000000.0,493000000.0,0.43,0.41,0.43,16763000000.0,,16763000000.0,23070733792.0,12.0,10.364,1284000000.0,1.713,1.0,2145000000.0,0.28,0.0,0.0,254459000000.0,,0.0,159629000000.0,,,236920000000.0,,,23226733792.0,543000000.0,-48000000.0,-273000000.0,412000000.0,0.0,275000000.0,-1016000000.0,-575000000.0,1284000000.0,0.0,320000000.0,320000000.0,320000000.0,0.0,0.0,0.042,1652000000.0,493000000.0,12709000000.0,0.0,1.386,16.141,16.392,0.0,0.0,30.98,0.753,0.753,8139000000.0,1628000000.0,7662000000.0,7662000000.0,0.0,,,,,0.0,0.0,1.0,749733176.0,749733176.0,,10.22,254777000000.0,0.0,173000000.0,1477000000.0,339.824,
81,MET,MRQ,2001-03-31,2001-03-31,2001-03-31,2021-08-25,1631000000.0,254117000000.0,,,,,22.485,0.0,4205000000.0,4205000000.0,5710000000.0,287000000.0,,13.865,4049000000.0,,,4049000000.0,0.0,0.0,0.0,0.007,0.0,427000000.0,427000000.0,0.055,427000000.0,427000000.0,427000000.0,0.38,0.37,0.38,17022000000.0,,17022000000.0,22835402383.0,17.0,13.049,791000000.0,1.045,1.0,2080000000.0,0.267,0.0,0.0,253961000000.0,,0.0,160502000000.0,,,236003000000.0,,,22749402383.0,771000000.0,7000000.0,-238000000.0,505000000.0,0.0,1082000000.0,-1102000000.0,-1369000000.0,791000000.0,0.0,287000000.0,287000000.0,287000000.0,0.0,0.0,0.037,1653000000.0,427000000.0,13271000000.0,0.0,1.336,22.659,15.816,0.0,0.0,30.05,0.73,0.73,8797000000.0,1308000000.0,7790000000.0,7790000000.0,0.0,,,,,0.0,0.0,1.0,757051660.0,757051660.0,,10.29,254117000000.0,0.0,140000000.0,1564000000.0,335.667,
82,MET,MRQ,2000-12-31,2000-12-31,2000-12-31,2021-08-25,1047000000.0,254134000000.0,,,,,21.436,0.0,3434000000.0,3434000000.0,5720000000.0,591000000.0,,14.44,3485000000.0,,,3485000000.0,0.0,369000000.0,0.0,0.006,0.2,625000000.0,994000000.0,0.129,994000000.0,625000000.0,625000000.0,0.77,0.75,0.77,16389000000.0,,16389000000.0,29819559085.0,22.0,17.108,2388000000.0,3.123,1.0,1992000000.0,0.258,0.0,0.0,254185000000.0,,0.0,156527000000.0,,,236655000000.0,,,26759559085.0,1109000000.0,850000000.0,-206000000.0,-806000000.0,-152000000.0,-1183000000.0,-96000000.0,-1881000000.0,2388000000.0,0.0,591000000.0,591000000.0,591000000.0,-79000000.0,0.0,0.077,1446000000.0,546000000.0,12301000000.0,0.26,1.633,28.079,23.026,0.0,0.0,35.0,0.863,0.863,7459000000.0,1021000000.0,7712000000.0,7712000000.0,0.0,,,,,0.0,0.0,1.0,764558831.0,764558831.0,,10.087,254134000000.0,0.0,34000000.0,864000000.0,332.393,
83,MET,MRQ,2000-09-30,2000-09-30,2000-09-30,2021-08-25,98000000.0,257489000000.0,,,,,19.623,0.0,1600000000.0,1600000000.0,5344000000.0,241000000.0,,15.932,4660000000.0,,,4660000000.0,0.0,0.0,0.0,0.0,0.0,312000000.0,312000000.0,0.041,312000000.0,312000000.0,312000000.0,0.31,0.31,0.31,15207000000.0,,15207000000.0,21763200699.0,18.0,16.425,-104000000.0,-0.134,1.0,2328000000.0,0.303,0.0,0.0,260549000000.0,,0.0,119893000000.0,,,242282000000.0,,,20342200699.0,-1867000000.0,-38000000.0,-193000000.0,123000000.0,0.0,-238000000.0,-1525000000.0,-2698000000.0,-104000000.0,0.0,241000000.0,241000000.0,241000000.0,0.0,0.0,0.031,2016000000.0,312000000.0,0.0,0.0,1.338,32.392,,0.0,0.0,26.25,0.676,0.676,8064000000.0,582000000.0,7672000000.0,7672000000.0,0.0,,,,,0.0,0.0,1.0,774940979.0,774940979.0,,9.9,257489000000.0,238000000.0,71000000.0,354000000.0,332.269,
84,MET,MRQ,2000-06-30,2000-06-30,2000-06-30,2021-08-25,-494000000.0,254825000000.0,,,,,18.619,0.0,3187000000.0,3187000000.0,5471000000.0,-115000000.0,,16.493,4608000000.0,,,4608000000.0,0.0,0.0,0.0,0.0,0.0,17000000.0,17000000.0,0.002,17000000.0,17000000.0,17000000.0,0.44,0.44,0.44,14567000000.0,,14567000000.0,20618158103.0,15.0,14.348,-623000000.0,-0.796,1.0,2538000000.0,0.317,0.0,0.0,256246000000.0,,0.0,117026000000.0,,,240258000000.0,,,16477158103.0,1955000000.0,259000000.0,3795000000.0,-1768000000.0,0.0,1587000000.0,991000000.0,-134000000.0,-623000000.0,0.0,-115000000.0,-115000000.0,-115000000.0,0.0,0.0,-0.014,2521000000.0,17000000.0,0.0,0.0,1.131,26.196,,0.0,0.0,21.06,0.576,0.576,8317000000.0,341000000.0,8009000000.0,8009000000.0,0.0,,,,,0.0,0.0,1.0,782391173.0,782391173.0,,10.237,254825000000.0,695000000.0,132000000.0,552000000.0,325.7,
85,MET,MRQ,2000-03-31,2000-03-31,2000-03-31,2021-08-25,-320000000.0,256048000000.0,,,,,18.801,0.0,2237000000.0,2237000000.0,5212000000.0,236000000.0,,17.268,6378000000.0,,,6378000000.0,0.0,0.0,0.0,,0.0,420000000.0,420000000.0,0.055,420000000.0,420000000.0,420000000.0,,,,14016000000.0,,14016000000.0,,,,1616000000.0,2.168,1.0,2395000000.0,0.315,0.0,0.0,260189000000.0,,0.0,150976000000.0,,,242032000000.0,,,,-552000000.0,-419000000.0,0.0,-561000000.0,0.0,-1566000000.0,-602000000.0,-2199000000.0,1616000000.0,0.0,236000000.0,236000000.0,236000000.0,0.0,0.0,0.031,1975000000.0,420000000.0,0.0,,,,,0.0,0.0,,,,9032000000.0,14336000000.0,7607000000.0,7607000000.0,0.0,,,,,0.0,0.0,1.0,745476118.0,745476118.0,,10.204,256048000000.0,481000000.0,184000000.0,579000000.0,343.469,
86,MET,MRQ,1999-12-31,1999-12-31,1999-12-31,2021-08-25,-410000000.0,225232000000.0,,,,,18.364,0.0,2789000000.0,2789000000.0,4608000000.0,266000000.0,,15.452,6722000000.0,,,6722000000.0,0.0,105000000.0,0.0,,0.0,471000000.0,576000000.0,0.085,576000000.0,471000000.0,471000000.0,,,,13690000000.0,,13690000000.0,,,,319000000.0,0.428,1.0,2186000000.0,0.322,0.0,0.0,229165000000.0,,0.0,135860000000.0,,,211542000000.0,,,,-2264000000.0,-2338000000.0,0.0,-1469000000.0,0.0,-2238000000.0,-345000000.0,1573000000.0,319000000.0,0.0,266000000.0,266000000.0,266000000.0,0.0,0.0,0.039,1792000000.0,394000000.0,6461000000.0,,,,,0.0,0.0,,,,6681000000.0,14100000000.0,6794000000.0,6794000000.0,0.0,,,,,0.0,0.0,1.0,745476118.0,745476118.0,,9.114,225232000000.0,603000000.0,205000000.0,548000000.0,302.132,
87,MET,MRQ,1999-09-30,1999-09-30,1999-09-30,2021-08-25,,,,,,,,0.0,,,4232000000.0,242000000.0,,,,,,,,0.0,,,0.0,424000000.0,424000000.0,0.068,424000000.0,424000000.0,424000000.0,,,,,,,,,,2284000000.0,,1.0,1966000000.0,0.317,,0.0,,,,,,,,,,,3264000000.0,-225000000.0,0.0,2759000000.0,0.0,2547000000.0,-1567000000.0,-3110000000.0,2284000000.0,0.0,242000000.0,242000000.0,242000000.0,0.0,0.0,0.039,1509000000.0,457000000.0,,,,,,,0.0,,,,,,6198000000.0,6198000000.0,0.0,,,,,0.0,0.0,1.0,,,,,,,182000000.0,,,
88,MET,MRQ,1999-06-30,1999-06-30,1999-06-30,2021-08-25,,,,,,,,0.0,,,4258000000.0,-120000000.0,,,,,,,,0.0,,,0.0,-123000000.0,-123000000.0,-0.02,-123000000.0,-123000000.0,-123000000.0,,,,,,,,,,826000000.0,,1.0,1914000000.0,0.31,,0.0,,,,,,,,,,,-365000000.0,248000000.0,0.0,-1454000000.0,0.0,-1250000000.0,59000000.0,-426000000.0,826000000.0,0.0,-120000000.0,-120000000.0,-120000000.0,0.0,0.0,-0.019,2001000000.0,-87000000.0,,,,,,,0.0,,,,,,6172000000.0,6172000000.0,0.0,,,,,0.0,0.0,1.0,,,,,,,-3000000.0,,,
89,MET,MRQ,1999-03-31,1999-03-31,1999-03-31,2021-08-25,,,,,,,,0.0,,,4133000000.0,229000000.0,,,,,,,,0.0,,,0.0,403000000.0,403000000.0,0.068,403000000.0,403000000.0,403000000.0,,,,,,,,,,454000000.0,,1.0,1812000000.0,0.305,,0.0,,,,,,,,,,,-1147000000.0,64000000.0,0.0,380000000.0,0.0,-1065000000.0,-536000000.0,-796000000.0,454000000.0,0.0,229000000.0,229000000.0,229000000.0,0.0,0.0,0.039,1401000000.0,411000000.0,,,,,,,0.0,,,,,,5945000000.0,5945000000.0,0.0,,,,,0.0,0.0,1.0,,,,,,,174000000.0,,,
90,MET,MRQ,1998-12-31,1998-12-31,1998-12-31,2021-08-25,1384000000.0,215346000000.0,,,,,,,3301000000.0,3301000000.0,,,,13.485,6488000000.0,,,6488000000.0,0.0,,0.0,,0.0,,,,,,,,,,14867000000.0,,14867000000.0,,,,,,1.0,,,0.0,,218533000000.0,,0.0,135721000000.0,,,200479000000.0,,,,,,,,,,,,,,,,,,,,,,0.0,,,,,0.0,,,,,5972000000.0,13483000000.0,,,,,,,,,,1.0,,,,,215346000000.0,0.0,,948000000.0,,
0,MET,MRT,2021-06-30,2021-06-30,2021-06-30,2021-08-25,12309000000.0,773253000000.0,779676250000.0,,,0.089,78.977,0.0,25037000000.0,25037000000.0,50729000000.0,4642000000.0,,10.18,18883000000.0,,,18883000000.0,0.0,619000000.0,0.0,0.031,1.86,5852000000.0,6471000000.0,0.093,6471000000.0,5852000000.0,5852000000.0,5.03,5.0,5.03,69138000000.0,70719000000.0,69138000000.0,51555585176.0,9.0,7.967,12696000000.0,14.503,1.0,18790000000.0,0.27,9768000000.0,0.0,757331000000.0,766572250000.0,0.0,491243000000.0,,,703830000000.0,,,52393585176.0,852000000.0,1624000000.0,-2763000000.0,-199000000.0,-1663000000.0,-3040000000.0,-8886000000.0,-10478000000.0,12696000000.0,82000000.0,4629000000.0,4413000000.0,4413000000.0,0.0,13000000.0,0.063,12925000000.0,5865000000.0,30620000000.0,0.37,0.758,11.873,11.899,0.0,216000000.0,59.85,0.754,0.754,18236000000.0,39318000000.0,69519000000.0,69519000000.0,0.0,0.006,0.062,0.008,0.084,0.0,0.0,1.0,875414957.0,875414957.0,,79.413,763485000000.0,52000000.0,1223000000.0,9748000000.0,872.141,
1,MET,MRT,2021-03-31,2021-03-31,2021-03-31,2021-08-25,10397000000.0,769814000000.0,778258750000.0,,,0.084,74.473,0.0,19635000000.0,19635000000.0,50492000000.0,1380000000.0,,10.684,18797000000.0,,,18797000000.0,0.0,619000000.0,0.0,0.03,1.84,1562000000.0,2181000000.0,0.034,2181000000.0,1562000000.0,1562000000.0,1.25,1.24,1.25,65864000000.0,72357750000.0,65864000000.0,52961628705.0,34.0,24.283,11288000000.0,12.763,1.0,14602000000.0,0.224,9944000000.0,0.0,759032000000.0,765485500000.0,0.0,485754000000.0,,,703677000000.0,,,53762628705.0,-3848000000.0,-2498000000.0,-1650000000.0,-206000000.0,-1661000000.0,-3992000000.0,-11286000000.0,-9019000000.0,11288000000.0,142000000.0,1367000000.0,1115000000.0,1115000000.0,0.0,13000000.0,0.017,13027000000.0,1575000000.0,28694000000.0,1.472,0.816,48.218,48.632,0.0,252000000.0,60.79,0.826,0.826,18727000000.0,36373000000.0,65094000000.0,65094000000.0,0.0,0.001,0.015,0.002,0.024,0.0,0.0,1.0,884399222.0,884399222.0,,73.603,759870000000.0,214000000.0,195000000.0,8570000000.0,859.193,
2,MET,MRT,2020-12-31,2020-12-31,2020-12-31,2021-08-25,18072000000.0,795146000000.0,770240500000.0,,,0.088,82.847,0.0,19795000000.0,19795000000.0,47765000000.0,5418000000.0,,9.661,18994000000.0,,,18994000000.0,0.0,619000000.0,0.0,0.039,1.82,6916000000.0,7535000000.0,0.111,7535000000.0,6916000000.0,6916000000.0,5.72,5.68,5.72,74558000000.0,73447000000.0,74558000000.0,36813582685.0,5.0,4.886,11639000000.0,12.933,1.0,20077000000.0,0.296,10112000000.0,0.0,784233000000.0,756584500000.0,0.0,508519000000.0,,,720329000000.0,,,42252582685.0,3962000000.0,-2851000000.0,-1151000000.0,877000000.0,-1657000000.0,10729000000.0,-18569000000.0,-15857000000.0,11639000000.0,163000000.0,5407000000.0,5191000000.0,5191000000.0,0.0,11000000.0,0.077,13150000000.0,6927000000.0,29475000000.0,0.318,0.567,8.14,8.208,0.0,216000000.0,46.95,0.623,0.623,17870000000.0,36491000000.0,67842000000.0,67842000000.0,0.0,0.007,0.071,0.009,0.102,0.0,0.0,1.0,899948513.0,899948513.0,,75.384,785034000000.0,0.0,1509000000.0,11137000000.0,872.31,
3,MET,MRT,2020-09-30,2020-09-30,2020-09-30,2021-08-25,16036000000.0,780492000000.0,756569750000.0,,,0.087,80.775,0.0,24405000000.0,24405000000.0,45484000000.0,5848000000.0,,9.642,18966000000.0,,,18966000000.0,0.0,630000000.0,0.0,0.048,1.8,6720000000.0,7350000000.0,0.112,7350000000.0,6720000000.0,6720000000.0,6.16,6.12,6.16,73316000000.0,71343500000.0,73316000000.0,28383813824.0,4.0,3.862,11667000000.0,12.854,1.0,20083000000.0,0.306,9360000000.0,0.0,765693000000.0,743626500000.0,0.0,506245000000.0,,,706923000000.0,,,33737813824.0,4953000000.0,-1322000000.0,-830000000.0,935000000.0,-1648000000.0,16713000000.0,-23500000000.0,-22312000000.0,11667000000.0,73000000.0,5842000000.0,5603000000.0,5603000000.0,0.0,6000000.0,0.085,13357000000.0,6726000000.0,34772000000.0,0.292,0.46,6.021,6.034,0.0,239000000.0,37.17,0.515,0.515,20712000000.0,36782000000.0,65567000000.0,65567000000.0,0.0,0.007,0.079,0.009,0.102,0.0,0.0,1.0,907662465.0,907662465.0,,72.237,771132000000.0,0.0,878000000.0,11477000000.0,849.58,
4,MET,MRT,2020-06-30,2020-06-30,2020-06-30,2021-08-25,18563000000.0,767583000000.0,747149750000.0,,,0.091,83.4,0.0,24289000000.0,24289000000.0,46306000000.0,7329000000.0,,9.137,18935000000.0,,,18935000000.0,0.0,630000000.0,0.0,0.049,1.78,8585000000.0,9215000000.0,0.135,9215000000.0,8585000000.0,8585000000.0,7.77,7.73,7.77,75693000000.0,70106500000.0,75693000000.0,27991140456.0,3.0,3.038,12020000000.0,13.244,1.0,21924000000.0,0.321,9245000000.0,0.0,752984000000.0,735160500000.0,0.0,494944000000.0,,,691643000000.0,,,33145140456.0,5854000000.0,-1044000000.0,-1535000000.0,992000000.0,-1642000000.0,16155000000.0,-22172000000.0,-21254000000.0,12020000000.0,-149000000.0,7320000000.0,7122000000.0,7122000000.0,0.0,9000000.0,0.104,13330000000.0,8594000000.0,34133000000.0,0.229,0.438,4.654,4.7,0.0,198000000.0,36.52,0.486,0.486,20848000000.0,36568000000.0,68230000000.0,68230000000.0,0.0,0.01,0.102,0.012,0.126,0.0,0.0,1.0,907588731.0,907588731.0,,75.177,758338000000.0,0.0,1265000000.0,12262000000.0,835.552,
5,MET,MRT,2020-03-31,2020-03-31,2020-03-31,2021-08-25,12757000000.0,737741000000.0,738295750000.0,,,0.097,76.675,0.0,24094000000.0,24094000000.0,47197000000.0,8925000000.0,,9.503,18940000000.0,,,18940000000.0,0.0,630000000.0,0.0,0.058,1.76,10685000000.0,11315000000.0,0.158,11315000000.0,10685000000.0,10685000000.0,9.48,9.43,9.48,70221000000.0,67136000000.0,70221000000.0,29242864130.0,3.0,2.584,13561000000.0,14.807,1.0,24431000000.0,0.341,9159000000.0,0.0,723428000000.0,727415250000.0,0.0,483111000000.0,,,667278000000.0,,,27996864130.0,9588000000.0,-974000000.0,-2285000000.0,1487000000.0,-1642000000.0,16409000000.0,-20224000000.0,-19099000000.0,13561000000.0,-158000000.0,8916000000.0,8738000000.0,8738000000.0,0.0,9000000.0,0.122,13737000000.0,10694000000.0,35530000000.0,0.186,0.399,3.204,3.225,0.0,178000000.0,30.57,0.391,0.391,21224000000.0,36919000000.0,71628000000.0,71628000000.0,0.0,0.012,0.13,0.015,0.149,0.0,0.0,1.0,915828071.0,915828071.0,,78.211,728582000000.0,0.0,1769000000.0,10717000000.0,795.545,
6,MET,MRT,2019-12-31,2019-12-31,2019-12-31,2021-08-25,13052000000.0,740463000000.0,732157500000.0,,,0.095,71.924,0.0,16598000000.0,16598000000.0,49136000000.0,5909000000.0,,10.191,17844000000.0,,,17844000000.0,0.0,630000000.0,0.0,0.034,1.74,6785000000.0,7415000000.0,0.107,7415000000.0,6785000000.0,6785000000.0,6.1,6.06,6.1,66144000000.0,64208000000.0,66144000000.0,45168605169.0,7.0,6.092,13786000000.0,14.991,1.0,20484000000.0,0.294,9308000000.0,0.0,732401000000.0,723208000000.0,0.0,473795000000.0,,,674081000000.0,,,46873605169.0,777000000.0,-871000000.0,-2285000000.0,409000000.0,-1643000000.0,4568000000.0,-17586000000.0,-16584000000.0,13786000000.0,9000000.0,5899000000.0,5721000000.0,5721000000.0,0.0,10000000.0,0.082,13689000000.0,6795000000.0,26745000000.0,0.285,0.709,8.193,8.356,0.0,178000000.0,50.97,0.673,0.673,20443000000.0,33078000000.0,69620000000.0,69620000000.0,0.0,0.008,0.089,0.009,0.097,0.0,0.0,1.0,919631257.0,919631257.0,,75.704,731155000000.0,0.0,886000000.0,9460000000.0,795.052,
7,MET,MRT,2019-09-30,2019-09-30,2019-09-30,2021-08-25,15197000000.0,742812000000.0,718926250000.0,,,0.095,73.008,0.0,19452000000.0,19452000000.0,45383000000.0,7383000000.0,,9.861,17747000000.0,,,17747000000.0,0.0,628000000.0,0.0,0.036,1.72,9293000000.0,9921000000.0,0.146,9921000000.0,9293000000.0,9293000000.0,7.52,7.47,7.52,68368000000.0,60857250000.0,68368000000.0,43406868439.0,5.0,4.375,9906000000.0,10.578,1.0,22756000000.0,0.334,9278000000.0,0.0,731829000000.0,710007500000.0,0.0,471893000000.0,,,674193000000.0,,,44162868439.0,6962000000.0,-85000000.0,-3235000000.0,-139000000.0,-1652000000.0,2245000000.0,-5135000000.0,-4865000000.0,9906000000.0,-54000000.0,7373000000.0,7195000000.0,7195000000.0,0.0,10000000.0,0.106,13453000000.0,9303000000.0,28443000000.0,0.229,0.646,6.138,6.271,0.0,178000000.0,47.16,0.648,0.648,20723000000.0,32948000000.0,68139000000.0,68139000000.0,0.0,0.01,0.118,0.013,0.136,0.0,0.0,1.0,936447592.0,936447592.0,,72.763,733534000000.0,0.0,1920000000.0,10184000000.0,783.316,
8,MET,MRT,2019-06-30,2019-06-30,2019-06-30,2021-08-25,11631000000.0,732167000000.0,707836000000.0,,,0.093,67.143,0.0,18435000000.0,18435000000.0,44680000000.0,6108000000.0,,10.47,17679000000.0,,,17679000000.0,0.0,628000000.0,0.0,0.034,1.7,7584000000.0,8212000000.0,0.125,8212000000.0,7584000000.0,7584000000.0,6.1,6.05,6.1,63811000000.0,56671500000.0,63811000000.0,50033845416.0,7.0,6.093,9293000000.0,9.778,1.0,21070000000.0,0.32,9408000000.0,0.0,722003000000.0,700659750000.0,0.0,461094000000.0,,,668121000000.0,,,47204845416.0,2123000000.0,-484000000.0,-3086000000.0,-1233000000.0,-1658000000.0,-1163000000.0,-6012000000.0,-5392000000.0,9293000000.0,5000000.0,6101000000.0,5923000000.0,5923000000.0,0.0,7000000.0,0.09,13479000000.0,7591000000.0,25354000000.0,0.279,0.74,7.97,8.143,0.0,178000000.0,49.67,0.718,0.718,20425000000.0,31209000000.0,65750000000.0,65750000000.0,0.0,0.008,0.105,0.011,0.115,0.0,0.0,1.0,950369346.0,950369346.0,,69.184,722759000000.0,97000000.0,1483000000.0,8766000000.0,760.503,
9,MET,MRT,2019-03-31,2019-03-31,2019-03-31,2021-08-25,6911000000.0,713188000000.0,701377500000.0,,,0.099,61.121,0.0,14506000000.0,14506000000.0,49469000000.0,5256000000.0,,11.185,17335000000.0,,,17335000000.0,0.0,628000000.0,0.0,0.039,1.68,6390000000.0,7018000000.0,0.101,7018000000.0,6390000000.0,6390000000.0,5.15,5.11,5.15,58509000000.0,54127000000.0,58509000000.0,42234019744.0,7.0,6.018,12514000000.0,13.073,1.0,19969000000.0,0.288,9418000000.0,0.0,706599000000.0,695101000000.0,0.0,450866000000.0,,,654450000000.0,,,40751019744.0,579000000.0,-157000000.0,-3451000000.0,-1899000000.0,-1667000000.0,-703000000.0,-10848000000.0,-10518000000.0,12514000000.0,-384000000.0,5251000000.0,5084000000.0,5084000000.0,0.0,5000000.0,0.073,13574000000.0,6395000000.0,25084000000.0,0.326,0.696,8.016,8.266,0.0,167000000.0,42.57,0.587,0.587,20615000000.0,29944000000.0,69438000000.0,69438000000.0,0.0,0.007,0.094,0.009,0.092,0.0,0.0,1.0,957270842.0,957270842.0,,72.537,703770000000.0,0.0,1139000000.0,7580000000.0,735.184,
10,MET,MRT,2018-12-31,2018-12-31,2018-12-31,2021-08-25,1722000000.0,687538000000.0,701226500000.0,,,0.097,53.444,0.0,15821000000.0,15821000000.0,47920000000.0,5128000000.0,,12.032,17304000000.0,,,17304000000.0,0.0,628000000.0,0.0,0.04,1.66,6302000000.0,6930000000.0,0.102,6930000000.0,6302000000.0,6302000000.0,4.95,4.91,4.95,52741000000.0,53577250000.0,52741000000.0,45946578627.0,7.0,6.63,11738000000.0,11.895,1.0,20021000000.0,0.295,9422000000.0,0.0,679599000000.0,695803750000.0,0.0,436210000000.0,,,634580000000.0,,,40519578627.0,3120000000.0,109000000.0,-3992000000.0,-1908000000.0,-1678000000.0,-2801000000.0,-5634000000.0,-5711000000.0,11738000000.0,-183000000.0,5123000000.0,4982000000.0,4982000000.0,0.0,5000000.0,0.073,13714000000.0,6307000000.0,24794000000.0,0.335,0.768,8.133,8.295,0.0,141000000.0,41.06,0.596,0.596,19644000000.0,28926000000.0,67941000000.0,67941000000.0,0.0,0.007,0.093,0.009,0.093,0.0,0.0,1.0,986838252.0,986838252.0,,68.847,678116000000.0,0.0,1179000000.0,5855000000.0,687.16,
11,MET,MRT,2018-09-30,2018-09-30,2018-09-30,2021-08-25,1000000000.0,698451000000.0,709315000000.0,,,0.096,51.893,0.0,12490000000.0,12490000000.0,49251000000.0,5381000000.0,,12.526,17917000000.0,,,17917000000.0,0.0,795000000.0,0.0,0.035,1.64,4789000000.0,5584000000.0,0.082,5584000000.0,4789000000.0,4789000000.0,5.05,5.01,5.05,51625000000.0,55061000000.0,51625000000.0,49412828604.0,10.0,8.849,12487000000.0,12.552,1.0,18868000000.0,0.277,9440000000.0,0.0,694438000000.0,705411250000.0,0.0,439941000000.0,,,646642000000.0,,,46478828604.0,-533000000.0,-436000000.0,-3414000000.0,-2447000000.0,-1685000000.0,-2064000000.0,-10710000000.0,-10208000000.0,12487000000.0,-246000000.0,5373000000.0,5244000000.0,5244000000.0,0.0,8000000.0,0.077,14071000000.0,4797000000.0,26075000000.0,0.325,0.9,8.863,9.251,0.0,129000000.0,46.72,0.682,0.682,19820000000.0,27331000000.0,68119000000.0,68119000000.0,0.0,0.007,0.095,0.007,0.07,0.0,0.0,1.0,994837941.0,994837941.0,,68.472,689011000000.0,0.0,-584000000.0,5090000000.0,692.586,
12,MET,MRT,2018-06-30,2018-06-30,2018-06-30,2021-08-25,2854000000.0,706333000000.0,714831000000.0,,,0.095,52.761,0.0,16312000000.0,16312000000.0,49878000000.0,4381000000.0,,12.166,19246000000.0,,,19246000000.0,0.0,795000000.0,0.0,0.037,1.62,3224000000.0,4019000000.0,0.059,4019000000.0,3224000000.0,3224000000.0,4.07,4.04,4.07,53633000000.0,56333250000.0,53633000000.0,50879741310.0,16.0,12.66,13688000000.0,13.465,1.0,18123000000.0,0.267,9499000000.0,0.0,699768000000.0,711602250000.0,0.0,438812000000.0,,,652501000000.0,,,44320741310.0,-1007000000.0,-1309000000.0,-3273000000.0,-733000000.0,-1693000000.0,-100000000.0,-14491000000.0,-13042000000.0,13688000000.0,-104000000.0,4370000000.0,4267000000.0,4267000000.0,968000000.0,11000000.0,0.063,13920000000.0,4203000000.0,27030000000.0,0.398,0.826,10.387,10.713,0.0,103000000.0,43.6,0.652,0.652,19608000000.0,26870000000.0,68001000000.0,68001000000.0,0.0,0.006,0.076,0.005,0.047,0.0,0.0,1.0,1016530764.0,1016530764.0,,66.895,696834000000.0,0.0,-1146000000.0,5599000000.0,685.502,
13,MET,MRT,2018-03-31,2018-03-31,2018-03-31,2021-08-25,5634000000.0,712584000000.0,769547500000.0,,,0.081,54.32,0.0,13927000000.0,13927000000.0,44311000000.0,4401000000.0,,11.651,20486000000.0,,,20486000000.0,0.0,795000000.0,0.0,0.035,1.6,3199000000.0,3994000000.0,0.064,3994000000.0,3199000000.0,3199000000.0,4.05,4.01,4.05,56310000000.0,60288750000.0,56310000000.0,55298533319.0,17.0,13.845,11481000000.0,11.075,1.0,17838000000.0,0.287,9733000000.0,0.0,709410000000.0,767320750000.0,0.0,441843000000.0,,,656076000000.0,,,47571533319.0,-3484000000.0,-1160000000.0,-3110000000.0,-382000000.0,-1696000000.0,-2187000000.0,-13085000000.0,-11763000000.0,11481000000.0,307000000.0,4390000000.0,4287000000.0,4287000000.0,910000000.0,11000000.0,0.069,13718000000.0,4120000000.0,26151000000.0,0.395,0.845,11.097,11.331,0.0,103000000.0,45.89,0.765,0.765,19368000000.0,26453000000.0,62149000000.0,62149000000.0,0.0,0.006,0.071,0.004,0.051,0.0,0.0,1.0,1036642696.0,1036642696.0,,59.952,702851000000.0,0.0,-1191000000.0,6459000000.0,678.007,
14,MET,MRT,2017-12-31,2017-12-31,2017-12-31,2021-08-25,7427000000.0,719892000000.0,820073250000.0,,,0.076,55.76,0.0,12701000000.0,12701000000.0,45151000000.0,4020000000.0,,11.266,20428000000.0,,,20428000000.0,0.0,795000000.0,0.0,0.032,1.6,2540000000.0,3335000000.0,0.054,3335000000.0,2540000000.0,2540000000.0,3.65,3.62,3.65,58676000000.0,63193500000.0,58676000000.0,61447251142.0,24.0,18.425,12283000000.0,11.673,1.0,17157000000.0,0.275,9590000000.0,0.0,718029000000.0,817949500000.0,0.0,444067000000.0,,,661022000000.0,,,53204251142.0,-5176000000.0,-1348000000.0,-2927000000.0,-367000000.0,-1717000000.0,-906000000.0,-16876000000.0,-15182000000.0,12283000000.0,323000000.0,4010000000.0,3907000000.0,3907000000.0,986000000.0,10000000.0,0.063,13621000000.0,3536000000.0,25723000000.0,0.438,0.907,13.618,13.852,0.0,103000000.0,50.56,0.854,0.854,18423000000.0,26527000000.0,62308000000.0,62308000000.0,0.0,0.005,0.062,0.003,0.041,0.0,0.0,1.0,1052299271.0,1052299271.0,,59.211,710302000000.0,0.0,-1470000000.0,7078000000.0,675.0,
15,MET,MRT,2017-09-30,2017-09-30,2017-09-30,2021-08-25,7005000000.0,720515000000.0,864791250000.0,,,0.069,53.359,0.0,13023000000.0,13023000000.0,44644000000.0,-331000000.0,,11.7,21266000000.0,,,21266000000.0,0.0,652000000.0,0.0,0.031,1.6,-1021000000.0,-369000000.0,-0.006,-369000000.0,-1021000000.0,-1021000000.0,-0.37,-0.38,-0.37,56714000000.0,65407250000.0,56714000000.0,62044038991.0,-61.0,-168.141,15876000000.0,14.937,1.0,14656000000.0,0.247,9556000000.0,0.0,719202000000.0,862947000000.0,0.0,445706000000.0,,,663571000000.0,,,55216038991.0,-2860000000.0,-1278000000.0,-2607000000.0,726000000.0,-1736000000.0,-10088000000.0,-8422000000.0,-6815000000.0,15876000000.0,-226000000.0,-345000000.0,-448000000.0,-448000000.0,2341000000.0,14000000.0,-0.008,13322000000.0,1334000000.0,27132000000.0,-4.324,0.974,-123.25,-140.405,0.0,103000000.0,51.95,0.931,0.931,18588000000.0,24410000000.0,59300000000.0,59300000000.0,0.0,-0.001,-0.007,-0.001,-0.017,0.0,0.0,1.0,1062868893.0,1062868893.0,,55.792,710959000000.0,3000000.0,-676000000.0,8554000000.0,668.906,
16,MET,MRT,2017-06-30,2017-06-30,2017-06-30,2021-08-25,8436000000.0,925199000000.0,922888500000.0,,,0.064,64.553,0.0,17319000000.0,17319000000.0,43734000000.0,327000000.0,,12.318,24147000000.0,,,24147000000.0,0.0,652000000.0,0.0,0.029,1.6,180000000.0,832000000.0,0.014,832000000.0,180000000.0,180000000.0,0.24,0.22,0.24,69455000000.0,70800250000.0,69455000000.0,65699767755.0,365.0,78.966,14069000000.0,13.076,1.0,15228000000.0,0.258,9385000000.0,0.0,922642000000.0,921005250000.0,0.0,514036000000.0,,,855530000000.0,,,59111767755.0,252000000.0,-103000000.0,-2112000000.0,87000000.0,-1750000000.0,-10358000000.0,-3091000000.0,-2582000000.0,14069000000.0,-368000000.0,323000000.0,220000000.0,220000000.0,1824000000.0,4000000.0,0.004,13220000000.0,2008000000.0,33725000000.0,6.667,0.851,268.69,228.917,0.0,103000000.0,54.94,1.003,1.003,26487000000.0,35270000000.0,58962000000.0,58962000000.0,0.0,0.0,0.003,0.0,0.003,0.0,0.0,1.0,1075933159.0,1075933159.0,,54.801,915814000000.0,66000000.0,-143000000.0,10383000000.0,851.181,
17,MET,MRT,2017-03-31,2017-03-31,2017-03-31,2021-08-25,6396000000.0,914687000000.0,927230500000.0,,,0.063,62.477,0.0,17411000000.0,17411000000.0,44800000000.0,-473000000.0,,12.463,23999000000.0,,,23999000000.0,0.0,652000000.0,0.0,0.03,1.6,-997000000.0,-345000000.0,-0.006,-345000000.0,-997000000.0,-997000000.0,-0.51,-0.52,-0.51,67929000000.0,73231250000.0,67929000000.0,63535913208.0,-64.0,-184.162,14959000000.0,13.758,1.0,14073000000.0,0.239,9350000000.0,0.0,911925000000.0,925249250000.0,0.0,506878000000.0,,,846579000000.0,,,57428913208.0,4121000000.0,-658000000.0,-1160000000.0,-1346000000.0,-1760000000.0,-6289000000.0,-4387000000.0,-3197000000.0,14959000000.0,-162000000.0,-478000000.0,-581000000.0,-581000000.0,1882000000.0,5000000.0,-0.01,13183000000.0,890000000.0,32899000000.0,-3.137,0.845,-98.845,-103.569,0.0,103000000.0,52.82,0.975,0.975,25916000000.0,34863000000.0,58873000000.0,58873000000.0,0.0,-0.001,-0.008,-0.001,-0.017,0.0,0.0,1.0,1087256971.0,1087256971.0,,54.148,905337000000.0,25000000.0,-519000000.0,9550000000.0,832.68,
18,MET,MRT,2016-12-31,2016-12-31,2016-12-31,2021-08-25,5366000000.0,898764000000.0,927915750000.0,,,0.066,61.44,0.0,12651000000.0,12651000000.0,42757000000.0,854000000.0,,12.306,21126000000.0,,,21126000000.0,0.0,652000000.0,0.0,0.029,1.575,1543000000.0,2195000000.0,0.036,2195000000.0,1543000000.0,1543000000.0,0.68,0.67,0.68,67531000000.0,75192750000.0,67531000000.0,67355407622.0,44.0,30.686,14774000000.0,13.441,1.0,18030000000.0,0.297,9220000000.0,0.0,898019000000.0,927197750000.0,0.0,420911000000.0,,,831062000000.0,,,59232407622.0,5125000000.0,-533000000.0,-372000000.0,-1347000000.0,-1736000000.0,-3497000000.0,-5850000000.0,-4860000000.0,14774000000.0,-302000000.0,850000000.0,747000000.0,747000000.0,2734000000.0,4000000.0,0.012,13749000000.0,4281000000.0,25873000000.0,2.316,0.877,79.294,79.25,0.0,103000000.0,53.89,0.974,0.974,15445000000.0,34683000000.0,60787000000.0,60787000000.0,0.0,0.001,0.01,0.002,0.025,0.0,0.0,1.0,1099135417.0,1099135417.0,,55.304,889544000000.0,20000000.0,693000000.0,6892000000.0,809.312,
19,MET,MRT,2016-09-30,2016-09-30,2016-09-30,2021-08-25,13595000000.0,952904000000.0,922708000000.0,,,0.063,71.242,0.0,15883000000.0,15883000000.0,41883000000.0,3795000000.0,,11.17,24006000000.0,,,24006000000.0,0.0,693000000.0,0.0,0.035,1.55,4160000000.0,4853000000.0,0.084,4853000000.0,4160000000.0,4160000000.0,3.34,3.31,3.34,78286000000.0,75297250000.0,78286000000.0,55725899932.0,13.0,11.483,13656000000.0,12.427,1.0,16063000000.0,0.277,9592000000.0,0.0,951435000000.0,922983000000.0,0.0,548791000000.0,,,874438000000.0,,,48822899932.0,5667000000.0,773000000.0,-893000000.0,614000000.0,-1714000000.0,9914000000.0,-18077000000.0,-18598000000.0,13656000000.0,174000000.0,3785000000.0,3678000000.0,3678000000.0,-873000000.0,10000000.0,0.063,12766000000.0,3297000000.0,44422000000.0,0.464,0.624,13.274,13.302,0.0,107000000.0,44.43,0.843,0.843,26178000000.0,37054000000.0,57946000000.0,57946000000.0,0.0,0.004,0.049,0.005,0.072,0.0,0.0,1.0,1098872382.0,1098872382.0,,52.732,943312000000.0,0.0,375000000.0,14510000000.0,858.436,
20,MET,MRT,2016-06-30,2016-06-30,2016-06-30,2021-08-25,14632000000.0,942567000000.0,905097000000.0,,,0.066,72.068,0.0,17067000000.0,17067000000.0,41760000000.0,4420000000.0,,10.902,23970000000.0,,,23970000000.0,0.0,693000000.0,0.0,0.038,1.525,5616000000.0,6309000000.0,0.105,6309000000.0,5616000000.0,5616000000.0,3.89,3.86,3.89,79179000000.0,73351500000.0,79179000000.0,55779894263.0,10.0,8.841,13368000000.0,12.167,1.0,18384000000.0,0.306,9852000000.0,0.0,939618000000.0,906849000000.0,0.0,543511000000.0,,,863194000000.0,,,43759894263.0,8993000000.0,1247000000.0,-1000000000.0,668000000.0,-1693000000.0,9013000000.0,-13546000000.0,-14639000000.0,13368000000.0,158000000.0,4411000000.0,4304000000.0,4304000000.0,-1324000000.0,9000000.0,0.072,14083000000.0,4301000000.0,45790000000.0,0.392,0.553,10.167,10.239,0.0,107000000.0,39.83,0.728,0.728,26035000000.0,36924000000.0,60144000000.0,60144000000.0,0.0,0.005,0.059,0.006,0.093,0.0,0.0,1.0,1098666690.0,1098666690.0,,54.743,932715000000.0,51000000.0,1205000000.0,14966000000.0,848.952,
21,MET,MRT,2016-03-31,2016-03-31,2016-03-31,2021-08-25,10865000000.0,917428000000.0,894057500000.0,,,0.068,69.096,0.0,13290000000.0,13290000000.0,40643000000.0,5425000000.0,,11.105,25310000000.0,,,25310000000.0,0.0,693000000.0,0.0,0.034,1.5,6829000000.0,7522000000.0,0.123,7522000000.0,6829000000.0,6829000000.0,4.76,4.72,4.76,75775000000.0,70901000000.0,75775000000.0,60891542048.0,9.0,8.095,13279000000.0,12.109,1.0,20423000000.0,0.334,9729000000.0,0.0,919719000000.0,898174000000.0,0.0,524727000000.0,,,841463000000.0,,,48187542048.0,5163000000.0,1641000000.0,-1014000000.0,896000000.0,-1672000000.0,1350000000.0,-9237000000.0,-10882000000.0,13279000000.0,-229000000.0,5416000000.0,5282000000.0,5282000000.0,-1324000000.0,9000000.0,0.086,14909000000.0,5514000000.0,41165000000.0,0.315,0.636,9.123,9.231,0.0,134000000.0,43.94,0.789,0.789,27843000000.0,37301000000.0,61066000000.0,61066000000.0,0.0,0.006,0.074,0.008,0.112,0.0,0.0,1.0,1096666865.0,1096666865.0,,55.683,907699000000.0,125000000.0,1413000000.0,13776000000.0,827.689,
22,MET,MRT,2015-12-31,2015-12-31,2015-12-31,2021-08-25,4771000000.0,877933000000.0,894648000000.0,,,0.069,61.126,0.0,12752000000.0,12752000000.0,40915000000.0,5385000000.0,,11.912,25456000000.0,,,25456000000.0,0.0,693000000.0,0.0,0.031,1.475,6963000000.0,7656000000.0,0.125,7656000000.0,6963000000.0,6963000000.0,4.67,4.62,4.67,67949000000.0,70399750000.0,67949000000.0,67576512649.0,10.0,8.827,14052000000.0,12.641,1.0,20428000000.0,0.333,9477000000.0,0.0,881160000000.0,900031500000.0,0.0,495459000000.0,,,809437000000.0,,,53591512649.0,1944000000.0,1958000000.0,-1930000000.0,2398000000.0,-1653000000.0,-1218000000.0,-10398000000.0,-12297000000.0,14052000000.0,-492000000.0,5373000000.0,5215000000.0,5215000000.0,-1324000000.0,12000000.0,0.085,14777000000.0,5651000000.0,36871000000.0,0.316,0.789,10.276,10.323,0.0,158000000.0,48.21,0.874,0.874,22702000000.0,35519000000.0,61343000000.0,61343000000.0,0.0,0.006,0.074,0.008,0.114,0.0,0.0,1.0,1111626481.0,1111626481.0,,55.183,868456000000.0,161000000.0,1590000000.0,10592000000.0,781.248,
23,MET,MRT,2015-09-30,2015-09-30,2015-09-30,2021-08-25,6891000000.0,882460000000.0,900749000000.0,,,0.08,63.125,0.0,10216000000.0,10216000000.0,46462000000.0,6007000000.0,,11.509,24201000000.0,,,24201000000.0,0.0,713000000.0,0.0,0.031,1.45,8401000000.0,9114000000.0,0.127,9114000000.0,8401000000.0,8401000000.0,5.2,5.15,5.2,70503000000.0,71425750000.0,70503000000.0,68813942262.0,8.0,7.55,14953000000.0,13.388,1.0,25564000000.0,0.355,9546000000.0,0.0,886899000000.0,906099500000.0,0.0,501577000000.0,,,811393000000.0,,,52660942262.0,1433000000.0,231000000.0,-664000000.0,396000000.0,-1632000000.0,-2573000000.0,-10293000000.0,-10123000000.0,14953000000.0,-654000000.0,5997000000.0,5857000000.0,5857000000.0,0.0,10000000.0,0.081,17153000000.0,8411000000.0,37991000000.0,0.279,0.747,8.991,9.067,0.0,140000000.0,47.15,0.731,0.731,25808000000.0,35153000000.0,72026000000.0,72026000000.0,0.0,0.007,0.082,0.009,0.117,0.0,0.0,1.0,1116881066.0,1116881066.0,,64.489,872914000000.0,0.0,2404000000.0,11384000000.0,781.564,
24,MET,MRT,2015-06-30,2015-06-30,2015-06-30,2021-08-25,6443000000.0,898409000000.0,907290750000.0,,,0.08,62.176,0.0,8074000000.0,8074000000.0,46803000000.0,6903000000.0,,11.941,24227000000.0,,,24227000000.0,0.0,713000000.0,0.0,0.025,1.425,9185000000.0,9898000000.0,0.136,9898000000.0,9185000000.0,9185000000.0,5.96,5.9,5.96,69377000000.0,71501250000.0,69377000000.0,79550689293.0,9.0,8.037,16343000000.0,14.647,1.0,26038000000.0,0.357,9644000000.0,0.0,904918000000.0,912751250000.0,0.0,500384000000.0,,,828420000000.0,,,62474689293.0,681000000.0,-618000000.0,-996000000.0,62000000.0,-1607000000.0,126000000.0,-15115000000.0,-14116000000.0,16343000000.0,-673000000.0,6888000000.0,6724000000.0,6724000000.0,0.0,15000000.0,0.092,16838000000.0,9200000000.0,35532000000.0,0.239,0.901,9.291,9.394,0.0,164000000.0,55.99,0.858,0.858,24872000000.0,34376000000.0,72841000000.0,72841000000.0,0.0,0.007,0.094,0.01,0.126,0.0,0.0,1.0,1115818705.0,1115818705.0,,65.28,888765000000.0,0.0,2297000000.0,10833000000.0,796.514,
25,MET,MRT,2015-03-31,2015-03-31,2015-03-31,2021-08-25,11529000000.0,919790000000.0,910468500000.0,,,0.082,66.017,0.0,8127000000.0,8127000000.0,47916000000.0,7160000000.0,,11.46,25203000000.0,,,25203000000.0,0.0,713000000.0,0.0,0.028,1.4,10016000000.0,10729000000.0,0.143,10729000000.0,10016000000.0,10016000000.0,6.21,6.15,6.21,73770000000.0,71554750000.0,73770000000.0,69453642398.0,7.0,6.473,16578000000.0,14.836,1.0,27025000000.0,0.361,9717000000.0,0.0,927149000000.0,915914000000.0,0.0,516751000000.0,,,845381000000.0,,,56486642398.0,-446000000.0,-653000000.0,-986000000.0,1083000000.0,-1582000000.0,7638000000.0,-24119000000.0,-23105000000.0,16578000000.0,-543000000.0,7139000000.0,7017000000.0,7017000000.0,0.0,21000000.0,0.094,16988000000.0,10037000000.0,37312000000.0,0.225,0.766,8.05,8.14,0.0,122000000.0,50.55,0.754,0.754,24190000000.0,33754000000.0,74941000000.0,74941000000.0,0.0,0.008,0.098,0.011,0.134,0.0,0.0,1.0,1117440997.0,1117440997.0,,67.065,910073000000.0,0.0,2877000000.0,13548000000.0,814.426,
26,MET,MRT,2014-12-31,2014-12-31,2014-12-31,2021-08-25,10649000000.0,902337000000.0,903246750000.0,,,0.081,63.425,0.0,10808000000.0,10808000000.0,47421000000.0,6336000000.0,,11.515,23775000000.0,,,23775000000.0,0.0,713000000.0,0.0,0.024,1.325,8774000000.0,9487000000.0,0.129,9487000000.0,8774000000.0,8774000000.0,5.48,5.42,5.48,72053000000.0,69551750000.0,72053000000.0,76543513240.0,9.0,8.068,16376000000.0,14.415,1.0,25895000000.0,0.353,9872000000.0,0.0,905432000000.0,908171500000.0,0.0,505995000000.0,,,829678000000.0,,,61448513240.0,3223000000.0,-1111000000.0,0.0,-1937000000.0,-1499000000.0,2256000000.0,-15055000000.0,-13603000000.0,16376000000.0,-354000000.0,6309000000.0,6187000000.0,6187000000.0,3000000.0,27000000.0,0.084,17091000000.0,8804000000.0,35326000000.0,0.242,0.853,9.932,9.87,0.0,122000000.0,54.09,0.838,0.838,22244000000.0,32020000000.0,73316000000.0,73316000000.0,0.0,0.007,0.089,0.01,0.12,0.0,0.0,1.0,1136042027.0,1136042027.0,,64.536,892465000000.0,0.0,2465000000.0,12005000000.0,785.592,
27,MET,MRT,2014-09-30,2014-09-30,2014-09-30,2021-08-25,10992000000.0,908627000000.0,898986500000.0,,,0.081,62.953,0.0,8783000000.0,8783000000.0,47594000000.0,5725000000.0,,11.824,23878000000.0,,,23878000000.0,0.0,714000000.0,0.0,0.023,1.25,7965000000.0,8679000000.0,0.119,8679000000.0,7965000000.0,7965000000.0,4.95,4.89,4.95,70805000000.0,66926750000.0,70805000000.0,77299231566.0,10.0,8.906,17097000000.0,15.201,1.0,25061000000.0,0.345,10216000000.0,0.0,913506000000.0,905160000000.0,0.0,507551000000.0,,,837226000000.0,,,60420231566.0,-2593000000.0,-3364000000.0,-443000000.0,-1411000000.0,-1412000000.0,654000000.0,-20259000000.0,-16696000000.0,17097000000.0,-85000000.0,5696000000.0,5574000000.0,5574000000.0,2000000.0,29000000.0,0.077,17065000000.0,7996000000.0,33776000000.0,0.253,0.853,10.84,10.853,0.0,122000000.0,53.72,0.832,0.832,23814000000.0,30928000000.0,72655000000.0,72655000000.0,0.0,0.006,0.083,0.009,0.11,0.0,0.0,1.0,1124725085.0,1124725085.0,,64.598,898411000000.0,0.0,2269000000.0,11650000000.0,798.783,
28,MET,MRT,2014-06-30,2014-06-30,2014-06-30,2021-08-25,11058000000.0,911120000000.0,877490500000.0,,,0.08,61.827,0.0,7393000000.0,7393000000.0,47302000000.0,4606000000.0,,12.083,24272000000.0,,,24272000000.0,0.0,714000000.0,0.0,0.021,1.175,5988000000.0,6702000000.0,0.096,6702000000.0,5988000000.0,5988000000.0,3.97,3.92,3.97,69591000000.0,64457250000.0,69591000000.0,78246081400.0,13.0,11.675,15738000000.0,13.982,1.0,22844000000.0,0.326,10430000000.0,0.0,917569000000.0,883658250000.0,0.0,505305000000.0,,,840838000000.0,,,62537081400.0,-1791000000.0,-3218000000.0,996000000.0,-1502000000.0,-1320000000.0,-3551000000.0,-14012000000.0,-10576000000.0,15738000000.0,34000000.0,4574000000.0,4452000000.0,4452000000.0,0.0,32000000.0,0.063,16824000000.0,6020000000.0,33187000000.0,0.296,0.899,14.047,13.995,0.0,122000000.0,55.56,0.892,0.892,23730000000.0,29259000000.0,70146000000.0,70146000000.0,0.0,0.005,0.069,0.007,0.085,0.0,0.0,1.0,1125577419.0,1125577419.0,,62.32,900690000000.0,0.0,1414000000.0,10685000000.0,800.203,
29,MET,MRT,2014-03-31,2014-03-31,2014-03-31,2021-08-25,8215000000.0,890903000000.0,853626000000.0,,,0.079,58.528,0.0,8573000000.0,8573000000.0,46343000000.0,3740000000.0,,12.538,24282000000.0,,,24282000000.0,0.0,714000000.0,0.0,0.021,1.1,4603000000.0,5317000000.0,0.079,5317000000.0,4603000000.0,4603000000.0,3.22,3.18,3.22,65758000000.0,62060250000.0,65758000000.0,77954772714.0,17.0,14.661,15882000000.0,14.136,1.0,21258000000.0,0.314,10433000000.0,0.0,896179000000.0,860040250000.0,0.0,493247000000.0,,,824464000000.0,,,59322772714.0,-1410000000.0,-3322000000.0,1000000000.0,-1594000000.0,-1227000000.0,-13890000000.0,-3282000000.0,232000000.0,15882000000.0,-120000000.0,3710000000.0,3588000000.0,3588000000.0,-2000000.0,30000000.0,0.053,16627000000.0,4631000000.0,32469000000.0,0.342,0.902,16.534,16.398,0.0,122000000.0,52.8,0.878,0.878,23031000000.0,28319000000.0,67601000000.0,67601000000.0,0.0,0.004,0.058,0.005,0.068,0.0,0.0,1.0,1123537362.0,1123537362.0,,60.168,880470000000.0,0.0,893000000.0,9145000000.0,783.659,
30,MET,MRT,2013-12-31,2013-12-31,2013-12-31,2021-08-25,5104000000.0,885296000000.0,841321500000.0,,,0.081,54.906,0.0,7585000000.0,7585000000.0,47545000000.0,3393000000.0,,13.359,26217000000.0,,,26217000000.0,0.0,714000000.0,0.0,0.019,1.01,4029000000.0,4743000000.0,0.07,4743000000.0,4029000000.0,4029000000.0,2.94,2.91,2.94,61553000000.0,61733250000.0,61553000000.0,74812372519.0,19.0,15.773,16131000000.0,14.389,1.0,20654000000.0,0.303,10542000000.0,0.0,893386000000.0,848049500000.0,0.0,488779000000.0,,,822313000000.0,,,60447372519.0,-8153000000.0,-2971000000.0,1000000000.0,-299000000.0,-1119000000.0,-8907000000.0,-15165000000.0,-12108000000.0,16131000000.0,-212000000.0,3368000000.0,3246000000.0,3246000000.0,-2000000.0,25000000.0,0.048,16602000000.0,4052000000.0,30411000000.0,0.344,0.982,18.622,18.34,0.0,122000000.0,53.92,0.886,0.886,21859000000.0,27332000000.0,68199000000.0,68199000000.0,0.0,0.004,0.053,0.005,0.059,0.0,0.0,1.0,1121056612.0,1121056612.0,,60.835,874754000000.0,0.0,661000000.0,6829000000.0,780.294,
31,MET,MRT,2013-09-30,2013-09-30,2013-09-30,2021-08-25,5100000000.0,822643000000.0,829192750000.0,,,0.081,55.532,0.0,11376000000.0,11376000000.0,48213000000.0,2613000000.0,,12.495,25741000000.0,,,25741000000.0,0.0,596000000.0,0.0,0.031,1.475,2313000000.0,2909000000.0,0.043,2909000000.0,2313000000.0,2313000000.0,2.23,2.23,2.23,60927000000.0,62458250000.0,60927000000.0,68392974417.0,30.0,23.511,11856000000.0,10.806,1.0,18861000000.0,0.281,9509000000.0,0.0,827499000000.0,834113000000.0,0.0,484925000000.0,,,761265000000.0,,,51510974417.0,-5574000000.0,-720000000.0,2000000000.0,-1361000000.0,-1619000000.0,-12801000000.0,-4429000000.0,-3607000000.0,11856000000.0,-200000000.0,2587000000.0,2465000000.0,2465000000.0,-32000000.0,26000000.0,0.037,16554000000.0,2307000000.0,31866000000.0,0.661,0.845,20.897,21.054,0.0,122000000.0,46.95,0.768,0.768,23473000000.0,26766000000.0,67074000000.0,67074000000.0,0.0,0.003,0.039,0.003,0.034,0.0,0.0,1.0,1097145355.0,1097145355.0,,61.135,813134000000.0,0.0,-274000000.0,6154000000.0,741.136,
32,MET,MRT,2013-06-30,2013-06-30,2013-06-30,2021-08-25,6202000000.0,815662000000.0,835103250000.0,,,0.081,54.797,0.0,9184000000.0,9184000000.0,48229000000.0,681000000.0,,12.585,26066000000.0,,,26066000000.0,0.0,596000000.0,0.0,0.026,1.2,331000000.0,927000000.0,0.014,927000000.0,331000000.0,331000000.0,0.46,0.47,0.46,60003000000.0,63238750000.0,60003000000.0,66334802430.0,200.0,71.559,12372000000.0,11.298,1.0,19011000000.0,0.283,9447000000.0,0.0,823097000000.0,838843250000.0,0.0,491206000000.0,,,755124000000.0,,,50107802430.0,-6851000000.0,-706000000.0,1000000000.0,-287000000.0,-1316000000.0,-12046000000.0,-7005000000.0,-6242000000.0,12372000000.0,-172000000.0,661000000.0,539000000.0,539000000.0,-30000000.0,20000000.0,0.008,18690000000.0,321000000.0,33247000000.0,2.609,0.835,92.964,99.478,0.0,122000000.0,45.76,0.745,0.745,23283000000.0,25824000000.0,67240000000.0,67240000000.0,0.0,0.001,0.009,0.0,0.005,0.0,0.0,1.0,1095013165.0,1095013165.0,,61.406,806215000000.0,0.0,-330000000.0,6713000000.0,736.261,
33,MET,MRT,2013-03-31,2013-03-31,2013-03-31,2021-08-25,10580000000.0,841685000000.0,837484750000.0,,,0.083,58.934,0.0,9983000000.0,9983000000.0,47379000000.0,2474000000.0,,12.051,26210000000.0,,,26210000000.0,0.0,596000000.0,0.0,0.024,0.925,3109000000.0,3705000000.0,0.053,3705000000.0,3109000000.0,3109000000.0,2.16,2.16,2.16,64450000000.0,63839500000.0,64450000000.0,52390303396.0,17.0,14.14,14135000000.0,12.925,1.0,22538000000.0,0.322,9696000000.0,0.0,848216000000.0,838993500000.0,0.0,512472000000.0,,,776717000000.0,,,41578303396.0,-8684000000.0,-465000000.0,1000000000.0,-1237000000.0,-1014000000.0,1119000000.0,-23815000000.0,-23272000000.0,14135000000.0,-123000000.0,2454000000.0,2332000000.0,2332000000.0,-31000000.0,20000000.0,0.033,19440000000.0,3098000000.0,34215000000.0,0.428,0.645,17.829,17.602,0.0,122000000.0,38.02,0.595,0.595,23052000000.0,25958000000.0,69917000000.0,69917000000.0,0.0,0.003,0.037,0.004,0.044,0.0,0.0,1.0,1093590305.0,1093590305.0,,63.933,831989000000.0,0.0,655000000.0,8930000000.0,760.787,
34,MET,MRT,2012-12-31,2012-12-31,2012-12-31,2021-08-25,11397000000.0,836781000000.0,831964500000.0,,,0.082,59.075,0.0,15738000000.0,15738000000.0,47085000000.0,1362000000.0,,11.975,26550000000.0,,,26550000000.0,0.0,596000000.0,6416000000.0,0.022,0.74,1452000000.0,2048000000.0,0.03,2048000000.0,1452000000.0,1452000000.0,1.12,1.12,1.12,64453000000.0,62393500000.0,64453000000.0,46097990941.0,32.0,22.509,17160000000.0,15.728,1.0,21065000000.0,0.309,9953000000.0,0.0,837640000000.0,832030250000.0,0.0,517052000000.0,,,771823000000.0,,,35938990941.0,5277000000.0,-364000000.0,1000000000.0,-1931000000.0,-811000000.0,35000000.0,-11929000000.0,-11407000000.0,17160000000.0,11000000.0,1324000000.0,1202000000.0,1202000000.0,-48000000.0,38000000.0,0.018,19623000000.0,1442000000.0,33687000000.0,0.661,0.558,29.899,29.411,0.0,122000000.0,32.94,0.527,0.527,21634000000.0,25205000000.0,68150000000.0,68150000000.0,0.0,0.001,0.019,0.002,0.021,0.0,0.0,1.0,1091044048.0,1091044048.0,,62.463,826828000000.0,0.0,128000000.0,9094000000.0,757.832,
35,MET,MRT,2012-09-30,2012-09-30,2012-09-30,2021-08-25,11325000000.0,846285000000.0,821825750000.0,,,0.082,60.296,0.0,16950000000.0,16950000000.0,44599000000.0,2214000000.0,,12.205,27109000000.0,,,27109000000.0,0.0,679000000.0,6515000000.0,0.021,0.74,3209000000.0,3888000000.0,0.058,3888000000.0,3209000000.0,3209000000.0,1.95,1.94,1.95,64049000000.0,60660000000.0,64049000000.0,46938152816.0,15.0,12.073,16527000000.0,15.558,1.0,22953000000.0,0.34,10024000000.0,0.0,846420000000.0,824132000000.0,0.0,521556000000.0,,,781735000000.0,,,36605152816.0,6898000000.0,-445000000.0,-77000000.0,-2514000000.0,-787000000.0,3452000000.0,-12950000000.0,-12366000000.0,16527000000.0,-131000000.0,2187000000.0,2065000000.0,2065000000.0,-42000000.0,27000000.0,0.031,19759000000.0,3194000000.0,38493000000.0,0.379,0.572,17.726,17.672,0.0,122000000.0,34.46,0.542,0.542,22939000000.0,25920000000.0,67552000000.0,67552000000.0,0.0,0.003,0.034,0.004,0.048,0.0,0.0,1.0,1062250517.0,1062250517.0,,63.593,836261000000.0,0.0,1022000000.0,9726000000.0,787.254,
36,MET,MRT,2012-06-30,2012-06-30,2012-06-30,2021-08-25,8735000000.0,825188000000.0,806562000000.0,,,0.089,58.761,0.0,16035000000.0,16035000000.0,43339000000.0,6621000000.0,,12.216,26368000000.0,,,26368000000.0,0.0,679000000.0,6832000000.0,0.024,0.74,9345000000.0,10024000000.0,0.14,10024000000.0,9345000000.0,9345000000.0,6.1,6.07,6.1,62406000000.0,59734750000.0,62406000000.0,45425618836.0,5.0,4.532,15587000000.0,14.677,1.0,28163000000.0,0.394,11823000000.0,0.0,823698000000.0,811756000000.0,0.0,516419000000.0,,,762364000000.0,,,32763618836.0,6362000000.0,139000000.0,-73000000.0,-3182000000.0,-787000000.0,9087000000.0,-18102000000.0,-18071000000.0,15587000000.0,-210000000.0,6597000000.0,6475000000.0,6475000000.0,-50000000.0,24000000.0,0.091,18844000000.0,9319000000.0,40302000000.0,0.121,0.525,5.06,5.057,0.0,122000000.0,30.85,0.458,0.458,23974000000.0,26904000000.0,71502000000.0,71502000000.0,0.0,0.008,0.108,0.012,0.131,0.0,0.0,1.0,1062029784.0,1062029784.0,,67.326,813365000000.0,0.0,2748000000.0,8913000000.0,765.859,
37,MET,MRT,2012-03-31,2012-03-31,2012-03-31,2021-08-25,7266000000.0,819604000000.0,793135750000.0,,,0.089,55.328,0.0,18667000000.0,18667000000.0,43991000000.0,5411000000.0,,12.963,31329000000.0,,,31329000000.0,0.0,679000000.0,10478000000.0,0.02,0.74,7560000000.0,8239000000.0,0.117,8239000000.0,7560000000.0,7560000000.0,4.98,4.95,4.98,58666000000.0,57460500000.0,58666000000.0,61359339842.0,8.0,7.447,12532000000.0,11.819,1.0,26259000000.0,0.374,11903000000.0,0.0,820363000000.0,802501250000.0,0.0,503936000000.0,,,760480000000.0,,,39603339842.0,7859000000.0,181000000.0,-47000000.0,-2012000000.0,-787000000.0,7360000000.0,-11959000000.0,-11984000000.0,12532000000.0,-74000000.0,5402000000.0,5280000000.0,5280000000.0,-78000000.0,9000000.0,0.075,18768000000.0,7491000000.0,32496000000.0,0.149,0.675,7.501,7.5,0.0,122000000.0,37.35,0.564,0.564,23759000000.0,24640000000.0,70250000000.0,70250000000.0,0.0,0.007,0.092,0.009,0.108,0.0,0.0,1.0,1060330384.0,1060330384.0,,66.253,807701000000.0,0.0,2158000000.0,6614000000.0,761.745,
38,MET,MRT,2011-12-31,2011-12-31,2011-12-31,2021-08-25,6083000000.0,796226000000.0,776070000000.0,,,0.091,54.385,0.0,10461000000.0,10461000000.0,42520000000.0,6415000000.0,,12.835,32217000000.0,,,32217000000.0,0.0,679000000.0,10507000000.0,0.024,0.74,9216000000.0,9895000000.0,0.141,9895000000.0,9216000000.0,9216000000.0,5.81,5.76,5.81,57519000000.0,55248000000.0,57519000000.0,56669028058.0,6.0,5.727,10273000000.0,9.713,1.0,27721000000.0,0.395,11935000000.0,0.0,806047000000.0,788752250000.0,0.0,511379000000.0,,,738232000000.0,,,32977028058.0,-2585000000.0,-6000000.0,2950000000.0,-781000000.0,-787000000.0,9382000000.0,-22218000000.0,-22043000000.0,10273000000.0,-22000000.0,6423000000.0,6155000000.0,6155000000.0,-24000000.0,-8000000.0,0.088,18537000000.0,9184000000.0,33716000000.0,0.127,0.573,5.358,5.367,0.0,268000000.0,31.18,0.469,0.469,22481000000.0,24814000000.0,70241000000.0,70241000000.0,0.0,0.008,0.111,0.012,0.131,0.0,0.0,1.0,1057633998.0,1057633998.0,,66.413,784291000000.0,0.0,2793000000.0,6588000000.0,741.552,
39,MET,MRT,2011-09-30,2011-09-30,2011-09-30,2021-08-25,6813000000.0,785230000000.0,759740000000.0,,,0.087,57.067,0.0,10001000000.0,10001000000.0,40888000000.0,5389000000.0,,12.003,33693000000.0,,,33693000000.0,0.0,585000000.0,10685000000.0,0.026,0.74,7733000000.0,8318000000.0,0.126,8318000000.0,7733000000.0,7733000000.0,4.67,4.64,4.67,60348000000.0,53024500000.0,60348000000.0,56852393691.0,7.0,6.835,11826000000.0,11.183,1.0,25291000000.0,0.382,12006000000.0,0.0,796916000000.0,772877500000.0,0.0,504410000000.0,,,724355000000.0,,,29620393691.0,-4505000000.0,-2633000000.0,2995000000.0,-1211000000.0,-784000000.0,5934000000.0,-22277000000.0,-19469000000.0,11826000000.0,12000000.0,5392000000.0,5124000000.0,5124000000.0,-23000000.0,-3000000.0,0.077,17584000000.0,7707000000.0,34933000000.0,0.158,0.491,5.781,5.998,0.0,268000000.0,28.01,0.448,0.448,23137000000.0,26951000000.0,66179000000.0,66179000000.0,0.0,0.007,0.097,0.01,0.117,0.0,0.0,1.0,1057493527.0,1057493527.0,,62.581,773224000000.0,0.0,2341000000.0,7599000000.0,731.186,
40,MET,MRT,2011-06-30,2011-06-30,2011-06-30,2021-08-25,3356000000.0,771483000000.0,717746250000.0,,,0.081,50.432,0.0,9628000000.0,9628000000.0,39712000000.0,2259000000.0,,13.462,36860000000.0,,,36860000000.0,0.0,585000000.0,10022000000.0,0.017,0.74,2988000000.0,3573000000.0,0.062,3573000000.0,2988000000.0,2988000000.0,1.77,1.75,1.77,53309000000.0,49541250000.0,53309000000.0,72344366033.0,24.0,20.248,10845000000.0,10.26,1.0,18352000000.0,0.316,12036000000.0,0.0,786679000000.0,731845750000.0,0.0,482170000000.0,,,717650000000.0,,,46372366033.0,-1029000000.0,-3147000000.0,6526000000.0,3691000000.0,-784000000.0,13106000000.0,-25076000000.0,-21760000000.0,10845000000.0,96000000.0,2252000000.0,1984000000.0,1984000000.0,-18000000.0,7000000.0,0.034,15375000000.0,2977000000.0,30079000000.0,0.418,0.87,23.373,24.785,0.0,268000000.0,43.87,0.799,0.799,21070000000.0,23399000000.0,58064000000.0,58064000000.0,0.0,0.003,0.04,0.004,0.051,0.0,0.0,1.0,1057040484.0,1057040484.0,,54.931,759447000000.0,0.0,736000000.0,3897000000.0,718.465,
41,MET,MRT,2011-03-31,2011-03-31,2011-03-31,2021-08-25,1115000000.0,751341000000.0,668352250000.0,,,0.082,50.493,0.0,10692000000.0,10692000000.0,37141000000.0,2713000000.0,,14.072,36664000000.0,,,36664000000.0,0.0,585000000.0,9313000000.0,0.017,0.74,3824000000.0,4409000000.0,0.08,4409000000.0,3824000000.0,3824000000.0,2.61,2.59,2.61,49816000000.0,46057750000.0,49816000000.0,67463967760.0,18.0,15.301,8613000000.0,8.73,1.0,17915000000.0,0.325,11946000000.0,0.0,765367000000.0,682221500000.0,0.0,467283000000.0,,,700992000000.0,,,44129967760.0,1606000000.0,-3380000000.0,6526000000.0,4473000000.0,-784000000.0,11798000000.0,-18797000000.0,-15213000000.0,8613000000.0,-8000000.0,2709000000.0,2441000000.0,2441000000.0,2000000.0,4000000.0,0.044,14085000000.0,3830000000.0,28625000000.0,0.284,0.886,18.079,17.138,0.0,268000000.0,44.73,0.802,0.802,20315000000.0,22193000000.0,55056000000.0,55056000000.0,0.0,0.004,0.053,0.006,0.069,0.0,0.0,1.0,986585463.0,986585463.0,,55.805,739395000000.0,0.0,1115000000.0,2351000000.0,749.449,
42,MET,MRT,2010-12-31,2010-12-31,2010-12-31,2021-08-25,1000000000.0,730906000000.0,621908500000.0,,,0.084,49.353,0.0,12957000000.0,12957000000.0,35591000000.0,2663000000.0,,14.021,36380000000.0,,,36380000000.0,0.0,585000000.0,10316000000.0,0.017,0.74,3777000000.0,4362000000.0,0.083,4362000000.0,3777000000.0,3777000000.0,2.88,2.86,2.88,48625000000.0,42556500000.0,48625000000.0,64284719935.0,17.0,14.737,7985000000.0,8.105,1.0,16656000000.0,0.319,11781000000.0,0.0,742548000000.0,635954250000.0,0.0,460306000000.0,,,681793000000.0,,,43784719935.0,2934000000.0,-3485000000.0,3529000000.0,3423000000.0,-784000000.0,13381000000.0,-18303000000.0,-14632000000.0,7985000000.0,-129000000.0,2667000000.0,2545000000.0,2545000000.0,-44000000.0,-4000000.0,0.049,12927000000.0,3729000000.0,27272000000.0,0.257,0.9,17.204,15.431,0.0,122000000.0,44.44,0.838,0.838,19799000000.0,21363000000.0,52247000000.0,52247000000.0,0.0,0.004,0.06,0.006,0.072,0.0,0.0,1.0,985254724.0,985254724.0,,53.029,719125000000.0,0.0,1110000000.0,2153000000.0,729.887,
43,MET,MRT,2010-09-30,2010-09-30,2010-09-30,2021-08-25,4030000000.0,617255000000.0,574010500000.0,,,0.09,56.573,0.0,14557000000.0,14557000000.0,35157000000.0,3014000000.0,,12.291,35057000000.0,,,35057000000.0,0.0,520000000.0,9362000000.0,0.019,0.74,4138000000.0,4658000000.0,0.09,4658000000.0,4138000000.0,4138000000.0,3.52,3.49,3.52,46415000000.0,38680500000.0,46415000000.0,50857879858.0,12.0,10.918,6278000000.0,7.652,1.0,16359000000.0,0.318,4966000000.0,0.0,632789000000.0,587011000000.0,0.0,378683000000.0,,,570486000000.0,,,31545879858.0,-1005000000.0,-432000000.0,3569000000.0,4205000000.0,-610000000.0,18652000000.0,-25947000000.0,-25369000000.0,6278000000.0,12000000.0,3028000000.0,2906000000.0,2906000000.0,-40000000.0,-14000000.0,0.056,12275000000.0,4084000000.0,31891000000.0,0.21,0.68,10.855,10.923,0.0,122000000.0,38.45,0.612,0.612,18654000000.0,22096000000.0,51516000000.0,51516000000.0,0.0,0.005,0.075,0.007,0.08,0.0,0.0,1.0,820439008.0,820439008.0,,62.791,612289000000.0,178000000.0,1110000000.0,3543000000.0,746.294,
44,MET,MRT,2010-06-30,2010-06-30,2010-06-30,2021-08-25,822000000.0,573907000000.0,553494750000.0,,,0.089,48.009,0.0,10702000000.0,10702000000.0,35063000000.0,2069000000.0,,13.567,30014000000.0,,,30014000000.0,0.0,520000000.0,9790000000.0,0.02,0.74,2583000000.0,3103000000.0,0.063,3103000000.0,2583000000.0,2583000000.0,2.4,2.38,2.4,39375000000.0,35643750000.0,39375000000.0,50749958287.0,20.0,16.355,8958000000.0,10.922,1.0,14353000000.0,0.29,5037000000.0,0.0,588182000000.0,563418250000.0,0.0,358705000000.0,,,534183000000.0,,,30968958287.0,-2511000000.0,-571000000.0,34000000.0,-2535000000.0,-610000000.0,3760000000.0,-15174000000.0,-14451000000.0,8958000000.0,-55000000.0,2092000000.0,1970000000.0,1970000000.0,-36000000.0,-23000000.0,0.04,11829000000.0,2524000000.0,29772000000.0,0.308,0.787,15.72,15.733,0.0,122000000.0,37.76,0.627,0.627,18177000000.0,21820000000.0,49416000000.0,49416000000.0,0.0,0.004,0.055,0.005,0.052,0.0,0.0,1.0,820152497.0,820152497.0,,60.252,568870000000.0,243000000.0,491000000.0,2050000000.0,693.615,
45,MET,MRT,2010-03-31,2010-03-31,2010-03-31,2021-08-25,-1191000000.0,565566000000.0,537382250000.0,,,0.081,43.719,0.0,9202000000.0,9202000000.0,35306000000.0,-896000000.0,,14.783,28983000000.0,,,28983000000.0,0.0,520000000.0,10032000000.0,0.017,0.74,-2159000000.0,-1639000000.0,-0.038,-1639000000.0,-2159000000.0,-2159000000.0,-1.19,-1.2,-1.19,35811000000.0,32623250000.0,35811000000.0,48008554444.0,-22.0,-29.291,7659000000.0,9.35,1.0,8237000000.0,0.189,5049000000.0,0.0,580298000000.0,545596000000.0,0.0,346218000000.0,,,529387000000.0,,,35500554444.0,-10222000000.0,-580000000.0,8000000.0,-2767000000.0,-610000000.0,1910000000.0,-19915000000.0,-19195000000.0,7659000000.0,124000000.0,-867000000.0,-989000000.0,-989000000.0,-26000000.0,-29000000.0,-0.023,10451000000.0,-2214000000.0,25982000000.0,-0.622,0.991,-35.895,-36.42,0.0,122000000.0,43.34,0.815,0.815,17554000000.0,20294000000.0,43543000000.0,43543000000.0,0.0,-0.002,-0.03,-0.004,-0.05,0.0,0.0,1.0,819117546.0,819117546.0,,53.158,560517000000.0,149000000.0,-1292000000.0,66000000.0,684.294,
46,MET,MRT,2009-12-31,2009-12-31,2009-12-31,2021-08-25,-3058000000.0,539314000000.0,518842750000.0,,,0.078,40.451,0.0,10112000000.0,10112000000.0,34497000000.0,-2278000000.0,,15.272,22620000000.0,,,22620000000.0,0.0,520000000.0,10211000000.0,0.021,0.74,-4271000000.0,-3751000000.0,-0.092,-3751000000.0,-4271000000.0,-4271000000.0,-2.89,-2.89,-2.89,33121000000.0,29448000000.0,33121000000.0,37203247957.0,-9.0,-9.918,3803000000.0,4.645,1.0,6160000000.0,0.152,5047000000.0,0.0,546775000000.0,523478250000.0,0.0,327567000000.0,,,505816000000.0,,,28944247957.0,-14127000000.0,-605000000.0,8000000.0,1609000000.0,-610000000.0,-4103000000.0,-13935000000.0,-13170000000.0,3803000000.0,108000000.0,-2246000000.0,-2368000000.0,-2368000000.0,-58000000.0,-32000000.0,-0.058,10521000000.0,-4361000000.0,24196000000.0,-0.256,0.874,-12.223,-12.232,0.0,122000000.0,35.35,0.712,0.712,16752000000.0,19501000000.0,40657000000.0,40657000000.0,0.0,-0.005,-0.08,-0.008,-0.105,0.0,0.0,1.0,818790607.0,818790607.0,,49.655,534267000000.0,1544000000.0,-2025000000.0,0.0,652.507,
47,MET,MRT,2009-09-30,2009-09-30,2009-09-30,2021-08-25,-2234000000.0,535192000000.0,509433750000.0,,,0.084,41.86,0.0,15562000000.0,15562000000.0,34322000000.0,-1615000000.0,,14.608,23821000000.0,,,23821000000.0,0.0,375000000.0,0.0,0.019,0.74,-2962000000.0,-2587000000.0,-0.061,-2587000000.0,-2962000000.0,-2962000000.0,-2.02,-2.02,-2.02,34268000000.0,27101250000.0,34268000000.0,43637584865.0,-15.0,-16.868,6418000000.0,7.84,1.0,8355000000.0,0.196,5033000000.0,0.0,538418000000.0,510219250000.0,0.0,322729000000.0,,,500599000000.0,,,31165584865.0,-4647000000.0,-787000000.0,2183000000.0,2327000000.0,-592000000.0,-7145000000.0,-3771000000.0,-2804000000.0,6418000000.0,-149000000.0,-1581000000.0,-1703000000.0,-1703000000.0,-87000000.0,-34000000.0,-0.04,11438000000.0,-3083000000.0,24363000000.0,-0.366,0.909,-18.3,-18.847,0.0,122000000.0,38.07,0.73,0.73,16903000000.0,19822000000.0,42677000000.0,42677000000.0,0.0,-0.003,-0.063,-0.006,-0.069,0.0,0.0,1.0,818638951.0,818638951.0,,52.132,530159000000.0,947000000.0,-1381000000.0,0.0,647.61,
48,MET,MRT,2009-06-30,2009-06-30,2009-06-30,2021-08-25,-9834000000.0,509457000000.0,505960500000.0,,,0.091,33.345,0.0,13213000000.0,13213000000.0,34293000000.0,-344000000.0,,17.655,25685000000.0,,,25685000000.0,0.0,41000000.0,0.0,0.025,0.74,-632000000.0,-591000000.0,-0.013,-591000000.0,-632000000.0,-632000000.0,-0.39,-0.4,-0.39,27293000000.0,25492500000.0,27293000000.0,29992483870.0,-47.0,-50.749,4057000000.0,4.957,1.0,11497000000.0,0.251,5036000000.0,0.0,516893000000.0,504830250000.0,0.0,312163000000.0,,,481845000000.0,,,24563483870.0,-602000000.0,-1211000000.0,2195000000.0,5549000000.0,-592000000.0,-2308000000.0,-2029000000.0,-642000000.0,4057000000.0,-322000000.0,-331000000.0,-453000000.0,-453000000.0,316000000.0,-13000000.0,-0.01,11826000000.0,-329000000.0,24607000000.0,-1.897,0.9,-54.224,-76.949,0.0,122000000.0,30.01,0.536,0.536,16730000000.0,20472000000.0,45790000000.0,45790000000.0,0.0,-0.001,-0.018,-0.001,-0.014,0.0,0.0,1.0,818509959.0,818509959.0,,55.943,504421000000.0,4109000000.0,-301000000.0,0.0,616.267,
49,MET,MRT,2009-03-31,2009-03-31,2009-03-31,2021-08-25,-15358000000.0,491408000000.0,517543000000.0,,,0.096,28.249,0.0,19424000000.0,19424000000.0,33905000000.0,2070000000.0,,20.25,24853000000.0,,,24853000000.0,0.0,154000000.0,0.0,0.032,0.74,3014000000.0,3168000000.0,0.064,3168000000.0,3014000000.0,3014000000.0,2.63,2.6,2.63,23110000000.0,26804500000.0,23110000000.0,15696711064.0,5.0,4.955,6174000000.0,7.547,1.0,15669000000.0,0.316,5010000000.0,0.0,491827000000.0,515156750000.0,0.0,296821000000.0,,,467979000000.0,,,18627711064.0,8550000000.0,-1470000000.0,2209000000.0,5715000000.0,-592000000.0,-633000000.0,3449000000.0,5097000000.0,6174000000.0,-440000000.0,2017000000.0,1895000000.0,1895000000.0,200000000.0,53000000.0,0.038,12402000000.0,3267000000.0,24341000000.0,0.281,0.806,9.83,8.658,0.0,122000000.0,22.77,0.376,0.376,18514000000.0,21829000000.0,49574000000.0,49574000000.0,0.0,0.004,0.071,0.006,0.061,0.0,0.0,1.0,818081294.0,818081294.0,,60.598,486398000000.0,6349000000.0,997000000.0,635000000.0,594.559,
50,MET,MRT,2008-12-31,2008-12-31,2008-12-31,2021-08-25,-14253000000.0,501678000000.0,533974000000.0,,,0.095,29.907,0.0,24207000000.0,24207000000.0,33976000000.0,3278000000.0,,20.127,21276000000.0,,,21276000000.0,0.0,375000000.0,6884000000.0,0.021,0.74,4789000000.0,5164000000.0,0.101,5164000000.0,4789000000.0,4789000000.0,4.19,4.14,4.19,23734000000.0,29276750000.0,23734000000.0,28263593799.0,6.0,5.473,10702000000.0,13.486,1.0,17006000000.0,0.334,5008000000.0,0.0,493739000000.0,532628500000.0,0.0,298311000000.0,,,477693000000.0,,,27664593799.0,13871000000.0,-1816000000.0,976000000.0,2135000000.0,-592000000.0,6189000000.0,-2671000000.0,-708000000.0,10702000000.0,-349000000.0,3209000000.0,3084000000.0,3084000000.0,201000000.0,69000000.0,0.06,11947000000.0,5059000000.0,31059000000.0,0.177,1.166,8.97,8.32,0.0,125000000.0,34.86,0.543,0.543,16973000000.0,22403000000.0,50982000000.0,50982000000.0,0.0,0.006,0.105,0.009,0.094,0.0,0.0,1.0,793591331.0,793591331.0,,64.242,496670000000.0,4927000000.0,1580000000.0,342000000.0,625.851,
51,MET,MRT,2008-09-30,2008-09-30,2008-09-30,2021-08-25,-7540000000.0,521299000000.0,548341750000.0,,,0.09,39.214,0.0,20209000000.0,20209000000.0,33144000000.0,3568000000.0,,17.73,20808000000.0,,,20808000000.0,0.0,457000000.0,0.0,0.013,0.74,4872000000.0,5329000000.0,0.108,5329000000.0,4872000000.0,4872000000.0,4.44,4.36,4.44,27833000000.0,32138000000.0,27833000000.0,47320610112.0,10.0,8.88,9982000000.0,14.064,1.0,16077000000.0,0.327,5036000000.0,0.0,516862000000.0,549968250000.0,0.0,303556000000.0,,,493466000000.0,,,39747610112.0,11582000000.0,-1878000000.0,-1922000000.0,4481000000.0,-541000000.0,2764000000.0,-1113000000.0,877000000.0,9982000000.0,-51000000.0,3342000000.0,3213000000.0,3213000000.0,54000000.0,226000000.0,0.065,10925000000.0,5152000000.0,43299000000.0,0.167,1.428,12.371,12.613,0.0,129000000.0,56.0,0.808,0.808,17865000000.0,22041000000.0,49221000000.0,49221000000.0,0.0,0.006,0.1,0.009,0.099,0.0,0.0,1.0,709778752.0,709778752.0,,69.347,516263000000.0,2387000000.0,1530000000.0,0.0,727.358,
52,MET,MRT,2008-06-30,2008-06-30,2008-06-30,2021-08-25,-2509000000.0,555787000000.0,558786250000.0,,,0.085,45.813,0.0,13815000000.0,13815000000.0,32175000000.0,3941000000.0,,16.08,21388000000.0,,,21388000000.0,0.0,791000000.0,0.0,0.014,0.74,5112000000.0,5903000000.0,0.124,5903000000.0,5112000000.0,5112000000.0,4.92,4.82,4.92,32541000000.0,33866250000.0,32541000000.0,47158862026.0,9.0,7.989,11179000000.0,15.738,1.0,15373000000.0,0.323,5161000000.0,0.0,558199000000.0,562712000000.0,0.0,336607000000.0,,,523246000000.0,,,37482862026.0,7311000000.0,-2318000000.0,-2114000000.0,3611000000.0,-541000000.0,1469000000.0,-5455000000.0,-3007000000.0,11179000000.0,118000000.0,3731000000.0,3598000000.0,3598000000.0,-426000000.0,210000000.0,0.076,10477000000.0,4896000000.0,45979000000.0,0.15,1.152,10.418,10.726,0.0,133000000.0,52.77,0.788,0.788,15402000000.0,21441000000.0,47548000000.0,47548000000.0,0.0,0.006,0.106,0.009,0.108,0.0,0.0,1.0,710306273.0,710306273.0,,66.94,550626000000.0,590000000.0,1381000000.0,1017000000.0,775.195,
53,MET,MRT,2008-03-31,2008-03-31,2008-03-31,2021-08-25,-1028000000.0,557132000000.0,557980500000.0,,,0.087,46.532,0.0,10874000000.0,10874000000.0,32706000000.0,4108000000.0,,15.883,20550000000.0,,,20550000000.0,0.0,678000000.0,0.0,0.012,0.74,5463000000.0,6141000000.0,0.126,6141000000.0,5463000000.0,5463000000.0,5.16,5.04,5.16,32999000000.0,34119750000.0,32999000000.0,52867391790.0,10.0,8.609,11235000000.0,15.843,1.0,16010000000.0,0.329,5094000000.0,0.0,561714000000.0,562889500000.0,0.0,339226000000.0,,,524133000000.0,,,42734391790.0,4329000000.0,-2459000000.0,-2099000000.0,2984000000.0,-541000000.0,4582000000.0,-11596000000.0,-8995000000.0,11235000000.0,108000000.0,3948000000.0,3812000000.0,3812000000.0,-317000000.0,160000000.0,0.078,10704000000.0,5306000000.0,46649000000.0,0.143,1.295,11.21,11.678,0.0,136000000.0,60.26,0.877,0.877,14998000000.0,20526000000.0,48716000000.0,48716000000.0,0.0,0.007,0.112,0.01,0.112,0.0,0.0,1.0,709166807.0,709166807.0,,68.695,552038000000.0,430000000.0,1515000000.0,1462000000.0,778.432,
54,MET,MRT,2007-12-31,2007-12-31,2007-12-31,2021-08-25,1078000000.0,559149000000.0,553149750000.0,,,0.085,47.501,0.0,9961000000.0,9961000000.0,30967000000.0,4465000000.0,,14.894,18724000000.0,,,18724000000.0,0.0,457000000.0,0.0,0.012,0.74,5992000000.0,6449000000.0,0.137,6449000000.0,5992000000.0,5992000000.0,5.62,5.48,5.62,35179000000.0,34387250000.0,35179000000.0,55304530080.0,9.0,8.576,9902000000.0,13.37,1.0,16185000000.0,0.343,4814000000.0,0.0,563098000000.0,558426000000.0,0.0,318048000000.0,,,523970000000.0,,,45635530080.0,3261000000.0,-2301000000.0,-1595000000.0,5220000000.0,-541000000.0,3942000000.0,-10644000000.0,-8203000000.0,9902000000.0,61000000.0,4317000000.0,4180000000.0,4180000000.0,-360000000.0,148000000.0,0.089,10405000000.0,5780000000.0,44136000000.0,0.132,1.297,10.918,10.964,0.0,137000000.0,61.62,0.968,0.968,13373000000.0,19884000000.0,47152000000.0,47152000000.0,0.0,0.008,0.122,0.011,0.127,0.0,0.0,1.0,740596074.0,740596074.0,,63.668,554335000000.0,334000000.0,1675000000.0,1502000000.0,748.498,
55,MET,MRT,2007-09-30,2007-09-30,2007-09-30,2021-08-25,56000000.0,563077000000.0,545291250000.0,,,0.083,46.773,0.0,8627000000.0,8627000000.0,30162000000.0,7062000000.0,,15.206,18296000000.0,,,18296000000.0,0.0,394000000.0,0.0,0.008,0.59,8504000000.0,8898000000.0,0.196,8898000000.0,8504000000.0,8504000000.0,9.18,9.01,9.18,34746000000.0,34042000000.0,34746000000.0,63049400618.0,7.0,7.086,7600000000.0,10.231,1.0,15163000000.0,0.335,4909000000.0,0.0,567837000000.0,550381250000.0,0.0,339332000000.0,,,528331000000.0,,,51800400618.0,2703000000.0,2890000000.0,-1362000000.0,3551000000.0,-450000000.0,8792000000.0,-13736000000.0,-16606000000.0,7600000000.0,47000000.0,7062000000.0,6926000000.0,6926000000.0,-3309000000.0,0.0,0.153,9968000000.0,5195000000.0,49283000000.0,0.064,1.491,7.479,7.596,0.0,136000000.0,69.73,1.143,1.143,16549000000.0,19342000000.0,45325000000.0,45325000000.0,0.0,0.013,0.203,0.015,0.188,0.0,0.0,1.0,742871083.0,742871083.0,,61.013,558168000000.0,0.0,1442000000.0,1656000000.0,751.366,
56,MET,MRT,2007-06-30,2007-06-30,2007-06-30,2021-08-25,-292000000.0,552564000000.0,533568500000.0,,,0.087,45.246,0.0,6504000000.0,6504000000.0,30758000000.0,7076000000.0,,15.467,17753000000.0,,,17753000000.0,0.0,394000000.0,0.0,0.009,0.59,8495000000.0,8889000000.0,0.193,8889000000.0,8495000000.0,8495000000.0,9.17,9.01,9.17,33555000000.0,33258000000.0,33555000000.0,58766796341.0,7.0,6.611,6667000000.0,8.99,1.0,15417000000.0,0.334,4904000000.0,0.0,558909000000.0,538396250000.0,0.0,336124000000.0,,,519009000000.0,,,47818796341.0,2378000000.0,4063000000.0,-1159000000.0,2448000000.0,-450000000.0,10096000000.0,-14432000000.0,-18432000000.0,6667000000.0,47000000.0,7076000000.0,6940000000.0,6940000000.0,-3307000000.0,0.0,0.15,10229000000.0,5188000000.0,50590000000.0,0.064,1.425,6.89,7.032,0.0,136000000.0,64.48,1.036,1.036,15297000000.0,18357000000.0,46175000000.0,46175000000.0,0.0,0.013,0.209,0.016,0.184,0.0,0.0,1.0,741606643.0,741606643.0,,62.263,547660000000.0,0.0,1419000000.0,1057000000.0,738.478,
57,MET,MRT,2007-03-31,2007-03-31,2007-03-31,2021-08-25,1402000000.0,537809000000.0,520503750000.0,,,0.085,45.264,0.0,6545000000.0,6545000000.0,30016000000.0,6563000000.0,,14.786,17493000000.0,,,17493000000.0,0.0,394000000.0,0.0,0.009,0.59,7711000000.0,8105000000.0,0.183,8105000000.0,7711000000.0,7711000000.0,8.46,8.33,8.46,34069000000.0,31789500000.0,34069000000.0,55632051644.0,7.0,6.864,6412000000.0,8.519,1.0,14293000000.0,0.323,4897000000.0,0.0,543860000000.0,525266500000.0,0.0,330511000000.0,,,503740000000.0,,,47531051644.0,1401000000.0,4545000000.0,-1164000000.0,3916000000.0,-450000000.0,5512000000.0,-10570000000.0,-15017000000.0,6412000000.0,47000000.0,6563000000.0,6428000000.0,6428000000.0,-3356000000.0,0.0,0.145,9938000000.0,4355000000.0,48140000000.0,0.07,1.395,7.394,7.465,0.0,135000000.0,63.15,1.073,1.073,15581000000.0,17228000000.0,44309000000.0,44309000000.0,0.0,0.012,0.202,0.015,0.174,0.0,0.0,1.0,752669068.0,752669068.0,,58.869,532912000000.0,122000000.0,1148000000.0,1992000000.0,708.03,
58,MET,MRT,2006-12-31,2006-12-31,2006-12-31,2021-08-25,1118000000.0,527715000000.0,510827000000.0,,,0.084,44.457,0.0,7107000000.0,7107000000.0,29466000000.0,6293000000.0,,14.614,15208000000.0,,,15208000000.0,0.0,394000000.0,0.0,0.01,0.59,7309000000.0,7703000000.0,0.179,7703000000.0,7309000000.0,7309000000.0,8.09,7.99,8.09,33798000000.0,30414000000.0,33798000000.0,53488380192.0,7.0,6.944,6554000000.0,8.621,1.0,13463000000.0,0.314,4897000000.0,0.0,530919000000.0,514948250000.0,0.0,323152000000.0,,,493917000000.0,,,44861380192.0,3089000000.0,4621000000.0,-417000000.0,1660000000.0,-450000000.0,15374000000.0,-18886000000.0,-23396000000.0,6554000000.0,47000000.0,6293000000.0,6159000000.0,6159000000.0,-3383000000.0,0.0,0.143,9537000000.0,3926000000.0,45846000000.0,0.073,1.327,7.284,7.294,0.0,134000000.0,59.01,1.045,1.045,14490000000.0,16574000000.0,42929000000.0,42929000000.0,0.0,0.012,0.203,0.014,0.17,0.0,0.0,1.0,760233523.0,760233523.0,,56.468,522818000000.0,0.0,1016000000.0,3743000000.0,687.707,
59,MET,MRT,2006-09-30,2006-09-30,2006-09-30,2021-08-25,1887000000.0,516186000000.0,499309500000.0,,,0.094,41.625,0.0,5924000000.0,5924000000.0,32530000000.0,3139000000.0,,15.33,14551000000.0,,,14551000000.0,0.0,352000000.0,0.0,0.009,0.52,4182000000.0,4534000000.0,0.097,4534000000.0,4182000000.0,4182000000.0,3.94,3.9,3.94,31610000000.0,29239750000.0,31610000000.0,54040421596.0,13.0,11.919,9059000000.0,11.929,1.0,14351000000.0,0.306,4916000000.0,0.0,519897000000.0,503785000000.0,0.0,321219000000.0,,,484576000000.0,,,43042421596.0,-1026000000.0,56000000.0,78000000.0,1537000000.0,-394000000.0,11322000000.0,-21407000000.0,-20895000000.0,9059000000.0,0.0,3139000000.0,3007000000.0,3007000000.0,-286000000.0,0.0,0.064,10455000000.0,3896000000.0,48082000000.0,0.132,1.362,14.314,14.386,0.0,132000000.0,56.68,0.918,0.918,14494000000.0,13195000000.0,46881000000.0,46881000000.0,0.0,0.006,0.103,0.008,0.089,0.0,0.0,1.0,759393465.0,759393465.0,,61.735,511270000000.0,170000000.0,1043000000.0,2319000000.0,673.261,
60,MET,MRT,2006-06-30,2006-06-30,2006-06-30,2021-08-25,-991000000.0,500305000000.0,490967750000.0,,,0.094,36.488,0.0,4126000000.0,4126000000.0,32474000000.0,2879000000.0,,17.074,15124000000.0,,,15124000000.0,0.0,352000000.0,0.0,0.01,0.52,3803000000.0,4155000000.0,0.09,4155000000.0,3803000000.0,3803000000.0,3.61,3.58,3.61,27681000000.0,28526500000.0,27681000000.0,47131863502.0,12.0,11.343,8428000000.0,11.109,1.0,13867000000.0,0.299,4913000000.0,0.0,506390000000.0,494869250000.0,0.0,312854000000.0,,,472624000000.0,,,38849863502.0,-9483000000.0,-10661000000.0,76000000.0,1654000000.0,-394000000.0,16750000000.0,-34661000000.0,-23479000000.0,8428000000.0,0.0,2879000000.0,2750000000.0,2750000000.0,-262000000.0,0.0,0.059,10326000000.0,3541000000.0,46612000000.0,0.144,1.403,14.127,14.186,0.0,129000000.0,51.21,0.838,0.838,13216000000.0,12196000000.0,46341000000.0,46341000000.0,0.0,0.006,0.096,0.008,0.082,0.0,0.0,1.0,758638225.0,758638225.0,,61.084,495392000000.0,154000000.0,924000000.0,485000000.0,653.002,
61,MET,MRT,2006-03-31,2006-03-31,2006-03-31,2021-08-25,590000000.0,499102000000.0,461249250000.0,,,0.1,37.689,0.0,5144000000.0,5144000000.0,31959000000.0,4474000000.0,,16.471,13426000000.0,,,13426000000.0,0.0,352000000.0,0.0,0.011,0.52,5643000000.0,5995000000.0,0.13,5995000000.0,5643000000.0,5643000000.0,5.85,5.8,5.85,28567000000.0,28649000000.0,28567000000.0,46080507351.0,8.0,7.686,8715000000.0,11.498,1.0,13986000000.0,0.304,4797000000.0,0.0,502587000000.0,463581500000.0,0.0,312373000000.0,,,470535000000.0,,,36662507351.0,1219000000.0,-8252000000.0,71000000.0,4908000000.0,-394000000.0,23206000000.0,-30702000000.0,-21916000000.0,8715000000.0,0.0,4474000000.0,4378000000.0,4378000000.0,-1445000000.0,0.0,0.095,9788000000.0,4198000000.0,47059000000.0,0.089,1.283,8.374,8.268,0.0,96000000.0,48.37,0.798,0.798,12731000000.0,11579000000.0,45945000000.0,45945000000.0,0.0,0.009,0.153,0.012,0.123,0.0,0.0,1.0,757959631.0,757959631.0,,60.617,494305000000.0,0.0,1169000000.0,1287000000.0,652.152,
62,MET,MRT,2005-12-31,2005-12-31,2005-12-31,2021-08-25,1912000000.0,481645000000.0,427141500000.0,,,0.104,38.428,0.0,4018000000.0,4018000000.0,31072000000.0,4714000000.0,,15.551,13436000000.0,,,13436000000.0,0.0,352000000.0,0.0,0.011,0.52,5936000000.0,6288000000.0,0.141,6288000000.0,5936000000.0,5936000000.0,6.21,6.16,6.21,29101000000.0,27266750000.0,29101000000.0,43085584270.0,7.0,6.852,8019000000.0,10.589,1.0,13557000000.0,0.304,4797000000.0,0.0,486266000000.0,429754750000.0,0.0,301709000000.0,,,452544000000.0,,,37106584270.0,-88000000.0,-7683000000.0,72000000.0,4588000000.0,-394000000.0,14510000000.0,-22617000000.0,-14445000000.0,8019000000.0,0.0,4714000000.0,4651000000.0,4651000000.0,-1643000000.0,0.0,0.104,9264000000.0,4293000000.0,34515000000.0,0.084,1.275,7.978,7.89,0.0,63000000.0,49.0,0.831,0.831,12186000000.0,10865000000.0,44629000000.0,44629000000.0,0.0,0.011,0.171,0.014,0.133,0.0,0.0,1.0,757277230.0,757277230.0,,58.934,476848000000.0,0.0,1222000000.0,1775000000.0,629.687,
63,MET,MRT,2005-09-30,2005-09-30,2005-09-30,2021-08-25,1874000000.0,482819000000.0,395932250000.0,,,0.109,38.014,0.0,6950000000.0,6950000000.0,30121000000.0,4516000000.0,,15.79,12929000000.0,,,12929000000.0,0.0,444000000.0,0.0,0.009,0.46,5733000000.0,6177000000.0,0.143,6177000000.0,5733000000.0,5733000000.0,6.06,6.0,6.06,28757000000.0,25697500000.0,28757000000.0,37503523822.0,7.0,6.071,7086000000.0,9.367,1.0,12937000000.0,0.3,4564000000.0,0.0,484234000000.0,398434250000.0,0.0,302343000000.0,,,454062000000.0,,,37695523822.0,3319000000.0,-8027000000.0,-438000000.0,4731000000.0,-343000000.0,21848000000.0,-25615000000.0,-17347000000.0,7086000000.0,0.0,4516000000.0,4485000000.0,4485000000.0,-1555000000.0,0.0,0.104,8759000000.0,4178000000.0,40127000000.0,0.076,1.311,8.405,8.223,0.0,31000000.0,49.83,0.875,0.875,14391000000.0,10582000000.0,43058000000.0,43058000000.0,0.0,0.011,0.175,0.014,0.133,0.0,0.0,1.0,756482517.0,756482517.0,,56.919,478255000000.0,0.0,1217000000.0,1553000000.0,632.209,
64,MET,MRT,2005-06-30,2005-06-30,2005-06-30,2021-08-25,3081000000.0,381431000000.0,361772250000.0,,,0.113,38.415,0.0,13609000000.0,13609000000.0,28779000000.0,4438000000.0,,12.54,13417000000.0,,,13417000000.0,0.0,444000000.0,0.0,0.01,0.46,5707000000.0,6151000000.0,0.15,6151000000.0,5707000000.0,5707000000.0,6.01,5.95,6.01,28171000000.0,24252000000.0,28171000000.0,37564596738.0,7.0,6.107,6734000000.0,9.183,1.0,12263000000.0,0.299,0.0,0.0,381239000000.0,365087750000.0,0.0,245845000000.0,,,353260000000.0,,,32955596738.0,9150000000.0,2470000000.0,-659000000.0,4044000000.0,-343000000.0,17644000000.0,-15228000000.0,-16396000000.0,6734000000.0,0.0,4438000000.0,4438000000.0,4438000000.0,-1521000000.0,0.0,0.108,8077000000.0,4186000000.0,31632000000.0,0.077,1.17,7.426,7.478,0.0,0.0,44.94,0.803,0.803,7822000000.0,9840000000.0,41042000000.0,41042000000.0,0.0,0.012,0.183,0.016,0.139,0.0,0.0,1.0,733324360.0,733324360.0,,55.967,381431000000.0,0.0,1269000000.0,3836000000.0,520.14,
65,MET,MRT,2005-03-31,2005-03-31,2005-03-31,2021-08-25,2156000000.0,362671000000.0,350971750000.0,,,0.113,31.433,0.0,3925000000.0,3925000000.0,27824000000.0,3147000000.0,,14.742,8534000000.0,,,8534000000.0,0.0,444000000.0,0.0,0.012,0.46,4203000000.0,4647000000.0,0.117,4647000000.0,4203000000.0,4203000000.0,4.22,4.19,4.22,23038000000.0,22538250000.0,23038000000.0,33463343610.0,8.0,7.201,7040000000.0,9.605,1.0,11734000000.0,0.297,0.0,0.0,367280000000.0,355581500000.0,0.0,240967000000.0,,,339633000000.0,,,28657343610.0,779000000.0,623000000.0,-872000000.0,-203000000.0,-343000000.0,12191000000.0,-18452000000.0,-17981000000.0,7040000000.0,0.0,3147000000.0,3147000000.0,3147000000.0,-407000000.0,0.0,0.08,7938000000.0,3796000000.0,31713000000.0,0.109,1.244,9.106,9.265,0.0,0.0,39.1,0.724,0.724,7515000000.0,7595000000.0,39558000000.0,39558000000.0,0.0,0.009,0.14,0.012,0.106,0.0,0.0,1.0,732924389.0,732924389.0,,53.973,362671000000.0,0.0,1056000000.0,2445000000.0,494.827,
66,MET,MRT,2004-12-31,2004-12-31,2004-12-31,2021-08-25,2956000000.0,356808000000.0,344607250000.0,,,0.112,30.664,0.0,4048000000.0,4048000000.0,27325000000.0,2758000000.0,,14.633,8857000000.0,,,8857000000.0,0.0,444000000.0,0.0,0.011,0.46,3754000000.0,4198000000.0,0.108,4198000000.0,3754000000.0,3754000000.0,3.67,3.65,3.67,22824000000.0,22347000000.0,22824000000.0,34822063756.0,9.0,8.295,6510000000.0,8.746,1.0,11387000000.0,0.294,633000000.0,0.0,360984000000.0,349472000000.0,0.0,234967000000.0,,,333984000000.0,,,30153063756.0,373000000.0,418000000.0,-954000000.0,-475000000.0,-343000000.0,8273000000.0,-14410000000.0,-14694000000.0,6510000000.0,0.0,2758000000.0,2758000000.0,2758000000.0,-266000000.0,0.0,0.071,7813000000.0,3574000000.0,28678000000.0,0.125,1.321,10.933,11.038,0.0,0.0,40.51,0.779,0.779,6695000000.0,6608000000.0,38712000000.0,38712000000.0,0.0,0.008,0.123,0.011,0.097,0.0,0.0,1.0,744336306.0,744336306.0,,52.009,356175000000.0,0.0,996000000.0,2894000000.0,478.514,
67,MET,MRT,2004-09-30,2004-09-30,2004-09-30,2021-08-25,2794000000.0,346179000000.0,337115500000.0,,,0.113,30.628,0.0,3592000000.0,3592000000.0,27023000000.0,2948000000.0,,14.068,8261000000.0,,,8261000000.0,0.0,486000000.0,0.0,0.006,0.23,3918000000.0,4404000000.0,0.115,4404000000.0,3918000000.0,3918000000.0,3.9,3.87,3.9,22975000000.0,21928250000.0,22975000000.0,33977960781.0,9.0,7.715,5440000000.0,7.252,1.0,11222000000.0,0.293,0.0,0.0,350848000000.0,342351750000.0,0.0,230335000000.0,,,323204000000.0,,,28992960781.0,-1741000000.0,1239000000.0,-556000000.0,-365000000.0,-175000000.0,18363000000.0,-25544000000.0,-20378000000.0,5440000000.0,0.0,2948000000.0,2927000000.0,2927000000.0,-493000000.0,0.0,0.077,7685000000.0,3537000000.0,28662000000.0,0.059,1.262,9.905,9.91,0.0,21000000.0,38.65,0.758,0.758,7089000000.0,6440000000.0,38245000000.0,38245000000.0,0.0,0.009,0.133,0.011,0.102,0.0,0.0,1.0,750141288.0,750141288.0,,50.984,346179000000.0,0.0,970000000.0,2969000000.0,461.485,
68,MET,MRT,2004-06-30,2004-06-30,2004-06-30,2021-08-25,1717000000.0,338229000000.0,329316500000.0,,,0.112,28.202,0.0,4459000000.0,4459000000.0,26342000000.0,2827000000.0,,14.867,9444000000.0,,,9444000000.0,0.0,486000000.0,0.0,0.006,0.23,3650000000.0,4136000000.0,0.112,4136000000.0,3650000000.0,3650000000.0,3.72,3.7,3.72,21316000000.0,21410750000.0,21316000000.0,32725851919.0,9.0,7.912,6321000000.0,8.363,1.0,10652000000.0,0.288,0.0,0.0,343214000000.0,334202000000.0,0.0,222987000000.0,,,316913000000.0,,,27096851919.0,-1255000000.0,1332000000.0,-356000000.0,351000000.0,-175000000.0,17557000000.0,-25133000000.0,-22640000000.0,6321000000.0,0.0,2827000000.0,2806000000.0,2806000000.0,-500000000.0,0.0,0.076,7390000000.0,3262000000.0,28132000000.0,0.062,1.271,9.657,9.637,0.0,21000000.0,35.85,0.732,0.732,7566000000.0,5663000000.0,36994000000.0,36994000000.0,0.0,0.009,0.131,0.011,0.099,0.0,0.0,1.0,755839663.0,755839663.0,,48.944,338229000000.0,0.0,823000000.0,2687000000.0,447.488,
69,MET,MRT,2004-03-31,2004-03-31,2004-03-31,2021-08-25,3444000000.0,337213000000.0,322214750000.0,,,0.113,29.469,0.0,3146000000.0,3146000000.0,26040000000.0,2453000000.0,,14.14,8775000000.0,,,8775000000.0,0.0,486000000.0,0.0,0.006,0.23,3251000000.0,3737000000.0,0.103,3737000000.0,3251000000.0,3251000000.0,3.25,3.23,3.25,22273000000.0,21237500000.0,22273000000.0,32579279321.0,10.0,8.718,6277000000.0,8.305,1.0,10346000000.0,0.284,0.0,0.0,342842000000.0,326676750000.0,0.0,225516000000.0,,,314940000000.0,,,26967279321.0,-1792000000.0,704000000.0,-159000000.0,765000000.0,-175000000.0,20063000000.0,-28132000000.0,-28173000000.0,6277000000.0,0.0,2453000000.0,2432000000.0,2432000000.0,-382000000.0,0.0,0.067,7365000000.0,2981000000.0,28045000000.0,0.071,1.211,11.089,10.978,0.0,21000000.0,35.68,0.741,0.741,7554000000.0,4716000000.0,36386000000.0,36386000000.0,0.0,0.008,0.115,0.01,0.089,0.0,0.0,1.0,755809398.0,755809398.0,,48.142,337213000000.0,0.0,798000000.0,3490000000.0,446.161,
70,MET,MRT,2003-12-31,2003-12-31,2003-12-31,2021-08-25,2792000000.0,326841000000.0,309626000000.0,,,0.114,27.822,0.0,3683000000.0,3683000000.0,25577000000.0,2217000000.0,,14.454,9345000000.0,,,9345000000.0,0.0,486000000.0,0.0,0.007,0.23,2833000000.0,3319000000.0,0.094,3319000000.0,2833000000.0,2833000000.0,2.97,2.94,2.97,21149000000.0,20179000000.0,21149000000.0,28860697739.0,10.0,8.696,6127000000.0,8.06,1.0,9613000000.0,0.273,0.0,0.0,332503000000.0,313426750000.0,0.0,218057000000.0,,,305692000000.0,,,25594697739.0,1410000000.0,799000000.0,-96000000.0,2644000000.0,-175000000.0,22161000000.0,-26878000000.0,-27455000000.0,6127000000.0,0.0,2217000000.0,2196000000.0,2196000000.0,-414000000.0,0.0,0.062,7168000000.0,2445000000.0,27083000000.0,0.077,1.21,11.655,11.337,0.0,21000000.0,33.67,0.727,0.727,7024000000.0,4193000000.0,35190000000.0,35190000000.0,0.0,0.007,0.109,0.009,0.081,0.0,0.0,1.0,760163283.0,760163283.0,,46.293,326841000000.0,0.0,616000000.0,3048000000.0,429.962,
71,MET,MRT,2003-09-30,2003-09-30,2003-09-30,2021-08-25,3009000000.0,314983000000.0,297272250000.0,,,0.116,27.501,0.0,5372000000.0,5372000000.0,25190000000.0,2077000000.0,,14.067,8638000000.0,,,8638000000.0,0.0,498000000.0,0.0,0.007,0.21,2581000000.0,3079000000.0,0.09,3079000000.0,2581000000.0,2581000000.0,2.83,2.79,2.83,20905000000.0,19238000000.0,20905000000.0,24613034600.0,10.0,7.994,6700000000.0,8.814,1.0,9174000000.0,0.267,0.0,0.0,318249000000.0,300473250000.0,0.0,210951000000.0,,,294078000000.0,,,21322034600.0,1725000000.0,819000000.0,3000000.0,3226000000.0,-147000000.0,13606000000.0,-18581000000.0,-26925000000.0,6700000000.0,0.0,2077000000.0,2077000000.0,2077000000.0,-516000000.0,0.0,0.06,7109000000.0,2065000000.0,24666000000.0,0.074,1.02,10.266,9.912,0.0,0.0,28.05,0.62,0.62,7133000000.0,3667000000.0,34364000000.0,34364000000.0,0.0,0.007,0.108,0.009,0.075,0.0,0.0,1.0,760143836.0,760143836.0,,45.207,314983000000.0,0.0,504000000.0,3128000000.0,414.373,
72,MET,MRT,2003-06-30,2003-06-30,2003-06-30,2021-08-25,3306000000.0,309822000000.0,285510000000.0,,,0.118,29.446,0.0,5714000000.0,5714000000.0,24780000000.0,1831000000.0,,14.01,9005000000.0,,,9005000000.0,0.0,498000000.0,0.0,0.007,0.21,2310000000.0,2808000000.0,0.083,2808000000.0,2310000000.0,2310000000.0,2.55,2.49,2.55,20623000000.0,18281000000.0,20623000000.0,22818546680.0,10.0,8.126,5486000000.0,7.833,1.0,8974000000.0,0.266,0.0,0.0,313113000000.0,288059250000.0,0.0,208247000000.0,,,288922000000.0,,,19834546680.0,2151000000.0,932000000.0,-37000000.0,4490000000.0,-147000000.0,13591000000.0,-16926000000.0,-26937000000.0,5486000000.0,0.0,1831000000.0,1831000000.0,1831000000.0,-519000000.0,0.0,0.054,7178000000.0,1796000000.0,23028000000.0,0.082,0.962,10.833,11.106,0.0,0.0,28.32,0.588,0.588,7512000000.0,3093000000.0,33754000000.0,33754000000.0,0.0,0.006,0.1,0.008,0.068,0.0,0.0,1.0,700372411.0,700372411.0,,48.194,309822000000.0,0.0,479000000.0,3240000000.0,442.368,
73,MET,MRT,2003-03-31,2003-03-31,2003-03-31,2021-08-25,2312000000.0,286858000000.0,273362250000.0,,,0.121,25.76,0.0,4938000000.0,4938000000.0,24639000000.0,1638000000.0,,14.887,7922000000.0,,,7922000000.0,0.0,498000000.0,0.0,0.008,0.21,2066000000.0,2564000000.0,0.077,2564000000.0,2066000000.0,2066000000.0,2.31,2.23,2.31,18039000000.0,17161250000.0,18039000000.0,21736344509.0,11.0,8.478,4489000000.0,6.41,1.0,8453000000.0,0.255,0.0,0.0,289842000000.0,275070000000.0,0.0,193480000000.0,,,268542000000.0,,,18473344509.0,914000000.0,-26000000.0,-231000000.0,2916000000.0,-147000000.0,9471000000.0,-13046000000.0,-18715000000.0,4489000000.0,0.0,1638000000.0,1638000000.0,1638000000.0,-527000000.0,0.0,0.049,6909000000.0,1544000000.0,19566000000.0,0.091,1.024,11.278,11.42,0.0,0.0,26.38,0.558,0.558,7968000000.0,3169000000.0,33092000000.0,33092000000.0,0.0,0.006,0.095,0.008,0.062,0.0,0.0,1.0,700278412.0,700278412.0,,47.255,286858000000.0,0.0,428000000.0,2570000000.0,409.634,
74,MET,MRT,2002-12-31,2002-12-31,2002-12-31,2021-08-25,2007000000.0,277426000000.0,266325250000.0,,,0.123,24.826,0.0,2323000000.0,2323000000.0,24265000000.0,1605000000.0,,14.885,5586000000.0,,,5586000000.0,0.0,498000000.0,0.0,0.008,0.21,2095000000.0,2593000000.0,0.079,2593000000.0,2095000000.0,2095000000.0,2.28,2.2,2.28,17385000000.0,16481500000.0,17385000000.0,19594528260.0,9.0,7.557,4180000000.0,5.969,1.0,8416000000.0,0.258,0.0,0.0,280689000000.0,267276000000.0,0.0,188335000000.0,,,258776000000.0,,,18935528260.0,-5150000000.0,-196000000.0,-471000000.0,1603000000.0,-147000000.0,6883000000.0,-16213000000.0,-20909000000.0,4180000000.0,0.0,1605000000.0,1605000000.0,1605000000.0,-492000000.0,0.0,0.049,6813000000.0,1603000000.0,17862000000.0,0.092,1.089,11.798,11.86,0.0,0.0,27.04,0.579,0.579,6445000000.0,2807000000.0,32681000000.0,32681000000.0,0.0,0.006,0.097,0.008,0.064,0.0,0.0,1.0,700278412.0,700278412.0,,46.669,277426000000.0,0.0,490000000.0,2394000000.0,396.165,
75,MET,MRT,2002-09-30,2002-09-30,2002-09-30,2021-08-25,2114000000.0,267934000000.0,261211250000.0,,,0.124,24.33,0.0,3647000000.0,3647000000.0,24287000000.0,748000000.0,,14.616,4306000000.0,,,4306000000.0,0.0,481000000.0,0.0,0.009,0.2,1057000000.0,1538000000.0,0.048,1538000000.0,1057000000.0,1057000000.0,1.09,1.05,1.09,17077000000.0,16150750000.0,17077000000.0,15899752657.0,15.0,10.338,3746000000.0,5.337,1.0,8013000000.0,0.248,0.0,0.0,268593000000.0,260473750000.0,0.0,180651000000.0,,,249594000000.0,,,15974752657.0,-798000000.0,-1424000000.0,-775000000.0,1302000000.0,-145000000.0,5486000000.0,-10030000000.0,-11306000000.0,3746000000.0,0.0,748000000.0,748000000.0,748000000.0,-105000000.0,0.0,0.023,7061000000.0,952000000.0,16251000000.0,0.183,0.935,21.357,20.881,0.0,0.0,22.76,0.495,0.495,8165000000.0,2393000000.0,32300000000.0,32300000000.0,0.0,0.003,0.046,0.004,0.033,0.0,0.0,1.0,701878412.0,701878412.0,,46.019,267934000000.0,0.0,309000000.0,2039000000.0,381.738,
76,MET,MRT,2002-06-30,2002-06-30,2002-06-30,2021-08-25,1469000000.0,261231000000.0,257201500000.0,,,0.124,22.885,0.0,3563000000.0,3563000000.0,24323000000.0,582000000.0,,15.103,3488000000.0,,,3488000000.0,0.0,481000000.0,0.0,0.007,0.2,842000000.0,1323000000.0,0.041,1323000000.0,842000000.0,842000000.0,0.84,0.81,0.84,16144000000.0,16113500000.0,16144000000.0,20272403786.0,24.0,15.323,4078000000.0,5.781,1.0,7683000000.0,0.24,0.0,0.0,261156000000.0,255951250000.0,0.0,171029000000.0,,,243827000000.0,,,20316403786.0,-1185000000.0,-1596000000.0,-1241000000.0,-914000000.0,-145000000.0,2925000000.0,-8188000000.0,-6982000000.0,4078000000.0,0.0,582000000.0,582000000.0,582000000.0,-96000000.0,0.0,0.018,6942000000.0,741000000.0,13486000000.0,0.238,1.258,34.908,34.286,0.0,0.0,28.8,0.635,0.635,8170000000.0,2065000000.0,32006000000.0,32006000000.0,0.0,0.002,0.036,0.003,0.026,0.0,0.0,1.0,705430687.0,705430687.0,,45.371,261231000000.0,0.0,260000000.0,1685000000.0,370.314,
77,MET,MRT,2002-03-31,2002-03-31,2002-03-31,2021-08-25,842000000.0,258710000000.0,255588000000.0,,,0.123,21.62,0.0,4024000000.0,4024000000.0,23743000000.0,515000000.0,,15.805,3980000000.0,,,3980000000.0,0.0,481000000.0,0.0,0.006,0.2,787000000.0,1268000000.0,0.04,1268000000.0,787000000.0,787000000.0,0.72,0.69,0.72,15320000000.0,16268250000.0,15320000000.0,18830841788.0,24.0,14.851,4134000000.0,5.834,1.0,7724000000.0,0.245,0.0,0.0,258666000000.0,254277000000.0,0.0,165566000000.0,,,242132000000.0,,,22320841788.0,-181000000.0,-633000000.0,-1323000000.0,-10000000.0,-145000000.0,2441000000.0,-6756000000.0,-6244000000.0,4134000000.0,0.0,515000000.0,515000000.0,515000000.0,-80000000.0,0.0,0.016,7022000000.0,702000000.0,13665000000.0,0.278,1.457,43.341,43.75,0.0,0.0,31.5,0.709,0.709,8111000000.0,1678000000.0,31467000000.0,31467000000.0,0.0,0.002,0.032,0.003,0.025,0.0,0.0,1.0,708598152.0,708598152.0,,44.407,258710000000.0,0.0,272000000.0,1317000000.0,365.101,
78,MET,MRT,2001-12-31,2001-12-31,2001-12-31,2021-08-25,1673000000.0,256970000000.0,254439750000.0,,,0.123,22.161,0.0,7473000000.0,7473000000.0,23624000000.0,473000000.0,,14.92,3983000000.0,,,3983000000.0,0.0,481000000.0,0.0,0.006,0.2,677000000.0,1158000000.0,0.037,1158000000.0,677000000.0,677000000.0,0.64,0.62,0.64,16062000000.0,16693750000.0,16062000000.0,21568837057.0,32.0,18.626,4258000000.0,5.875,1.0,7592000000.0,0.243,0.0,0.0,253480000000.0,253100750000.0,0.0,162222000000.0,,,239652000000.0,,,22960837057.0,4039000000.0,-620000000.0,-1321000000.0,498000000.0,-145000000.0,2751000000.0,-2970000000.0,-2123000000.0,4258000000.0,0.0,473000000.0,473000000.0,473000000.0,-107000000.0,0.0,0.015,7022000000.0,570000000.0,12661000000.0,0.312,1.43,48.543,49.5,0.0,0.0,31.68,0.736,0.736,6509000000.0,1349000000.0,31216000000.0,31216000000.0,0.0,0.002,0.028,0.003,0.022,0.0,0.0,1.0,724773897.0,724773897.0,,43.07,256970000000.0,0.0,204000000.0,1832000000.0,354.552,
79,MET,MRT,2001-09-30,2001-09-30,2001-09-30,2021-08-25,1834000000.0,251895000000.0,253730750000.0,,,0.122,23.118,0.0,4445000000.0,4445000000.0,22962000000.0,1360000000.0,,13.816,3053000000.0,,,3053000000.0,0.0,369000000.0,0.0,0.007,0.2,1776000000.0,2145000000.0,0.069,2145000000.0,1776000000.0,1776000000.0,1.8,1.74,1.8,16928000000.0,16775500000.0,16928000000.0,21429365660.0,12.0,9.99,5327000000.0,7.275,1.0,8019000000.0,0.259,0.0,0.0,250503000000.0,253277000000.0,0.0,162627000000.0,,,233871000000.0,,,21747365660.0,2120000000.0,672000000.0,-1223000000.0,-1287000000.0,-152000000.0,-262000000.0,-2945000000.0,-5146000000.0,5327000000.0,0.0,1360000000.0,1360000000.0,1360000000.0,-96000000.0,0.0,0.044,6339000000.0,1680000000.0,13123000000.0,0.111,1.285,15.991,16.5,0.0,0.0,29.7,0.702,0.702,8063000000.0,1790000000.0,30981000000.0,30981000000.0,0.0,0.005,0.081,0.007,0.057,0.0,0.0,1.0,732234534.0,732234534.0,,42.31,251895000000.0,0.0,416000000.0,1944000000.0,344.009,
80,MET,MRT,2001-06-30,2001-06-30,2001-06-30,2021-08-25,1325000000.0,254777000000.0,255129250000.0,,,0.121,22.359,0.0,4748000000.0,4748000000.0,22291000000.0,1439000000.0,,14.134,4430000000.0,,,4430000000.0,0.0,369000000.0,0.0,0.006,0.2,1857000000.0,2226000000.0,0.072,2226000000.0,1857000000.0,1857000000.0,1.89,1.84,1.89,16763000000.0,16345250000.0,16763000000.0,23070733792.0,12.0,10.364,4359000000.0,5.814,1.0,8545000000.0,0.277,0.0,0.0,254459000000.0,255788500000.0,0.0,159629000000.0,,,236920000000.0,,,23226733792.0,556000000.0,771000000.0,-910000000.0,234000000.0,-152000000.0,-64000000.0,-3739000000.0,-6523000000.0,4359000000.0,0.0,1439000000.0,1439000000.0,1439000000.0,-79000000.0,0.0,0.047,6767000000.0,1778000000.0,12709000000.0,0.106,1.386,16.141,16.392,0.0,0.0,30.98,0.753,0.753,8139000000.0,1628000000.0,30836000000.0,30836000000.0,0.0,0.006,0.088,0.007,0.06,0.0,0.0,1.0,749733176.0,749733176.0,,41.129,254777000000.0,0.0,418000000.0,1477000000.0,339.824,
81,MET,MRT,2001-03-31,2001-03-31,2001-03-31,2021-08-25,1631000000.0,254117000000.0,255141250000.0,,,0.122,22.485,0.0,4205000000.0,4205000000.0,22245000000.0,1004000000.0,,13.865,4049000000.0,,,4049000000.0,0.0,369000000.0,0.0,0.007,0.2,1381000000.0,1750000000.0,0.056,1750000000.0,1381000000.0,1381000000.0,1.9,1.87,1.9,17022000000.0,15796250000.0,17022000000.0,22835402383.0,17.0,13.049,2452000000.0,3.239,1.0,8938000000.0,0.287,0.0,0.0,253961000000.0,256235250000.0,0.0,160502000000.0,,,236003000000.0,,,22749402383.0,1968000000.0,1078000000.0,3158000000.0,-1946000000.0,-152000000.0,1248000000.0,-1732000000.0,-6082000000.0,2452000000.0,0.0,1004000000.0,1004000000.0,1004000000.0,-79000000.0,0.0,0.032,7636000000.0,1302000000.0,13271000000.0,0.105,1.336,22.659,15.816,0.0,0.0,30.05,0.73,0.73,8797000000.0,1308000000.0,31183000000.0,31183000000.0,0.0,0.004,0.064,0.005,0.044,0.0,0.0,1.0,757051660.0,757051660.0,,41.19,254117000000.0,0.0,377000000.0,1564000000.0,335.667,
82,MET,MRT,2000-12-31,2000-12-31,2000-12-31,2021-08-25,1047000000.0,254134000000.0,255624000000.0,,,0.121,21.436,0.0,3434000000.0,3434000000.0,21747000000.0,953000000.0,,14.44,3485000000.0,,,3485000000.0,0.0,369000000.0,0.0,0.006,0.2,1374000000.0,1743000000.0,0.056,1743000000.0,1374000000.0,1374000000.0,1.52,1.49,1.52,16389000000.0,15044750000.0,16389000000.0,29819559085.0,22.0,17.108,3277000000.0,4.286,1.0,9253000000.0,0.298,0.0,0.0,254185000000.0,257792250000.0,0.0,156527000000.0,,,236655000000.0,,,26759559085.0,645000000.0,652000000.0,3396000000.0,-3012000000.0,-152000000.0,-1400000000.0,-1232000000.0,-6912000000.0,3277000000.0,0.0,953000000.0,953000000.0,953000000.0,-79000000.0,0.0,0.031,7958000000.0,1295000000.0,12301000000.0,0.132,1.633,28.079,23.026,0.0,0.0,35.0,0.863,0.863,7459000000.0,1021000000.0,31000000000.0,31000000000.0,0.0,0.004,0.063,0.005,0.044,0.0,0.0,1.0,764558831.0,764558831.0,,40.546,254134000000.0,0.0,421000000.0,864000000.0,332.393,
83,MET,MRT,2000-09-30,2000-09-30,2000-09-30,2021-08-25,98000000.0,257489000000.0,248398500000.0,,,0.121,19.623,0.0,1600000000.0,1600000000.0,20635000000.0,628000000.0,,15.932,4660000000.0,,,4660000000.0,0.0,105000000.0,0.0,0.0,0.0,1220000000.0,1325000000.0,0.044,1325000000.0,1220000000.0,1220000000.0,,,,15207000000.0,14370000000.0,15207000000.0,21763200699.0,18.0,16.425,1208000000.0,1.559,1.0,9447000000.0,0.314,0.0,0.0,260549000000.0,251537250000.0,0.0,119893000000.0,,,242282000000.0,,,20342200699.0,-2728000000.0,-2536000000.0,3602000000.0,-3675000000.0,0.0,-2455000000.0,-1481000000.0,-3458000000.0,1208000000.0,0.0,628000000.0,628000000.0,628000000.0,0.0,0.0,0.021,8304000000.0,1143000000.0,0.0,,1.338,32.392,,0.0,0.0,26.25,0.676,0.676,8064000000.0,582000000.0,30082000000.0,30082000000.0,0.0,0.003,0.044,0.005,0.041,0.0,0.0,1.0,774940979.0,774940979.0,,38.818,257489000000.0,238000000.0,592000000.0,354000000.0,332.269,
84,MET,MRT,2000-06-30,2000-06-30,2000-06-30,2021-08-25,-494000000.0,254825000000.0,,,,,18.619,0.0,3187000000.0,3187000000.0,19523000000.0,629000000.0,,16.493,4608000000.0,,,4608000000.0,0.0,105000000.0,0.0,0.0,0.0,1332000000.0,1437000000.0,0.05,1437000000.0,1332000000.0,1332000000.0,,,,14567000000.0,,14567000000.0,20618158103.0,15.0,14.348,3596000000.0,4.596,1.0,9085000000.0,0.318,0.0,0.0,256246000000.0,,0.0,117026000000.0,,,240258000000.0,,,16477158103.0,2403000000.0,-2723000000.0,3795000000.0,-1039000000.0,0.0,330000000.0,-1523000000.0,-3870000000.0,3596000000.0,0.0,629000000.0,629000000.0,629000000.0,0.0,0.0,0.022,7797000000.0,1288000000.0,0.0,,1.131,26.196,,0.0,0.0,21.06,0.576,0.576,8317000000.0,341000000.0,28608000000.0,28608000000.0,0.0,,,,0.047,0.0,0.0,1.0,782391173.0,782391173.0,,36.565,254825000000.0,695000000.0,703000000.0,552000000.0,325.7,
85,MET,MRT,2000-03-31,2000-03-31,2000-03-31,2021-08-25,-320000000.0,256048000000.0,,,,,18.801,0.0,2237000000.0,2237000000.0,18310000000.0,624000000.0,,17.268,6378000000.0,,,6378000000.0,0.0,105000000.0,0.0,,0.0,1192000000.0,1297000000.0,0.048,1297000000.0,1192000000.0,1192000000.0,,,,14016000000.0,,14016000000.0,,,,5045000000.0,6.767,1.0,8461000000.0,0.316,0.0,0.0,260189000000.0,,0.0,150976000000.0,,,242032000000.0,,,,83000000.0,-2734000000.0,0.0,-725000000.0,0.0,-2507000000.0,-2455000000.0,-4162000000.0,5045000000.0,0.0,624000000.0,624000000.0,624000000.0,0.0,0.0,0.023,7277000000.0,1184000000.0,0.0,,,,,0.0,0.0,,,,9032000000.0,14336000000.0,26771000000.0,26771000000.0,0.0,,,,0.045,0.0,0.0,1.0,745476118.0,745476118.0,,35.911,256048000000.0,481000000.0,568000000.0,579000000.0,343.469,
86,MET,MRT,1999-12-31,1999-12-31,1999-12-31,2021-08-25,-410000000.0,225232000000.0,220289000000.0,,,0.114,18.364,0.0,2789000000.0,2789000000.0,17231000000.0,617000000.0,,15.452,6722000000.0,,,6722000000.0,0.0,105000000.0,0.0,,0.0,1175000000.0,1280000000.0,0.051,1280000000.0,1175000000.0,1175000000.0,,,,13690000000.0,14278500000.0,13690000000.0,,,,3883000000.0,5.209,1.0,7897000000.0,0.314,0.0,0.0,229165000000.0,223849000000.0,0.0,135860000000.0,,,211542000000.0,,,,-512000000.0,-2251000000.0,0.0,216000000.0,0.0,-2006000000.0,-2389000000.0,-2759000000.0,3883000000.0,0.0,617000000.0,617000000.0,617000000.0,0.0,0.0,0.025,6722000000.0,1175000000.0,6461000000.0,,,,,0.0,0.0,,,,6681000000.0,14100000000.0,25128000000.0,25128000000.0,0.0,0.003,0.043,0.005,0.047,0.0,0.0,1.0,745476118.0,745476118.0,,33.707,225232000000.0,603000000.0,558000000.0,548000000.0,302.132,
87,MET,MRT,1999-09-30,1999-09-30,1999-09-30,2021-08-25,,,,,,,,,,,,,,,,,,,,,,,0.0,,,,,,,,,,,,,,,,,,1.0,,,,,,,,,,,,,,,,,,,,,,,,,,,,,,,,,,,,,,,,,,,,,,,,,,,,,,1.0,,,,,,,,,,
88,MET,MRT,1999-06-30,1999-06-30,1999-06-30,2021-08-25,,,,,,,,,,,,,,,,,,,,,,,0.0,,,,,,,,,,,,,,,,,,1.0,,,,,,,,,,,,,,,,,,,,,,,,,,,,,,,,,,,,,,,,,,,,,,,,,,,,,,1.0,,,,,,,,,,
89,MET,MRT,1999-03-31,1999-03-31,1999-03-31,2021-08-25,,,,,,,,,,,,,,,,,,,,,,,0.0,,,,,,,,,,,,,,,,,,1.0,,,,,,,,,,,,,,,,,,,,,,,,,,,,,,,,,,,,,,,,,,,,,,,,,,,,,,1.0,,,,,,,,,,
90,MET,MRT,1998-12-31,1998-12-31,1998-12-31,2021-08-25,1384000000.0,215346000000.0,,,,,,0.0,3301000000.0,3301000000.0,17000000000.0,1343000000.0,,13.485,6488000000.0,,,6488000000.0,0.0,56000000.0,0.0,,0.0,2081000000.0,2137000000.0,0.079,2137000000.0,2081000000.0,2081000000.0,,,,14867000000.0,,14867000000.0,,,,842000000.0,,1.0,10106000000.0,0.373,0.0,0.0,218533000000.0,,0.0,135721000000.0,,,200479000000.0,,,,390000000.0,8071000000.0,0.0,-790000000.0,0.0,-3135000000.0,2683000000.0,-8974000000.0,842000000.0,0.0,1343000000.0,1343000000.0,1343000000.0,0.0,0.0,0.05,8025000000.0,2081000000.0,0.0,,,,,0.0,0.0,,,,5972000000.0,13483000000.0,27106000000.0,27106000000.0,0.0,,,,0.077,0.0,0.0,1.0,,,,,215346000000.0,0.0,738000000.0,948000000.0,,
91,MET,MRT,1997-12-31,1997-12-31,1997-12-31,2021-08-25,,,,,,,,0.0,,,17023000000.0,1203000000.0,,,,,,,,-36000000.0,,,0.0,1671000000.0,1635000000.0,0.067,1635000000.0,1671000000.0,1671000000.0,,,,,,,,,,2872000000.0,,1.0,7442000000.0,0.304,,0.0,,,,,,,,,,,586000000.0,1127000000.0,0.0,2150000000.0,0.0,-620000000.0,-1666000000.0,-2984000000.0,2872000000.0,0.0,1203000000.0,1203000000.0,1203000000.0,0.0,0.0,0.049,5771000000.0,1671000000.0,,,,,,,0.0,,,,,,24465000000.0,24465000000.0,0.0,,,,0.068,0.0,0.0,1.0,,,,,,,468000000.0,,,
