None,ticker,dimension,calendardate,datekey,reportperiod,lastupdated,accoci,assets,assetsavg,assetsc,assetsnc,assetturnover,bvps,capex,cashneq,cashnequsd,cor,consolinc,currentratio,de,debt,debtc,debtnc,debtusd,deferredrev,depamor,deposits,divyield,dps,ebit,ebitda,ebitdamargin,ebitdausd,ebitusd,ebt,eps,epsdil,epsusd,equity,equityavg,equityusd,ev,evebit,evebitda,fcf,fcfps,fxusd,gp,grossmargin,intangibles,intexp,invcap,invcapavg,inventory,investments,investmentsc,investmentsnc,liabilities,liabilitiesc,liabilitiesnc,marketcap,ncf,ncfbus,ncfcommon,ncfdebt,ncfdiv,ncff,ncfi,ncfinv,ncfo,ncfx,netinc,netinccmn,netinccmnusd,netincdis,netincnci,netmargin,opex,opinc,payables,payoutratio,pb,pe,pe1,ppnenet,prefdivis,price,ps,ps1,receivables,retearn,revenue,revenueusd,rnd,roa,roe,roic,ros,sbcomp,sgna,sharefactor,sharesbas,shareswa,shareswadil,sps,tangibles,taxassets,taxexp,taxliabilities,tbvps,workingcapital
0,PWR,MRY,2020-12-31,2020-12-31,2020-12-31,2021-08-06,-232997000.0,8398272000.0,8260583250.0,3588389000.0,4809883000.0,1.356,30.727,-225184000.0,184620000.0,184620000.0,9541825000.0,451959000.0,1.678,0.932,1453014000.0,99898000.0,1353116000.0,1453014000.0,528864000.0,301960000.0,0.0,0.003,0.21,609996000.0,911956000.0,0.081,911956000.0,609996000.0,564983000.0,3.15,3.07,3.15,4344181000.0,4050263000.0,4344181000.0,11268638018.0,18.0,12.357,890793000.0,6.301,1.0,1660847000.0,0.148,2556669000.0,45013000.0,4971441000.0,4968747250.0,50472000.0,0.0,0.0,0.0,4049300000.0,2138556000.0,1910744000.0,10000762018.0,17063000.0,-274681000.0,-247249000.0,-221802000.0,-28891000.0,-601365000.0,-499323000.0,0.0,1115977000.0,1774000.0,445596000.0,445596000.0,445596000.0,0.0,6363000.0,0.04,1060060000.0,600787000.0,1509794000.0,0.067,2.302,22.444,22.863,1817501000.0,0.0,72.02,0.893,0.909,2716083000.0,3264967000.0,11202672000.0,11202672000.0,0.0,0.054,0.11,0.123,0.054,91641000.0,975074000.0,1.0,138860900.0,141380000,145247000.0,79.238,5841603000.0,0.0,119387000.0,166407000.0,41.318,1449833000.0
1,PWR,MRY,2019-12-31,2019-12-31,2019-12-31,2021-08-06,-241818000.0,8331682000.0,8217777000.0,3830986000.0,4500696000.0,1.474,27.797,-231128000.0,164798000.0,164798000.0,10511901000.0,406815000.0,1.693,1.056,1656060000.0,167344000.0,1488716000.0,1656060000.0,606146000.0,280198000.0,0.0,0.004,0.17,634406000.0,914604000.0,0.076,914604000.0,634406000.0,567516000.0,2.76,2.73,2.76,4050292000.0,3864091250.0,4050292000.0,7890360723.0,12.0,8.627,295423000.0,2.027,1.0,1600252000.0,0.132,2436409000.0,66890000.0,5123486000.0,5563820500.0,55719000.0,0.0,0.0,0.0,4277851000.0,2263049000.0,2014802000.0,5792771723.0,86489000.0,-388432000.0,-20092000.0,241994000.0,-23236000.0,177687000.0,-617596000.0,0.0,526551000.0,-153000.0,402044000.0,402044000.0,402044000.0,0.0,4771000.0,0.033,1031974000.0,568278000.0,1489559000.0,0.062,1.43,14.408,14.75,1671023000.0,0.0,40.71,0.478,0.49,2747911000.0,2854271000.0,12112153000.0,12112153000.0,0.0,0.049,0.104,0.114,0.052,52013000.0,955991000.0,1.0,142293582.0,145710000,147534000.0,83.125,5895273000.0,0.0,165472000.0,214779000.0,40.459,1567937000.0
2,PWR,MRY,2018-12-31,2018-12-31,2018-12-31,2021-08-06,-286048000.0,7075787000.0,6927686250.0,3326104000.0,3749683000.0,1.613,23.562,-276263000.0,78687000.0,78687000.0,9691459000.0,296007000.0,1.842,0.963,1106178000.0,65646000.0,1040532000.0,1106178000.0,425961000.0,246513000.0,0.0,0.001,0.04,491950000.0,738463000.0,0.066,738463000.0,491950000.0,455005000.0,1.92,1.9,1.92,3604159000.0,3690247250.0,3604159000.0,5257697732.0,11.0,7.12,82526000.0,0.54,1.0,1479964000.0,0.132,2180059000.0,36945000.0,4117092000.0,3886955500.0,107732000.0,0.0,0.0,0.0,3470334000.0,1806127000.0,1664207000.0,4395524732.0,-60519000.0,-127121000.0,-443152000.0,447814000.0,0.0,-16570000.0,-402670000.0,0.0,358789000.0,-68000.0,293346000.0,293346000.0,293346000.0,0.0,2661000.0,0.026,950943000.0,529021000.0,1314520000.0,0.021,1.22,14.984,15.677,1276032000.0,0.0,30.1,0.393,0.412,2354737000.0,2477291000.0,11171423000.0,11171423000.0,0.0,0.042,0.079,0.127,0.044,52484000.0,857574000.0,1.0,146030722.0,152963000,154226000.0,73.033,4895728000.0,0.0,161659000.0,219115000.0,32.006,1519977000.0
3,PWR,MRY,2017-12-31,2017-12-31,2017-12-31,2021-08-06,-203395000.0,6480154000.0,6104199250.0,2869907000.0,3610247000.0,1.551,24.286,-221303000.0,138285000.0,138285000.0,8224618000.0,318225000.0,1.923,0.708,671941000.0,1220000.0,670721000.0,671941000.0,433387000.0,216013000.0,0.0,0.0,0.0,371456000.0,587469000.0,0.062,587469000.0,371456000.0,350510000.0,2.02,2.0,2.02,3791571000.0,3605541750.0,3791571000.0,6722610097.0,18.0,11.443,150588000.0,0.965,1.0,1241860000.0,0.131,2131779000.0,20946000.0,3389964000.0,3188500500.0,80890000.0,0.0,0.0,0.0,2684525000.0,1492067000.0,1192458000.0,6051130097.0,29365000.0,-351956000.0,-49975000.0,299790000.0,0.0,227764000.0,-572084000.0,0.0,371891000.0,1794000.0,314978000.0,314978000.0,314978000.0,0.0,3247000.0,0.033,868182000.0,373678000.0,1057460000.0,0.0,1.596,19.211,19.361,1288602000.0,0.0,39.11,0.639,0.645,1985077000.0,2191059000.0,9466478000.0,9466478000.0,0.0,0.052,0.087,0.116,0.039,46448000.0,777920000.0,1.0,154720790.0,156124000,157155000.0,60.634,4348375000.0,0.0,35532000.0,179381000.0,27.852,1377840000.0
4,PWR,MRY,2016-12-31,2016-12-31,2016-12-31,2021-08-06,-271673000.0,5354059000.0,5355786750.0,2288745000.0,3065314000.0,1.429,21.231,-190580000.0,112183000.0,112183000.0,6637519000.0,200098000.0,1.899,0.602,361125000.0,7563000.0,353562000.0,361125000.0,274846000.0,201925000.0,0.0,0.0,0.0,320516000.0,522441000.0,0.068,522441000.0,320516000.0,305629000.0,1.26,1.26,1.26,3339427000.0,3246057750.0,3339427000.0,5412054029.0,17.0,10.359,199134000.0,1.266,1.0,1013800000.0,0.133,1790192000.0,14887000.0,2607581000.0,2609705500.0,88548000.0,0.0,0.0,0.0,2011357000.0,1205228000.0,806129000.0,5041960029.0,-14361000.0,-74345000.0,401000.0,-125136000.0,0.0,-133836000.0,-270459000.0,0.0,389714000.0,220000.0,198383000.0,198383000.0,198383000.0,342000.0,1715000.0,0.026,692987000.0,320813000.0,922819000.0,0.0,1.51,25.415,27.659,1174094000.0,0.0,34.85,0.659,0.716,1973423000.0,1876081000.0,7651319000.0,7651319000.0,0.0,0.037,0.061,0.123,0.042,42843000.0,653338000.0,1.0,144676041.0,157287000,157288000.0,48.646,3563867000.0,0.0,107246000.0,192834000.0,22.658,1083517000.0
5,PWR,MRY,2015-12-31,2015-12-31,2015-12-31,2021-08-06,-294689000.0,5213543000.0,5714577750.0,2277519000.0,2936024000.0,1.325,15.814,-184001000.0,128771000.0,128771000.0,6648771000.0,321824000.0,1.892,0.689,482431000.0,7067000.0,475364000.0,482431000.0,399230000.0,197693000.0,0.0,0.0,0.0,416403000.0,614096000.0,0.081,614096000.0,416403000.0,408379000.0,1.59,1.59,1.59,3085494000.0,3692149500.0,3085494000.0,3397226492.0,8.0,5.532,466990000.0,2.393,1.0,923665000.0,0.122,1757732000.0,8024000.0,2605727000.0,2804599250.0,75285000.0,0.0,0.0,0.0,2125728000.0,1203744000.0,921984000.0,3095861492.0,-61744000.0,-118988000.0,-1605989000.0,410652000.0,0.0,-1227844000.0,518263000.0,-4338000.0,650991000.0,-3154000.0,310907000.0,310907000.0,310907000.0,0.0,10917000.0,0.041,686162000.0,237503000.0,782134000.0,0.0,1.003,9.958,12.736,1101959000.0,0.0,20.25,0.409,0.522,1938878000.0,1677698000.0,7572436000.0,7572436000.0,0.0,0.054,0.084,0.148,0.055,36939000.0,592863000.0,1.0,152882049.0,195113000,195120000.0,38.811,3455811000.0,0.0,97472000.0,186491000.0,17.712,1073775000.0
6,PWR,MRY,2014-12-31,2014-12-31,2014-12-31,2021-08-06,-123290000.0,6253583000.0,6054637750.0,2495704000.0,3757879000.0,1.28,20.551,-233020000.0,190515000.0,190515000.0,6578435000.0,315082000.0,2.256,0.383,81365000.0,8876000.0,72489000.0,81365000.0,251113000.0,175363000.0,0.0,0.0,0.0,440486000.0,615849000.0,0.079,615849000.0,440486000.0,435721000.0,1.35,1.35,1.35,4514473000.0,4419293750.0,4514473000.0,5972559203.0,14.0,9.698,77804000.0,0.354,1.0,1168794000.0,0.151,1840279000.0,4765000.0,3197843000.0,2839315750.0,38921000.0,0.0,0.0,0.0,1728043000.0,1106311000.0,621732000.0,6031846203.0,-298262000.0,-265345000.0,-92303000.0,46825000.0,0.0,-58347000.0,-542866000.0,6214000.0,310824000.0,-7873000.0,296714000.0,296714000.0,296714000.0,0.0,18368000.0,0.038,739734000.0,429060000.0,825231000.0,0.0,1.336,20.329,21.03,1099574000.0,0.0,28.39,0.779,0.805,2091557000.0,1366791000.0,7747229000.0,7747229000.0,0.0,0.049,0.067,0.155,0.057,35886000.0,705477000.0,1.0,212463762.0,219668000,219690000.0,35.268,4413304000.0,0.0,139007000.0,215981000.0,20.091,1389393000.0
7,PWR,MRY,2013-12-31,2013-12-31,2013-12-31,2021-08-06,-37236000.0,5793245000.0,5407740500.0,2313318000.0,3479927000.0,1.186,19.7,-207157000.0,488777000.0,488777000.0,5424644000.0,421309000.0,2.219,0.367,2234000.0,1181000.0,1053000.0,2234000.0,239106000.0,144695000.0,0.0,0.0,0.0,601464000.0,746159000.0,0.116,746159000.0,601464000.0,598796000.0,1.87,1.87,1.87,4234188000.0,3989692500.0,4234188000.0,6395576311.0,11.0,8.571,239435000.0,1.114,1.0,986933000.0,0.154,1988594000.0,2668000.0,2275641000.0,2306236000.0,31877000.0,0.0,0.0,0.0,1551926000.0,1042467000.0,509459000.0,6702090311.0,94076000.0,-97652000.0,1028000.0,-533000.0,0.0,-16651000.0,-319966000.0,-10032000.0,446592000.0,-15899000.0,401921000.0,401921000.0,401921000.0,0.0,19388000.0,0.063,510934000.0,475999000.0,802180000.0,0.0,1.583,16.675,16.877,1205608000.0,0.0,31.56,1.045,1.058,1652593000.0,1070077000.0,6411577000.0,6411577000.0,0.0,0.074,0.101,0.261,0.094,30658000.0,485069000.0,1.0,212360276.0,214929000,214978000.0,29.831,3804651000.0,0.0,196875000.0,244256000.0,17.702,1270851000.0
8,PWR,MRY,2012-12-31,2012-12-31,2012-12-31,2021-08-06,14453000.0,5140757000.0,5012166000.0,2201727000.0,2939030000.0,1.181,17.702,-197083000.0,394701000.0,394701000.0,4982562000.0,322656000.0,2.499,0.363,9000.0,9000.0,0.0,9000.0,173885000.0,157994000.0,0.0,0.0,0.0,469234000.0,627228000.0,0.106,627228000.0,469234000.0,465488000.0,1.44,1.44,1.44,3766548000.0,3606896750.0,3766548000.0,6022854498.0,13.0,9.602,-90866000.0,-0.427,1.0,937707000.0,0.158,1721481000.0,3746000.0,2143405000.0,2167087750.0,38261000.0,0.0,0.0,0.0,1368841000.0,881179000.0,487662000.0,6026045498.0,79352000.0,-122477000.0,2385000.0,-56000.0,0.0,-15344000.0,-13579000.0,0.0,106217000.0,2058000.0,306629000.0,306629000.0,306629000.0,0.0,16027000.0,0.052,472585000.0,465122000.0,707285000.0,0.0,1.6,19.653,18.951,1045983000.0,0.0,27.29,1.018,0.981,1670858000.0,668156000.0,5920269000.0,5920269000.0,0.0,0.061,0.085,0.217,0.079,25693000.0,434894000.0,1.0,220815152.0,212777000,212835000.0,27.824,3419276000.0,0.0,158859000.0,225050000.0,16.07,1320548000.0
9,PWR,MRY,2011-12-31,2011-12-31,2011-12-31,2021-08-06,710000.0,4699114000.0,4445121500.0,1765154000.0,2933960000.0,0.943,15.904,-153143000.0,315349000.0,315349000.0,3632048000.0,144416000.0,2.26,0.387,56000.0,56000.0,0.0,56000.0,144599000.0,138913000.0,0.0,0.0,0.0,197414000.0,336327000.0,0.08,336327000.0,197414000.0,195611000.0,0.62,0.62,0.62,3381952000.0,3333090250.0,3381952000.0,4184336373.0,21.0,12.441,64887000.0,0.305,1.0,561716000.0,0.134,1671687000.0,1803000.0,1931058000.0,1736405000.0,62519000.0,0.0,0.0,0.0,1309851000.0,781076000.0,528775000.0,4442074373.0,-223872000.0,-114660000.0,-148680000.0,-1337000.0,0.0,-158733000.0,-281217000.0,-4000000.0,218030000.0,-1952000.0,132515000.0,132515000.0,132515000.0,0.0,11901000.0,0.032,366874000.0,194842000.0,570572000.0,0.0,1.313,33.521,34.742,938902000.0,0.0,21.54,1.059,1.092,1149054000.0,361527000.0,4193764000.0,4193764000.0,0.0,0.03,0.04,0.114,0.047,18115000.0,337835000.0,1.0,206224437.0,212648000,213168000.0,19.722,3027427000.0,0.0,63096000.0,233644000.0,14.237,984078000.0
10,PWR,MRY,2010-12-31,2010-12-31,2010-12-31,2021-08-06,14122000.0,4341212000.0,4120407000.0,1596364000.0,2744848000.0,0.881,16.023,-119669000.0,539221000.0,539221000.0,3039912000.0,155557000.0,3.19,0.289,1327000.0,1327000.0,0.0,1327000.0,83121000.0,138854000.0,0.0,0.0,0.0,246962000.0,385816000.0,0.106,385816000.0,246962000.0,242060000.0,0.73,0.72,0.73,3365555000.0,3225396500.0,3365555000.0,3774144051.0,15.0,9.782,120589000.0,0.574,1.0,589521000.0,0.162,1755222000.0,4902000.0,1547701000.0,1503629750.0,51754000.0,0.0,0.0,0.0,974293000.0,500395000.0,473898000.0,4215129051.0,-160408000.0,-130251000.0,534000.0,-146005000.0,0.0,-145705000.0,-254253000.0,0.0,240258000.0,-708000.0,153176000.0,153176000.0,153176000.0,0.0,2381000.0,0.042,345530000.0,243991000.0,415947000.0,0.0,1.252,27.518,27.288,900768000.0,0.0,19.92,1.161,1.153,901862000.0,229012000.0,3629433000.0,3629433000.0,0.0,0.037,0.047,0.164,0.068,18479000.0,307875000.0,1.0,211602864.0,210046000,211796000.0,17.279,2585990000.0,0.0,88884000.0,212200000.0,12.312,1095969000.0
11,PWR,MRY,2009-12-31,2009-12-31,2009-12-31,2021-08-06,3502000.0,4116954000.0,3720510250.0,1582792000.0,2534162000.0,0.892,15.489,-155916000.0,699629000.0,699629000.0,2724638000.0,163535000.0,3.193,0.324,130034000.0,3426000.0,126608000.0,130034000.0,70228000.0,125814000.0,0.0,0.0,0.0,243626000.0,369440000.0,0.111,369440000.0,243626000.0,232357000.0,0.81,0.81,0.81,3109183000.0,2839260750.0,3109183000.0,3914421911.0,16.0,10.596,220982000.0,1.101,1.0,593488000.0,0.179,1634380000.0,11269000.0,1417291000.0,1303676500.0,33451000.0,0.0,0.0,0.0,1006393000.0,495688000.0,510705000.0,4372929911.0,261728000.0,36234000.0,975000.0,2015000.0,0.0,1481000.0,-119682000.0,0.0,376898000.0,3031000.0,162162000.0,162162000.0,162162000.0,0.0,1373000.0,0.049,351366000.0,242122000.0,422034000.0,0.0,1.406,26.966,25.728,854437000.0,0.0,20.84,1.318,1.261,749499000.0,75836000.0,3318126000.0,3318126000.0,0.0,0.044,0.057,0.187,0.073,21384000.0,312414000.0,1.0,209833489.0,200733000,201311000.0,16.53,2482574000.0,0.0,70195000.0,167575000.0,12.368,1087104000.0
12,PWR,MRY,2008-12-31,2008-12-31,2008-12-31,2021-08-06,-2956000.0,3558159000.0,3502320250.0,1385407000.0,2172752000.0,1.079,15.067,-170227000.0,437901000.0,437901000.0,3145347000.0,157565000.0,3.066,0.326,123430000.0,1155000.0,122275000.0,123430000.0,50390000.0,113954000.0,0.0,0.0,0.0,299272000.0,413226000.0,0.109,413226000.0,299272000.0,267270000.0,0.89,0.87,0.89,2682374000.0,2377417000.0,2682374000.0,4052794704.0,14.0,9.808,72273000.0,0.406,1.0,634866000.0,0.168,1503817000.0,32002000.0,1288073000.0,1306826750.0,25813000.0,0.0,0.0,0.0,875785000.0,451798000.0,423987000.0,3906626704.0,30820000.0,-34547000.0,5987000.0,-16000.0,0.0,8237000.0,-219347000.0,0.0,242500000.0,-570000.0,157565000.0,157565000.0,157565000.0,0.0,0.0,0.042,345699000.0,289167000.0,400253000.0,0.0,1.456,24.794,22.247,635456000.0,0.0,19.8,1.033,0.933,849630000.0,-86326000.0,3780213000.0,3780213000.0,0.0,0.045,0.066,0.229,0.079,14426000.0,309399000.0,1.0,197304379.0,178033000,196975000.0,21.233,2054342000.0,0.0,109705000.0,83861000.0,11.539,933609000.0
13,PWR,MRY,2007-12-31,2007-12-31,2007-12-31,2021-08-06,3663000.0,3387832000.0,2501925500.0,1304762000.0,2083070000.0,1.062,15.962,-100433000.0,407081000.0,407081000.0,2227289000.0,124702000.0,1.723,0.55,414761000.0,271011000.0,143750000.0,414761000.0,65603000.0,74659000.0,0.0,0.0,0.0,191714000.0,266373000.0,0.1,266373000.0,191714000.0,152386000.0,0.91,0.88,0.91,2185143000.0,1476025250.0,2185143000.0,4527445852.0,24.0,16.997,118807000.0,0.868,1.0,428747000.0,0.161,1507793000.0,39328000.0,1130290000.0,1162770250.0,25920000.0,0.0,0.0,0.0,1202689000.0,757429000.0,445260000.0,4485022852.0,23394000.0,-20137000.0,9413000.0,-94627000.0,0.0,-78939000.0,-120570000.0,0.0,219240000.0,3663000.0,124702000.0,124702000.0,124702000.0,-2837000.0,0.0,0.047,259267000.0,169480000.0,420815000.0,0.0,2.053,35.966,28.835,532285000.0,0.0,26.24,1.689,1.352,792096000.0,-214191000.0,2656036000.0,2656036000.0,0.0,0.05,0.084,0.165,0.072,3087000.0,240508000.0,1.0,170923127.0,136894000,161520000.0,19.402,1880039000.0,0.0,27684000.0,101416000.0,13.734,547333000.0
14,PWR,MRY,2006-12-31,2006-12-31,2006-12-31,2021-08-06,0.0,1639157000.0,1601726250.0,990629000.0,648528000.0,1.317,6.23,-38480000.0,383687000.0,383687000.0,1796916000.0,17483000.0,2.962,1.248,448595000.0,34845000.0,413750000.0,448595000.0,28714000.0,49767000.0,0.0,0.0,0.0,91260000.0,141027000.0,0.067,141027000.0,91260000.0,64438000.0,0.15,0.15,0.15,729083000.0,734100250.0,729083000.0,2713246430.0,30.0,19.239,82160000.0,0.702,1.0,312716000.0,0.148,331943000.0,26822000.0,1037666000.0,1213669000.0,28768000.0,0.0,0.0,0.0,910074000.0,334456000.0,575618000.0,2331521430.0,79420000.0,0.0,1011000.0,-1660000.0,0.0,-2740000.0,-38480000.0,0.0,120640000.0,0.0,17483000.0,17483000.0,17483000.0,-1250000.0,0.0,0.008,238653000.0,74063000.0,270897000.0,0.0,3.198,133.359,131.133,276789000.0,0.0,19.67,1.105,1.091,551689000.0,-351639000.0,2109632000.0,2109632000.0,0.0,0.011,0.024,0.075,0.043,2163000.0,181478000.0,1.0,118531847.0,117027000,117863000.0,18.027,1307214000.0,0.0,46955000.0,31140000.0,11.17,656173000.0
15,PWR,MRY,2005-12-31,2005-12-31,2005-12-31,2021-08-06,0.0,1554785000.0,1503157500.0,831010000.0,723775000.0,1.226,6.079,-30556000.0,304267000.0,304267000.0,1587556000.0,29557000.0,3.22,1.209,452343000.0,2252000.0,450091000.0,452343000.0,14008000.0,55406000.0,0.0,0.0,0.0,75952000.0,131358000.0,0.071,131358000.0,75952000.0,52003000.0,0.26,0.25,0.26,703738000.0,677473500.0,703738000.0,1791054294.0,24.0,13.635,51874000.0,0.448,1.0,254699000.0,0.138,388357000.0,23949000.0,1056433000.0,1073615000.0,25717000.0,0.0,0.0,0.0,851047000.0,258071000.0,592976000.0,1554122294.0,38707000.0,0.0,5130000.0,-18256000.0,0.0,-13167000.0,-30556000.0,0.0,82430000.0,0.0,29557000.0,29557000.0,29557000.0,-378000.0,0.0,0.016,186776000.0,67923000.0,241811000.0,0.0,2.208,52.581,50.654,286606000.0,0.0,13.17,0.844,0.828,484866000.0,-369122000.0,1842255000.0,1842255000.0,0.0,0.02,0.044,0.071,0.041,4973000.0,186411000.0,1.0,118004730.0,115756000,116634000.0,15.915,1166428000.0,0.0,22446000.0,142885000.0,10.077,572939000.0
16,PWR,MRY,2004-12-31,2004-12-31,2004-12-31,2021-08-06,0.0,1459997000.0,1454794500.0,700036000.0,759961000.0,1.118,5.796,-34087000.0,265560000.0,265560000.0,1445119000.0,-9194000.0,3.167,1.201,470599000.0,6236000.0,464363000.0,470599000.0,11166000.0,60356000.0,0.0,0.0,0.0,12422000.0,72778000.0,0.045,72778000.0,12422000.0,-12645000.0,-0.08,-0.08,-0.08,663247000.0,657197750.0,663247000.0,1194431320.0,96.0,16.412,109993000.0,0.961,1.0,181391000.0,0.112,388620000.0,25067000.0,1055358000.0,1112630500.0,18849000.0,0.0,0.0,0.0,796750000.0,221058000.0,575692000.0,937778320.0,85934000.0,0.0,3218000.0,-34986000.0,0.0,-33002000.0,-25144000.0,0.0,144080000.0,0.0,-9194000.0,-9194000.0,-9194000.0,0.0,0.0,-0.006,171537000.0,9854000.0,203656000.0,0.0,1.414,-101.999,-100.0,314983000.0,0.0,8.0,0.577,0.563,410840000.0,-398679000.0,1626510000.0,1626510000.0,0.0,-0.006,-0.014,0.011,0.008,4632000.0,171537000.0,1.0,117222290.0,114441000,114441000.0,14.213,1071377000.0,0.0,-3451000.0,111329000.0,9.362,478978000.0
17,PWR,MRY,2003-12-31,2003-12-31,2003-12-31,2021-08-06,0.0,1466435000.0,1389831000.0,676093000.0,790342000.0,1.182,5.979,-32775000.0,179626000.0,179626000.0,1442958000.0,-34989000.0,3.391,1.211,505585000.0,5034000.0,500551000.0,505585000.0,17115000.0,60105000.0,0.0,0.0,0.0,-21247000.0,38858000.0,0.024,38858000.0,-21247000.0,-53069000.0,-0.3,-0.3,-0.3,663132000.0,678223000.0,663132000.0,1162377554.0,-55.0,29.913,84408000.0,0.761,1.0,199895000.0,0.122,388882000.0,31822000.0,1204122000.0,1113924250.0,23809000.0,0.0,0.0,0.0,803303000.0,199390000.0,603913000.0,851025554.0,151725000.0,0.0,7121000.0,113266000.0,0.0,76610000.0,-42068000.0,0.0,117183000.0,0.0,-34989000.0,-32880000.0,-32880000.0,0.0,0.0,-0.02,184671000.0,15224000.0,177241000.0,0.0,1.283,-25.883,-24.333,341542000.0,-2109000.0,7.3,0.518,0.493,444644000.0,-389485000.0,1642853000.0,1642853000.0,0.0,-0.024,-0.048,-0.019,-0.013,2766000.0,178219000.0,1.0,116578843.0,110906000,110906000.0,14.813,1077553000.0,0.0,-18080000.0,103362000.0,9.716,476703000.0
18,PWR,MRY,2002-12-31,2002-12-31,2002-12-31,2021-08-06,0.0,1364812000.0,1547047750.0,529497000.0,835315000.0,1.132,9.716,-44895000.0,27901000.0,27901000.0,1513940000.0,-619556000.0,2.496,1.112,392319000.0,6652000.0,385667000.0,392319000.0,16409000.0,60576000.0,0.0,0.0,0.0,-603400000.0,-542824000.0,-0.31,-542824000.0,-603400000.0,-639266000.0,-9.98,-9.98,-9.98,611671000.0,753309750.0,611671000.0,752983362.0,-1.0,-1.387,76627000.0,1.217,1.0,236773000.0,0.135,395597000.0,35866000.0,1121492000.0,1228024750.0,25646000.0,0.0,0.0,0.0,680219000.0,212141000.0,468078000.0,243426362.0,21614000.0,-8000000.0,91475000.0,-117073000.0,0.0,-29761000.0,-70147000.0,-17252000.0,121522000.0,0.0,-619556000.0,-628053000.0,-628053000.0,0.0,0.0,-0.359,396034000.0,-159261000.0,189080000.0,0.0,0.398,-0.388,-0.351,369568000.0,8497000.0,3.5,0.139,0.126,472706000.0,-356605000.0,1750713000.0,1750713000.0,0.0,-0.406,-0.834,-0.491,-0.345,219000.0,229454000.0,1.0,69550389.0,62957000,62957000.0,27.808,969215000.0,28968000.0,-19710000.0,82411000.0,15.395,317356000.0
19,PWR,MRY,2001-12-31,2001-12-31,2001-12-31,2021-08-06,0.0,2042901000.0,2039799500.0,577120000.0,1465781000.0,0.988,15.62,-81585000.0,6287000.0,6287000.0,1601039000.0,85766000.0,2.389,0.693,508337000.0,8063000.0,500274000.0,508337000.0,31140000.0,79374000.0,0.0,0.0,0.0,193038000.0,272412000.0,0.135,272412000.0,193038000.0,156966000.0,1.11,1.1,1.11,1206751000.0,1169902750.0,1206751000.0,1521961349.0,8.0,5.587,128441000.0,1.663,1.0,413838000.0,0.205,1036982000.0,36072000.0,1266439000.0,1286726750.0,25053000.0,0.0,0.0,0.0,836150000.0,241530000.0,594620000.0,937483349.0,-11019000.0,-119496000.0,-641000.0,1417000.0,0.0,776000.0,-221821000.0,-20740000.0,210026000.0,0.0,85766000.0,84836000.0,84836000.0,0.0,0.0,0.042,220573000.0,193265000.0,202327000.0,0.0,0.777,11.051,13.901,385480000.0,930000.0,15.43,0.465,0.592,538844000.0,271448000.0,2014877000.0,2014877000.0,0.0,0.042,0.073,0.15,0.096,230000.0,194575000.0,1.0,60757184.0,77256000,78238000.0,26.081,1005919000.0,22063000.0,71200000.0,94346000.0,13.021,335590000.0
20,PWR,MRY,2000-12-31,2000-12-31,2000-12-31,2021-08-06,0.0,1871897000.0,1574378000.0,600210000.0,1271687000.0,1.139,15.173,-85528000.0,17306000.0,17306000.0,1379204000.0,105723000.0,2.435,0.751,499874000.0,8772000.0,491102000.0,499874000.0,27981000.0,57294000.0,0.0,0.0,0.0,224759000.0,282053000.0,0.157,282053000.0,224759000.0,199051000.0,1.5,1.42,1.5,1068956000.0,964371750.0,1068956000.0,2232674909.0,10.0,7.916,-40106000.0,-0.569,1.0,414097000.0,0.231,906031000.0,25708000.0,1201953000.0,911171500.0,19874000.0,0.0,0.0,0.0,802941000.0,246481000.0,556460000.0,1838442909.0,6531000.0,-273812000.0,28528000.0,302537000.0,0.0,323107000.0,-361998000.0,-2658000.0,45422000.0,0.0,105723000.0,104793000.0,104793000.0,0.0,0.0,0.058,191935000.0,222162000.0,209728000.0,0.0,1.72,17.544,21.46,341029000.0,930000.0,32.19,1.025,1.265,538711000.0,186612000.0,1793301000.0,1793301000.0,0.0,0.067,0.109,0.247,0.125,0.0,143564000.0,1.0,57112237.0,70452000,76583000.0,25.454,965866000.0,0.0,93328000.0,65358000.0,13.71,353729000.0
21,PWR,MRY,1999-12-31,1999-12-31,1999-12-31,2021-08-06,0.0,1159636000.0,872405250.0,335063000.0,824573000.0,1.061,15.207,-59591000.0,10775000.0,10775000.0,711353000.0,53939000.0,1.96,0.532,206322000.0,6664000.0,199658000.0,206322000.0,0.0,35163000.0,0.0,0.0,0.0,118122000.0,153285000.0,0.166,153285000.0,118122000.0,102938000.0,1.08,1.0,1.08,756925000.0,546748750.0,756925000.0,1170805945.0,10.0,7.638,-13265000.0,-0.266,1.0,214301000.0,0.232,624757000.0,15184000.0,559503000.0,449939250.0,8741000.0,0.0,0.0,0.0,402711000.0,170923000.0,231788000.0,1030255945.0,7529000.0,-308671000.0,286627000.0,42838000.0,0.0,329465000.0,-368262000.0,0.0,46326000.0,0.0,53939000.0,53679000.0,53679000.0,0.0,0.0,0.058,97608000.0,116693000.0,164259000.0,0.0,1.361,19.193,17.438,191854000.0,260000.0,18.833,1.113,1.013,299844000.0,81819000.0,925654000.0,925654000.0,0.0,0.062,0.098,0.263,0.128,5319000.0,80132000.0,1.0,54703856.0,49776000,56146000.0,18.596,534879000.0,0.0,48999000.0,32130000.0,10.746,164140000.0
22,PWR,MRY,1998-12-31,1998-12-31,1998-12-31,2021-08-06,0.0,339081000.0,254452250.0,108792000.0,230289000.0,1.255,4.269,-21273000.0,3246000.0,3246000.0,257270000.0,16188000.0,2.105,0.977,113988000.0,4357000.0,109631000.0,113988000.0,0.0,10666000.0,0.0,0.0,0.0,32726000.0,43392000.0,0.136,43392000.0,32726000.0,27871000.0,0.4,0.393,0.4,171503000.0,141656000.0,171503000.0,585274980.0,18.0,13.488,-13083000.0,-0.326,1.0,61989000.0,0.194,150887000.0,4855000.0,247250000.0,165421500.0,2534000.0,0.0,0.0,0.0,167578000.0,51686000.0,115892000.0,476951980.0,2757000.0,-89176000.0,45627000.0,66417000.0,0.0,103674000.0,-109107000.0,1342000.0,8190000.0,0.0,16188000.0,16188000.0,16188000.0,0.0,0.0,0.051,29904000.0,32085000.0,47329000.0,0.0,2.781,29.463,36.767,74212000.0,0.0,14.707,1.494,1.851,98660000.0,28140000.0,319259000.0,319259000.0,0.0,0.064,0.114,0.198,0.103,0.0,27160000.0,1.0,32431005.0,40177500,42472500.0,7.946,188194000.0,0.0,11683000.0,6261000.0,4.684,57106000.0
23,PWR,MRY,1997-12-31,1997-12-31,1997-12-31,2021-08-06,0.0,35747000.0,32740500.0,16702000.0,19045000.0,2.444,1.197,-6188000.0,489000.0,489000.0,62599000.0,1794000.0,1.151,2.189,14742000.0,7200000.0,7542000.0,14742000.0,738000.0,3361000.0,0.0,,0.0,4870000.0,8231000.0,0.103,8231000.0,4870000.0,3580000.0,0.193,0.193,0.193,11210000.0,9835000.0,11210000.0,,,,-867000.0,-0.093,1.0,17411000.0,0.218,114000.0,1290000.0,35370000.0,32407000.0,865000.0,0.0,0.0,0.0,24537000.0,14516000.0,10021000.0,,-23000.0,0.0,-31000.0,875000.0,0.0,844000.0,-6188000.0,0.0,5321000.0,0.0,1794000.0,1794000.0,1794000.0,0.0,0.0,0.022,12410000.0,5001000.0,6578000.0,0.0,,,,18286000.0,0.0,,,,14624000.0,11803000.0,80010000.0,80010000.0,0.0,0.055,0.182,0.15,0.061,254000.0,12354000.0,1.0,19915500.0,9366000,9366000.0,8.543,35633000.0,0.0,1786000.0,2479000.0,3.805,2186000.0
24,PWR,MRY,1996-12-31,1996-12-31,1996-12-31,2021-08-06,0.0,29734000.0,,14307000.0,15427000.0,,1.427,-3809000.0,512000.0,512000.0,57164000.0,1790000.0,1.143,2.515,12905000.0,6427000.0,6478000.0,12905000.0,1216000.0,2814000.0,0.0,,0.0,4168000.0,6982000.0,0.098,6982000.0,4168000.0,3179000.0,0.3,0.3,0.3,8460000.0,,8460000.0,,,,452000.0,0.076,1.0,14130000.0,0.198,168000.0,989000.0,29444000.0,,579000.0,0.0,0.0,0.0,21274000.0,12515000.0,8759000.0,,147000.0,0.0,-2805000.0,2595000.0,0.0,-305000.0,-3809000.0,0.0,4261000.0,0.0,1790000.0,1790000.0,1790000.0,0.0,0.0,0.025,9931000.0,4199000.0,4872000.0,0.0,,,,14752000.0,0.0,,,,12593000.0,9276000.0,71294000.0,71294000.0,0.0,,,,0.058,720000.0,9876000.0,1.0,,5928000,5928000.0,12.027,29566000.0,0.0,1389000.0,2281000.0,4.988,1792000.0
25,PWR,MRY,1995-12-31,1995-12-31,1995-12-31,2021-08-06,,,,,,,,-4084000.0,,,44608000.0,1063000.0,,,,,,,,2592000.0,,,0.0,2203000.0,4795000.0,0.09,4795000.0,2203000.0,1416000.0,0.18,0.18,0.18,,,,,,,-1134000.0,-0.191,1.0,8616000.0,0.162,,787000.0,,,,,,,,,,,-161000.0,-128000.0,-97000.0,1235000.0,-80000.0,1101000.0,-4212000.0,0.0,2950000.0,0.0,1063000.0,1063000.0,1063000.0,0.0,0.0,0.02,6488000.0,2128000.0,,0.0,,,,,0.0,,,,,,53224000.0,53224000.0,0.0,,,,0.041,0.0,6438000.0,1.0,,5928000,5928000.0,8.978,,,353000.0,,,
0,PWR,MRQ,2021-06-30,2021-06-30,2021-06-30,2021-08-06,-216563000.0,8720596000.0,,3733935000.0,4986661000.0,,31.985,-63775000.0,212473000.0,212473000.0,2552105000.0,118971000.0,1.752,0.943,1612402000.0,92580000.0,1519822000.0,1612402000.0,503219000.0,84048000.0,0.0,0.003,0.12,171093000.0,255141000.0,0.085,255141000.0,171093000.0,157984000.0,0.83,0.81,0.83,4486732000.0,,4486732000.0,14038433552.0,20.0,13.532,125173000.0,0.892,1.0,447711000.0,0.149,2540064000.0,13109000.0,5449328000.0,,62154000.0,0.0,0.0,0.0,4230802000.0,2131133000.0,2099669000.0,12620575552.0,12100000.0,-32869000.0,-29449000.0,-3196000.0,-8415000.0,-81753000.0,-96371000.0,0.0,188948000.0,1276000.0,117033000.0,117033000.0,117033000.0,0.0,1938000.0,0.039,293720000.0,153991000.0,1535334000.0,0.145,2.813,23.382,23.648,1845778000.0,0.0,90.57,1.085,1.092,2570457000.0,3454682000.0,2999816000.0,2999816000.0,0.0,,,,,23923000.0,270110000.0,1.0,139346092.0,140276000,144607000.0,21.385,6180532000.0,0.0,40951000.0,187582000.0,44.06,1602802000.0
1,PWR,MRQ,2021-03-31,2021-03-31,2021-03-31,2021-08-06,-224458000.0,8557414000.0,,3605571000.0,4951843000.0,,31.223,-76263000.0,200218000.0,200218000.0,2330691000.0,91319000.0,1.717,0.955,1618076000.0,94508000.0,1523568000.0,1618076000.0,499527000.0,83462000.0,0.0,0.002,0.0,115960000.0,199422000.0,0.074,199422000.0,115960000.0,103485000.0,0.64,0.62,0.64,4374943000.0,,4374943000.0,13441747316.0,20.0,13.855,49350000.0,0.352,1.0,372890000.0,0.138,2539211000.0,12475000.0,5336001000.0,,51009000.0,0.0,0.0,0.0,4177251000.0,2100060000.0,2077191000.0,12173353316.0,15807000.0,-146550000.0,-19474000.0,166574000.0,-8798000.0,112989000.0,-222806000.0,0.0,125613000.0,11000.0,89761000.0,89761000.0,89761000.0,0.0,1558000.0,0.033,264707000.0,108183000.0,1506025000.0,0.0,2.783,24.51,24.924,1835657000.0,0.0,87.98,1.093,1.106,2666983000.0,3346299000.0,2703581000.0,2703581000.0,0.0,,,,,18687000.0,243352000.0,1.0,138365007.0,140121000,144447000.0,19.295,6018203000.0,0.0,13724000.0,170059000.0,42.95,1505511000.0
2,PWR,MRQ,2020-12-31,2020-12-31,2020-12-31,2021-08-06,-232997000.0,8398272000.0,,3588389000.0,4809883000.0,,30.878,-76607000.0,184620000.0,184620000.0,2446312000.0,171961000.0,1.678,0.932,1453014000.0,99898000.0,1353116000.0,1453014000.0,528864000.0,81406000.0,0.0,0.003,0.06,181116000.0,262522000.0,0.09,262522000.0,181116000.0,169812000.0,1.2,1.17,1.2,4344181000.0,,4344181000.0,11268638018.0,18.0,12.357,199483000.0,1.418,1.0,465873000.0,0.16,2556669000.0,11304000.0,4971441000.0,,50472000.0,0.0,0.0,0.0,4049300000.0,2138556000.0,1910744000.0,10000762018.0,-32294000.0,-66685000.0,-47249000.0,-55398000.0,-7346000.0,-166151000.0,-143021000.0,0.0,276090000.0,788000.0,170051000.0,170051000.0,170051000.0,0.0,1910000.0,0.058,295387000.0,170486000.0,1509794000.0,0.05,2.302,22.444,22.863,1817501000.0,0.0,72.02,0.893,0.909,2716083000.0,3264967000.0,2912185000.0,2912185000.0,0.0,,,,,33318000.0,265775000.0,1.0,138860900.0,140690000,146033000.0,20.699,5841603000.0,0.0,-239000.0,166407000.0,41.521,1449833000.0
3,PWR,MRQ,2020-09-30,2020-09-30,2020-09-30,2021-08-06,-274342000.0,8325487000.0,,3677008000.0,4648479000.0,,29.542,-44936000.0,216935000.0,216935000.0,2512647000.0,163700000.0,1.688,1.004,1484811000.0,97383000.0,1387428000.0,1484811000.0,537048000.0,75931000.0,0.0,0.004,0.05,244439000.0,320370000.0,0.106,320370000.0,244439000.0,233390000.0,1.16,1.13,1.16,4151950000.0,,4151950000.0,8435170003.0,14.0,9.477,69923000.0,0.498,1.0,507514000.0,0.168,2532567000.0,11049000.0,4882523000.0,,39821000.0,0.0,0.0,0.0,4169921000.0,2178273000.0,1991648000.0,7295789003.0,-313751000.0,-185692000.0,0.0,-182135000.0,-7001000.0,-198504000.0,-230555000.0,0.0,114859000.0,449000.0,162913000.0,162913000.0,162913000.0,0.0,787000.0,0.054,270341000.0,237173000.0,1543842000.0,0.043,1.757,18.532,19.083,1703422000.0,0.0,52.86,0.64,0.651,2750268000.0,3103849000.0,3020161000.0,3020161000.0,0.0,,,,,21431000.0,250654000.0,1.0,138020980.0,140542000,144363000.0,21.489,5792920000.0,0.0,70477000.0,206280000.0,41.218,1498735000.0
4,PWR,MRQ,2020-06-30,2020-06-30,2020-06-30,2021-08-06,-290049000.0,8089630000.0,,3644755000.0,4444875000.0,,27.989,-40322000.0,530670000.0,530670000.0,2150967000.0,74795000.0,1.741,1.066,1670051000.0,162195000.0,1507856000.0,1670051000.0,613188000.0,72305000.0,0.0,0.005,0.1,115589000.0,187894000.0,0.075,187894000.0,115589000.0,106935000.0,0.53,0.52,0.53,3914429000.0,,3914429000.0,6977621432.0,13.0,8.21,457157000.0,3.269,1.0,355264000.0,0.142,2403304000.0,8654000.0,4732348000.0,,48274000.0,0.0,0.0,0.0,4171628000.0,2093359000.0,2078269000.0,5399876432.0,151215000.0,3708000.0,0.0,-284417000.0,-7160000.0,-310636000.0,-36614000.0,0.0,497479000.0,986000.0,73946000.0,73946000.0,73946000.0,0.0,849000.0,0.03,245631000.0,109633000.0,1317976000.0,0.189,1.379,14.72,15.445,1655503000.0,0.0,39.23,0.46,0.467,2370286000.0,2948180000.0,2506231000.0,2506231000.0,0.0,,,,,21980000.0,227852000.0,1.0,137646608.0,139856000,143521000.0,17.92,5686326000.0,0.0,32989000.0,220689000.0,40.658,1551396000.0
5,PWR,MRQ,2020-03-31,2020-03-31,2020-03-31,2021-08-06,-324786000.0,8228944000.0,,3758600000.0,4470344000.0,,26.24,-63319000.0,377205000.0,377205000.0,2431899000.0,41503000.0,1.776,1.17,1954950000.0,164815000.0,1790135000.0,1954950000.0,591087000.0,72318000.0,0.0,0.005,0.0,68852000.0,141170000.0,0.051,141170000.0,68852000.0,54846000.0,0.27,0.26,0.27,3790492000.0,,3790492000.0,6013068572.0,11.0,7.399,164230000.0,1.137,1.0,332196000.0,0.12,2402103000.0,14006000.0,5288677000.0,,50365000.0,0.0,0.0,0.0,4433766000.0,2115909000.0,2317857000.0,4521806572.0,211893000.0,-26012000.0,-200000000.0,300148000.0,-7384000.0,73926000.0,-89133000.0,0.0,227549000.0,-449000.0,38686000.0,38686000.0,38686000.0,0.0,2817000.0,0.014,248701000.0,83495000.0,1360007000.0,0.0,1.193,14.12,14.423,1675593000.0,0.0,31.73,0.375,0.38,2593285000.0,2881416000.0,2764095000.0,2764095000.0,0.0,,,,,14912000.0,230793000.0,1.0,142508874.0,144454000,146787000.0,19.135,5826841000.0,0.0,16160000.0,217778000.0,40.337,1642691000.0
6,PWR,MRQ,2019-12-31,2019-12-31,2019-12-31,2021-08-06,-241818000.0,8331682000.0,,3830986000.0,4500696000.0,,27.765,-47663000.0,164798000.0,164798000.0,2669479000.0,120299000.0,1.693,1.056,1656060000.0,167344000.0,1488716000.0,1656060000.0,606146000.0,78065000.0,0.0,0.004,0.05,162602000.0,240667000.0,0.077,240667000.0,162602000.0,143778000.0,0.81,0.8,0.81,4050292000.0,,4050292000.0,7890360723.0,12.0,8.627,579135000.0,3.97,1.0,443321000.0,0.142,2436409000.0,18824000.0,5123486000.0,,55719000.0,0.0,0.0,0.0,4277851000.0,2263049000.0,2014802000.0,5792771723.0,85234000.0,35728000.0,0.0,-524332000.0,-5851000.0,-531062000.0,-10472000.0,0.0,626798000.0,-30000.0,118144000.0,118144000.0,118144000.0,0.0,2155000.0,0.038,290568000.0,152753000.0,1489559000.0,0.062,1.43,14.408,14.75,1671023000.0,0.0,40.71,0.478,0.49,2747911000.0,2854271000.0,3112800000.0,3112800000.0,0.0,,,,,10933000.0,255129000.0,1.0,142293582.0,145878000,148914000.0,21.338,5895273000.0,0.0,25634000.0,214779000.0,40.412,1567937000.0
7,PWR,MRQ,2019-09-30,2019-09-30,2019-09-30,2021-08-06,-264113000.0,8865093000.0,,4301927000.0,4563166000.0,,26.779,-61390000.0,80044000.0,80044000.0,2879450000.0,137022000.0,1.825,1.268,2177633000.0,169257000.0,2008376000.0,2177633000.0,540187000.0,70826000.0,0.0,0.004,0.04,209343000.0,280169000.0,0.084,280169000.0,209343000.0,190974000.0,0.93,0.92,0.93,3907406000.0,,3907406000.0,7156220603.0,12.0,8.149,29777000.0,0.204,1.0,473445000.0,0.141,2434472000.0,18369000.0,6170687000.0,,67039000.0,0.0,0.0,0.0,4955886000.0,2357523000.0,2598363000.0,5374481603.0,6394000.0,-330897000.0,0.0,316050000.0,-5803000.0,307111000.0,-391797000.0,0.0,91167000.0,-87000.0,136068000.0,136068000.0,136068000.0,0.0,954000.0,0.041,260274000.0,213171000.0,1648079000.0,0.043,1.375,15.774,16.223,1679476000.0,0.0,37.8,0.444,0.455,3188328000.0,2743498000.0,3352895000.0,3352895000.0,0.0,,,,,13584000.0,245010000.0,1.0,142182053.0,145913000,147438000.0,22.979,6430621000.0,0.0,54906000.0,279858000.0,44.072,1944404000.0
8,PWR,MRQ,2019-06-30,2019-06-30,2019-06-30,2021-08-06,-251329000.0,8021817000.0,,3751932000.0,4269885000.0,,25.867,-64267000.0,73356000.0,73356000.0,2519694000.0,28459000.0,1.968,1.125,1855095000.0,145626000.0,1709469000.0,1855095000.0,471214000.0,66421000.0,0.0,0.003,0.08,84253000.0,150674000.0,0.053,150674000.0,84253000.0,68432000.0,0.19,0.19,0.19,3774923000.0,,3774923000.0,7015781752.0,12.0,8.38,-172931000.0,-1.185,1.0,319505000.0,0.113,2196584000.0,15821000.0,5700739000.0,,68400000.0,0.0,0.0,0.0,4245558000.0,1906233000.0,2339325000.0,5426092752.0,-11375000.0,-3907000.0,-159000.0,174125000.0,-5830000.0,165378000.0,-68171000.0,0.0,-108664000.0,82000.0,27344000.0,27344000.0,27344000.0,0.0,1115000.0,0.01,236554000.0,82951000.0,1289393000.0,0.421,1.437,16.483,17.203,1639429000.0,0.0,38.19,0.462,0.475,2632003000.0,2612994000.0,2839199000.0,2839199000.0,0.0,,,,,14484000.0,223944000.0,1.0,142081507.0,145935000,147241000.0,19.455,5825233000.0,0.0,41088000.0,276574000.0,39.917,1845699000.0
9,PWR,MRQ,2019-03-31,2019-03-31,2019-03-31,2021-08-06,-267201000.0,7652516000.0,,3554544000.0,4097972000.0,,25.662,-57808000.0,85423000.0,85423000.0,2443278000.0,121035000.0,1.998,1.055,1675112000.0,136638000.0,1538474000.0,1675112000.0,403372000.0,64886000.0,0.0,0.001,0.0,178208000.0,243094000.0,0.087,243094000.0,178208000.0,164332000.0,0.83,0.82,0.83,3723744000.0,,3723744000.0,6362282027.0,10.0,7.398,-140558000.0,-0.969,1.0,363981000.0,0.13,2203098000.0,13876000.0,5260370000.0,,81117000.0,0.0,0.0,0.0,3927459000.0,1778737000.0,2148722000.0,5334791027.0,6236000.0,-89356000.0,-19933000.0,276151000.0,-5752000.0,236260000.0,-147156000.0,0.0,-82750000.0,-118000.0,120488000.0,120488000.0,120488000.0,0.0,547000.0,0.043,244578000.0,119403000.0,1238727000.0,0.0,1.433,14.18,14.976,1602782000.0,0.0,37.74,0.461,0.474,2580665000.0,2591883000.0,2807259000.0,2807259000.0,0.0,,,,,13012000.0,231908000.0,1.0,141356413.0,145110000,146458000.0,19.346,5449418000.0,0.0,43844000.0,253164000.0,37.554,1775807000.0
10,PWR,MRQ,2018-12-31,2018-12-31,2018-12-31,2021-08-06,-286048000.0,7075787000.0,,3326104000.0,3749683000.0,,24.093,-69163000.0,78687000.0,78687000.0,2692503000.0,57791000.0,1.842,0.963,1106178000.0,65646000.0,1040532000.0,1106178000.0,425961000.0,64682000.0,0.0,0.001,0.04,139586000.0,204268000.0,0.066,204268000.0,139586000.0,127816000.0,0.38,0.38,0.38,3604159000.0,,3604159000.0,5257697732.0,11.0,7.12,68009000.0,0.455,1.0,419715000.0,0.135,2180059000.0,11770000.0,4117092000.0,,107732000.0,0.0,0.0,0.0,3470334000.0,1806127000.0,1664207000.0,4395524732.0,-34918000.0,-12028000.0,-226491000.0,140683000.0,0.0,-89430000.0,-80987000.0,0.0,137172000.0,-1673000.0,56816000.0,56816000.0,56816000.0,0.0,975000.0,0.018,273842000.0,145873000.0,1314520000.0,0.105,1.22,14.984,15.677,1276032000.0,0.0,30.1,0.393,0.412,2354737000.0,2477291000.0,3112218000.0,3112218000.0,0.0,,,,,12681000.0,212008000.0,1.0,146030722.0,149591000,151310000.0,20.805,4895728000.0,0.0,71000000.0,219115000.0,32.727,1519977000.0
11,PWR,MRQ,2018-09-30,2018-09-30,2018-09-30,2021-08-06,-237694000.0,7191174000.0,,3378122000.0,3813052000.0,,25.057,-68502000.0,113524000.0,113524000.0,2559451000.0,124899000.0,1.86,0.881,975697000.0,22811000.0,952886000.0,975697000.0,452491000.0,62166000.0,0.0,0.0,0.0,177037000.0,239203000.0,0.08,239203000.0,177037000.0,167818000.0,0.82,0.81,0.82,3822818000.0,,3822818000.0,5703080086.0,14.0,8.87,-29398000.0,-0.193,1.0,425830000.0,0.143,2196550000.0,9219000.0,4040613000.0,,94670000.0,0.0,0.0,0.0,3366940000.0,1816184000.0,1550756000.0,4967196086.0,-6563000.0,-68074000.0,-26755000.0,119457000.0,0.0,90963000.0,-136431000.0,0.0,39104000.0,-199000.0,124551000.0,124551000.0,124551000.0,0.0,348000.0,0.042,234663000.0,191167000.0,1340882000.0,0.0,1.299,14.188,14.64,1350894000.0,0.0,33.38,0.471,0.483,2291608000.0,2425832000.0,2985281000.0,2985281000.0,0.0,,,,,11631000.0,224040000.0,1.0,148807552.0,152562000,153687000.0,19.568,4994624000.0,0.0,43267000.0,209475000.0,32.738,1561938000.0
12,PWR,MRQ,2018-06-30,2018-06-30,2018-06-30,2021-08-06,-248532000.0,6790382000.0,,3074836000.0,3715546000.0,,24.071,-77560000.0,120357000.0,120357000.0,2322977000.0,74706000.0,1.819,0.839,856241000.0,15499000.0,840742000.0,856241000.0,496083000.0,60541000.0,0.0,0.0,0.0,112932000.0,173473000.0,0.065,173473000.0,112932000.0,103754000.0,0.49,0.48,0.49,3690660000.0,,3690660000.0,5780780812.0,16.0,9.653,78960000.0,0.515,1.0,333371000.0,0.125,2159484000.0,9178000.0,3676217000.0,,85859000.0,0.0,0.0,0.0,3096917000.0,1690565000.0,1406352000.0,4996946812.0,19457000.0,-16159000.0,-15993000.0,-26559000.0,0.0,-44822000.0,-93354000.0,0.0,156520000.0,1113000.0,74365000.0,74365000.0,74365000.0,0.0,341000.0,0.028,216611000.0,116760000.0,1178983000.0,0.0,1.354,15.871,16.453,1325128000.0,0.0,33.4,0.492,0.504,2108317000.0,2301281000.0,2656348000.0,2656348000.0,0.0,,,,,13485000.0,206104000.0,1.0,149609186.0,153325000,154595000.0,17.325,4630898000.0,0.0,29389000.0,196521000.0,30.203,1384271000.0
13,PWR,MRQ,2018-03-31,2018-03-31,2018-03-31,2021-08-06,-228409000.0,6653402000.0,,2957069000.0,3696333000.0,,23.273,-61038000.0,101736000.0,101736000.0,2116528000.0,38611000.0,1.908,0.825,885570000.0,2775000.0,882795000.0,885570000.0,506203000.0,59124000.0,0.0,0.0,0.0,62395000.0,121519000.0,0.05,121519000.0,62395000.0,55617000.0,0.24,0.24,0.24,3643352000.0,,3643352000.0,5814787407.0,16.0,9.941,-35045000.0,-0.224,1.0,301048000.0,0.125,2173697000.0,6778000.0,3713900000.0,,94548000.0,0.0,0.0,0.0,3006437000.0,1549639000.0,1456798000.0,5281131407.0,-38495000.0,-30860000.0,-173913000.0,214233000.0,0.0,26719000.0,-91898000.0,0.0,25993000.0,691000.0,37614000.0,37614000.0,37614000.0,0.0,997000.0,0.016,225827000.0,75221000.0,1040661000.0,0.0,1.45,17.354,17.615,1301545000.0,0.0,34.35,0.544,0.554,2088682000.0,2226916000.0,2417576000.0,2417576000.0,0.0,,,,,14687000.0,215422000.0,1.0,153744728.0,156546000,157556000.0,15.443,4479705000.0,0.0,18003000.0,196892000.0,28.616,1407430000.0
14,PWR,MRQ,2017-12-31,2017-12-31,2017-12-31,2021-08-06,-203395000.0,6480154000.0,,2869907000.0,3610247000.0,,24.134,-69449000.0,138285000.0,138285000.0,2155751000.0,115576000.0,1.923,0.708,671941000.0,1220000.0,670721000.0,671941000.0,433387000.0,58209000.0,0.0,0.0,0.0,50562000.0,108771000.0,0.044,108771000.0,50562000.0,43910000.0,0.73,0.72,0.73,3791571000.0,,3791571000.0,6722610097.0,18.0,11.443,127746000.0,0.813,1.0,322876000.0,0.13,2131779000.0,6652000.0,3389964000.0,,80890000.0,0.0,0.0,0.0,2684525000.0,1492067000.0,1192458000.0,6051130097.0,48541000.0,62077000.0,-50000000.0,-90159000.0,0.0,-142270000.0,-6520000.0,410000.0,197195000.0,136000.0,113561000.0,113561000.0,113561000.0,0.0,2015000.0,0.046,274491000.0,48385000.0,1057460000.0,0.0,1.596,19.211,19.361,1288602000.0,0.0,39.11,0.639,0.645,1985077000.0,2191059000.0,2478627000.0,2478627000.0,0.0,,,,,12096000.0,206264000.0,1.0,154720790.0,157108000,158241000.0,15.777,4348375000.0,0.0,-69651000.0,179381000.0,27.678,1377840000.0
15,PWR,MRQ,2017-09-30,2017-09-30,2017-09-30,2021-08-06,-192187000.0,6640246000.0,,2948239000.0,3692007000.0,,23.669,-58917000.0,91532000.0,91532000.0,2258676000.0,89849000.0,1.851,0.781,763012000.0,2804000.0,760208000.0,763012000.0,374943000.0,57405000.0,0.0,0.0,0.0,137717000.0,195122000.0,0.075,195122000.0,137717000.0,131659000.0,0.57,0.56,0.57,3727530000.0,,3727530000.0,6035196509.0,14.0,9.336,114650000.0,0.728,1.0,350631000.0,0.134,2212063000.0,6058000.0,3507171000.0,,86391000.0,0.0,0.0,0.0,2910015000.0,1592492000.0,1317523000.0,5649748509.0,-7374000.0,-393444000.0,0.0,270905000.0,0.0,270133000.0,-451549000.0,676000.0,173567000.0,475000.0,89313000.0,89313000.0,89313000.0,0.0,536000.0,0.034,210203000.0,140428000.0,1214745000.0,0.0,1.516,19.549,20.2,1256458000.0,0.0,37.37,0.621,0.647,2623021000.0,2077498000.0,2609307000.0,2609307000.0,0.0,,,,,10929000.0,201224000.0,1.0,151184065.0,157484000,158620000.0,16.569,4428183000.0,0.0,42346000.0,211983000.0,28.118,1355747000.0
16,PWR,MRQ,2017-06-30,2017-06-30,2017-06-30,2021-08-06,-231167000.0,5753344000.0,,2617199000.0,3136145000.0,,22.611,-50714000.0,99565000.0,99565000.0,1898209000.0,64360000.0,2.035,0.64,485013000.0,1375000.0,483638000.0,485013000.0,314987000.0,51144000.0,0.0,0.0,0.0,108353000.0,159497000.0,0.072,159497000.0,108353000.0,104082000.0,0.41,0.41,0.41,3506723000.0,,3506723000.0,5192620070.0,12.0,8.189,-45880000.0,-0.296,1.0,302165000.0,0.137,1800692000.0,4271000.0,3052084000.0,,94152000.0,0.0,0.0,0.0,2244013000.0,1286016000.0,957997000.0,4875834070.0,-4924000.0,-15337000.0,0.0,57586000.0,0.0,55590000.0,-65436000.0,615000.0,4834000.0,88000.0,63837000.0,63837000.0,63837000.0,0.0,523000.0,0.029,192374000.0,109791000.0,969654000.0,0.0,1.39,17.832,18.705,1190333000.0,0.0,32.92,0.572,0.599,2244993000.0,1988185000.0,2200374000.0,2200374000.0,0.0,,,,,11557000.0,185880000.0,1.0,148111606.0,155090000,156165000.0,14.188,3952652000.0,0.0,40245000.0,206868000.0,25.486,1331183000.0
17,PWR,MRQ,2017-03-31,2017-03-31,2017-03-31,2021-08-06,-257852000.0,5543053000.0,,2474913000.0,3068140000.0,,21.888,-42223000.0,106514000.0,106514000.0,1911982000.0,48440000.0,1.957,0.631,423300000.0,3990000.0,419310000.0,423300000.0,264834000.0,49255000.0,0.0,0.0,0.0,74824000.0,124079000.0,0.057,124079000.0,74824000.0,70859000.0,0.31,0.31,0.31,3396343000.0,,3396343000.0,5634833679.0,16.0,10.056,-45928000.0,-0.296,1.0,266188000.0,0.122,1790318000.0,3965000.0,2804783000.0,,89973000.0,0.0,0.0,0.0,2144242000.0,1264738000.0,879504000.0,5385891679.0,-6878000.0,-5252000.0,25000.0,61458000.0,0.0,44311000.0,-48579000.0,-1701000.0,-3705000.0,1095000.0,48267000.0,48267000.0,48267000.0,0.0,173000.0,0.022,191114000.0,75074000.0,995914000.0,0.0,1.586,23.815,25.418,1161603000.0,0.0,37.11,0.664,0.71,2145784000.0,1924348000.0,2178170000.0,2178170000.0,0.0,,,,,11866000.0,184552000.0,1.0,145133163.0,155168000,155168000.0,14.037,3752735000.0,0.0,22592000.0,197712000.0,24.185,1210175000.0
18,PWR,MRQ,2016-12-31,2016-12-31,2016-12-31,2021-08-06,-271673000.0,5354059000.0,,2288745000.0,3065314000.0,,21.562,-63259000.0,112183000.0,112183000.0,1795278000.0,88358000.0,1.899,0.602,361125000.0,7563000.0,353562000.0,361125000.0,274846000.0,51588000.0,0.0,0.0,0.0,116164000.0,167752000.0,0.08,167752000.0,116164000.0,112175000.0,0.56,0.56,0.56,3339427000.0,,3339427000.0,5412054029.0,17.0,10.359,121362000.0,0.784,1.0,307688000.0,0.146,1790192000.0,3989000.0,2607581000.0,,88548000.0,0.0,0.0,0.0,2011357000.0,1205228000.0,806129000.0,5041960029.0,-2956000.0,994000.0,41000.0,-122419000.0,0.0,-123377000.0,-62452000.0,-1882000.0,184621000.0,-1748000.0,87583000.0,87583000.0,87583000.0,947000.0,775000.0,0.042,189801000.0,117887000.0,922819000.0,0.0,1.51,25.415,27.659,1174094000.0,0.0,34.85,0.659,0.716,1973423000.0,1876081000.0,2102966000.0,2102966000.0,0.0,,,,,9875000.0,173882000.0,1.0,144676041.0,154878000,154882000.0,13.578,3563867000.0,0.0,24592000.0,192834000.0,23.011,1083517000.0
19,PWR,MRQ,2016-09-30,2016-09-30,2016-09-30,2021-08-06,-242825000.0,5476468000.0,,2405351000.0,3071117000.0,,21.119,-29025000.0,117366000.0,117366000.0,1739604000.0,74152000.0,1.931,0.672,487460000.0,5061000.0,482399000.0,487460000.0,310993000.0,50772000.0,0.0,0.0,0.0,131984000.0,182756000.0,0.089,182756000.0,131984000.0,128258000.0,0.48,0.48,0.48,3273936000.0,,3273936000.0,4280371279.0,21.0,10.541,-97553000.0,-0.629,1.0,302582000.0,0.148,1809794000.0,3726000.0,2790860000.0,,89109000.0,0.0,0.0,0.0,2199883000.0,1245908000.0,953975000.0,4035993279.0,-44978000.0,-30241000.0,146000.0,82824000.0,0.0,82100000.0,-59655000.0,802000.0,-68528000.0,1105000.0,73742000.0,73742000.0,73742000.0,-605000.0,410000.0,0.036,172419000.0,130163000.0,928487000.0,0.0,1.233,38.174,35.885,1165687000.0,0.0,27.99,0.542,0.583,2062926000.0,1788498000.0,2042186000.0,2042186000.0,0.0,,,,,9746000.0,164325000.0,1.0,144194115.0,155024000,155024000.0,13.173,3666674000.0,0.0,54516000.0,184341000.0,23.652,1159443000.0
20,PWR,MRQ,2016-06-30,2016-06-30,2016-06-30,2021-08-06,-231020000.0,5297101000.0,,2244387000.0,3052714000.0,,20.498,-55690000.0,162344000.0,162344000.0,1592213000.0,16729000.0,1.858,0.654,406722000.0,5603000.0,401119000.0,406722000.0,388314000.0,50900000.0,0.0,0.0,0.0,34840000.0,85740000.0,0.048,85740000.0,34840000.0,31257000.0,0.11,0.11,0.11,3200323000.0,,3200323000.0,3585872501.0,11.0,6.847,12120000.0,0.078,1.0,200217000.0,0.112,1798811000.0,3583000.0,2534579000.0,,74976000.0,0.0,0.0,0.0,2093927000.0,1208089000.0,885838000.0,3332975501.0,7029000.0,-3198000.0,163000.0,-788000.0,0.0,-1785000.0,-58780000.0,503000.0,67810000.0,-216000.0,16562000.0,16562000.0,16562000.0,0.0,167000.0,0.009,164748000.0,35469000.0,811521000.0,0.0,1.041,13.419,15.945,1160870000.0,0.0,23.12,0.454,0.491,1851030000.0,1714756000.0,1792430000.0,1792430000.0,0.0,,,,,9503000.0,156607000.0,1.0,144159840.0,156128000,156130000.0,11.481,3498290000.0,0.0,14695000.0,200683000.0,22.407,1036298000.0
21,PWR,MRQ,2016-03-31,2016-03-31,2016-03-31,2021-08-06,-234103000.0,5295519000.0,,2248374000.0,3047145000.0,,19.475,-42606000.0,155315000.0,155315000.0,1510424000.0,20859000.0,1.819,0.669,408212000.0,4154000.0,404058000.0,408212000.0,437455000.0,48665000.0,0.0,0.0,0.0,37528000.0,86193000.0,0.05,86193000.0,37528000.0,33939000.0,0.13,0.13,0.13,3170545000.0,,3170545000.0,3803245665.0,10.0,6.706,163205000.0,1.002,1.0,203313000.0,0.119,1806703000.0,3589000.0,2505802000.0,,72643000.0,0.0,0.0,0.0,2122290000.0,1235911000.0,886379000.0,3449585665.0,26544000.0,-41900000.0,51000.0,-84753000.0,0.0,-90774000.0,-89572000.0,577000.0,205811000.0,1079000.0,20496000.0,20496000.0,20496000.0,0.0,363000.0,0.012,166019000.0,37294000.0,791214000.0,0.0,1.088,12.412,14.462,1153884000.0,0.0,22.56,0.465,0.495,1876473000.0,1698194000.0,1713737000.0,1713737000.0,0.0,,,,,13719000.0,158524000.0,1.0,152907166.0,162803000,162806000.0,10.526,3488816000.0,0.0,13443000.0,205945000.0,21.43,1012463000.0
22,PWR,MRQ,2015-12-31,2015-12-31,2015-12-31,2021-08-06,-294689000.0,5213543000.0,,2277519000.0,2936024000.0,,15.814,-32520000.0,128771000.0,128771000.0,1676233000.0,-4882000.0,1.892,0.689,482431000.0,7067000.0,475364000.0,482431000.0,399230000.0,50637000.0,0.0,0.0,0.0,752000.0,51389000.0,0.027,51389000.0,752000.0,-2176000.0,0.06,0.06,0.06,3085494000.0,,3085494000.0,3397226492.0,8.0,5.532,201479000.0,1.033,1.0,223039000.0,0.117,1757732000.0,2928000.0,2605727000.0,,75285000.0,0.0,0.0,0.0,2125728000.0,1203744000.0,921984000.0,3095861492.0,79577000.0,-13305000.0,-76771000.0,135497000.0,0.0,32053000.0,-186508000.0,-6571000.0,233999000.0,33000.0,-5074000.0,-5074000.0,-5074000.0,0.0,192000.0,-0.003,219415000.0,3624000.0,782134000.0,0.0,1.003,9.958,12.736,1101959000.0,0.0,20.25,0.409,0.522,1938878000.0,1677698000.0,1899272000.0,1899272000.0,0.0,,,,,8900000.0,151790000.0,1.0,152882049.0,195113000,195120000.0,9.734,3455811000.0,0.0,2898000.0,186491000.0,17.712,1073775000.0
23,PWR,MRQ,2015-09-30,2015-09-30,2015-09-30,2021-08-06,-264844000.0,5373424000.0,,2362664000.0,3010760000.0,,16.879,-39499000.0,49194000.0,49194000.0,1704223000.0,218956000.0,1.762,0.68,350559000.0,2350000.0,348209000.0,350559000.0,252505000.0,49604000.0,0.0,0.0,0.0,250798000.0,300402000.0,0.155,300402000.0,250798000.0,248777000.0,1.15,1.15,1.15,3189372000.0,,3189372000.0,4916769253.0,10.0,6.932,70710000.0,0.374,1.0,235215000.0,0.121,1822344000.0,2021000.0,2511907000.0,,64690000.0,0.0,0.0,0.0,2169510000.0,1340538000.0,828972000.0,4765303253.0,-16233000.0,-30421000.0,-1175293000.0,141626000.0,0.0,-1034502000.0,910000000.0,-960000.0,110209000.0,-1940000.0,216388000.0,216388000.0,216388000.0,0.0,2568000.0,0.112,154337000.0,80878000.0,938535000.0,0.0,1.494,12.456,12.609,1125501000.0,0.0,24.21,0.619,0.594,2052335000.0,1682772000.0,1939438000.0,1939438000.0,0.0,,,,,8858000.0,145687000.0,1.0,196832022.0,188951000,188961000.0,10.264,3551080000.0,0.0,32389000.0,226078000.0,18.794,1022126000.0
24,PWR,MRQ,2015-06-30,2015-06-30,2015-06-30,2021-08-06,-197339000.0,6130510000.0,,2315567000.0,3814943000.0,,19.696,-54760000.0,65427000.0,65427000.0,1644835000.0,49565000.0,1.964,0.458,216893000.0,2638000.0,214255000.0,216893000.0,233715000.0,49761000.0,0.0,0.0,0.0,79368000.0,129129000.0,0.069,129129000.0,79368000.0,77693000.0,0.22,0.22,0.22,4196244000.0,,4196244000.0,5882543732.0,15.0,10.01,62796000.0,0.295,1.0,227505000.0,0.122,1832957000.0,1675000.0,3269871000.0,,55815000.0,0.0,0.0,0.0,1920792000.0,1179148000.0,741644000.0,5893635732.0,-70107000.0,-39720000.0,-172001000.0,91338000.0,0.0,-83160000.0,-105337000.0,2871000.0,117556000.0,834000.0,46109000.0,46109000.0,46109000.0,-14102000.0,3456000.0,0.025,158654000.0,68851000.0,875152000.0,0.0,1.405,22.597,24.017,1129597000.0,0.0,28.82,0.745,0.776,1974344000.0,1466384000.0,1872340000.0,1872340000.0,0.0,,,,,9711000.0,149923000.0,1.0,204498117.0,213047000,213059000.0,8.788,4297553000.0,0.0,31584000.0,229422000.0,20.172,1136419000.0
25,PWR,MRQ,2015-03-31,2015-03-31,2015-03-31,2021-08-06,-212244000.0,6140834000.0,,2387640000.0,3753194000.0,,19.944,-57222000.0,135534000.0,135534000.0,1623480000.0,58185000.0,2.124,0.426,124442000.0,9440000.0,115002000.0,124442000.0,240243000.0,47691000.0,0.0,0.0,0.0,85485000.0,133176000.0,0.072,133176000.0,85485000.0,84085000.0,0.25,0.25,0.25,4297488000.0,,4297488000.0,5714771166.0,13.0,9.157,132005000.0,0.613,1.0,237906000.0,0.128,2174540000.0,1400000.0,2830892000.0,,45824000.0,0.0,0.0,0.0,1830081000.0,1124310000.0,705771000.0,5823921166.0,-54981000.0,-35542000.0,-181924000.0,42191000.0,0.0,-142235000.0,-99892000.0,322000.0,189227000.0,-2081000.0,53484000.0,53484000.0,53484000.0,0.0,4701000.0,0.029,153756000.0,84150000.0,874627000.0,0.0,1.355,19.689,21.133,1480097000.0,0.0,28.53,0.74,0.781,1983865000.0,1420275000.0,1861386000.0,1861386000.0,0.0,,,,,9470000.0,145463000.0,1.0,204133234.0,215473000,215490000.0,8.639,3966294000.0,0.0,30601000.0,299809000.0,18.407,1263330000.0
26,PWR,MRQ,2014-12-31,2014-12-31,2014-12-31,2021-08-06,-123290000.0,6253583000.0,,2495704000.0,3757879000.0,,20.475,-54916000.0,190515000.0,190515000.0,1715986000.0,70975000.0,2.256,0.383,81365000.0,8876000.0,72489000.0,81365000.0,251113000.0,46964000.0,0.0,0.0,0.0,99648000.0,146612000.0,0.072,146612000.0,99648000.0,98314000.0,0.3,0.3,0.3,4514473000.0,,4514473000.0,5972559203.0,14.0,9.698,218385000.0,0.99,1.0,311628000.0,0.154,1840279000.0,1334000.0,3197843000.0,,38921000.0,0.0,0.0,0.0,1728043000.0,1106311000.0,621732000.0,6031846203.0,46356000.0,-101066000.0,-48383000.0,-443000.0,0.0,-59618000.0,-163040000.0,4558000.0,273301000.0,-4287000.0,66576000.0,66576000.0,66576000.0,0.0,4399000.0,0.033,213981000.0,97647000.0,825231000.0,0.0,1.336,20.329,21.03,1099574000.0,0.0,28.39,0.779,0.805,2091557000.0,1366791000.0,2027614000.0,2027614000.0,0.0,,,,,10066000.0,204884000.0,1.0,212463762.0,220487000,220500000.0,9.196,4413304000.0,0.0,31738000.0,215981000.0,20.016,1389393000.0
27,PWR,MRQ,2014-09-30,2014-09-30,2014-09-30,2021-08-06,-73944000.0,6229289000.0,,2536467000.0,3692822000.0,,20.37,-64636000.0,144159000.0,144159000.0,1809055000.0,100015000.0,2.248,0.389,84872000.0,1686000.0,83186000.0,84872000.0,242273000.0,45610000.0,0.0,0.0,0.0,133164000.0,178774000.0,0.083,178774000.0,133164000.0,131843000.0,0.43,0.43,0.43,4471037000.0,,4471037000.0,7524689393.0,13.0,10.107,664000.0,0.003,1.0,336903000.0,0.157,2109550000.0,1321000.0,2932325000.0,,39411000.0,0.0,0.0,0.0,1740658000.0,1128127000.0,612531000.0,7707820393.0,-44789000.0,-81652000.0,200000.0,57941000.0,0.0,56326000.0,-159197000.0,-614000.0,65300000.0,-7218000.0,94648000.0,94648000.0,94648000.0,0.0,5367000.0,0.044,205619000.0,131284000.0,884168000.0,0.0,1.724,19.423,19.94,1388134000.0,0.0,36.29,1.034,1.069,2190018000.0,1300215000.0,2145958000.0,2145958000.0,0.0,,,,,6212000.0,196494000.0,1.0,212395161.0,219492000,219517000.0,9.777,4119739000.0,0.0,37195000.0,251151000.0,18.769,1408340000.0
28,PWR,MRQ,2014-06-30,2014-06-30,2014-06-30,2021-08-06,-23875000.0,5909059000.0,,2242928000.0,3666131000.0,,19.971,-57719000.0,188948000.0,188948000.0,1574000000.0,85444000.0,2.319,0.344,5817000.0,1670000.0,4147000.0,5817000.0,230930000.0,42109000.0,0.0,0.0,0.0,123430000.0,165539000.0,0.09,165539000.0,123430000.0,122302000.0,0.37,0.37,0.37,4385860000.0,,4385860000.0,7114329087.0,12.0,9.581,-24963000.0,-0.114,1.0,264209000.0,0.144,2057028000.0,1128000.0,2701704000.0,,40772000.0,0.0,0.0,0.0,1507972000.0,967196000.0,540776000.0,7381463087.0,-84392000.0,-6259000.0,-44544000.0,-380000.0,0.0,-44809000.0,-75595000.0,2011000.0,32756000.0,3256000.0,81082000.0,81082000.0,81082000.0,0.0,4362000.0,0.044,143412000.0,120797000.0,734596000.0,0.0,1.683,18.683,19.0,1311859000.0,0.0,34.58,1.062,1.092,1828366000.0,1205567000.0,1838209000.0,1838209000.0,0.0,,,,,9891000.0,135210000.0,1.0,213460471.0,219612000,219642000.0,8.37,3852031000.0,0.0,41220000.0,253394000.0,17.54,1275732000.0
29,PWR,MRQ,2014-03-31,2014-03-31,2014-03-31,2021-08-06,-55219000.0,5826620000.0,,2214457000.0,3612163000.0,,19.658,-68925000.0,273340000.0,273340000.0,1490503000.0,58648000.0,2.254,0.351,6206000.0,1650000.0,4556000.0,6206000.0,208640000.0,45110000.0,0.0,0.0,0.0,88443000.0,133553000.0,0.076,133553000.0,88443000.0,87461000.0,0.25,0.25,0.25,4305805000.0,,4305805000.0,7386198087.0,13.0,10.146,-129458000.0,-0.591,1.0,272071000.0,0.154,2051620000.0,982000.0,2525391000.0,,35604000.0,0.0,0.0,0.0,1509944000.0,982475000.0,527469000.0,7872741087.0,-215437000.0,-76368000.0,424000.0,-10293000.0,0.0,-10246000.0,-145034000.0,259000.0,-60533000.0,376000.0,54408000.0,54408000.0,54408000.0,0.0,4240000.0,0.031,181576000.0,90495000.0,772185000.0,0.0,1.828,20.489,20.73,1269656000.0,0.0,36.9,1.195,1.227,1776823000.0,1124485000.0,1762574000.0,1762574000.0,0.0,,,,,10175000.0,173331000.0,1.0,213353417.0,219033000,219075000.0,8.047,3775000000.0,0.0,33053000.0,249717000.0,17.235,1231982000.0
30,PWR,MRQ,2013-12-31,2013-12-31,2013-12-31,2021-08-06,-37236000.0,5793245000.0,,2313318000.0,3479927000.0,,19.496,-2524000.0,488777000.0,488777000.0,1472035000.0,171317000.0,2.219,0.367,2234000.0,1181000.0,1053000.0,2234000.0,239106000.0,28496000.0,0.0,0.0,0.0,238149000.0,266645000.0,0.156,266645000.0,238149000.0,236961000.0,0.77,0.77,0.77,4234188000.0,,4234188000.0,6395576311.0,11.0,8.571,198968000.0,0.916,1.0,234323000.0,0.137,1988594000.0,1188000.0,2275641000.0,,31877000.0,0.0,0.0,0.0,1551926000.0,1042467000.0,509459000.0,6702090311.0,179624000.0,38261000.0,156000.0,-306000.0,0.0,-8278000.0,-3570000.0,2300000.0,201492000.0,-10020000.0,166697000.0,166697000.0,166697000.0,0.0,4620000.0,0.098,135867000.0,98456000.0,802180000.0,0.0,1.583,16.675,16.877,1205608000.0,0.0,31.56,1.045,1.058,1652593000.0,1070077000.0,1706358000.0,1706358000.0,0.0,,,,,5708000.0,127408000.0,1.0,212360276.0,217182000,217225000.0,7.857,3804651000.0,0.0,70264000.0,244256000.0,17.518,1270851000.0
31,PWR,MRQ,2013-09-30,2013-09-30,2013-09-30,2021-08-06,-11319000.0,5494968000.0,,2137387000.0,3357581000.0,,18.69,-46566000.0,309153000.0,309153000.0,1372079000.0,98409000.0,2.215,0.366,2639000.0,2639000.0,0.0,2639000.0,204881000.0,40899000.0,0.0,0.0,0.0,135890000.0,176789000.0,0.107,176789000.0,135890000.0,135415000.0,0.43,0.43,0.43,4015933000.0,,4015933000.0,5420600239.0,10.0,8.028,36626000.0,0.17,1.0,273053000.0,0.166,1840761000.0,475000.0,2382906000.0,,35590000.0,0.0,0.0,0.0,1470714000.0,964787000.0,505927000.0,5783713239.0,-53960000.0,-125466000.0,49000.0,-227000.0,0.0,-2452000.0,-134556000.0,994000.0,83192000.0,-144000.0,92906000.0,92906000.0,92906000.0,0.0,5503000.0,0.056,131975000.0,141078000.0,757267000.0,0.0,1.44,17.306,17.635,1153629000.0,0.0,27.51,0.907,0.927,1666993000.0,903380000.0,1645132000.0,1645132000.0,0.0,,,,,7440000.0,124949000.0,1.0,210240394.0,214866000,214916000.0,7.657,3654207000.0,0.0,42509000.0,240394000.0,17.007,1172600000.0
32,PWR,MRQ,2013-06-30,2013-06-30,2013-06-30,2021-08-06,-24439000.0,5187931000.0,,2176827000.0,3011104000.0,,18.116,-101974000.0,363113000.0,363113000.0,1233093000.0,74726000.0,2.72,0.335,0.0,0.0,0.0,0.0,188418000.0,38119000.0,0.0,0.0,0.0,112901000.0,151020000.0,0.102,151020000.0,112901000.0,112398000.0,0.33,0.33,0.33,3882518000.0,,3882518000.0,5175196581.0,10.0,7.652,15802000.0,0.074,1.0,241284000.0,0.164,1702009000.0,503000.0,2322394000.0,,40852000.0,0.0,0.0,0.0,1300092000.0,800415000.0,499677000.0,5541815581.0,-3506000.0,-925000.0,326000.0,0.0,0.0,-964000.0,-116225000.0,-13326000.0,117776000.0,-4093000.0,70237000.0,70237000.0,70237000.0,0.0,4489000.0,0.048,124110000.0,117174000.0,611997000.0,0.0,1.427,16.41,16.747,1103212000.0,0.0,26.46,0.885,0.905,1687981000.0,810474000.0,1474377000.0,1474377000.0,0.0,,,,,9474000.0,119031000.0,1.0,209441254.0,214314000,214368000.0,6.88,3485922000.0,0.0,42161000.0,233467000.0,16.265,1376412000.0
33,PWR,MRQ,2013-03-31,2013-03-31,2013-03-31,2021-08-06,710000.0,5154818000.0,,2185665000.0,2969153000.0,,17.925,-56093000.0,366619000.0,366619000.0,1347437000.0,76857000.0,2.634,0.346,0.0,0.0,0.0,0.0,163236000.0,37181000.0,0.0,0.0,0.0,114524000.0,151705000.0,0.096,151705000.0,114524000.0,114022000.0,0.34,0.34,0.34,3826131000.0,,3826131000.0,5588061059.0,11.0,8.393,-11961000.0,-0.056,1.0,238273000.0,0.15,1714310000.0,502000.0,2244003000.0,,37666000.0,0.0,0.0,0.0,1323997000.0,829886000.0,494111000.0,5982753059.0,-28082000.0,-9522000.0,497000.0,0.0,0.0,-4957000.0,-65615000.0,0.0,44132000.0,-1642000.0,72081000.0,72081000.0,72081000.0,0.0,4776000.0,0.045,118982000.0,119291000.0,666650000.0,0.0,1.564,17.966,18.321,1071972000.0,0.0,28.58,0.969,0.988,1690819000.0,740237000.0,1585710000.0,1585710000.0,0.0,,,,,8036000.0,113681000.0,1.0,209333557.0,213453000,213512000.0,7.429,3440508000.0,0.0,41941000.0,227692000.0,16.118,1355779000.0
34,PWR,MRQ,2012-12-31,2012-12-31,2012-12-31,2021-08-06,14453000.0,5140757000.0,,2201727000.0,2939030000.0,,17.649,-57416000.0,394701000.0,394701000.0,1386603000.0,102009000.0,2.499,0.363,9000.0,9000.0,0.0,9000.0,173885000.0,40098000.0,0.0,0.0,0.0,155559000.0,195657000.0,0.117,195657000.0,155559000.0,154309000.0,0.46,0.46,0.46,3766548000.0,,3766548000.0,6022854498.0,13.0,9.602,78511000.0,0.368,1.0,286739000.0,0.171,1721481000.0,1250000.0,2143405000.0,,38261000.0,0.0,0.0,0.0,1368841000.0,881179000.0,487662000.0,6026045498.0,266492000.0,0.0,812000.0,-125009000.0,0.0,-128876000.0,261013000.0,0.0,135927000.0,-1572000.0,98986000.0,98986000.0,98986000.0,20299000.0,3023000.0,0.059,125886000.0,160853000.0,707285000.0,0.0,1.6,19.653,18.951,1045983000.0,0.0,27.29,1.018,0.981,1670858000.0,668156000.0,1673342000.0,1673342000.0,0.0,,,,,5549000.0,116976000.0,1.0,220815152.0,213416000,213390000.0,7.841,3419276000.0,0.0,55323000.0,225050000.0,16.022,1320548000.0
35,PWR,MRQ,2012-09-30,2012-09-30,2012-09-30,2021-08-06,19771000.0,5255270000.0,,2136427000.0,3118843000.0,,17.185,-65822000.0,128210000.0,128210000.0,1280001000.0,100856000.0,2.309,0.433,125019000.0,19000.0,125000000.0,125019000.0,153827000.0,41003000.0,0.0,0.0,0.0,136957000.0,177960000.0,0.116,177960000.0,136957000.0,135994000.0,0.45,0.45,0.45,3662899000.0,,3662899000.0,5033765793.0,13.0,9.284,-125593000.0,-0.589,1.0,252000000.0,0.164,1869901000.0,963000.0,2456826000.0,,55916000.0,0.0,0.0,0.0,1585026000.0,925352000.0,659674000.0,5167600793.0,-44659000.0,0.0,649000.0,85986000.0,0.0,79836000.0,-70271000.0,0.0,-59771000.0,5547000.0,96398000.0,96398000.0,96398000.0,-12770000.0,4458000.0,0.063,124867000.0,127133000.0,771506000.0,0.0,1.411,18.863,19.147,1057046000.0,0.0,24.7,0.97,0.988,1819979000.0,569170000.0,1532001000.0,1532001000.0,0.0,,,,,6700000.0,114577000.0,1.0,209214607.0,213150000,213242000.0,7.187,3385369000.0,0.0,39596000.0,250351000.0,15.883,1211075000.0
36,PWR,MRQ,2012-06-30,2012-06-30,2012-06-30,2021-08-06,-2522000.0,4897303000.0,,1824501000.0,3072802000.0,,16.604,-38610000.0,172868000.0,172868000.0,1173258000.0,69797000.0,2.327,0.382,39033000.0,33000.0,39000000.0,39033000.0,148469000.0,38702000.0,0.0,0.0,0.0,101767000.0,140469000.0,0.101,140469000.0,101767000.0,100809000.0,0.31,0.31,0.31,3536534000.0,,3536534000.0,4856297614.0,14.0,9.875,47689000.0,0.224,1.0,212904000.0,0.154,1870981000.0,958000.0,2108516000.0,,57649000.0,0.0,0.0,0.0,1351149000.0,783971000.0,567178000.0,5033608614.0,-4499000.0,-75667000.0,445000.0,38967000.0,0.0,32797000.0,-119386000.0,0.0,86299000.0,-4209000.0,65538000.0,65538000.0,65538000.0,-7620000.0,4259000.0,0.047,114559000.0,98345000.0,635469000.0,0.0,1.423,21.928,22.083,1016737000.0,0.0,24.07,0.997,1.015,1491577000.0,472772000.0,1386162000.0,1386162000.0,0.0,,,,,10465000.0,105233000.0,1.0,209123748.0,212987000,213087000.0,6.508,3026322000.0,0.0,35271000.0,242226000.0,14.209,1040530000.0
37,PWR,MRQ,2012-03-31,2012-03-31,2012-03-31,2021-08-06,12033000.0,4755334000.0,,1770113000.0,2985221000.0,,16.368,-31255000.0,177367000.0,177367000.0,1142700000.0,49994000.0,2.321,0.371,56000.0,56000.0,0.0,56000.0,181766000.0,38191000.0,0.0,0.0,0.0,74951000.0,113142000.0,0.085,113142000.0,74951000.0,74376000.0,0.22,0.22,0.22,3461606000.0,,3461606000.0,4019918238.0,13.0,9.074,-91473000.0,-0.433,1.0,186064000.0,0.14,1855763000.0,575000.0,1959604000.0,,72263000.0,0.0,0.0,0.0,1284620000.0,762656000.0,521964000.0,4335211238.0,-137982000.0,-46810000.0,479000.0,0.0,0.0,899000.0,-80955000.0,0.0,-60218000.0,2292000.0,45707000.0,45707000.0,45707000.0,0.0,4287000.0,0.034,107273000.0,78791000.0,580834000.0,0.0,1.252,22.139,22.473,985672000.0,0.0,20.9,0.928,0.946,1422392000.0,407234000.0,1328764000.0,1328764000.0,0.0,,,,,2979000.0,98108000.0,1.0,207426375.0,211481000,211592000.0,6.283,2899571000.0,0.0,28669000.0,231864000.0,13.711,1007457000.0
38,PWR,MRQ,2011-12-31,2011-12-31,2011-12-31,2021-08-06,710000.0,4699114000.0,,1765154000.0,2933960000.0,,16.075,-29754000.0,315349000.0,315349000.0,941027000.0,70808000.0,2.26,0.387,56000.0,56000.0,0.0,56000.0,144599000.0,30982000.0,0.0,0.0,0.0,79659000.0,110641000.0,0.102,110641000.0,79659000.0,79104000.0,0.31,0.31,0.31,3381952000.0,,3381952000.0,4184336373.0,21.0,12.441,95521000.0,0.454,1.0,142045000.0,0.131,1671687000.0,555000.0,1931058000.0,,62519000.0,0.0,0.0,0.0,1309851000.0,781076000.0,528775000.0,4442074373.0,57511000.0,-60727000.0,312000.0,-34000.0,0.0,-5189000.0,-64440000.0,35000000.0,125275000.0,1865000.0,66314000.0,66314000.0,66314000.0,0.0,4494000.0,0.061,71998000.0,70047000.0,570572000.0,0.0,1.313,33.521,34.742,938902000.0,0.0,21.54,1.059,1.092,1149054000.0,361527000.0,1083072000.0,1083072000.0,0.0,,,,,3132000.0,64391000.0,1.0,206224437.0,210392000,210507000.0,5.148,3027427000.0,0.0,12790000.0,233644000.0,14.389,984078000.0
39,PWR,MRQ,2011-09-30,2011-09-30,2011-09-30,2021-08-06,-5528000.0,4463955000.0,,1576877000.0,2887078000.0,,15.646,-38280000.0,257838000.0,257838000.0,1056129000.0,55600000.0,2.42,0.352,100000.0,100000.0,0.0,100000.0,123668000.0,37430000.0,0.0,0.0,0.0,90073000.0,127503000.0,0.102,127503000.0,90073000.0,89335000.0,0.25,0.25,0.25,3294697000.0,,3294697000.0,3518299915.0,21.0,11.412,2505000.0,0.012,1.0,194690000.0,0.156,1785836000.0,738000.0,1768673000.0,,74024000.0,0.0,0.0,0.0,1160958000.0,651708000.0,509250000.0,3897466915.0,-122544000.0,-53933000.0,-55021000.0,-1152000.0,0.0,-60481000.0,-96668000.0,-4000000.0,40785000.0,-6180000.0,51994000.0,51994000.0,51994000.0,0.0,3606000.0,0.042,100709000.0,93981000.0,527940000.0,0.0,1.183,39.027,39.146,956604000.0,0.0,18.79,0.995,1.011,1142284000.0,295213000.0,1250819000.0,1250819000.0,0.0,,,,,5019000.0,92414000.0,1.0,207422401.0,210583000,210692000.0,5.94,2678119000.0,0.0,37341000.0,231662000.0,12.718,925169000.0
40,PWR,MRQ,2011-06-30,2011-06-30,2011-06-30,2021-08-06,23117000.0,4292855000.0,,1476580000.0,2816275000.0,,15.355,-50814000.0,380382000.0,380382000.0,856824000.0,34313000.0,2.93,0.3,1215000.0,1215000.0,0.0,1215000.0,92483000.0,36039000.0,0.0,0.0,0.0,55666000.0,91705000.0,0.091,91705000.0,55666000.0,55411000.0,0.15,0.15,0.15,3298587000.0,,3298587000.0,3775298675.0,22.0,11.976,5344000.0,0.025,1.0,154090000.0,0.152,1750348000.0,255000.0,1659380000.0,,62216000.0,0.0,0.0,0.0,989574000.0,503960000.0,485614000.0,4277161675.0,-122637000.0,0.0,-94478000.0,46000.0,0.0,-95387000.0,-85814000.0,-35000000.0,56158000.0,2406000.0,31801000.0,31801000.0,31801000.0,0.0,2512000.0,0.031,96360000.0,57730000.0,410262000.0,0.0,1.297,38.654,38.113,938567000.0,0.0,20.2,1.105,1.121,922361000.0,243219000.0,1010914000.0,1010914000.0,0.0,,,,,6437000.0,89489000.0,1.0,211740677.0,214827000,215023000.0,4.706,2542507000.0,0.0,23610000.0,211070000.0,11.835,972620000.0
41,PWR,MRQ,2011-03-31,2011-03-31,2011-03-31,2021-08-06,25300000.0,4324562000.0,,1562324000.0,2762238000.0,,15.675,-34295000.0,503019000.0,503019000.0,778068000.0,-16305000.0,3.237,0.287,1156000.0,1156000.0,0.0,1156000.0,86706000.0,34462000.0,0.0,0.0,0.0,-27984000.0,6478000.0,0.008,6478000.0,-27984000.0,-28239000.0,-0.08,-0.08,-0.08,3357125000.0,,3357125000.0,4198847942.0,24.0,13.238,-38483000.0,-0.18,1.0,70891000.0,0.084,1753479000.0,255000.0,1586509000.0,,53091000.0,0.0,0.0,0.0,964784000.0,482711000.0,482073000.0,4736741942.0,-36202000.0,0.0,507000.0,-197000.0,0.0,2324000.0,-34295000.0,0.0,-4188000.0,-43000.0,-17594000.0,-17594000.0,-17594000.0,0.0,1289000.0,-0.021,97807000.0,-26916000.0,394849000.0,0.0,1.411,42.354,41.537,910530000.0,0.0,22.43,1.27,1.288,878065000.0,211418000.0,848959000.0,848959000.0,0.0,,,,,3527000.0,91541000.0,1.0,211178865.0,214167000,214167000.0,3.964,2571083000.0,0.0,-10645000.0,214187000.0,12.005,1079613000.0
42,PWR,MRQ,2010-12-31,2010-12-31,2010-12-31,2021-08-06,14122000.0,4341212000.0,,1596364000.0,2744848000.0,,15.815,-26879000.0,539221000.0,539221000.0,690293000.0,34434000.0,3.19,0.289,1327000.0,1327000.0,0.0,1327000.0,83121000.0,30143000.0,0.0,0.0,0.0,52469000.0,82612000.0,0.103,82612000.0,52469000.0,52227000.0,0.16,0.15,0.16,3365555000.0,,3365555000.0,3774144051.0,15.0,9.782,234711000.0,1.103,1.0,114348000.0,0.142,1755222000.0,242000.0,1547701000.0,,51754000.0,0.0,0.0,0.0,974293000.0,500395000.0,473898000.0,4215129051.0,97974000.0,-130251000.0,78000.0,1142000.0,0.0,-984000.0,-161463000.0,0.0,261590000.0,-1169000.0,33666000.0,33666000.0,33666000.0,0.0,768000.0,0.042,72033000.0,42315000.0,415947000.0,0.0,1.252,27.518,27.288,900768000.0,0.0,19.92,1.161,1.153,901862000.0,229012000.0,804641000.0,804641000.0,0.0,,,,,2984000.0,62712000.0,1.0,211602864.0,212809000,214790000.0,3.781,2585990000.0,0.0,18561000.0,212200000.0,12.152,1095969000.0
43,PWR,MRQ,2010-09-30,2010-09-30,2010-09-30,2021-08-06,5775000.0,4130962000.0,,1621262000.0,2509700000.0,,15.447,-24527000.0,441247000.0,441247000.0,1016013000.0,63700000.0,3.214,0.276,262000.0,262000.0,0.0,262000.0,63258000.0,39898000.0,0.0,0.0,0.0,94538000.0,134436000.0,0.111,134436000.0,94538000.0,94269000.0,0.3,0.3,0.3,3235084000.0,,3235084000.0,3505888309.0,13.0,8.246,-79234000.0,-0.378,1.0,189994000.0,0.158,1606104000.0,269000.0,1579476000.0,,46445000.0,0.0,0.0,0.0,892887000.0,504397000.0,388490000.0,4025405309.0,-78571000.0,0.0,36000.0,-41000.0,0.0,-22000.0,-24527000.0,0.0,-54707000.0,685000.0,62780000.0,62780000.0,62780000.0,0.0,920000.0,0.052,95433000.0,94561000.0,440877000.0,0.0,1.244,24.627,24.462,864279000.0,0.0,19.08,1.056,1.049,1053612000.0,195346000.0,1206007000.0,1206007000.0,0.0,,,,,5720000.0,82037000.0,1.0,210975121.0,209428000,211096000.0,5.759,2524858000.0,0.0,31489000.0,176879000.0,12.056,1116865000.0
44,PWR,MRQ,2010-06-30,2010-06-30,2010-06-30,2021-08-06,3812000.0,3960302000.0,,1425373000.0,2534929000.0,,15.113,-24186000.0,519818000.0,519818000.0,714465000.0,33323000.0,3.391,0.251,301000.0,301000.0,0.0,301000.0,42936000.0,36381000.0,0.0,0.0,0.0,57281000.0,93662000.0,0.108,93662000.0,57281000.0,55754000.0,0.16,0.16,0.16,3164647000.0,,3164647000.0,3823846932.0,16.0,9.847,4353000.0,0.021,1.0,156037000.0,0.179,1619416000.0,1527000.0,1401014000.0,,40690000.0,0.0,0.0,0.0,793584000.0,420355000.0,373229000.0,4355561932.0,-140006000.0,0.0,230000.0,-143812000.0,0.0,-143564000.0,-24186000.0,0.0,28539000.0,-795000.0,32986000.0,32986000.0,32986000.0,0.0,337000.0,0.038,91212000.0,64825000.0,377118000.0,0.0,1.376,26.54,25.812,875981000.0,0.0,20.65,1.287,1.277,799776000.0,132566000.0,870502000.0,870502000.0,0.0,,,,,5742000.0,82122000.0,1.0,210923096.0,209399000,211082000.0,4.157,2340886000.0,0.0,22768000.0,156256000.0,11.179,1005018000.0
45,PWR,MRQ,2010-03-31,2010-03-31,2010-03-31,2021-08-06,6624000.0,4049152000.0,,1505484000.0,2543668000.0,,15.03,-42867000.0,659824000.0,659824000.0,619141000.0,24100000.0,3.741,0.291,128109000.0,364000.0,127745000.0,128109000.0,66368000.0,32432000.0,0.0,0.0,0.0,42674000.0,75106000.0,0.1,75106000.0,42674000.0,39810000.0,0.11,0.11,0.11,3136300000.0,,3136300000.0,3442433490.0,14.0,9.054,-39241000.0,-0.188,1.0,129142000.0,0.173,1628652000.0,2864000.0,1486328000.0,,33176000.0,0.0,0.0,0.0,911118000.0,402457000.0,508661000.0,4012028490.0,-39805000.0,0.0,190000.0,-3294000.0,0.0,-1135000.0,-42867000.0,0.0,3626000.0,571000.0,23744000.0,23744000.0,23744000.0,0.0,356000.0,0.032,86852000.0,42290000.0,335725000.0,0.0,1.279,24.382,23.654,870260000.0,0.0,19.16,1.206,1.201,729260000.0,99580000.0,748283000.0,748283000.0,0.0,,,,,4033000.0,81004000.0,1.0,209396059.0,208673000,210342000.0,3.586,2420500000.0,0.0,16066000.0,163172000.0,11.599,1103027000.0
46,PWR,MRQ,2009-12-31,2009-12-31,2009-12-31,2021-08-06,3502000.0,4116954000.0,,1582792000.0,2534162000.0,,15.015,-39843000.0,699629000.0,699629000.0,794476000.0,44445000.0,3.193,0.324,130034000.0,3426000.0,126608000.0,130034000.0,70228000.0,50017000.0,0.0,0.0,0.0,71936000.0,121953000.0,0.124,121953000.0,71936000.0,69104000.0,0.21,0.22,0.21,3109183000.0,,3109183000.0,3914421911.0,16.0,10.596,58466000.0,0.282,1.0,190947000.0,0.194,1634380000.0,2832000.0,1417291000.0,,33451000.0,0.0,0.0,0.0,1006393000.0,495688000.0,510705000.0,4372929911.0,115591000.0,50382000.0,329000.0,3173000.0,0.0,3586000.0,10539000.0,0.0,98309000.0,3157000.0,43945000.0,43945000.0,43945000.0,0.0,500000.0,0.045,118515000.0,72432000.0,422034000.0,0.0,1.406,26.966,25.728,854437000.0,0.0,20.84,1.318,1.261,749499000.0,75836000.0,985423000.0,985423000.0,0.0,,,,,5156000.0,94823000.0,1.0,209833489.0,207078000,208799000.0,4.759,2482574000.0,0.0,25159000.0,167575000.0,11.989,1087104000.0
47,PWR,MRQ,2009-09-30,2009-09-30,2009-09-30,2021-08-06,1793000.0,3634105000.0,,1402960000.0,2231145000.0,,14.213,-33937000.0,584038000.0,584038000.0,633166000.0,63956000.0,3.597,0.287,125530000.0,37000.0,125493000.0,125530000.0,51465000.0,26022000.0,0.0,0.0,0.0,71572000.0,97594000.0,0.125,97594000.0,71572000.0,68756000.0,0.32,0.32,0.32,2822869000.0,,2822869000.0,3989009785.0,16.0,11.293,74022000.0,0.373,1.0,147628000.0,0.189,1506955000.0,2816000.0,1278554000.0,,31920000.0,0.0,0.0,0.0,810363000.0,390088000.0,420275000.0,4388963785.0,59682000.0,-14148000.0,504000.0,-6000.0,0.0,613000.0,-48085000.0,0.0,107959000.0,-805000.0,63436000.0,63436000.0,63436000.0,0.0,520000.0,0.081,76466000.0,71162000.0,338586000.0,0.0,1.555,26.647,26.345,692543000.0,0.0,22.13,1.349,1.351,725630000.0,20731000.0,780794000.0,780794000.0,0.0,,,,,4854000.0,71018000.0,1.0,198326425.0,198608000,205224000.0,3.931,2127150000.0,0.0,5320000.0,100836000.0,10.71,1012872000.0
48,PWR,MRQ,2009-06-30,2009-06-30,2009-06-30,2021-08-06,-450000.0,3599502000.0,,1385892000.0,2213610000.0,,13.783,-42697000.0,524356000.0,524356000.0,675597000.0,33644000.0,3.218,0.317,124402000.0,2000.0,124400000.0,124402000.0,66206000.0,25101000.0,0.0,0.0,0.0,60475000.0,85576000.0,0.105,85576000.0,60475000.0,57672000.0,0.17,0.17,0.17,2733125000.0,,2733125000.0,4202997590.0,15.0,10.979,16731000.0,0.084,1.0,137782000.0,0.169,1494105000.0,2803000.0,1274721000.0,,27967000.0,0.0,0.0,0.0,866024000.0,430722000.0,435302000.0,4586523590.0,15547000.0,0.0,23000.0,-1953000.0,0.0,-2006000.0,-42697000.0,0.0,59428000.0,822000.0,33427000.0,33427000.0,33427000.0,0.0,217000.0,0.041,77876000.0,59906000.0,364514000.0,0.0,1.678,29.937,28.207,677346000.0,0.0,23.13,1.3,1.301,772718000.0,-42704000.0,813379000.0,813379000.0,0.0,,,,,5040000.0,72970000.0,1.0,198293281.0,198300000,198379000.0,4.102,2105397000.0,0.0,24245000.0,92001000.0,10.617,955170000.0
49,PWR,MRQ,2009-03-31,2009-03-31,2009-03-31,2021-08-06,-3623000.0,3531480000.0,,1341386000.0,2190094000.0,,13.616,-39439000.0,508809000.0,508809000.0,621399000.0,21490000.0,3.314,0.312,125283000.0,1956000.0,123327000.0,125283000.0,59563000.0,24674000.0,0.0,0.0,0.0,39643000.0,64317000.0,0.087,64317000.0,39643000.0,36825000.0,0.11,0.11,0.11,2691866000.0,,2691866000.0,3931220346.0,13.0,9.799,71763000.0,0.363,1.0,117131000.0,0.159,1499012000.0,2818000.0,1244140000.0,,25787000.0,0.0,0.0,0.0,839478000.0,404802000.0,434676000.0,4224216346.0,70908000.0,0.0,119000.0,801000.0,0.0,-712000.0,-39439000.0,0.0,111202000.0,-143000.0,21354000.0,21354000.0,21354000.0,0.0,136000.0,0.029,78509000.0,38622000.0,343283000.0,0.0,1.569,26.829,24.655,654438000.0,0.0,21.45,1.15,1.154,744058000.0,-76131000.0,738530000.0,738530000.0,0.0,,,,,6334000.0,73603000.0,1.0,196933163.0,197704000,197733000.0,3.736,2032468000.0,0.0,15471000.0,91817000.0,10.28,936584000.0
50,PWR,MRQ,2008-12-31,2008-12-31,2008-12-31,2021-08-06,-2956000.0,3558159000.0,,1385407000.0,2172752000.0,,13.712,-16424000.0,437901000.0,437901000.0,754801000.0,46489000.0,3.066,0.326,123430000.0,1155000.0,122275000.0,123430000.0,50390000.0,26504000.0,0.0,0.0,0.0,79226000.0,105730000.0,0.115,105730000.0,79226000.0,76377000.0,0.24,0.24,0.24,2682374000.0,,2682374000.0,4052794704.0,14.0,9.808,175958000.0,0.899,1.0,166733000.0,0.181,1503817000.0,2849000.0,1288073000.0,,25813000.0,0.0,0.0,0.0,875785000.0,451798000.0,423987000.0,3906626704.0,169227000.0,-6819000.0,24000.0,993000.0,0.0,658000.0,-23243000.0,0.0,192382000.0,1675000.0,46489000.0,46489000.0,46489000.0,0.0,0.0,0.05,89101000.0,77632000.0,400253000.0,0.0,1.456,24.794,22.247,635456000.0,0.0,19.8,1.033,0.933,849630000.0,-86326000.0,921534000.0,921534000.0,0.0,,,,,4649000.0,82265000.0,1.0,197304379.0,195628000,197551000.0,4.711,2054342000.0,0.0,29888000.0,83861000.0,10.501,933609000.0
51,PWR,MRQ,2008-09-30,2008-09-30,2008-09-30,2021-08-06,1418000.0,3562569000.0,,1382782000.0,2179787000.0,,13.522,-49718000.0,266429000.0,266429000.0,867789000.0,51937000.0,1.772,0.523,412597000.0,268847000.0,143750000.0,412597000.0,51514000.0,28804000.0,0.0,0.0,0.0,98388000.0,127192000.0,0.121,127192000.0,98388000.0,88551000.0,0.3,0.28,0.3,2339472000.0,,2339472000.0,4847252028.0,17.0,12.253,-32902000.0,-0.19,1.0,185566000.0,0.176,1503936000.0,9837000.0,1424451000.0,,26335000.0,0.0,0.0,0.0,1223097000.0,780350000.0,442747000.0,4738195028.0,-37134000.0,-4819000.0,315000.0,-46000.0,0.0,587000.0,-54537000.0,0.0,16816000.0,-1228000.0,51937000.0,51937000.0,51937000.0,0.0,0.0,0.049,89124000.0,96442000.0,459989000.0,0.0,2.025,35.522,36.5,640079000.0,0.0,27.01,1.268,1.25,1030423000.0,-94563000.0,1053355000.0,1053355000.0,0.0,,,,,3725000.0,80126000.0,1.0,175423733.0,173007000,203930000.0,6.089,2058633000.0,0.0,36614000.0,79580000.0,11.899,602432000.0
52,PWR,MRQ,2008-06-30,2008-06-30,2008-06-30,2021-08-06,2646000.0,3490494000.0,,1317621000.0,2172873000.0,,13.213,-53064000.0,304791000.0,304791000.0,802192000.0,37668000.0,1.746,0.532,413848000.0,270098000.0,143750000.0,413848000.0,48688000.0,29064000.0,0.0,0.0,0.0,74888000.0,103952000.0,0.108,103952000.0,74888000.0,65166000.0,0.22,0.21,0.22,2277843000.0,,2277843000.0,5777150786.0,24.0,16.77,-34948000.0,-0.203,1.0,158690000.0,0.165,1532933000.0,9722000.0,1312108000.0,,31033000.0,0.0,0.0,0.0,1212651000.0,754510000.0,458141000.0,5734879786.0,-67588000.0,-22722000.0,4236000.0,-654000.0,0.0,4655000.0,-90359000.0,0.0,18116000.0,185000.0,37668000.0,37668000.0,37668000.0,0.0,0.0,0.039,86168000.0,72522000.0,435724000.0,0.0,2.518,43.854,41.587,605536000.0,0.0,33.27,1.717,1.717,903226000.0,-149421000.0,960882000.0,960882000.0,0.0,,,,,3510000.0,76292000.0,1.0,172373904.0,172393000,197021000.0,5.574,1957561000.0,0.0,27498000.0,98900000.0,11.355,563111000.0
53,PWR,MRQ,2008-03-31,2008-03-31,2008-03-31,2021-08-06,2461000.0,3398059000.0,,1307137000.0,2090922000.0,,12.914,-51021000.0,372194000.0,372194000.0,720565000.0,21471000.0,1.766,0.538,414465000.0,270715000.0,143750000.0,414465000.0,58473000.0,29582000.0,0.0,0.0,0.0,46770000.0,76352000.0,0.09,76352000.0,46770000.0,37176000.0,0.13,0.13,0.13,2209979000.0,,2209979000.0,3953976188.0,19.0,13.309,-35835000.0,-0.209,1.0,123877000.0,0.147,1497405000.0,9594000.0,1202675000.0,,24980000.0,0.0,0.0,0.0,1188080000.0,740250000.0,447830000.0,3946296188.0,-33685000.0,-187000.0,1412000.0,-309000.0,0.0,2337000.0,-51208000.0,0.0,15186000.0,-1202000.0,21471000.0,21471000.0,21471000.0,0.0,0.0,0.025,81306000.0,42571000.0,411062000.0,0.0,1.786,34.325,30.487,561168000.0,0.0,23.17,1.346,1.353,830495000.0,-189939000.0,844442000.0,844442000.0,0.0,,,,,2542000.0,70716000.0,1.0,170319214.0,171137000,171587000.0,4.934,1900654000.0,0.0,15705000.0,97279000.0,11.106,566887000.0
54,PWR,MRQ,2007-12-31,2007-12-31,2007-12-31,2021-08-06,3663000.0,3387832000.0,,1304762000.0,2083070000.0,,15.962,-54156000.0,407081000.0,407081000.0,728117000.0,22312000.0,1.723,0.55,414761000.0,271011000.0,143750000.0,414761000.0,65603000.0,29666000.0,0.0,0.0,0.0,58437000.0,88103000.0,0.1,88103000.0,58437000.0,35370000.0,0.09,0.16,0.09,2185143000.0,,2185143000.0,4527445852.0,24.0,16.997,49826000.0,0.364,1.0,150875000.0,0.172,1507793000.0,23067000.0,1130290000.0,,25920000.0,0.0,0.0,0.0,1202689000.0,757429000.0,445260000.0,4485022852.0,37308000.0,-20999000.0,3973000.0,841000.0,0.0,4818000.0,-75155000.0,0.0,103982000.0,1966000.0,22312000.0,22312000.0,22312000.0,-46000.0,0.0,0.025,97142000.0,53733000.0,420815000.0,0.0,2.053,35.966,28.835,532285000.0,0.0,26.24,1.689,1.352,792096000.0,-214191000.0,878992000.0,878992000.0,0.0,,,,,4148000.0,84715000.0,1.0,170923127.0,136894000,178596000.0,6.421,1880039000.0,0.0,13058000.0,101416000.0,13.734,547333000.0
55,PWR,MRQ,2007-09-30,2007-09-30,2007-09-30,2021-08-06,1697000.0,3274674000.0,,1238462000.0,2036212000.0,,15.664,-8486000.0,371470000.0,371470000.0,540812000.0,49321000.0,2.829,0.534,413893000.0,151000.0,413742000.0,413893000.0,45342000.0,18660000.0,0.0,0.0,0.0,57416000.0,76076000.0,0.116,76076000.0,57416000.0,52251000.0,0.36,0.31,0.36,2134711000.0,,2134711000.0,3213660938.0,26.0,17.793,34294000.0,0.252,1.0,115053000.0,0.175,1490585000.0,5165000.0,1388671000.0,,26763000.0,0.0,0.0,0.0,1139963000.0,437841000.0,702122000.0,3172322938.0,-36019000.0,20596000.0,2219000.0,-93812000.0,0.0,-90909000.0,12110000.0,0.0,42780000.0,1697000.0,49321000.0,49321000.0,49321000.0,-2371000.0,0.0,0.075,64684000.0,50369000.0,392348000.0,0.0,1.486,44.101,48.981,503474000.0,0.0,26.45,1.343,1.526,791458000.0,-247778000.0,655865000.0,655865000.0,0.0,,,,,905000.0,59816000.0,1.0,119936595.0,136279000,167869000.0,4.813,1784089000.0,0.0,2930000.0,93416000.0,13.091,800621000.0
56,PWR,MRQ,2007-06-30,2007-06-30,2007-06-30,2021-08-06,0.0,1682430000.0,,987005000.0,695425000.0,,6.821,-13252000.0,405792000.0,405792000.0,466973000.0,21866000.0,3.548,1.08,447130000.0,33380000.0,413750000.0,447130000.0,24485000.0,13214000.0,0.0,0.0,0.0,43353000.0,56567000.0,0.102,56567000.0,43353000.0,37809000.0,0.18,0.17,0.18,808811000.0,,808811000.0,3706262070.0,34.0,23.298,-4823000.0,-0.041,1.0,85247000.0,0.154,361515000.0,5544000.0,1084049000.0,,23394000.0,0.0,0.0,0.0,873619000.0,278204000.0,595415000.0,3665476070.0,-640000.0,-1998000.0,2744000.0,-88000.0,0.0,6181000.0,-15250000.0,0.0,8429000.0,0.0,21866000.0,21866000.0,21866000.0,-83000.0,0.0,0.04,47713000.0,37534000.0,220339000.0,0.0,4.532,81.392,82.892,293713000.0,0.0,30.67,1.644,1.631,530335000.0,-297098000.0,552220000.0,552220000.0,0.0,,,,,-1754000.0,47021000.0,1.0,119513403.0,118578000,149964000.0,4.657,1320915000.0,0.0,15943000.0,181665000.0,11.14,708801000.0
57,PWR,MRQ,2007-03-31,2007-03-31,2007-03-31,2021-08-06,0.0,1662766000.0,,970989000.0,691777000.0,,6.57,-24539000.0,406432000.0,406432000.0,491387000.0,31204000.0,3.271,1.144,447218000.0,33468000.0,413750000.0,447218000.0,23460000.0,13119000.0,0.0,0.0,0.0,32509000.0,45628000.0,0.08,45628000.0,32509000.0,26957000.0,0.26,0.23,0.26,775436000.0,,775436000.0,3048935626.0,29.0,19.807,39510000.0,0.335,1.0,77572000.0,0.136,358591000.0,5552000.0,1048071000.0,,25433000.0,0.0,0.0,0.0,887330000.0,296890000.0,590440000.0,2984027626.0,22745000.0,-17736000.0,477000.0,-1568000.0,0.0,971000.0,-42275000.0,0.0,64049000.0,0.0,31204000.0,31204000.0,31204000.0,-337000.0,0.0,0.055,49727000.0,27845000.0,239962000.0,0.0,3.848,73.086,74.176,292632000.0,0.0,25.22,1.361,1.358,515224000.0,-318964000.0,568959000.0,568959000.0,0.0,,,,,-213000.0,48955000.0,1.0,118319890.0,118030000,149608000.0,4.82,1304175000.0,0.0,-4247000.0,176690000.0,11.05,674099000.0
58,PWR,MRQ,2006-12-31,2006-12-31,2006-12-31,2021-08-06,0.0,1639157000.0,,990629000.0,648528000.0,,6.219,-9152000.0,383687000.0,383687000.0,493864000.0,-30458000.0,2.962,1.248,448595000.0,34845000.0,413750000.0,448595000.0,28714000.0,12016000.0,0.0,0.0,0.0,-9675000.0,2341000.0,0.004,2341000.0,-9675000.0,-15083000.0,-0.26,-0.23,-0.26,729083000.0,,729083000.0,2713246430.0,30.0,19.239,32225000.0,0.275,1.0,91365000.0,0.156,331943000.0,5408000.0,1037666000.0,,28768000.0,0.0,0.0,0.0,910074000.0,334456000.0,575618000.0,2331521430.0,316412000.0,0.0,102000.0,-405000.0,0.0,-253000.0,275288000.0,284440000.0,41377000.0,0.0,-30458000.0,-30458000.0,-30458000.0,-703000.0,0.0,-0.052,105393000.0,-14028000.0,270897000.0,0.0,3.198,133.359,131.133,276789000.0,0.0,19.67,1.105,1.091,551689000.0,-351639000.0,585229000.0,585229000.0,0.0,,,,,1305000.0,48490000.0,1.0,118531847.0,117231000,117863000.0,4.992,1307214000.0,0.0,15375000.0,31140000.0,11.151,656173000.0
59,PWR,MRQ,2006-09-30,2006-09-30,2006-09-30,2021-08-06,0.0,1626426000.0,,916078000.0,710348000.0,,6.472,-4643000.0,67275000.0,67275000.0,440864000.0,22423000.0,3.064,1.144,449000000.0,35250000.0,413750000.0,449000000.0,15788000.0,12185000.0,0.0,0.0,0.0,42363000.0,54548000.0,0.104,54548000.0,42363000.0,36627000.0,0.19,0.17,0.19,758551000.0,,758551000.0,2136645387.0,16.0,11.344,42133000.0,0.359,1.0,82742000.0,0.158,388160000.0,5736000.0,1321013000.0,,27209000.0,284440000.0,284440000.0,0.0,867875000.0,298978000.0,568897000.0,1998221387.0,29919000.0,0.0,119000.0,1055000.0,0.0,61000.0,-16918000.0,-12275000.0,46776000.0,0.0,22423000.0,22423000.0,22423000.0,-124000.0,0.0,0.043,44859000.0,37883000.0,247940000.0,0.0,2.634,30.092,29.579,279023000.0,0.0,16.86,0.979,0.968,515918000.0,-321181000.0,523606000.0,523606000.0,0.0,,,,,2484000.0,44768000.0,1.0,118518469.0,117202000,148534000.0,4.468,1238266000.0,0.0,14204000.0,155147000.0,10.565,617100000.0
60,PWR,MRQ,2006-06-30,2006-06-30,2006-06-30,2021-08-06,0.0,1580830000.0,,862515000.0,718315000.0,,6.277,-12700000.0,37356000.0,37356000.0,433693000.0,17660000.0,3.47,1.15,447945000.0,922000.0,447023000.0,447945000.0,18384000.0,12886000.0,0.0,0.0,0.0,38529000.0,51415000.0,0.1,51415000.0,38529000.0,28735000.0,0.15,0.14,0.15,735319000.0,,735319000.0,2218433554.0,17.0,12.292,29229000.0,0.249,1.0,80355000.0,0.156,388226000.0,9794000.0,1354617000.0,,27526000.0,272165000.0,272165000.0,0.0,845511000.0,248576000.0,596935000.0,2053905554.0,-186892000.0,0.0,173000.0,742000.0,0.0,-4471000.0,-224350000.0,-211650000.0,41929000.0,0.0,17660000.0,17660000.0,17660000.0,0.0,0.0,0.034,46640000.0,33715000.0,229270000.0,0.0,2.793,36.122,35.367,286594000.0,0.0,17.33,1.006,0.995,505495000.0,-343604000.0,514048000.0,514048000.0,0.0,,,,,1283000.0,46550000.0,1.0,118517343.0,117152000,142014000.0,4.388,1192604000.0,0.0,11075000.0,149912000.0,10.18,613939000.0
61,PWR,MRQ,2006-03-31,2006-03-31,2006-03-31,2021-08-06,0.0,1560492000.0,,835761000.0,724731000.0,,6.123,-11985000.0,224248000.0,224248000.0,437046000.0,7858000.0,3.266,1.187,449291000.0,2242000.0,447049000.0,449291000.0,17286000.0,12680000.0,0.0,0.0,0.0,20300000.0,32980000.0,0.066,32980000.0,20300000.0,14416000.0,0.07,0.07,0.07,713448000.0,,713448000.0,2024889312.0,20.0,13.08,-21427000.0,-0.184,1.0,59448000.0,0.12,388292000.0,5884000.0,1141380000.0,,28140000.0,60515000.0,60515000.0,0.0,847044000.0,255863000.0,591181000.0,1876813312.0,-80019000.0,0.0,617000.0,-3052000.0,0.0,1923000.0,-72500000.0,-60515000.0,-9442000.0,0.0,7858000.0,7858000.0,7858000.0,0.0,0.0,0.016,42275000.0,17173000.0,236335000.0,0.0,2.631,44.116,43.297,286565000.0,0.0,16.02,0.955,0.949,510043000.0,-361264000.0,496494000.0,496494000.0,0.0,,,,,-2909000.0,42184000.0,1.0,117154389.0,116525000,117058000.0,4.261,1172200000.0,0.0,6558000.0,144132000.0,10.06,579898000.0
62,PWR,MRQ,2005-12-31,2005-12-31,2005-12-31,2021-08-06,0.0,1554785000.0,,831010000.0,723775000.0,,6.061,3695000.0,304267000.0,304267000.0,422505000.0,18462000.0,3.22,1.209,452343000.0,2252000.0,450091000.0,452343000.0,14008000.0,13241000.0,0.0,0.0,0.0,36167000.0,49408000.0,0.097,49408000.0,36167000.0,30181000.0,0.16,0.15,0.16,703738000.0,,703738000.0,1791054294.0,24.0,13.635,87160000.0,0.751,1.0,84618000.0,0.167,388357000.0,5986000.0,1056433000.0,,25717000.0,0.0,0.0,0.0,851047000.0,258071000.0,592976000.0,1554122294.0,80631000.0,0.0,1696000.0,-8225000.0,0.0,-6529000.0,3695000.0,0.0,83465000.0,0.0,18462000.0,18462000.0,18462000.0,-378000.0,0.0,0.036,51020000.0,33598000.0,241811000.0,0.0,2.208,52.581,50.654,286606000.0,0.0,13.17,0.844,0.828,484866000.0,-369122000.0,507123000.0,507123000.0,0.0,,,,,1412000.0,50655000.0,1.0,118004730.0,116104000,117390000.0,4.368,1166428000.0,0.0,11719000.0,142885000.0,10.046,572939000.0
63,PWR,MRQ,2005-09-30,2005-09-30,2005-09-30,2021-08-06,0.0,1543972000.0,,797980000.0,745992000.0,,5.878,-7749000.0,223636000.0,223636000.0,443167000.0,12880000.0,3.061,1.265,460568000.0,1593000.0,458975000.0,460568000.0,14291000.0,13934000.0,0.0,0.0,0.0,32736000.0,46670000.0,0.089,46670000.0,32736000.0,26695000.0,0.11,0.11,0.11,681689000.0,,681689000.0,1725600427.0,36.0,16.317,-18619000.0,-0.161,1.0,80173000.0,0.153,388423000.0,6041000.0,1131782000.0,,23488000.0,0.0,0.0,0.0,862283000.0,260699000.0,601584000.0,1505430427.0,-17101000.0,0.0,1856000.0,-338000.0,0.0,1518000.0,-7749000.0,0.0,-10870000.0,0.0,12880000.0,12880000.0,12880000.0,0.0,0.0,0.025,49420000.0,30753000.0,244815000.0,0.0,2.208,116.42,106.333,307221000.0,0.0,12.76,0.858,0.843,523469000.0,-387584000.0,523340000.0,523340000.0,0.0,,,,,1433000.0,49420000.0,1.0,117980441.0,115970000,141177000.0,4.513,1155549000.0,0.0,13815000.0,142609000.0,9.964,537281000.0
64,PWR,MRQ,2005-06-30,2005-06-30,2005-06-30,2021-08-06,0.0,1469141000.0,,708627000.0,760514000.0,,5.742,-14844000.0,240737000.0,240737000.0,385471000.0,3343000.0,3.043,1.211,460907000.0,1838000.0,459069000.0,460907000.0,12057000.0,14016000.0,0.0,0.0,0.0,11735000.0,25751000.0,0.059,25751000.0,11735000.0,5831000.0,0.03,0.03,0.03,664475000.0,,664475000.0,1240841342.0,42.0,13.999,-14973000.0,-0.129,1.0,53816000.0,0.123,388489000.0,5904000.0,1067929000.0,,23751000.0,0.0,0.0,0.0,804666000.0,232893000.0,571773000.0,1035644342.0,-13265000.0,0.0,1000.0,1707000.0,0.0,1708000.0,-14844000.0,0.0,-129000.0,0.0,3343000.0,3343000.0,3343000.0,0.0,0.0,0.008,43874000.0,9942000.0,218998000.0,0.0,1.559,246.172,176.0,313222000.0,0.0,8.8,0.611,0.601,442778000.0,-400464000.0,439287000.0,439287000.0,0.0,,,,,890000.0,43874000.0,1.0,117686857.0,115713000,116341000.0,3.796,1080652000.0,0.0,2488000.0,112704000.0,9.339,475734000.0
65,PWR,MRQ,2005-03-31,2005-03-31,2005-03-31,2021-08-06,0.0,1444732000.0,,686867000.0,757865000.0,,5.728,-11658000.0,254002000.0,254002000.0,336413000.0,-5128000.0,3.079,1.189,459199000.0,5363000.0,453836000.0,459199000.0,11222000.0,14215000.0,0.0,0.0,0.0,-4686000.0,9529000.0,0.026,9529000.0,-4686000.0,-10704000.0,-0.04,-0.04,-0.04,659992000.0,,659992000.0,1090778011.0,45.0,13.036,-1694000.0,-0.015,1.0,36092000.0,0.097,388554000.0,6018000.0,1038316000.0,,22992000.0,0.0,0.0,0.0,784740000.0,223059000.0,561681000.0,885739011.0,-11558000.0,0.0,1577000.0,-11400000.0,0.0,-9864000.0,-11658000.0,0.0,9964000.0,0.0,-5128000.0,-5128000.0,-5128000.0,0.0,0.0,-0.014,42462000.0,-6370000.0,206474000.0,0.0,1.342,-337.039,-763.0,312352000.0,0.0,7.63,0.539,0.535,402366000.0,-403807000.0,372505000.0,372505000.0,0.0,,,,,1238000.0,42462000.0,1.0,116086371.0,115229000,115229000.0,3.233,1056178000.0,0.0,-5576000.0,107845000.0,9.166,463808000.0
66,PWR,MRQ,2004-12-31,2004-12-31,2004-12-31,2021-08-06,0.0,1459997000.0,,700036000.0,759961000.0,,5.781,-7539000.0,265560000.0,265560000.0,369341000.0,1836000.0,3.167,1.201,470599000.0,6236000.0,464363000.0,470599000.0,11166000.0,16025000.0,0.0,0.0,0.0,7783000.0,23808000.0,0.057,23808000.0,7783000.0,1689000.0,0.02,0.02,0.02,663247000.0,,663247000.0,1194431320.0,96.0,16.412,51083000.0,0.445,1.0,49901000.0,0.119,388620000.0,6094000.0,1055358000.0,,18849000.0,0.0,0.0,0.0,796750000.0,221058000.0,575692000.0,937778320.0,47822000.0,0.0,6000.0,-3791000.0,0.0,-3795000.0,-7005000.0,0.0,58622000.0,0.0,1836000.0,1836000.0,1836000.0,0.0,0.0,0.004,43141000.0,6760000.0,203656000.0,0.0,1.414,-101.999,-100.0,314983000.0,0.0,8.0,0.577,0.563,410840000.0,-398679000.0,419242000.0,419242000.0,0.0,,,,,1164000.0,43141000.0,1.0,117222290.0,114735000,114735000.0,3.654,1071377000.0,0.0,-147000.0,111329000.0,9.338,478978000.0
67,PWR,MRQ,2004-09-30,2004-09-30,2004-09-30,2021-08-06,0.0,1474148000.0,,717341000.0,756807000.0,,5.75,-10326000.0,217738000.0,217738000.0,404652000.0,4156000.0,3.025,1.236,474391000.0,4084000.0,470307000.0,474391000.0,16498000.0,14564000.0,0.0,0.0,0.0,14983000.0,29547000.0,0.064,29547000.0,14983000.0,8604000.0,0.04,0.04,0.04,659393000.0,,659393000.0,1004503012.0,-37.0,31.091,35500000.0,0.31,1.0,58425000.0,0.126,388685000.0,6379000.0,1104940000.0,,25425000.0,0.0,0.0,0.0,814755000.0,237176000.0,577579000.0,709748012.0,20421000.0,0.0,1445000.0,-17682000.0,0.0,-17461000.0,-7944000.0,0.0,45826000.0,0.0,4156000.0,4156000.0,4156000.0,0.0,0.0,0.009,44265000.0,14160000.0,216594000.0,0.0,1.076,-19.318,-18.333,324774000.0,0.0,6.05,0.433,0.423,465883000.0,-400515000.0,463077000.0,463077000.0,0.0,,,,,1178000.0,44265000.0,1.0,117313721.0,114683000,115385000.0,4.038,1085463000.0,0.0,4448000.0,107272000.0,9.465,480165000.0
68,PWR,MRQ,2004-06-30,2004-06-30,2004-06-30,2021-08-06,0.0,1444674000.0,,660176000.0,784498000.0,,5.699,-5190000.0,197317000.0,197317000.0,342853000.0,-3492000.0,3.237,1.215,492072000.0,2923000.0,489149000.0,492072000.0,17175000.0,14791000.0,0.0,0.0,0.0,6001000.0,20792000.0,0.053,20792000.0,6001000.0,-227000.0,-0.03,-0.03,-0.03,652104000.0,,652104000.0,1025948478.0,-40.0,30.188,-209000.0,-0.002,1.0,46341000.0,0.119,388751000.0,6228000.0,1146731000.0,,26525000.0,0.0,0.0,0.0,792570000.0,203947000.0,588623000.0,728554478.0,1637000.0,0.0,69000.0,-1002000.0,0.0,-933000.0,-2411000.0,0.0,4981000.0,0.0,-3492000.0,-3492000.0,-3492000.0,0.0,0.0,-0.009,40589000.0,5752000.0,183849000.0,0.0,1.117,-20.524,-19.438,329703000.0,0.0,6.22,0.452,0.442,425870000.0,-404671000.0,389194000.0,389194000.0,0.0,,,,,1390000.0,40589000.0,1.0,117130945.0,114425000,114425000.0,3.401,1055923000.0,0.0,3265000.0,99474000.0,9.228,456229000.0
69,PWR,MRQ,2004-03-31,2004-03-31,2004-03-31,2021-08-06,0.0,1440359000.0,,654327000.0,786032000.0,,5.741,-11032000.0,195680000.0,195680000.0,328273000.0,-11694000.0,3.185,1.202,493074000.0,3612000.0,489462000.0,493074000.0,17609000.0,14976000.0,0.0,0.0,0.0,-16345000.0,-1369000.0,-0.004,-1369000.0,-16345000.0,-22711000.0,-0.1,-0.1,-0.1,654047000.0,,654047000.0,1151036245.0,-31.0,48.804,23619000.0,0.207,1.0,26724000.0,0.075,388817000.0,6366000.0,1143493000.0,,26042000.0,0.0,0.0,0.0,786312000.0,205443000.0,580869000.0,825077245.0,16054000.0,0.0,1698000.0,-12511000.0,0.0,-10813000.0,-7784000.0,0.0,34651000.0,0.0,-11694000.0,-11694000.0,-11694000.0,0.0,0.0,-0.033,43542000.0,-16818000.0,184222000.0,0.0,1.261,-19.72,-19.135,337786000.0,0.0,7.08,0.506,0.495,409107000.0,-401179000.0,354997000.0,354997000.0,0.0,,,,,900000.0,43542000.0,1.0,116536334.0,113918000,113918000.0,3.116,1051542000.0,0.0,-11017000.0,91407000.0,9.231,448884000.0
70,PWR,MRQ,2003-12-31,2003-12-31,2003-12-31,2021-08-06,0.0,1466435000.0,,676093000.0,790342000.0,,6.246,-10752000.0,179626000.0,179626000.0,377677000.0,-25710000.0,3.391,1.211,505585000.0,5034000.0,500551000.0,505585000.0,17115000.0,14977000.0,0.0,0.0,0.0,-31639000.0,-16662000.0,-0.039,-16662000.0,-31639000.0,-39279000.0,-0.24,-0.24,-0.24,663132000.0,,663132000.0,1162377554.0,-55.0,29.913,29682000.0,0.28,1.0,53612000.0,0.124,388882000.0,7640000.0,1204122000.0,,23809000.0,0.0,0.0,0.0,803303000.0,199390000.0,603913000.0,851025554.0,101799000.0,0.0,18000.0,116406000.0,0.0,72962000.0,-11597000.0,0.0,40434000.0,0.0,-25710000.0,-25710000.0,-25710000.0,0.0,0.0,-0.06,47707000.0,5905000.0,177241000.0,0.0,1.283,-25.883,-24.333,341542000.0,0.0,7.3,0.518,0.493,444644000.0,-389485000.0,431289000.0,431289000.0,0.0,,,,,843000.0,41255000.0,1.0,116578843.0,106172000,106172000.0,4.062,1077553000.0,0.0,-13569000.0,103362000.0,10.149,476703000.0
71,PWR,MRQ,2003-09-30,2003-09-30,2003-09-30,2021-08-06,0.0,1387266000.0,,585727000.0,801539000.0,,5.892,-10450000.0,77827000.0,77827000.0,381125000.0,5399000.0,2.738,1.02,389179000.0,5144000.0,384035000.0,389179000.0,19994000.0,14920000.0,0.0,0.0,0.0,16304000.0,31224000.0,0.072,31224000.0,16304000.0,8224000.0,0.05,0.05,0.05,686804000.0,,686804000.0,1269058850.0,64.0,15.804,-6863000.0,-0.059,1.0,55008000.0,0.126,395400000.0,8080000.0,1089308000.0,,25665000.0,0.0,0.0,0.0,700462000.0,213910000.0,486552000.0,964465850.0,-8288000.0,0.0,1667000.0,-1529000.0,0.0,-177000.0,-11698000.0,0.0,3587000.0,0.0,5399000.0,5399000.0,5399000.0,0.0,0.0,0.012,39193000.0,15815000.0,188772000.0,0.0,1.404,-69.606,55.133,346022000.0,0.0,8.27,0.587,0.586,477779000.0,-363775000.0,436133000.0,436133000.0,0.0,,,,,839000.0,39193000.0,1.0,116622231.0,116567000,116645000.0,3.741,991866000.0,6779000.0,2825000.0,102517000.0,8.509,371817000.0
72,PWR,MRQ,2003-06-30,2003-06-30,2003-06-30,2021-08-06,0.0,1360674000.0,,550530000.0,810144000.0,,5.862,-6933000.0,86115000.0,86115000.0,354784000.0,-9835000.0,2.753,1.004,390708000.0,6261000.0,384447000.0,390708000.0,15295000.0,15307000.0,0.0,0.0,0.0,-4915000.0,10392000.0,0.025,10392000.0,-4915000.0,-13053000.0,-0.08,-0.08,-0.08,678820000.0,,678820000.0,1154732511.0,-92.0,23.957,28937000.0,0.25,1.0,53518000.0,0.131,395465000.0,8138000.0,1069845000.0,,26838000.0,0.0,0.0,0.0,681854000.0,199957000.0,481897000.0,824897511.0,24682000.0,0.0,3505000.0,-560000.0,0.0,2945000.0,-14133000.0,0.0,35870000.0,0.0,-9835000.0,-9835000.0,-9835000.0,0.0,0.0,-0.024,58368000.0,-4850000.0,178401000.0,0.0,1.215,-29.667,-177.5,350707000.0,0.0,7.1,0.502,0.5,442990000.0,-369174000.0,408302000.0,408302000.0,0.0,,,,,878000.0,58368000.0,1.0,116182748.0,115799000,115799000.0,3.526,965209000.0,4910000.0,-3218000.0,97450000.0,8.335,350573000.0
73,PWR,MRQ,2003-03-31,2003-03-31,2003-03-31,2021-08-06,0.0,1344949000.0,,520877000.0,824072000.0,,6.574,-4640000.0,61433000.0,61433000.0,329372000.0,-4843000.0,2.788,0.966,391268000.0,6260000.0,385008000.0,391268000.0,17264000.0,14901000.0,0.0,0.0,0.0,-997000.0,13904000.0,0.038,13904000.0,-997000.0,-8961000.0,-0.03,-0.03,-0.03,684136000.0,,684136000.0,732433699.0,-4.0,-5.932,32652000.0,0.314,1.0,37757000.0,0.103,395531000.0,7964000.0,1092422000.0,,27204000.0,0.0,0.0,0.0,660813000.0,186831000.0,473982000.0,368015699.0,33532000.0,0.0,1931000.0,-1051000.0,0.0,880000.0,-4640000.0,0.0,37292000.0,0.0,-4843000.0,-2734000.0,-2734000.0,0.0,0.0,-0.007,38970000.0,-1213000.0,163307000.0,0.0,0.538,-1.883,-1.115,358966000.0,-2109000.0,3.2,0.221,0.2,426677000.0,-359339000.0,367129000.0,367129000.0,0.0,,,,,206000.0,38970000.0,1.0,115004906.0,104073000,104073000.0,3.528,949418000.0,30316000.0,-4118000.0,88974000.0,9.123,334046000.0
74,PWR,MRQ,2002-12-31,2002-12-31,2002-12-31,2021-08-06,0.0,1364812000.0,,529497000.0,835315000.0,,8.873,-8145000.0,27901000.0,27901000.0,374098000.0,1113000.0,2.496,1.112,392319000.0,6652000.0,385667000.0,392319000.0,16409000.0,15283000.0,0.0,0.0,0.0,9499000.0,24782000.0,0.057,24782000.0,9499000.0,-671000.0,0.21,0.21,0.21,611671000.0,,611671000.0,752983362.0,-1.0,-1.387,51358000.0,0.745,1.0,58658000.0,0.136,395597000.0,10170000.0,1121492000.0,,25646000.0,0.0,0.0,0.0,680219000.0,212141000.0,468078000.0,243426362.0,12536000.0,0.0,95242000.0,-132601000.0,0.0,-38822000.0,-8145000.0,0.0,59503000.0,0.0,1113000.0,-6686000.0,-6686000.0,0.0,0.0,-0.015,50498000.0,8160000.0,189080000.0,0.0,0.398,-0.388,-0.351,369568000.0,7799000.0,3.5,0.139,0.126,472706000.0,-356605000.0,432756000.0,432756000.0,0.0,,,,,32000.0,50498000.0,1.0,69550389.0,68936000,68936000.0,6.278,969215000.0,28968000.0,-1784000.0,82411000.0,14.06,317356000.0
75,PWR,MRQ,2002-09-30,2002-09-30,2002-09-30,2021-08-06,0.0,1397420000.0,,549402000.0,848018000.0,,9.652,-5108000.0,15365000.0,15365000.0,381947000.0,-8316000.0,2.547,1.381,524922000.0,6874000.0,518048000.0,524922000.0,16447000.0,15276000.0,0.0,0.0,0.0,-16153000.0,-877000.0,-0.002,-877000.0,-16153000.0,-25960000.0,-0.14,-0.14,-0.14,586932000.0,,586932000.0,640843884.0,-1.0,-1.242,4089000.0,0.067,1.0,54268000.0,0.124,395662000.0,9807000.0,1295593000.0,,27178000.0,0.0,0.0,0.0,810488000.0,215722000.0,594766000.0,126637884.0,10788000.0,0.0,3304000.0,6141000.0,0.0,6745000.0,-5154000.0,-46000.0,9197000.0,0.0,-8316000.0,-8550000.0,-8550000.0,0.0,0.0,-0.02,68747000.0,-14479000.0,192401000.0,0.0,0.216,-0.208,-0.246,379120000.0,234000.0,2.08,0.07,0.07,505832000.0,-349919000.0,436215000.0,436215000.0,0.0,,,,,62000.0,68747000.0,1.0,60883598.0,60808000,60808000.0,7.174,1001758000.0,42016000.0,-17644000.0,76718000.0,16.474,333680000.0
76,PWR,MRQ,2002-06-30,2002-06-30,2002-06-30,2021-08-06,0.0,1406629000.0,,555667000.0,850962000.0,,9.699,-15450000.0,4577000.0,4577000.0,384362000.0,-177197000.0,2.288,1.376,518783000.0,7590000.0,511193000.0,518783000.0,0.0,15442000.0,0.0,0.0,0.0,-176726000.0,-161284000.0,-0.373,-161284000.0,-176726000.0,-184761000.0,-2.91,-2.91,-2.91,592105000.0,,592105000.0,1147628155.0,-2.0,-2.631,-31143000.0,-0.51,1.0,48160000.0,0.111,395725000.0,8035000.0,1282245000.0,,31127000.0,0.0,0.0,0.0,814524000.0,242865000.0,571659000.0,684055155.0,-1732000.0,-7035000.0,-10986000.0,47842000.0,0.0,36856000.0,-22895000.0,-410000.0,-15693000.0,0.0,-177197000.0,-177429000.0,-177429000.0,0.0,0.0,-0.41,226069000.0,-177909000.0,235275000.0,0.0,1.155,-1.193,-1.24,389761000.0,232000.0,9.87,0.365,0.321,479049000.0,-341369000.0,432522000.0,432522000.0,0.0,,,,,62000.0,59489000.0,1.0,69306500.0,61047000,61047000.0,7.085,1010904000.0,0.0,-7564000.0,60466000.0,16.559,312802000.0
77,PWR,MRQ,2002-03-31,2002-03-31,2002-03-31,2021-08-06,0.0,2019330000.0,,549098000.0,1470232000.0,,15.621,-16192000.0,6309000.0,6309000.0,373533000.0,-435156000.0,2.362,0.652,469882000.0,7252000.0,462630000.0,469882000.0,23174000.0,14575000.0,0.0,0.0,0.0,-420020000.0,-405445000.0,-0.903,-405445000.0,-420020000.0,-427874000.0,-5.56,-5.53,-5.56,1222531000.0,,1222531000.0,1634969711.0,-6.0,-7.7,52315000.0,0.668,1.0,75687000.0,0.168,1037646000.0,7854000.0,1212769000.0,,30097000.0,0.0,0.0,0.0,796799000.0,232488000.0,564311000.0,1050491711.0,22000.0,-965000.0,3923000.0,-38455000.0,0.0,-34532000.0,-33953000.0,-16796000.0,68507000.0,0.0,-435156000.0,-435388000.0,-435388000.0,0.0,0.0,-0.969,50720000.0,24967000.0,202062000.0,0.0,0.859,-2.767,-3.572,387524000.0,232000.0,17.29,0.54,0.696,478296000.0,281482000.0,449220000.0,449220000.0,0.0,,,,,0.0,50720000.0,1.0,60757184.0,78264000,78739000.0,5.74,981684000.0,0.0,7282000.0,101681000.0,12.543,316610000.0
78,PWR,MRQ,2001-12-31,2001-12-31,2001-12-31,2021-08-06,0.0,2042901000.0,,577120000.0,1465781000.0,,15.431,-11435000.0,6287000.0,6287000.0,404136000.0,13457000.0,2.389,0.693,508337000.0,8063000.0,500274000.0,508337000.0,31140000.0,20819000.0,0.0,0.0,0.0,30846000.0,51665000.0,0.106,51665000.0,30846000.0,22186000.0,0.17,0.18,0.17,1206751000.0,,1206751000.0,1521961349.0,8.0,5.587,112015000.0,1.432,1.0,83909000.0,0.172,1036982000.0,8660000.0,1266439000.0,,25053000.0,0.0,0.0,0.0,836150000.0,241530000.0,594620000.0,937483349.0,3508000.0,-5777000.0,216000.0,-79548000.0,0.0,-79332000.0,-40610000.0,-23398000.0,123450000.0,0.0,13457000.0,13225000.0,13225000.0,0.0,0.0,0.027,53338000.0,30571000.0,202327000.0,0.0,0.777,11.051,13.901,385480000.0,232000.0,15.43,0.465,0.592,538844000.0,271448000.0,488045000.0,488045000.0,0.0,,,,,230000.0,46766000.0,1.0,60757184.0,78201000,78400000.0,6.241,1005919000.0,22063000.0,8729000.0,94346000.0,12.863,335590000.0
79,PWR,MRQ,2001-09-30,2001-09-30,2001-09-30,2021-08-06,0.0,2106796000.0,,664431000.0,1442365000.0,,15.313,-17704000.0,2779000.0,2779000.0,394249000.0,26323000.0,2.535,0.774,587257000.0,8309000.0,578948000.0,587257000.0,0.0,20397000.0,0.0,0.0,0.0,58430000.0,78827000.0,0.156,78827000.0,58430000.0,49384000.0,0.34,0.34,0.34,1187551000.0,,1187551000.0,1377982824.0,7.0,4.866,-22499000.0,-0.29,1.0,110223000.0,0.218,1034564000.0,9046000.0,1394645000.0,,23085000.0,0.0,0.0,0.0,919245000.0,262065000.0,657180000.0,859641824.0,7000.0,-31267000.0,-10407000.0,64180000.0,0.0,53773000.0,-48971000.0,0.0,-4795000.0,0.0,26323000.0,26089000.0,26089000.0,0.0,0.0,0.052,51850000.0,58373000.0,253756000.0,0.0,0.724,10.023,12.838,387392000.0,234000.0,14.25,0.414,0.533,596822000.0,258223000.0,504472000.0,504472000.0,0.0,,,,,0.0,45281000.0,1.0,60325742.0,77552000,78206000.0,6.505,1072232000.0,41745000.0,23061000.0,78232000.0,13.826,402366000.0
80,PWR,MRQ,2001-06-30,2001-06-30,2001-06-30,2021-08-06,0.0,2025582000.0,,627560000.0,1398022000.0,,14.98,-24928000.0,2772000.0,2772000.0,392588000.0,16683000.0,2.195,0.754,521113000.0,7825000.0,513288000.0,521113000.0,0.0,19496000.0,0.0,0.0,0.0,43125000.0,62621000.0,0.124,62621000.0,43125000.0,33987000.0,0.21,0.21,0.21,1154544000.0,,1154544000.0,1835138764.0,8.0,6.155,5829000.0,0.076,1.0,110754000.0,0.22,1002024000.0,9138000.0,1256008000.0,,25361000.0,0.0,0.0,0.0,871038000.0,285891000.0,585147000.0,1315977764.0,-3790000.0,-5582000.0,4598000.0,-8635000.0,0.0,-4037000.0,-30510000.0,0.0,30757000.0,0.0,16683000.0,16451000.0,16451000.0,0.0,0.0,0.033,67048000.0,43706000.0,278066000.0,0.0,1.14,13.141,16.697,375081000.0,232000.0,22.04,0.639,0.825,563350000.0,232134000.0,503342000.0,503342000.0,0.0,,,,,0.0,60495000.0,1.0,59708610.0,77073000,78649000.0,6.531,1023558000.0,0.0,17304000.0,71859000.0,13.28,341669000.0
81,PWR,MRQ,2001-03-31,2001-03-31,2001-03-31,2021-08-06,0.0,1983919000.0,,600783000.0,1383136000.0,,14.853,-27518000.0,6562000.0,6562000.0,410066000.0,29303000.0,2.227,0.754,525723000.0,8916000.0,516807000.0,525723000.0,0.0,18662000.0,0.0,0.0,0.0,60637000.0,79299000.0,0.153,79299000.0,60637000.0,51409000.0,0.38,0.38,0.38,1130765000.0,,1130765000.0,1668977130.0,7.0,5.386,33096000.0,0.435,1.0,108952000.0,0.21,1003548000.0,9228000.0,1229815000.0,,22991000.0,0.0,0.0,0.0,853154000.0,269717000.0,583437000.0,1274745130.0,-10744000.0,-76870000.0,4952000.0,25420000.0,0.0,30372000.0,-101730000.0,2658000.0,60614000.0,0.0,29303000.0,29071000.0,29071000.0,0.0,0.0,0.056,48337000.0,60615000.0,260801000.0,0.0,1.127,11.128,14.308,359912000.0,232000.0,22.32,0.644,0.859,543754000.0,215683000.0,519018000.0,519018000.0,0.0,,,,,0.0,42033000.0,1.0,57112237.0,76128000,80802000.0,6.818,980371000.0,0.0,22106000.0,66630000.0,12.878,331066000.0
82,PWR,MRQ,2000-12-31,2000-12-31,2000-12-31,2021-08-06,0.0,1871897000.0,,600210000.0,1271687000.0,,14.322,-21511000.0,17306000.0,17306000.0,424796000.0,14392000.0,2.435,0.751,499874000.0,8772000.0,491102000.0,499874000.0,27981000.0,16917000.0,0.0,0.0,0.0,45526000.0,62443000.0,0.114,62443000.0,45526000.0,37689000.0,0.18,0.19,0.18,1068956000.0,,1068956000.0,2232674909.0,10.0,7.916,-17560000.0,-0.235,1.0,123397000.0,0.225,906031000.0,7837000.0,1201953000.0,,19874000.0,0.0,0.0,0.0,802941000.0,246481000.0,556460000.0,1838442909.0,-989000.0,-61736000.0,693000.0,88230000.0,0.0,80965000.0,-85905000.0,-2658000.0,3951000.0,0.0,14392000.0,14160000.0,14160000.0,0.0,0.0,0.026,78265000.0,45132000.0,209728000.0,0.0,1.72,17.544,21.46,341029000.0,232000.0,32.19,1.025,1.265,538711000.0,186612000.0,548193000.0,548193000.0,0.0,,,,,0.0,44058000.0,1.0,57112237.0,74637000,79619000.0,7.345,965866000.0,0.0,23297000.0,65358000.0,12.941,353729000.0
83,PWR,MRQ,2000-09-30,2000-09-30,2000-09-30,2021-08-06,0.0,1712490000.0,,534106000.0,1178384000.0,,13.889,-21580000.0,18295000.0,18295000.0,368462000.0,40692000.0,2.207,0.673,412527000.0,11395000.0,401132000.0,412527000.0,0.0,14972000.0,0.0,0.0,0.0,78822000.0,93794000.0,0.192,93794000.0,78822000.0,71894000.0,0.55,0.53,0.55,1023442000.0,,1023442000.0,2082199531.0,9.0,7.358,634000.0,0.009,1.0,119383000.0,0.245,846230000.0,6928000.0,1018523000.0,,15569000.0,0.0,0.0,0.0,689048000.0,241969000.0,447079000.0,1823861531.0,15922000.0,-128827000.0,9125000.0,134990000.0,0.0,144115000.0,-150407000.0,0.0,22214000.0,0.0,40692000.0,40458000.0,40458000.0,0.0,0.0,0.083,41377000.0,78006000.0,230574000.0,0.0,1.782,15.596,16.034,317416000.0,234000.0,28.38,1.156,1.326,477483000.0,172452000.0,487845000.0,487845000.0,0.0,,,,,0.0,36040000.0,1.0,64265734.0,73685000,78696000.0,6.621,866260000.0,0.0,31202000.0,45947000.0,11.756,292137000.0
84,PWR,MRQ,2000-06-30,2000-06-30,2000-06-30,2021-08-06,0.0,1435857000.0,,432165000.0,1003692000.0,,13.904,-21021000.0,2373000.0,2373000.0,324890000.0,31095000.0,2.122,0.515,260711000.0,9010000.0,251701000.0,260711000.0,0.0,12998000.0,0.0,0.0,0.0,61348000.0,74346000.0,0.176,74346000.0,61348000.0,54938000.0,0.45,0.42,0.45,947681000.0,,947681000.0,3429539255.0,18.0,14.328,-2853000.0,-0.042,1.0,98636000.0,0.233,742799000.0,6410000.0,747733000.0,,11560000.0,0.0,0.0,0.0,488176000.0,203663000.0,284513000.0,3175911255.0,163000.0,-46684000.0,10444000.0,39256000.0,0.0,49700000.0,-67705000.0,0.0,18168000.0,0.0,31095000.0,30863000.0,30863000.0,0.0,0.0,0.073,38126000.0,60510000.0,194653000.0,0.0,3.351,33.212,34.375,252595000.0,232000.0,55.0,2.333,2.754,400816000.0,131994000.0,423526000.0,423526000.0,0.0,,,,,0.0,33515000.0,1.0,57743841.0,68160000,75496000.0,6.214,693058000.0,0.0,23843000.0,32812000.0,10.168,228502000.0
85,PWR,MRQ,2000-03-31,2000-03-31,2000-03-31,2021-08-06,0.0,1277268000.0,,369419000.0,907849000.0,,12.507,-21416000.0,2210000.0,2210000.0,261056000.0,19544000.0,2.045,0.563,255838000.0,8456000.0,247382000.0,255838000.0,0.0,12407000.0,0.0,0.0,0.0,39063000.0,51470000.0,0.154,51470000.0,39063000.0,34530000.0,0.3,0.28,0.3,817408000.0,,817408000.0,2356582501.0,16.0,12.417,-20327000.0,-0.311,1.0,72681000.0,0.218,673802000.0,4533000.0,676477000.0,,8274000.0,0.0,0.0,0.0,459860000.0,180617000.0,279243000.0,2161035501.0,-8565000.0,-36565000.0,8266000.0,40061000.0,0.0,48327000.0,-57981000.0,0.0,1089000.0,0.0,19544000.0,19312000.0,19312000.0,0.0,0.0,0.058,34167000.0,38514000.0,172161000.0,0.0,2.644,31.064,32.111,223996000.0,232000.0,40.46,1.91,2.337,342407000.0,101134000.0,333737000.0,333737000.0,0.0,,,,,0.0,29951000.0,1.0,53411654.0,65354000,72568000.0,5.107,603466000.0,0.0,14986000.0,31861000.0,9.234,188802000.0
86,PWR,MRQ,1999-12-31,1999-12-31,1999-12-31,2021-08-06,0.0,1159636000.0,,335063000.0,824573000.0,,15.207,-11377000.0,10775000.0,10775000.0,250544000.0,26546000.0,1.96,0.532,206322000.0,6664000.0,199658000.0,206322000.0,0.0,11873000.0,0.0,0.0,0.0,51503000.0,63376000.0,0.191,63376000.0,51503000.0,47109000.0,0.47,0.43,0.47,756925000.0,,756925000.0,1170805945.0,10.0,7.638,2149000.0,0.043,1.0,81722000.0,0.246,624757000.0,4394000.0,559503000.0,,8741000.0,0.0,0.0,0.0,402711000.0,170923000.0,231788000.0,1030255945.0,-1912000.0,-48860000.0,742000.0,44057000.0,0.0,44799000.0,-60237000.0,0.0,13526000.0,0.0,26546000.0,26311000.0,26311000.0,0.0,0.0,0.079,30642000.0,51080000.0,164259000.0,0.0,1.361,19.193,17.438,191854000.0,235000.0,18.833,1.113,1.013,299844000.0,81819000.0,332266000.0,332266000.0,0.0,,,,,0.0,26651000.0,1.0,54703856.0,49776000,56146000.0,6.675,534879000.0,0.0,20563000.0,32130000.0,10.746,164140000.0
87,PWR,MRQ,1999-09-30,1999-09-30,1999-09-30,2021-08-06,0.0,1034181000.0,,298747000.0,735434000.0,,14.226,-23812000.0,12687000.0,12687000.0,205689000.0,19163000.0,1.817,0.459,153237000.0,6777000.0,146460000.0,153237000.0,0.0,10526000.0,0.0,0.0,0.0,39637000.0,50163000.0,0.185,50163000.0,39637000.0,34508000.0,0.38,0.34,0.38,708744000.0,,708744000.0,1163122907.0,15.0,10.946,3739000.0,0.075,1.0,66099000.0,0.243,567277000.0,5129000.0,443059000.0,,9012000.0,0.0,0.0,0.0,325437000.0,164395000.0,161042000.0,932304907.0,8495000.0,-84766000.0,183398000.0,-93876000.0,0.0,89522000.0,-108578000.0,0.0,27551000.0,0.0,19163000.0,19138000.0,19138000.0,0.0,0.0,0.07,26790000.0,39309000.0,157618000.0,0.0,1.315,28.048,34.462,161001000.0,25000.0,19.54,1.31,1.368,268049000.0,55508000.0,271788000.0,271788000.0,0.0,,,,,0.0,23604000.0,1.0,47712636.0,49821000,57239000.0,5.455,466904000.0,0.0,15345000.0,14582000.0,9.372,134352000.0
88,PWR,MRQ,1999-06-30,1999-06-30,1999-06-30,2021-08-06,0.0,741600000.0,,222201000.0,519399000.0,,8.68,-16109000.0,4192000.0,4192000.0,150249000.0,4807000.0,1.998,0.894,235010000.0,5565000.0,229445000.0,235010000.0,11213000.0,7414000.0,0.0,0.0,0.0,17371000.0,24785000.0,0.128,24785000.0,17371000.0,13934000.0,0.11,0.1,0.11,391556000.0,,391556000.0,1431966552.0,28.0,19.95,-6453000.0,-0.143,1.0,43572000.0,0.225,385879000.0,3437000.0,475305000.0,,8863000.0,0.0,0.0,0.0,350044000.0,111234000.0,238810000.0,1299047552.0,-1065000.0,-77461000.0,1368000.0,81481000.0,0.0,82849000.0,-93570000.0,0.0,9656000.0,0.0,4807000.0,4807000.0,4807000.0,0.0,0.0,0.025,26559000.0,17013000.0,94456000.0,0.0,3.318,63.486,74.64,126316000.0,0.0,29.333,2.39,2.434,201173000.0,36370000.0,193821000.0,193821000.0,0.0,,,,,5319000.0,17895000.0,1.0,44285712.0,45112000,51711000.0,4.296,355721000.0,0.0,9127000.0,9365000.0,7.885,110967000.0
89,PWR,MRQ,1999-03-31,1999-03-31,1999-03-31,2021-08-06,0.0,554204000.0,,172359000.0,381845000.0,,8.448,-8293000.0,5257000.0,5257000.0,104871000.0,3423000.0,2.098,0.681,138176000.0,3392000.0,134784000.0,138176000.0,9980000.0,5350000.0,0.0,0.0,0.0,9611000.0,14961000.0,0.117,14961000.0,9611000.0,7387000.0,0.09,0.09,0.09,329770000.0,,329770000.0,763137657.0,19.0,13.725,-12700000.0,-0.325,1.0,22908000.0,0.179,283083000.0,2224000.0,321890000.0,,6141000.0,0.0,0.0,0.0,224434000.0,82150000.0,142284000.0,653046657.0,2011000.0,-97584000.0,101119000.0,11176000.0,0.0,112295000.0,-105877000.0,0.0,-4407000.0,0.0,3423000.0,3423000.0,3423000.0,0.0,0.0,0.027,13617000.0,9291000.0,68778000.0,0.0,1.98,34.748,42.72,93219000.0,0.0,16.96,1.574,1.596,155747000.0,31563000.0,127779000.0,127779000.0,0.0,,,,,0.0,11982000.0,1.0,38505110.0,39036000,45209000.0,3.273,271121000.0,0.0,3964000.0,7500000.0,6.945,90209000.0
90,PWR,MRQ,1998-12-31,1998-12-31,1998-12-31,2021-08-06,0.0,339081000.0,,108792000.0,230289000.0,,4.269,-8744000.0,3246000.0,3246000.0,95102000.0,5872000.0,2.105,0.977,113988000.0,4357000.0,109631000.0,113988000.0,0.0,4000000.0,0.0,0.0,0.0,12347000.0,16347000.0,0.138,16347000.0,12347000.0,10113000.0,-0.013,-0.02,-0.013,171503000.0,,171503000.0,585274980.0,18.0,13.488,11319000.0,0.282,1.0,23145000.0,0.196,150887000.0,2234000.0,247250000.0,,2534000.0,0.0,0.0,0.0,167578000.0,51686000.0,115892000.0,476951980.0,662000.0,-9921000.0,713000.0,-4191000.0,0.0,-3478000.0,-15923000.0,1342000.0,20063000.0,0.0,5872000.0,5872000.0,5872000.0,0.0,0.0,0.05,10974000.0,12171000.0,47329000.0,0.0,2.781,29.463,36.767,74212000.0,0.0,14.707,1.494,1.851,98660000.0,28140000.0,118247000.0,118247000.0,0.0,,,,,0.0,9996000.0,1.0,32431005.0,40177500,42472500.0,2.943,188194000.0,0.0,4241000.0,6261000.0,4.684,57106000.0
91,PWR,MRQ,1998-09-30,1998-09-30,1998-09-30,2021-08-06,0.0,331323000.0,,122147000.0,209176000.0,,5.177,-6205000.0,2584000.0,2584000.0,82923000.0,6360000.0,2.123,1.111,110907000.0,2610000.0,108297000.0,110907000.0,6358000.0,3277000.0,0.0,0.0,0.0,12406000.0,15683000.0,0.151,15683000.0,12406000.0,10902000.0,0.207,0.207,0.207,156949000.0,,156949000.0,280738347.0,13.0,9.651,-21051000.0,-0.694,1.0,20814000.0,0.201,134929000.0,1504000.0,247178000.0,,1913000.0,0.0,0.0,0.0,174374000.0,57539000.0,116835000.0,245458347.0,806000.0,-44482000.0,-195000.0,67934000.0,0.0,67739000.0,-52087000.0,0.0,-14846000.0,0.0,6360000.0,6360000.0,6360000.0,0.0,0.0,0.061,8684000.0,12130000.0,48571000.0,0.0,1.564,23.679,30.061,70185000.0,0.0,8.207,1.093,1.108,114031000.0,21172000.0,103737000.0,103737000.0,0.0,,,,,0.0,7898000.0,1.0,29909628.0,30316500,30490500.0,3.422,196394000.0,0.0,4542000.0,8538000.0,6.478,64608000.0
92,PWR,MRQ,1998-06-30,1998-06-30,1998-06-30,2021-08-06,0.0,205826000.0,,66803000.0,139023000.0,,4.601,-4189000.0,1778000.0,1778000.0,52249000.0,3139000.0,1.667,0.599,37058000.0,3946000.0,33112000.0,37058000.0,2832000.0,2229000.0,0.0,0.0,0.0,6384000.0,8613000.0,0.132,8613000.0,6384000.0,5683000.0,0.113,0.113,0.113,128756000.0,,128756000.0,267223728.0,22.0,15.696,-1150000.0,-0.041,1.0,12796000.0,0.197,93765000.0,701000.0,107262000.0,,1750000.0,0.0,0.0,0.0,77070000.0,40079000.0,36991000.0,263039728.0,-3291000.0,-22716000.0,0.0,20575000.0,0.0,20575000.0,-26905000.0,0.0,3039000.0,0.0,3139000.0,3139000.0,3139000.0,0.0,0.0,0.048,6528000.0,6268000.0,33301000.0,0.0,2.043,47.982,31.289,44088000.0,0.0,9.793,1.846,1.923,62077000.0,15212000.0,65045000.0,65045000.0,0.0,,,,,0.0,5744000.0,1.0,26859060.0,27982500,28225500.0,2.324,112061000.0,0.0,2544000.0,3879000.0,4.005,26724000.0
93,PWR,MRQ,1998-03-31,1998-03-31,1998-03-31,2021-08-06,0.0,141579000.0,,47229000.0,94350000.0,,6.935,-2135000.0,5176000.0,5176000.0,26996000.0,817000.0,2.241,0.294,9360000.0,2712000.0,6648000.0,9360000.0,1358000.0,1159000.0,0.0,0.0,0.0,1589000.0,2748000.0,0.085,2748000.0,1589000.0,1173000.0,0.053,0.053,0.053,109416000.0,,109416000.0,230696750.0,33.0,21.454,-1998000.0,-0.127,1.0,5234000.0,0.162,64696000.0,416000.0,59996000.0,,810000.0,0.0,0.0,0.0,32163000.0,21071000.0,11092000.0,222389750.0,4580000.0,-12057000.0,45109000.0,-15578000.0,0.0,18635000.0,-14192000.0,0.0,137000.0,0.0,817000.0,817000.0,817000.0,0.0,0.0,0.025,3718000.0,1516000.0,17001000.0,0.0,2.033,72.181,34.149,29406000.0,0.0,11.167,2.277,1.804,40496000.0,10416000.0,32230000.0,32230000.0,0.0,,,,,0.0,3522000.0,1.0,19915500.0,15777000,15870000.0,2.043,76883000.0,0.0,356000.0,4444000.0,4.873,26158000.0
94,PWR,MRQ,1997-12-31,1997-12-31,1997-12-31,2021-08-06,0.0,35747000.0,,16702000.0,19045000.0,,1.197,-918000.0,489000.0,489000.0,18544000.0,50000.0,1.151,2.189,14742000.0,7200000.0,7542000.0,14742000.0,738000.0,974000.0,0.0,,0.0,1071000.0,2045000.0,0.087,2045000.0,1071000.0,663000.0,-0.1,-0.1,-0.1,11210000.0,,11210000.0,,,,965000.0,0.103,1.0,4999000.0,0.212,114000.0,408000.0,35370000.0,,865000.0,0.0,0.0,0.0,24537000.0,14516000.0,10021000.0,,455000.0,0.0,-31000.0,-479000.0,0.0,-510000.0,-918000.0,0.0,1883000.0,0.0,50000.0,50000.0,50000.0,0.0,0.0,0.002,3875000.0,1124000.0,6578000.0,0.0,,,,18286000.0,0.0,,,,14624000.0,11803000.0,23543000.0,23543000.0,0.0,,,,,254000.0,3861000.0,1.0,19915500.0,9366000,9366000.0,2.514,35633000.0,0.0,613000.0,2479000.0,3.805,2186000.0
95,PWR,MRQ,1997-09-30,1997-09-30,1997-09-30,2021-08-06,0.0,35747000.0,,16702000.0,19045000.0,,1.891,-1426000.0,489000.0,489000.0,15194000.0,1476000.0,1.151,2.189,14742000.0,7200000.0,7542000.0,14742000.0,738000.0,781000.0,0.0,,0.0,2838000.0,3619000.0,0.167,3619000.0,2838000.0,2513000.0,0.247,0.247,0.247,11210000.0,,11210000.0,,,,691000.0,0.117,1.0,6474000.0,0.299,114000.0,325000.0,35370000.0,,865000.0,0.0,0.0,0.0,24537000.0,14516000.0,10021000.0,,34000.0,0.0,0.0,-657000.0,0.0,-657000.0,-1426000.0,0.0,2117000.0,0.0,1476000.0,1476000.0,1476000.0,0.0,0.0,0.068,3652000.0,2822000.0,6578000.0,0.0,,,,18286000.0,0.0,,,,14624000.0,11803000.0,21668000.0,21668000.0,0.0,,,,,0.0,3638000.0,1.0,,5928000,5928000.0,3.655,35633000.0,0.0,1037000.0,2479000.0,6.011,2186000.0
96,PWR,MRQ,1997-06-30,1997-06-30,1997-06-30,2021-08-06,,,,,,,,-2468000.0,,,15973000.0,738000.0,,,,,,,,803000.0,,,0.0,1538000.0,2341000.0,0.116,2341000.0,1538000.0,1251000.0,0.127,0.127,0.127,,,,,,,-2826000.0,-0.477,1.0,4253000.0,0.21,,287000.0,,,,,,,,,,,-124000.0,0.0,0.0,2702000.0,0.0,2702000.0,-2468000.0,0.0,-358000.0,0.0,738000.0,738000.0,738000.0,0.0,0.0,0.036,2661000.0,1592000.0,,0.0,,,,,0.0,,,,,,20226000.0,20226000.0,0.0,,,,,0.0,2647000.0,1.0,,5928000,5928000.0,3.412,,,513000.0,,,
97,PWR,MRQ,1997-03-31,1997-03-31,1997-03-31,2021-08-06,,,,,,,,-949000.0,,,7330000.0,-303000.0,,,,,,,,562000.0,,,0.0,-383000.0,179000.0,0.022,179000.0,-383000.0,-507000.0,-0.067,-0.067,-0.067,,,,,,,232000.0,0.052,1.0,784000.0,0.097,,124000.0,,,,,,,,,,,-355000.0,0.0,0.0,-587000.0,0.0,-587000.0,-949000.0,0.0,1181000.0,0.0,-303000.0,-303000.0,-303000.0,0.0,0.0,-0.037,1127000.0,-343000.0,,0.0,,,,,0.0,,,,,,8114000.0,8114000.0,0.0,,,,,0.0,1127000.0,1.0,,4500000,4500000.0,1.803,,,-204000.0,,,
98,PWR,MRQ,1996-12-31,1996-12-31,1996-12-31,2021-08-06,0.0,29734000.0,,14307000.0,15427000.0,,1.427,,512000.0,512000.0,,,1.143,2.515,12905000.0,6427000.0,6478000.0,12905000.0,1216000.0,,0.0,,0.0,,,,,,,,,,8460000.0,,8460000.0,,,,,,1.0,,,168000.0,,29444000.0,,579000.0,0.0,0.0,0.0,21274000.0,12515000.0,8759000.0,,,,,,,,,,,,,,,,,,,,4872000.0,,,,,14752000.0,,,,,12593000.0,9276000.0,,,,,,,,,,1.0,,5928000,,,29566000.0,0.0,,2281000.0,4.988,1792000.0
0,PWR,MRT,2021-06-30,2021-06-30,2021-06-30,2021-08-06,-216563000.0,8720596000.0,8500442250.0,3733935000.0,4986661000.0,1.369,31.985,-261581000.0,212473000.0,212473000.0,9841755000.0,545951000.0,1.752,0.943,1612402000.0,92580000.0,1519822000.0,1612402000.0,503219000.0,324847000.0,0.0,0.003,0.23,712608000.0,1037455000.0,0.089,1037455000.0,712608000.0,664671000.0,3.83,3.73,3.83,4486732000.0,4339451500.0,4486732000.0,14038433552.0,20.0,13.532,443929000.0,3.165,1.0,1793988000.0,0.154,2540064000.0,47937000.0,5449328000.0,5159823250.0,62154000.0,0.0,0.0,0.0,4230802000.0,2131133000.0,2099669000.0,12620575552.0,-318138000.0,-431796000.0,-96172000.0,-74155000.0,-31560000.0,-333419000.0,-692753000.0,0.0,705510000.0,2524000.0,539758000.0,539758000.0,539758000.0,0.0,6193000.0,0.046,1124155000.0,669833000.0,1535334000.0,0.06,2.813,23.382,23.648,1845778000.0,0.0,90.57,1.085,1.092,2570457000.0,3454682000.0,11635743000.0,11635743000.0,0.0,0.063,0.124,0.138,0.061,97359000.0,1029891000.0,1.0,139346092.0,140276000,144607000.0,82.949,6180532000.0,0.0,124913000.0,187582000.0,44.06,1602802000.0
1,PWR,MRT,2021-03-31,2021-03-31,2021-03-31,2021-08-06,-224458000.0,8557414000.0,8342700750.0,3605571000.0,4951843000.0,1.336,31.223,-238128000.0,200218000.0,200218000.0,9440617000.0,501775000.0,1.717,0.955,1618076000.0,94508000.0,1523568000.0,1618076000.0,499527000.0,313104000.0,0.0,0.002,0.21,657104000.0,970208000.0,0.087,970208000.0,657104000.0,613622000.0,3.53,3.44,3.53,4374943000.0,4196375750.0,4374943000.0,13441747316.0,20.0,13.855,775913000.0,5.537,1.0,1701541000.0,0.153,2539211000.0,43482000.0,5336001000.0,4980578250.0,51009000.0,0.0,0.0,0.0,4177251000.0,2100060000.0,2077191000.0,12173353316.0,-179023000.0,-395219000.0,-66723000.0,-355376000.0,-30305000.0,-562302000.0,-632996000.0,0.0,1014041000.0,2234000.0,496671000.0,496671000.0,496671000.0,0.0,5104000.0,0.045,1076066000.0,625475000.0,1506025000.0,0.059,2.783,24.51,24.924,1835657000.0,0.0,87.98,1.093,1.106,2666983000.0,3346299000.0,11142158000.0,11142158000.0,0.0,0.06,0.118,0.132,0.059,95416000.0,987633000.0,1.0,138365007.0,140121000,144447000.0,79.518,6018203000.0,0.0,116951000.0,170059000.0,42.95,1505511000.0
2,PWR,MRT,2020-12-31,2020-12-31,2020-12-31,2021-08-06,-232997000.0,8398272000.0,8260583250.0,3588389000.0,4809883000.0,1.356,30.727,-225184000.0,184620000.0,184620000.0,9541825000.0,451959000.0,1.678,0.932,1453014000.0,99898000.0,1353116000.0,1453014000.0,528864000.0,301960000.0,0.0,0.003,0.21,609996000.0,911956000.0,0.081,911956000.0,609996000.0,564983000.0,3.15,3.07,3.15,4344181000.0,4050263000.0,4344181000.0,11268638018.0,18.0,12.357,890793000.0,6.301,1.0,1660847000.0,0.148,2556669000.0,45013000.0,4971441000.0,4968747250.0,50472000.0,0.0,0.0,0.0,4049300000.0,2138556000.0,1910744000.0,10000762018.0,17063000.0,-274681000.0,-247249000.0,-221802000.0,-28891000.0,-601365000.0,-499323000.0,0.0,1115977000.0,1774000.0,445596000.0,445596000.0,445596000.0,0.0,6363000.0,0.04,1060060000.0,600787000.0,1509794000.0,0.067,2.302,22.444,22.863,1817501000.0,0.0,72.02,0.893,0.909,2716083000.0,3264967000.0,11202672000.0,11202672000.0,0.0,0.054,0.11,0.123,0.054,91641000.0,975074000.0,1.0,138860900.0,141380000,145247000.0,79.238,5841603000.0,0.0,119387000.0,166407000.0,41.318,1449833000.0
3,PWR,MRT,2020-09-30,2020-09-30,2020-09-30,2021-08-06,-274342000.0,8325487000.0,8243935750.0,3677008000.0,4648479000.0,1.383,29.542,-196240000.0,216935000.0,216935000.0,9764992000.0,400297000.0,1.688,1.004,1484811000.0,97383000.0,1387428000.0,1484811000.0,537048000.0,298619000.0,0.0,0.004,0.2,591482000.0,890101000.0,0.078,890101000.0,591482000.0,538949000.0,2.77,2.71,2.77,4151950000.0,3976790750.0,4151950000.0,8435170003.0,14.0,9.477,1270445000.0,9.04,1.0,1638295000.0,0.144,2532567000.0,52533000.0,4882523000.0,5006758500.0,39821000.0,0.0,0.0,0.0,4169921000.0,2178273000.0,1991648000.0,7295789003.0,134591000.0,-172268000.0,-200000000.0,-690736000.0,-27396000.0,-966276000.0,-366774000.0,0.0,1466685000.0,956000.0,393689000.0,393689000.0,393689000.0,0.0,6608000.0,0.035,1055241000.0,583054000.0,1543842000.0,0.072,1.757,18.532,19.083,1703422000.0,0.0,52.86,0.64,0.651,2750268000.0,3103849000.0,11403287000.0,11403287000.0,0.0,0.048,0.099,0.118,0.052,69256000.0,964428000.0,1.0,138020980.0,140542000,144363000.0,81.138,5792920000.0,0.0,145260000.0,206280000.0,41.218,1498735000.0
4,PWR,MRT,2020-06-30,2020-06-30,2020-06-30,2021-08-06,-290049000.0,8089630000.0,8378837250.0,3644755000.0,4444875000.0,1.401,27.989,-212694000.0,530670000.0,530670000.0,10131795000.0,373619000.0,1.741,1.066,1670051000.0,162195000.0,1507856000.0,1670051000.0,613188000.0,293514000.0,0.0,0.005,0.19,556386000.0,849900000.0,0.072,849900000.0,556386000.0,496533000.0,2.54,2.5,2.54,3914429000.0,3915654750.0,3914429000.0,6977621432.0,13.0,8.21,1230299000.0,8.797,1.0,1604226000.0,0.137,2403304000.0,59853000.0,4732348000.0,5328799500.0,48274000.0,0.0,0.0,0.0,4171628000.0,2093359000.0,2078269000.0,5399876432.0,454736000.0,-317473000.0,-200000000.0,-192551000.0,-26198000.0,-460661000.0,-528016000.0,0.0,1442993000.0,420000.0,366844000.0,366844000.0,366844000.0,0.0,6775000.0,0.031,1045174000.0,559052000.0,1317976000.0,0.075,1.379,14.72,15.445,1655503000.0,0.0,39.23,0.46,0.467,2370286000.0,2948180000.0,11736021000.0,11736021000.0,0.0,0.044,0.094,0.104,0.047,61409000.0,958784000.0,1.0,137646608.0,139856000,143521000.0,83.915,5686326000.0,0.0,129689000.0,220689000.0,40.658,1551396000.0
5,PWR,MRT,2020-03-31,2020-03-31,2020-03-31,2021-08-06,-324786000.0,8228944000.0,8361884000.0,3758600000.0,4470344000.0,1.443,26.24,-236639000.0,377205000.0,377205000.0,10500522000.0,327283000.0,1.776,1.17,1954950000.0,164815000.0,1790135000.0,1954950000.0,591087000.0,287630000.0,0.0,0.005,0.17,525050000.0,812680000.0,0.067,812680000.0,525050000.0,458030000.0,2.2,2.17,2.2,3790492000.0,3880778250.0,3790492000.0,6013068572.0,11.0,7.399,600211000.0,4.155,1.0,1568467000.0,0.13,2402103000.0,67020000.0,5288677000.0,5570897250.0,50365000.0,0.0,0.0,0.0,4433766000.0,2115909000.0,2317857000.0,4521806572.0,292146000.0,-325088000.0,-200159000.0,265991000.0,-24868000.0,15353000.0,-559573000.0,0.0,836850000.0,-484000.0,320242000.0,320242000.0,320242000.0,0.0,7041000.0,0.027,1036097000.0,532370000.0,1360007000.0,0.077,1.193,14.12,14.423,1675593000.0,0.0,31.73,0.375,0.38,2593285000.0,2881416000.0,12068989000.0,12068989000.0,0.0,0.038,0.083,0.094,0.044,53913000.0,954876000.0,1.0,142508874.0,144454000,146787000.0,83.549,5826841000.0,0.0,137788000.0,217778000.0,40.337,1642691000.0
6,PWR,MRT,2019-12-31,2019-12-31,2019-12-31,2021-08-06,-241818000.0,8331682000.0,8217777000.0,3830986000.0,4500696000.0,1.474,27.797,-231128000.0,164798000.0,164798000.0,10511901000.0,406815000.0,1.693,1.056,1656060000.0,167344000.0,1488716000.0,1656060000.0,606146000.0,280198000.0,0.0,0.004,0.17,634406000.0,914604000.0,0.076,914604000.0,634406000.0,567516000.0,2.76,2.73,2.76,4050292000.0,3864091250.0,4050292000.0,7890360723.0,12.0,8.627,295423000.0,2.027,1.0,1600252000.0,0.132,2436409000.0,66890000.0,5123486000.0,5563820500.0,55719000.0,0.0,0.0,0.0,4277851000.0,2263049000.0,2014802000.0,5792771723.0,86489000.0,-388432000.0,-20092000.0,241994000.0,-23236000.0,177687000.0,-617596000.0,0.0,526551000.0,-153000.0,402044000.0,402044000.0,402044000.0,0.0,4771000.0,0.033,1031974000.0,568278000.0,1489559000.0,0.062,1.43,14.408,14.75,1671023000.0,0.0,40.71,0.478,0.49,2747911000.0,2854271000.0,12112153000.0,12112153000.0,0.0,0.049,0.104,0.114,0.052,52013000.0,955991000.0,1.0,142293582.0,145710000,147534000.0,83.125,5895273000.0,0.0,165472000.0,214779000.0,40.459,1567937000.0
7,PWR,MRT,2019-09-30,2019-09-30,2019-09-30,2021-08-06,-264113000.0,8865093000.0,7903803250.0,4301927000.0,4563166000.0,1.532,26.779,-252628000.0,80044000.0,80044000.0,10534925000.0,344307000.0,1.825,1.268,2177633000.0,169257000.0,2008376000.0,2177633000.0,540187000.0,266815000.0,0.0,0.004,0.16,611390000.0,878205000.0,0.073,878205000.0,611390000.0,551554000.0,2.33,2.31,2.33,3907406000.0,3752558000.0,3907406000.0,7156220603.0,12.0,8.149,-215703000.0,-1.478,1.0,1576646000.0,0.13,2434472000.0,59836000.0,6170687000.0,5312222000.0,67039000.0,0.0,0.0,0.0,4955886000.0,2357523000.0,2598363000.0,5374481603.0,-33663000.0,-436188000.0,-246583000.0,907009000.0,-17385000.0,619319000.0,-688111000.0,0.0,36925000.0,-1796000.0,340716000.0,340716000.0,340716000.0,0.0,3591000.0,0.028,1015248000.0,561398000.0,1648079000.0,0.069,1.375,15.774,16.223,1679476000.0,0.0,37.8,0.444,0.455,3188328000.0,2743498000.0,12111571000.0,12111571000.0,0.0,0.043,0.091,0.115,0.05,53761000.0,912870000.0,1.0,142182053.0,145913000,147438000.0,83.005,6430621000.0,0.0,210838000.0,279858000.0,44.072,1944404000.0
8,PWR,MRT,2019-06-30,2019-06-30,2019-06-30,2021-08-06,-251329000.0,8021817000.0,7485323500.0,3751932000.0,4269885000.0,1.569,25.867,-259740000.0,73356000.0,73356000.0,10214926000.0,332184000.0,1.968,1.125,1855095000.0,145626000.0,1709469000.0,1855095000.0,471214000.0,258155000.0,0.0,0.003,0.12,579084000.0,837239000.0,0.071,837239000.0,579084000.0,528398000.0,2.22,2.2,2.22,3774923000.0,3731411000.0,3774923000.0,7015781752.0,12.0,8.38,-274878000.0,-1.884,1.0,1529031000.0,0.13,2196584000.0,50686000.0,5700739000.0,4779703500.0,68400000.0,0.0,0.0,0.0,4245558000.0,1906233000.0,2339325000.0,5426092752.0,-46620000.0,-173365000.0,-273338000.0,710416000.0,-11582000.0,403171000.0,-432745000.0,0.0,-15138000.0,-1908000.0,329199000.0,329199000.0,329199000.0,0.0,2985000.0,0.028,989637000.0,539394000.0,1289393000.0,0.054,1.437,16.483,17.203,1639429000.0,0.0,38.19,0.462,0.475,2632003000.0,2612994000.0,11743957000.0,11743957000.0,0.0,0.044,0.088,0.121,0.049,51808000.0,891900000.0,1.0,142081507.0,145935000,147241000.0,80.474,5825233000.0,0.0,199199000.0,276574000.0,39.917,1845699000.0
9,PWR,MRT,2019-03-31,2019-03-31,2019-03-31,2021-08-06,-267201000.0,7652516000.0,7177464750.0,3554544000.0,4097972000.0,1.611,25.662,-273033000.0,85423000.0,85423000.0,10018209000.0,378431000.0,1.998,1.055,1675112000.0,136638000.0,1538474000.0,1675112000.0,403372000.0,252275000.0,0.0,0.001,0.04,607763000.0,860038000.0,0.074,860038000.0,607763000.0,563720000.0,2.52,2.49,2.52,3723744000.0,3710345250.0,3723744000.0,6362282027.0,10.0,7.398,-22987000.0,-0.158,1.0,1542897000.0,0.133,2203098000.0,44043000.0,5260370000.0,4273573000.0,81117000.0,0.0,0.0,0.0,3927459000.0,1778737000.0,2148722000.0,5334791027.0,-15788000.0,-185617000.0,-289172000.0,509732000.0,-5752000.0,192971000.0,-457928000.0,0.0,250046000.0,-877000.0,376220000.0,376220000.0,376220000.0,0.0,2211000.0,0.033,969694000.0,573203000.0,1238727000.0,0.016,1.433,14.18,14.976,1602782000.0,0.0,37.74,0.461,0.474,2580665000.0,2591883000.0,11561106000.0,11561106000.0,0.0,0.052,0.101,0.142,0.053,50809000.0,874060000.0,1.0,141356413.0,145110000,146458000.0,79.671,5449418000.0,0.0,187500000.0,253164000.0,37.554,1775807000.0
10,PWR,MRT,2018-12-31,2018-12-31,2018-12-31,2021-08-06,-286048000.0,7075787000.0,6927686250.0,3326104000.0,3749683000.0,1.613,23.562,-276263000.0,78687000.0,78687000.0,9691459000.0,296007000.0,1.842,0.963,1106178000.0,65646000.0,1040532000.0,1106178000.0,425961000.0,246513000.0,0.0,0.001,0.04,491950000.0,738463000.0,0.066,738463000.0,491950000.0,455005000.0,1.92,1.9,1.92,3604159000.0,3690247250.0,3604159000.0,5257697732.0,11.0,7.12,82526000.0,0.54,1.0,1479964000.0,0.132,2180059000.0,36945000.0,4117092000.0,3886955500.0,107732000.0,0.0,0.0,0.0,3470334000.0,1806127000.0,1664207000.0,4395524732.0,-60519000.0,-127121000.0,-443152000.0,447814000.0,0.0,-16570000.0,-402670000.0,0.0,358789000.0,-68000.0,293346000.0,293346000.0,293346000.0,0.0,2661000.0,0.026,950943000.0,529021000.0,1314520000.0,0.021,1.22,14.984,15.677,1276032000.0,0.0,30.1,0.393,0.412,2354737000.0,2477291000.0,11171423000.0,11171423000.0,0.0,0.042,0.079,0.127,0.044,52484000.0,857574000.0,1.0,146030722.0,152963000,154226000.0,73.033,4895728000.0,0.0,161659000.0,219115000.0,32.006,1519977000.0
11,PWR,MRT,2018-09-30,2018-09-30,2018-09-30,2021-08-06,-237694000.0,7191174000.0,6778778000.0,3378122000.0,3813052000.0,1.555,25.057,-276549000.0,113524000.0,113524000.0,9154707000.0,353792000.0,1.86,0.881,975697000.0,22811000.0,952886000.0,975697000.0,452491000.0,240040000.0,0.0,0.0,0.0,402926000.0,642966000.0,0.061,642966000.0,402926000.0,371099000.0,2.28,2.25,2.28,3822818000.0,3737100250.0,3822818000.0,5703080086.0,14.0,8.87,142263000.0,0.932,1.0,1383125000.0,0.131,2196550000.0,31827000.0,4040613000.0,3705173500.0,94670000.0,0.0,0.0,0.0,3366940000.0,1816184000.0,1550756000.0,4967196086.0,22940000.0,-53016000.0,-266661000.0,216972000.0,0.0,-69410000.0,-328203000.0,410000.0,418812000.0,1741000.0,350091000.0,350091000.0,350091000.0,0.0,3701000.0,0.033,951592000.0,431533000.0,1340882000.0,0.0,1.299,14.188,14.64,1350894000.0,0.0,33.38,0.471,0.483,2291608000.0,2425832000.0,10537832000.0,10537832000.0,0.0,0.052,0.094,0.109,0.038,51899000.0,851830000.0,1.0,148807552.0,152562000,153687000.0,69.072,4994624000.0,0.0,21008000.0,209475000.0,32.738,1561938000.0
12,PWR,MRT,2018-06-30,2018-06-30,2018-06-30,2021-08-06,-248532000.0,6790382000.0,6641046000.0,3074836000.0,3715546000.0,1.53,24.071,-266964000.0,120357000.0,120357000.0,8853932000.0,318742000.0,1.819,0.839,856241000.0,15499000.0,840742000.0,856241000.0,496083000.0,235279000.0,0.0,0.0,0.0,363606000.0,598885000.0,0.059,598885000.0,363606000.0,334940000.0,2.03,2.0,2.03,3690660000.0,3713278250.0,3690660000.0,5780780812.0,16.0,9.653,286311000.0,1.867,1.0,1307926000.0,0.129,2159484000.0,28666000.0,3676217000.0,3571813000.0,85859000.0,0.0,0.0,0.0,3096917000.0,1690565000.0,1406352000.0,4996946812.0,22129000.0,-378386000.0,-239906000.0,368420000.0,0.0,109760000.0,-643321000.0,1086000.0,553275000.0,2415000.0,314853000.0,314853000.0,314853000.0,0.0,3889000.0,0.031,927132000.0,380794000.0,1178983000.0,0.0,1.354,15.871,16.453,1325128000.0,0.0,33.4,0.492,0.504,2108317000.0,2301281000.0,10161858000.0,10161858000.0,0.0,0.047,0.085,0.102,0.036,51197000.0,829014000.0,1.0,149609186.0,153325000,154595000.0,66.277,4630898000.0,0.0,20087000.0,196521000.0,30.203,1384271000.0
13,PWR,MRT,2018-03-31,2018-03-31,2018-03-31,2021-08-06,-228409000.0,6653402000.0,6381786500.0,2957069000.0,3696333000.0,1.521,23.273,-240118000.0,101736000.0,101736000.0,8429164000.0,308396000.0,1.908,0.825,885570000.0,2775000.0,882795000.0,885570000.0,506203000.0,225882000.0,0.0,0.0,0.0,359027000.0,584909000.0,0.06,584909000.0,359027000.0,335268000.0,1.95,1.93,1.95,3643352000.0,3667294000.0,3643352000.0,5814787407.0,16.0,9.941,161471000.0,1.031,1.0,1276720000.0,0.132,2173697000.0,23759000.0,3713900000.0,3415779750.0,94548000.0,0.0,0.0,0.0,3006437000.0,1549639000.0,1456798000.0,5281131407.0,-2252000.0,-377564000.0,-223913000.0,452565000.0,0.0,210172000.0,-615403000.0,1701000.0,401589000.0,1390000.0,304325000.0,304325000.0,304325000.0,0.0,4071000.0,0.031,902895000.0,373825000.0,1040661000.0,0.0,1.45,17.354,17.615,1301545000.0,0.0,34.35,0.544,0.554,2088682000.0,2226916000.0,9705884000.0,9705884000.0,0.0,0.048,0.083,0.105,0.037,49269000.0,808790000.0,1.0,153744728.0,156546000,157556000.0,62.0,4479705000.0,0.0,30943000.0,196892000.0,28.616,1407430000.0
14,PWR,MRT,2017-12-31,2017-12-31,2017-12-31,2021-08-06,-203395000.0,6480154000.0,6104199250.0,2869907000.0,3610247000.0,1.551,24.286,-221303000.0,138285000.0,138285000.0,8224618000.0,318225000.0,1.923,0.708,671941000.0,1220000.0,670721000.0,671941000.0,433387000.0,216013000.0,0.0,0.0,0.0,371456000.0,587469000.0,0.062,587469000.0,371456000.0,350510000.0,2.02,2.0,2.02,3791571000.0,3605541750.0,3791571000.0,6722610097.0,18.0,11.443,150588000.0,0.965,1.0,1241860000.0,0.131,2131779000.0,20946000.0,3389964000.0,3188500500.0,80890000.0,0.0,0.0,0.0,2684525000.0,1492067000.0,1192458000.0,6051130097.0,29365000.0,-351956000.0,-49975000.0,299790000.0,0.0,227764000.0,-572084000.0,0.0,371891000.0,1794000.0,314978000.0,314978000.0,314978000.0,0.0,3247000.0,0.033,868182000.0,373678000.0,1057460000.0,0.0,1.596,19.211,19.361,1288602000.0,0.0,39.11,0.639,0.645,1985077000.0,2191059000.0,9466478000.0,9466478000.0,0.0,0.052,0.087,0.116,0.039,46448000.0,777920000.0,1.0,154720790.0,156124000,157155000.0,60.634,4348375000.0,0.0,35532000.0,179381000.0,27.852,1377840000.0
15,PWR,MRT,2017-09-30,2017-09-30,2017-09-30,2021-08-06,-192187000.0,6640246000.0,5822675500.0,2948239000.0,3692007000.0,1.561,23.669,-215113000.0,91532000.0,91532000.0,7864145000.0,291007000.0,1.851,0.781,763012000.0,2804000.0,760208000.0,763012000.0,374943000.0,209392000.0,0.0,0.0,0.0,437058000.0,646450000.0,0.071,646450000.0,437058000.0,418775000.0,1.85,1.84,1.85,3727530000.0,3492505750.0,3727530000.0,6035196509.0,14.0,9.336,144204000.0,0.916,1.0,1226672000.0,0.135,2212063000.0,18283000.0,3507171000.0,2992904750.0,86391000.0,0.0,0.0,0.0,2910015000.0,1592492000.0,1317523000.0,5649748509.0,-22132000.0,-413039000.0,66000.0,267530000.0,0.0,246657000.0,-628016000.0,-2292000.0,359317000.0,-90000.0,289000000.0,289000000.0,289000000.0,947000.0,2007000.0,0.032,783492000.0,443180000.0,1214745000.0,0.0,1.516,19.549,20.2,1256458000.0,0.0,37.37,0.621,0.647,2623021000.0,2077498000.0,9090817000.0,9090817000.0,0.0,0.05,0.083,0.146,0.048,44227000.0,745538000.0,1.0,151184065.0,157484000,158620000.0,57.725,4428183000.0,0.0,129775000.0,211983000.0,28.118,1355747000.0
16,PWR,MRT,2017-06-30,2017-06-30,2017-06-30,2021-08-06,-231167000.0,5753344000.0,5531731000.0,2617199000.0,3136145000.0,1.541,22.611,-185221000.0,99565000.0,99565000.0,7345073000.0,275310000.0,2.035,0.64,485013000.0,1375000.0,483638000.0,485013000.0,314987000.0,202759000.0,0.0,0.0,0.0,431325000.0,634084000.0,0.074,634084000.0,431325000.0,415374000.0,1.76,1.76,1.76,3506723000.0,3379107250.0,3506723000.0,5192620070.0,12.0,8.189,-67999000.0,-0.438,1.0,1178623000.0,0.138,1800692000.0,15951000.0,3052084000.0,2813827000.0,94152000.0,0.0,0.0,0.0,2244013000.0,1286016000.0,957997000.0,4875834070.0,-59736000.0,-49836000.0,212000.0,79449000.0,0.0,58624000.0,-236122000.0,-2166000.0,117222000.0,540000.0,273429000.0,273429000.0,273429000.0,342000.0,1881000.0,0.032,745708000.0,432915000.0,969654000.0,0.0,1.39,17.832,18.705,1190333000.0,0.0,32.92,0.572,0.599,2244993000.0,1988185000.0,8523696000.0,8523696000.0,0.0,0.049,0.081,0.153,0.051,43044000.0,708639000.0,1.0,148111606.0,155090000,156165000.0,54.96,3952652000.0,0.0,141945000.0,206868000.0,25.486,1331183000.0
17,PWR,MRT,2017-03-31,2017-03-31,2017-03-31,2021-08-06,-257852000.0,5543053000.0,5417670250.0,2474913000.0,3068140000.0,1.498,21.888,-190197000.0,106514000.0,106514000.0,7039077000.0,227679000.0,1.957,0.631,423300000.0,3990000.0,419310000.0,423300000.0,264834000.0,202515000.0,0.0,0.0,0.0,357812000.0,560327000.0,0.069,560327000.0,357812000.0,342549000.0,1.46,1.46,1.46,3396343000.0,3302507250.0,3396343000.0,5634833679.0,16.0,10.056,-9999000.0,-0.064,1.0,1076675000.0,0.133,1790318000.0,15263000.0,2804783000.0,2684450750.0,89973000.0,0.0,0.0,0.0,2144242000.0,1264738000.0,879504000.0,5385891679.0,-47783000.0,-37697000.0,375000.0,21075000.0,0.0,1249000.0,-229466000.0,-2278000.0,180198000.0,236000.0,226154000.0,226154000.0,226154000.0,342000.0,1525000.0,0.028,718082000.0,358593000.0,995914000.0,0.0,1.586,23.815,25.418,1161603000.0,0.0,37.11,0.664,0.71,2145784000.0,1924348000.0,8115752000.0,8115752000.0,0.0,0.042,0.068,0.133,0.044,40990000.0,679366000.0,1.0,145133163.0,155168000,155168000.0,52.303,3752735000.0,0.0,116395000.0,197712000.0,24.185,1210175000.0
18,PWR,MRT,2016-12-31,2016-12-31,2016-12-31,2021-08-06,-271673000.0,5354059000.0,5355786750.0,2288745000.0,3065314000.0,1.429,21.231,-190580000.0,112183000.0,112183000.0,6637519000.0,200098000.0,1.899,0.602,361125000.0,7563000.0,353562000.0,361125000.0,274846000.0,201925000.0,0.0,0.0,0.0,320516000.0,522441000.0,0.068,522441000.0,320516000.0,305629000.0,1.26,1.26,1.26,3339427000.0,3246057750.0,3339427000.0,5412054029.0,17.0,10.359,199134000.0,1.266,1.0,1013800000.0,0.133,1790192000.0,14887000.0,2607581000.0,2609705500.0,88548000.0,0.0,0.0,0.0,2011357000.0,1205228000.0,806129000.0,5041960029.0,-14361000.0,-74345000.0,401000.0,-125136000.0,0.0,-133836000.0,-270459000.0,0.0,389714000.0,220000.0,198383000.0,198383000.0,198383000.0,342000.0,1715000.0,0.026,692987000.0,320813000.0,922819000.0,0.0,1.51,25.415,27.659,1174094000.0,0.0,34.85,0.659,0.716,1973423000.0,1876081000.0,7651319000.0,7651319000.0,0.0,0.037,0.061,0.123,0.042,42843000.0,653338000.0,1.0,144676041.0,157287000,157288000.0,48.646,3563867000.0,0.0,107246000.0,192834000.0,22.658,1083517000.0
19,PWR,MRT,2016-09-30,2016-09-30,2016-09-30,2021-08-06,-242825000.0,5476468000.0,5320657750.0,2405351000.0,3071117000.0,1.4,21.119,-159841000.0,117366000.0,117366000.0,6518474000.0,106858000.0,1.931,0.672,487460000.0,5061000.0,482399000.0,487460000.0,310993000.0,200974000.0,0.0,0.0,0.0,205104000.0,406078000.0,0.055,406078000.0,205104000.0,191278000.0,0.78,0.78,0.78,3273936000.0,3182574500.0,3273936000.0,4280371279.0,21.0,10.541,279251000.0,1.801,1.0,929151000.0,0.125,1809794000.0,13826000.0,2790860000.0,2609242000.0,89109000.0,0.0,0.0,0.0,2199883000.0,1245908000.0,953975000.0,4035993279.0,68172000.0,-88644000.0,-76411000.0,132780000.0,0.0,21594000.0,-394515000.0,-4689000.0,439092000.0,2001000.0,105726000.0,105726000.0,105726000.0,-605000.0,1132000.0,0.014,722601000.0,206550000.0,928487000.0,0.0,1.233,38.174,35.885,1165687000.0,0.0,27.99,0.542,0.583,2062926000.0,1788498000.0,7447625000.0,7447625000.0,0.0,0.02,0.033,0.079,0.028,41868000.0,631246000.0,1.0,144194115.0,155024000,155024000.0,48.042,3666674000.0,0.0,85552000.0,184341000.0,23.652,1159443000.0
20,PWR,MRT,2016-06-30,2016-06-30,2016-06-30,2021-08-06,-231020000.0,5297101000.0,5294896750.0,2244387000.0,3052714000.0,1.387,20.498,-170315000.0,162344000.0,162344000.0,6483093000.0,251662000.0,1.858,0.654,406722000.0,5603000.0,401119000.0,406722000.0,388314000.0,199806000.0,0.0,0.0,0.0,323918000.0,523724000.0,0.071,523724000.0,323918000.0,311797000.0,1.45,1.45,1.45,3200323000.0,3161433500.0,3200323000.0,3585872501.0,11.0,6.847,447514000.0,2.866,1.0,861784000.0,0.117,1798811000.0,12121000.0,2534579000.0,2539503750.0,74976000.0,0.0,0.0,0.0,2093927000.0,1208089000.0,885838000.0,3332975501.0,96917000.0,-88824000.0,-1251850000.0,191582000.0,0.0,-1095008000.0,575140000.0,-6451000.0,617829000.0,-1044000.0,248372000.0,248372000.0,248372000.0,0.0,3290000.0,0.034,704519000.0,157265000.0,811521000.0,0.0,1.041,13.419,15.945,1160870000.0,0.0,23.12,0.454,0.491,1851030000.0,1714756000.0,7344877000.0,7344877000.0,0.0,0.047,0.079,0.128,0.044,40980000.0,612608000.0,1.0,144159840.0,156128000,156130000.0,47.044,3498290000.0,0.0,63425000.0,200683000.0,22.407,1036298000.0
21,PWR,MRT,2016-03-31,2016-03-31,2016-03-31,2021-08-06,-234103000.0,5295519000.0,5503249000.0,2248374000.0,3047145000.0,1.349,19.475,-169385000.0,155315000.0,155315000.0,6535715000.0,284498000.0,1.819,0.669,408212000.0,4154000.0,404058000.0,408212000.0,437455000.0,198667000.0,0.0,0.0,0.0,368446000.0,567113000.0,0.076,567113000.0,368446000.0,358233000.0,1.56,1.56,1.56,3170545000.0,3410413750.0,3170545000.0,3803245665.0,10.0,6.706,498190000.0,3.06,1.0,889072000.0,0.12,1806703000.0,10213000.0,2505802000.0,2723326750.0,72643000.0,0.0,0.0,0.0,2122290000.0,1235911000.0,886379000.0,3449585665.0,19781000.0,-125346000.0,-1424014000.0,283708000.0,0.0,-1176383000.0,528583000.0,-4083000.0,667575000.0,6000.0,277919000.0,277919000.0,277919000.0,-14102000.0,6579000.0,0.037,698425000.0,190647000.0,791214000.0,0.0,1.088,12.412,14.462,1153884000.0,0.0,22.56,0.465,0.495,1876473000.0,1698194000.0,7424787000.0,7424787000.0,0.0,0.051,0.081,0.135,0.05,41188000.0,605924000.0,1.0,152907166.0,162803000,162806000.0,45.606,3488816000.0,0.0,80314000.0,205945000.0,21.43,1012463000.0
22,PWR,MRT,2015-12-31,2015-12-31,2015-12-31,2021-08-06,-294689000.0,5213543000.0,5714577750.0,2277519000.0,2936024000.0,1.325,15.814,-184001000.0,128771000.0,128771000.0,6648771000.0,321824000.0,1.892,0.689,482431000.0,7067000.0,475364000.0,482431000.0,399230000.0,197693000.0,0.0,0.0,0.0,416403000.0,614096000.0,0.081,614096000.0,416403000.0,408379000.0,1.59,1.59,1.59,3085494000.0,3692149500.0,3085494000.0,3397226492.0,8.0,5.532,466990000.0,2.393,1.0,923665000.0,0.122,1757732000.0,8024000.0,2605727000.0,2804599250.0,75285000.0,0.0,0.0,0.0,2125728000.0,1203744000.0,921984000.0,3095861492.0,-61744000.0,-118988000.0,-1605989000.0,410652000.0,0.0,-1227844000.0,518263000.0,-4338000.0,650991000.0,-3154000.0,310907000.0,310907000.0,310907000.0,0.0,10917000.0,0.041,686162000.0,237503000.0,782134000.0,0.0,1.003,9.958,12.736,1101959000.0,0.0,20.25,0.409,0.522,1938878000.0,1677698000.0,7572436000.0,7572436000.0,0.0,0.054,0.084,0.148,0.055,36939000.0,592863000.0,1.0,152882049.0,195113000,195120000.0,38.811,3455811000.0,0.0,97472000.0,186491000.0,17.712,1073775000.0
23,PWR,MRT,2015-09-30,2015-09-30,2015-09-30,2021-08-06,-264844000.0,5373424000.0,5974587750.0,2362664000.0,3010760000.0,1.289,16.879,-206397000.0,49194000.0,49194000.0,6688524000.0,397681000.0,1.762,0.68,350559000.0,2350000.0,348209000.0,350559000.0,252505000.0,194020000.0,0.0,0.0,0.0,515299000.0,709319000.0,0.092,709319000.0,515299000.0,508869000.0,1.92,1.92,1.92,3189372000.0,4049394250.0,3189372000.0,4916769253.0,10.0,6.932,483896000.0,2.561,1.0,1012254000.0,0.131,1822344000.0,6430000.0,2511907000.0,2952628250.0,64690000.0,0.0,0.0,0.0,2169510000.0,1340538000.0,828972000.0,4765303253.0,-94965000.0,-206749000.0,-1577601000.0,274712000.0,0.0,-1319515000.0,541731000.0,6791000.0,690293000.0,-7474000.0,382557000.0,382557000.0,382557000.0,-14102000.0,15124000.0,0.05,680728000.0,331526000.0,938535000.0,0.0,1.494,12.456,12.609,1125501000.0,0.0,24.21,0.619,0.594,2052335000.0,1682772000.0,7700778000.0,7700778000.0,0.0,0.064,0.094,0.175,0.067,38105000.0,645957000.0,1.0,196832022.0,188951000,188961000.0,40.755,3551080000.0,0.0,126312000.0,226078000.0,18.794,1022126000.0
24,PWR,MRT,2015-06-30,2015-06-30,2015-06-30,2021-08-06,-197339000.0,6130510000.0,6188554000.0,2315567000.0,3814943000.0,1.278,19.696,-231534000.0,65427000.0,65427000.0,6793356000.0,278740000.0,1.964,0.458,216893000.0,2638000.0,214255000.0,216893000.0,233715000.0,190026000.0,0.0,0.0,0.0,397665000.0,587691000.0,0.074,587691000.0,397665000.0,391935000.0,1.2,1.2,1.2,4196244000.0,4369810500.0,4196244000.0,5882543732.0,15.0,10.01,413850000.0,1.943,1.0,1113942000.0,0.141,1832957000.0,5730000.0,3269871000.0,3057732750.0,55815000.0,0.0,0.0,0.0,1920792000.0,1179148000.0,741644000.0,5893635732.0,-123521000.0,-257980000.0,-402108000.0,191027000.0,0.0,-228687000.0,-527466000.0,7137000.0,645384000.0,-12752000.0,260817000.0,260817000.0,260817000.0,-14102000.0,17923000.0,0.033,732010000.0,381932000.0,875152000.0,0.0,1.405,22.597,24.017,1129597000.0,0.0,28.82,0.745,0.776,1974344000.0,1466384000.0,7907298000.0,7907298000.0,0.0,0.042,0.06,0.13,0.05,35459000.0,696764000.0,1.0,204498117.0,213047000,213059000.0,37.115,4297553000.0,0.0,131118000.0,229422000.0,20.172,1136419000.0
25,PWR,MRT,2015-03-31,2015-03-31,2015-03-31,2021-08-06,-212244000.0,6140834000.0,6133191250.0,2387640000.0,3753194000.0,1.284,19.944,-234493000.0,135534000.0,135534000.0,6722521000.0,314619000.0,2.124,0.426,124442000.0,9440000.0,115002000.0,124442000.0,240243000.0,182374000.0,0.0,0.0,0.0,441727000.0,624101000.0,0.079,624101000.0,441727000.0,436544000.0,1.35,1.35,1.35,4297488000.0,4417214500.0,4297488000.0,5714771166.0,13.0,9.157,326091000.0,1.513,1.0,1150646000.0,0.146,2174540000.0,5183000.0,2830892000.0,2915691000.0,45824000.0,0.0,0.0,0.0,1830081000.0,1124310000.0,705771000.0,5823921166.0,-137806000.0,-224519000.0,-274651000.0,99309000.0,0.0,-190336000.0,-497724000.0,6277000.0,560584000.0,-10330000.0,295790000.0,295790000.0,295790000.0,0.0,18829000.0,0.038,716768000.0,433878000.0,874627000.0,0.0,1.355,19.689,21.133,1480097000.0,0.0,28.53,0.74,0.781,1983865000.0,1420275000.0,7873167000.0,7873167000.0,0.0,0.048,0.067,0.151,0.056,35639000.0,682051000.0,1.0,204133234.0,215473000,215490000.0,36.539,3966294000.0,0.0,140754000.0,299809000.0,18.407,1263330000.0
26,PWR,MRT,2014-12-31,2014-12-31,2014-12-31,2021-08-06,-123290000.0,6253583000.0,6054637750.0,2495704000.0,3757879000.0,1.28,20.551,-233020000.0,190515000.0,190515000.0,6578435000.0,315082000.0,2.256,0.383,81365000.0,8876000.0,72489000.0,81365000.0,251113000.0,175363000.0,0.0,0.0,0.0,440486000.0,615849000.0,0.079,615849000.0,440486000.0,435721000.0,1.35,1.35,1.35,4514473000.0,4419293750.0,4514473000.0,5972559203.0,14.0,9.698,77804000.0,0.354,1.0,1168794000.0,0.151,1840279000.0,4765000.0,3197843000.0,2839315750.0,38921000.0,0.0,0.0,0.0,1728043000.0,1106311000.0,621732000.0,6031846203.0,-298262000.0,-265345000.0,-92303000.0,46825000.0,0.0,-58347000.0,-542866000.0,6214000.0,310824000.0,-7873000.0,296714000.0,296714000.0,296714000.0,0.0,18368000.0,0.038,739734000.0,429060000.0,825231000.0,0.0,1.336,20.329,21.03,1099574000.0,0.0,28.39,0.779,0.805,2091557000.0,1366791000.0,7747229000.0,7747229000.0,0.0,0.049,0.067,0.155,0.057,35886000.0,705477000.0,1.0,212463762.0,219668000,219690000.0,35.268,4413304000.0,0.0,139007000.0,215981000.0,20.091,1389393000.0
27,PWR,MRT,2014-09-30,2014-09-30,2014-09-30,2021-08-06,-73944000.0,6229289000.0,5939553250.0,2536467000.0,3692822000.0,1.255,20.37,-193804000.0,144159000.0,144159000.0,6345593000.0,415424000.0,2.248,0.389,84872000.0,1686000.0,83186000.0,84872000.0,242273000.0,161325000.0,0.0,0.0,0.0,583186000.0,744511000.0,0.1,744511000.0,583186000.0,578567000.0,1.82,1.82,1.82,4471037000.0,4349222500.0,4471037000.0,7524689393.0,13.0,10.107,45211000.0,0.206,1.0,1107506000.0,0.149,2109550000.0,4619000.0,2932325000.0,2608765250.0,39411000.0,0.0,0.0,0.0,1740658000.0,1128127000.0,612531000.0,7707820393.0,-164994000.0,-126018000.0,-43764000.0,46962000.0,0.0,-7007000.0,-383396000.0,3956000.0,239015000.0,-13606000.0,396835000.0,396835000.0,396835000.0,0.0,18589000.0,0.053,666474000.0,441032000.0,884168000.0,0.0,1.724,19.423,19.94,1388134000.0,0.0,36.29,1.034,1.069,2190018000.0,1300215000.0,7453099000.0,7453099000.0,0.0,0.067,0.091,0.224,0.078,31986000.0,632443000.0,1.0,212395161.0,219492000,219517000.0,33.956,4119739000.0,0.0,181732000.0,251151000.0,18.769,1408340000.0
28,PWR,MRT,2014-06-30,2014-06-30,2014-06-30,2021-08-06,-23875000.0,5909059000.0,5755973000.0,2242928000.0,3666131000.0,1.208,19.971,-175734000.0,188948000.0,188948000.0,5908617000.0,413818000.0,2.319,0.344,5817000.0,1670000.0,4147000.0,5817000.0,230930000.0,156614000.0,0.0,0.0,0.0,585912000.0,742526000.0,0.107,742526000.0,585912000.0,582139000.0,1.82,1.82,1.82,4385860000.0,4235446500.0,4385860000.0,7114329087.0,12.0,9.581,81173000.0,0.37,1.0,1043656000.0,0.15,2057028000.0,3773000.0,2701704000.0,2471410500.0,40772000.0,0.0,0.0,0.0,1507972000.0,967196000.0,540776000.0,7381463087.0,-174165000.0,-169832000.0,-43915000.0,-11206000.0,0.0,-65785000.0,-358755000.0,5564000.0,256907000.0,-6532000.0,395093000.0,395093000.0,395093000.0,0.0,18725000.0,0.057,592830000.0,450826000.0,734596000.0,0.0,1.683,18.683,19.0,1311859000.0,0.0,34.58,1.062,1.092,1828366000.0,1205567000.0,6952273000.0,6952273000.0,0.0,0.069,0.093,0.237,0.084,33214000.0,560898000.0,1.0,213460471.0,219612000,219642000.0,31.657,3852031000.0,0.0,187046000.0,253394000.0,17.54,1275732000.0
29,PWR,MRT,2014-03-31,2014-03-31,2014-03-31,2021-08-06,-55219000.0,5826620000.0,5575691000.0,2214457000.0,3612163000.0,1.182,19.658,-219989000.0,273340000.0,273340000.0,5567710000.0,403100000.0,2.254,0.351,6206000.0,1650000.0,4556000.0,6206000.0,208640000.0,152624000.0,0.0,0.0,0.0,575383000.0,728007000.0,0.11,728007000.0,575383000.0,572235000.0,1.78,1.78,1.78,4305805000.0,4109611000.0,4305805000.0,7386198087.0,13.0,10.146,121938000.0,0.557,1.0,1020731000.0,0.155,2051620000.0,3148000.0,2525391000.0,2376583000.0,35604000.0,0.0,0.0,0.0,1509944000.0,982475000.0,527469000.0,7872741087.0,-93279000.0,-164498000.0,955000.0,-10826000.0,0.0,-21940000.0,-399385000.0,-9773000.0,341927000.0,-13881000.0,384248000.0,384248000.0,384248000.0,0.0,18852000.0,0.058,573528000.0,447203000.0,772185000.0,0.0,1.828,20.489,20.73,1269656000.0,0.0,36.9,1.195,1.227,1776823000.0,1124485000.0,6588441000.0,6588441000.0,0.0,0.069,0.093,0.242,0.087,32797000.0,544719000.0,1.0,213353417.0,219033000,219075000.0,30.08,3775000000.0,0.0,187987000.0,249717000.0,17.235,1231982000.0
30,PWR,MRT,2013-12-31,2013-12-31,2013-12-31,2021-08-06,-37236000.0,5793245000.0,5407740500.0,2313318000.0,3479927000.0,1.186,19.7,-207157000.0,488777000.0,488777000.0,5424644000.0,421309000.0,2.219,0.367,2234000.0,1181000.0,1053000.0,2234000.0,239106000.0,144695000.0,0.0,0.0,0.0,601464000.0,746159000.0,0.116,746159000.0,601464000.0,598796000.0,1.87,1.87,1.87,4234188000.0,3989692500.0,4234188000.0,6395576311.0,11.0,8.571,239435000.0,1.114,1.0,986933000.0,0.154,1988594000.0,2668000.0,2275641000.0,2306236000.0,31877000.0,0.0,0.0,0.0,1551926000.0,1042467000.0,509459000.0,6702090311.0,94076000.0,-97652000.0,1028000.0,-533000.0,0.0,-16651000.0,-319966000.0,-10032000.0,446592000.0,-15899000.0,401921000.0,401921000.0,401921000.0,0.0,19388000.0,0.063,510934000.0,475999000.0,802180000.0,0.0,1.583,16.675,16.877,1205608000.0,0.0,31.56,1.045,1.058,1652593000.0,1070077000.0,6411577000.0,6411577000.0,0.0,0.074,0.101,0.261,0.094,30658000.0,485069000.0,1.0,212360276.0,214929000,214978000.0,29.831,3804651000.0,0.0,196875000.0,244256000.0,17.702,1270851000.0
31,PWR,MRT,2013-09-30,2013-09-30,2013-09-30,2021-08-06,-11319000.0,5494968000.0,5244618500.0,2137387000.0,3357581000.0,1.216,18.69,-262049000.0,309153000.0,309153000.0,5339212000.0,352001000.0,2.215,0.366,2639000.0,2639000.0,0.0,2639000.0,204881000.0,156297000.0,0.0,0.0,0.0,518874000.0,675171000.0,0.106,675171000.0,518874000.0,516144000.0,1.56,1.56,1.56,4015933000.0,3872782500.0,4015933000.0,5420600239.0,10.0,8.028,118978000.0,0.554,1.0,1039349000.0,0.163,1840761000.0,2730000.0,2382906000.0,2273177000.0,35590000.0,0.0,0.0,0.0,1470714000.0,964787000.0,505927000.0,5783713239.0,180944000.0,-135913000.0,1684000.0,-125236000.0,0.0,-137249000.0,-55383000.0,-12332000.0,381027000.0,-7451000.0,334210000.0,334210000.0,334210000.0,20299000.0,17791000.0,0.052,500953000.0,538396000.0,757267000.0,0.0,1.44,17.306,17.635,1153629000.0,0.0,27.51,0.907,0.927,1666993000.0,903380000.0,6378561000.0,6378561000.0,0.0,0.064,0.086,0.228,0.081,30499000.0,474637000.0,1.0,210240394.0,214866000,214916000.0,29.686,3654207000.0,0.0,181934000.0,240394000.0,17.007,1172600000.0
32,PWR,MRT,2013-06-30,2013-06-30,2013-06-30,2021-08-06,-24439000.0,5187931000.0,5184694000.0,2176827000.0,3011104000.0,1.208,18.116,-281305000.0,363113000.0,363113000.0,5247134000.0,354448000.0,2.72,0.335,0.0,0.0,0.0,0.0,188418000.0,156401000.0,0.0,0.0,0.0,519941000.0,676342000.0,0.108,676342000.0,519941000.0,516723000.0,1.58,1.58,1.58,3882518000.0,3784524000.0,3882518000.0,5175196581.0,10.0,7.652,-43241000.0,-0.202,1.0,1018296000.0,0.163,1702009000.0,3218000.0,2322394000.0,2291657000.0,40852000.0,0.0,0.0,0.0,1300092000.0,800415000.0,499677000.0,5541815581.0,190245000.0,-10447000.0,2284000.0,-39023000.0,0.0,-54961000.0,8902000.0,-13326000.0,238064000.0,-1760000.0,337702000.0,337702000.0,337702000.0,7529000.0,16746000.0,0.054,493845000.0,524451000.0,611997000.0,0.0,1.427,16.41,16.747,1103212000.0,0.0,26.46,0.885,0.905,1687981000.0,810474000.0,6265430000.0,6265430000.0,0.0,0.065,0.089,0.227,0.083,29759000.0,464265000.0,1.0,209441254.0,214314000,214368000.0,29.235,3485922000.0,0.0,179021000.0,233467000.0,16.265,1376412000.0
33,PWR,MRT,2013-03-31,2013-03-31,2013-03-31,2021-08-06,710000.0,5154818000.0,5112037000.0,2185665000.0,2969153000.0,1.208,17.925,-217941000.0,366619000.0,366619000.0,5187299000.0,349519000.0,2.634,0.346,0.0,0.0,0.0,0.0,163236000.0,156984000.0,0.0,0.0,0.0,508807000.0,665791000.0,0.108,665791000.0,508807000.0,505134000.0,1.56,1.56,1.56,3826131000.0,3698028000.0,3826131000.0,5588061059.0,11.0,8.393,-11354000.0,-0.053,1.0,989916000.0,0.16,1714310000.0,3673000.0,2244003000.0,2238187500.0,37666000.0,0.0,0.0,0.0,1323997000.0,829886000.0,494111000.0,5982753059.0,189252000.0,-85189000.0,2403000.0,-56000.0,0.0,-21200000.0,5741000.0,0.0,206587000.0,-1876000.0,333003000.0,333003000.0,333003000.0,-91000.0,16516000.0,0.054,484294000.0,505622000.0,666650000.0,0.0,1.564,17.966,18.321,1071972000.0,0.0,28.58,0.969,0.988,1690819000.0,740237000.0,6177215000.0,6177215000.0,0.0,0.065,0.09,0.227,0.082,30750000.0,450467000.0,1.0,209333557.0,213453000,213512000.0,28.939,3440508000.0,0.0,172131000.0,227692000.0,16.118,1355779000.0
34,PWR,MRT,2012-12-31,2012-12-31,2012-12-31,2021-08-06,14453000.0,5140757000.0,5012166000.0,2201727000.0,2939030000.0,1.181,17.702,-197083000.0,394701000.0,394701000.0,4982562000.0,322656000.0,2.499,0.363,9000.0,9000.0,0.0,9000.0,173885000.0,157994000.0,0.0,0.0,0.0,469234000.0,627228000.0,0.106,627228000.0,469234000.0,465488000.0,1.44,1.44,1.44,3766548000.0,3606896750.0,3766548000.0,6022854498.0,13.0,9.602,-90866000.0,-0.427,1.0,937707000.0,0.158,1721481000.0,3746000.0,2143405000.0,2167087750.0,38261000.0,0.0,0.0,0.0,1368841000.0,881179000.0,487662000.0,6026045498.0,79352000.0,-122477000.0,2385000.0,-56000.0,0.0,-15344000.0,-13579000.0,0.0,106217000.0,2058000.0,306629000.0,306629000.0,306629000.0,0.0,16027000.0,0.052,472585000.0,465122000.0,707285000.0,0.0,1.6,19.653,18.951,1045983000.0,0.0,27.29,1.018,0.981,1670858000.0,668156000.0,5920269000.0,5920269000.0,0.0,0.061,0.085,0.217,0.079,25693000.0,434894000.0,1.0,220815152.0,212777000,212835000.0,27.824,3419276000.0,0.0,158859000.0,225050000.0,16.07,1320548000.0
35,PWR,MRT,2012-09-30,2012-09-30,2012-09-30,2021-08-06,19771000.0,5255270000.0,4901755250.0,2136427000.0,3118843000.0,1.087,17.185,-165441000.0,128210000.0,128210000.0,4536986000.0,291455000.0,2.309,0.433,125019000.0,19000.0,125000000.0,125019000.0,153827000.0,148878000.0,0.0,0.0,0.0,393334000.0,542212000.0,0.102,542212000.0,393334000.0,390283000.0,1.29,1.29,1.29,3662899000.0,3510747750.0,3662899000.0,5033765793.0,13.0,9.284,-73856000.0,-0.346,1.0,793013000.0,0.149,1869901000.0,3051000.0,2456826000.0,2114001000.0,55916000.0,0.0,0.0,0.0,1585026000.0,925352000.0,659674000.0,5167600793.0,-129629000.0,-183204000.0,1885000.0,124919000.0,0.0,108343000.0,-335052000.0,35000000.0,91585000.0,5495000.0,273957000.0,273957000.0,273957000.0,-20390000.0,17498000.0,0.051,418697000.0,374316000.0,771506000.0,0.0,1.411,18.863,19.147,1057046000.0,0.0,24.7,0.97,0.988,1819979000.0,569170000.0,5329999000.0,5329999000.0,0.0,0.056,0.078,0.186,0.074,23276000.0,382309000.0,1.0,209214607.0,213150000,213242000.0,25.006,3385369000.0,0.0,116326000.0,250351000.0,15.883,1211075000.0
36,PWR,MRT,2012-06-30,2012-06-30,2012-06-30,2021-08-06,-2522000.0,4897303000.0,4703926500.0,1824501000.0,3072802000.0,1.073,16.604,-137899000.0,172868000.0,172868000.0,4313114000.0,246199000.0,2.327,0.382,39033000.0,33000.0,39000000.0,39033000.0,148469000.0,145305000.0,0.0,0.0,0.0,346450000.0,491755000.0,0.097,491755000.0,346450000.0,343624000.0,1.09,1.09,1.09,3536534000.0,3418697250.0,3536534000.0,4856297614.0,14.0,9.875,54242000.0,0.255,1.0,735703000.0,0.146,1870981000.0,2826000.0,2108516000.0,1941962750.0,57649000.0,0.0,0.0,0.0,1351149000.0,783971000.0,567178000.0,5033608614.0,-207514000.0,-237137000.0,-53785000.0,37781000.0,0.0,-31974000.0,-361449000.0,31000000.0,192141000.0,-6232000.0,229553000.0,229553000.0,229553000.0,-7620000.0,16646000.0,0.045,394539000.0,341164000.0,635469000.0,0.0,1.423,21.928,22.083,1016737000.0,0.0,24.07,0.997,1.015,1491577000.0,472772000.0,5048817000.0,5048817000.0,0.0,0.049,0.067,0.178,0.069,21595000.0,360146000.0,1.0,209123748.0,212987000,213087000.0,23.705,3026322000.0,0.0,114071000.0,242226000.0,14.209,1040530000.0
37,PWR,MRT,2012-03-31,2012-03-31,2012-03-31,2021-08-06,12033000.0,4755334000.0,4552814500.0,1770113000.0,2985221000.0,1.027,16.368,-150103000.0,177367000.0,177367000.0,3996680000.0,210715000.0,2.321,0.371,56000.0,56000.0,0.0,56000.0,181766000.0,142642000.0,0.0,0.0,0.0,300349000.0,442991000.0,0.095,442991000.0,300349000.0,298226000.0,0.93,0.93,0.93,3461606000.0,3359210500.0,3461606000.0,4019918238.0,13.0,9.074,11897000.0,0.056,1.0,676889000.0,0.145,1855763000.0,2123000.0,1959604000.0,1829678750.0,72263000.0,0.0,0.0,0.0,1284620000.0,762656000.0,521964000.0,4335211238.0,-325652000.0,-161470000.0,-148708000.0,-1140000.0,0.0,-160158000.0,-327877000.0,-4000000.0,162000000.0,383000.0,195816000.0,195816000.0,195816000.0,0.0,14899000.0,0.042,376340000.0,300549000.0,580834000.0,0.0,1.252,22.139,22.473,985672000.0,0.0,20.9,0.928,0.946,1422392000.0,407234000.0,4673569000.0,4673569000.0,0.0,0.043,0.058,0.164,0.064,17567000.0,344402000.0,1.0,207426375.0,211481000,211592000.0,22.099,2899571000.0,0.0,102410000.0,231864000.0,13.711,1007457000.0
38,PWR,MRT,2011-12-31,2011-12-31,2011-12-31,2021-08-06,710000.0,4699114000.0,4445121500.0,1765154000.0,2933960000.0,0.943,15.904,-153143000.0,315349000.0,315349000.0,3632048000.0,144416000.0,2.26,0.387,56000.0,56000.0,0.0,56000.0,144599000.0,138913000.0,0.0,0.0,0.0,197414000.0,336327000.0,0.08,336327000.0,197414000.0,195611000.0,0.62,0.62,0.62,3381952000.0,3333090250.0,3381952000.0,4184336373.0,21.0,12.441,64887000.0,0.305,1.0,561716000.0,0.134,1671687000.0,1803000.0,1931058000.0,1736405000.0,62519000.0,0.0,0.0,0.0,1309851000.0,781076000.0,528775000.0,4442074373.0,-223872000.0,-114660000.0,-148680000.0,-1337000.0,0.0,-158733000.0,-281217000.0,-4000000.0,218030000.0,-1952000.0,132515000.0,132515000.0,132515000.0,0.0,11901000.0,0.032,366874000.0,194842000.0,570572000.0,0.0,1.313,33.521,34.742,938902000.0,0.0,21.54,1.059,1.092,1149054000.0,361527000.0,4193764000.0,4193764000.0,0.0,0.03,0.04,0.114,0.047,18115000.0,337835000.0,1.0,206224437.0,212648000,213168000.0,19.722,3027427000.0,0.0,63096000.0,233644000.0,14.237,984078000.0
39,PWR,MRT,2011-09-30,2011-09-30,2011-09-30,2021-08-06,-5528000.0,4463955000.0,4355646000.0,1576877000.0,2887078000.0,0.899,15.646,-150268000.0,257838000.0,257838000.0,3381314000.0,108042000.0,2.42,0.352,100000.0,100000.0,0.0,100000.0,123668000.0,138074000.0,0.0,0.0,0.0,170224000.0,308298000.0,0.079,308298000.0,170224000.0,168734000.0,0.48,0.47,0.48,3294697000.0,3328991000.0,3294697000.0,3518299915.0,21.0,11.412,204077000.0,0.969,1.0,534019000.0,0.136,1785836000.0,1490000.0,1768673000.0,1640565750.0,74024000.0,0.0,0.0,0.0,1160958000.0,651708000.0,509250000.0,3897466915.0,-183409000.0,-184184000.0,-148914000.0,-161000.0,0.0,-154528000.0,-378240000.0,-39000000.0,354345000.0,-4986000.0,99867000.0,99867000.0,99867000.0,0.0,8175000.0,0.026,366909000.0,167110000.0,527940000.0,0.0,1.183,39.027,39.146,956604000.0,0.0,18.79,0.995,1.011,1142284000.0,295213000.0,3915333000.0,3915333000.0,0.0,0.023,0.03,0.104,0.043,17967000.0,336156000.0,1.0,207422401.0,210583000,210692000.0,18.593,2678119000.0,0.0,68867000.0,231662000.0,12.718,925169000.0
40,PWR,MRT,2011-06-30,2011-06-30,2011-06-30,2021-08-06,23117000.0,4292855000.0,4272397750.0,1476580000.0,2816275000.0,0.906,15.355,-136515000.0,380382000.0,380382000.0,3341198000.0,116142000.0,2.93,0.3,1215000.0,1215000.0,0.0,1215000.0,92483000.0,140542000.0,0.0,0.0,0.0,174689000.0,315231000.0,0.081,315231000.0,174689000.0,173668000.0,0.53,0.52,0.53,3298587000.0,3314087750.0,3298587000.0,3775298675.0,22.0,11.976,122338000.0,0.569,1.0,529323000.0,0.137,1750348000.0,1021000.0,1659380000.0,1593266500.0,62216000.0,0.0,0.0,0.0,989574000.0,503960000.0,485614000.0,4277161675.0,-139436000.0,-130251000.0,-93857000.0,950000.0,0.0,-94069000.0,-306099000.0,-35000000.0,258853000.0,1879000.0,110653000.0,110653000.0,110653000.0,0.0,5489000.0,0.029,361633000.0,167690000.0,410262000.0,0.0,1.297,38.654,38.113,938567000.0,0.0,20.2,1.105,1.121,922361000.0,243219000.0,3870521000.0,3870521000.0,0.0,0.026,0.033,0.11,0.045,18668000.0,325779000.0,1.0,211740677.0,214827000,215023000.0,18.017,2542507000.0,0.0,63015000.0,211070000.0,11.835,972620000.0
41,PWR,MRT,2011-03-31,2011-03-31,2011-03-31,2021-08-06,25300000.0,4324562000.0,4189259500.0,1562324000.0,2762238000.0,0.89,15.675,-109887000.0,503019000.0,503019000.0,3198839000.0,115152000.0,3.237,0.287,1156000.0,1156000.0,0.0,1156000.0,86706000.0,140884000.0,0.0,0.0,0.0,176304000.0,317188000.0,0.085,317188000.0,176304000.0,174011000.0,0.54,0.53,0.54,3357125000.0,3280602750.0,3357125000.0,4198847942.0,24.0,13.238,121347000.0,0.567,1.0,531270000.0,0.142,1753479000.0,2293000.0,1586509000.0,1528675000.0,53091000.0,0.0,0.0,0.0,964784000.0,482711000.0,482073000.0,4736741942.0,-156805000.0,-130251000.0,851000.0,-142908000.0,0.0,-142246000.0,-244471000.0,0.0,231234000.0,-1322000.0,111838000.0,111838000.0,111838000.0,0.0,3314000.0,0.03,356485000.0,174785000.0,394849000.0,0.0,1.411,42.354,41.537,910530000.0,0.0,22.43,1.27,1.288,878065000.0,211418000.0,3730109000.0,3730109000.0,0.0,0.027,0.034,0.115,0.047,17973000.0,318412000.0,1.0,211178865.0,214167000,214167000.0,17.417,2571083000.0,0.0,62173000.0,214187000.0,12.005,1079613000.0
42,PWR,MRT,2010-12-31,2010-12-31,2010-12-31,2021-08-06,14122000.0,4341212000.0,4120407000.0,1596364000.0,2744848000.0,0.881,16.023,-119669000.0,539221000.0,539221000.0,3039912000.0,155557000.0,3.19,0.289,1327000.0,1327000.0,0.0,1327000.0,83121000.0,138854000.0,0.0,0.0,0.0,246962000.0,385816000.0,0.106,385816000.0,246962000.0,242060000.0,0.73,0.72,0.73,3365555000.0,3225396500.0,3365555000.0,3774144051.0,15.0,9.782,120589000.0,0.574,1.0,589521000.0,0.162,1755222000.0,4902000.0,1547701000.0,1503629750.0,51754000.0,0.0,0.0,0.0,974293000.0,500395000.0,473898000.0,4215129051.0,-160408000.0,-130251000.0,534000.0,-146005000.0,0.0,-145705000.0,-254253000.0,0.0,240258000.0,-708000.0,153176000.0,153176000.0,153176000.0,0.0,2381000.0,0.042,345530000.0,243991000.0,415947000.0,0.0,1.252,27.518,27.288,900768000.0,0.0,19.92,1.161,1.153,901862000.0,229012000.0,3629433000.0,3629433000.0,0.0,0.037,0.047,0.164,0.068,18479000.0,307875000.0,1.0,211602864.0,210046000,211796000.0,17.279,2585990000.0,0.0,88884000.0,212200000.0,12.312,1095969000.0
43,PWR,MRT,2010-09-30,2010-09-30,2010-09-30,2021-08-06,5775000.0,4130962000.0,4064342500.0,1621262000.0,2509700000.0,0.937,15.447,-131423000.0,441247000.0,441247000.0,3144095000.0,165568000.0,3.214,0.276,262000.0,262000.0,0.0,262000.0,63258000.0,158728000.0,0.0,0.0,0.0,266429000.0,425157000.0,0.112,425157000.0,266429000.0,258937000.0,0.78,0.79,0.78,3235084000.0,3161303500.0,3235084000.0,3505888309.0,13.0,8.246,-55656000.0,-0.266,1.0,666120000.0,0.175,1606104000.0,7492000.0,1579476000.0,1471027250.0,46445000.0,0.0,0.0,0.0,892887000.0,504397000.0,388490000.0,4025405309.0,-142791000.0,50382000.0,785000.0,-143974000.0,0.0,-141135000.0,-81041000.0,0.0,75767000.0,3618000.0,163455000.0,163455000.0,163455000.0,0.0,2113000.0,0.043,392012000.0,274108000.0,440877000.0,0.0,1.244,24.627,24.462,864279000.0,0.0,19.08,1.056,1.049,1053612000.0,195346000.0,3810215000.0,3810215000.0,0.0,0.04,0.052,0.181,0.07,20651000.0,339986000.0,1.0,210975121.0,209428000,211096000.0,18.193,2524858000.0,0.0,95482000.0,176879000.0,12.056,1116865000.0
44,PWR,MRT,2010-06-30,2010-06-30,2010-06-30,2021-08-06,3812000.0,3960302000.0,3940128250.0,1425373000.0,2534929000.0,0.859,15.113,-140833000.0,519818000.0,519818000.0,2761248000.0,165824000.0,3.391,0.251,301000.0,301000.0,0.0,301000.0,42936000.0,144852000.0,0.0,0.0,0.0,243463000.0,388315000.0,0.115,388315000.0,243463000.0,233424000.0,0.8,0.81,0.8,3164647000.0,3058249750.0,3164647000.0,3823846932.0,16.0,9.847,97600000.0,0.466,1.0,623754000.0,0.184,1619416000.0,10039000.0,1401014000.0,1395796750.0,40690000.0,0.0,0.0,0.0,793584000.0,420355000.0,373229000.0,4355561932.0,-4538000.0,36234000.0,1253000.0,-143939000.0,0.0,-140500000.0,-104599000.0,0.0,238433000.0,2128000.0,164111000.0,164111000.0,164111000.0,0.0,1713000.0,0.048,373045000.0,250709000.0,377118000.0,0.0,1.376,26.54,25.812,875981000.0,0.0,20.65,1.287,1.277,799776000.0,132566000.0,3385002000.0,3385002000.0,0.0,0.042,0.054,0.174,0.072,19785000.0,328967000.0,1.0,210923096.0,209399000,211082000.0,16.165,2340886000.0,0.0,69313000.0,156256000.0,11.179,1005018000.0
45,PWR,MRT,2010-03-31,2010-03-31,2010-03-31,2021-08-06,6624000.0,4049152000.0,3849928250.0,1505484000.0,2543668000.0,0.864,15.03,-159344000.0,659824000.0,659824000.0,2722380000.0,166145000.0,3.741,0.291,128109000.0,364000.0,127745000.0,128109000.0,66368000.0,133572000.0,0.0,0.0,0.0,246657000.0,380229000.0,0.114,380229000.0,246657000.0,235342000.0,0.81,0.82,0.81,3136300000.0,2950369250.0,3136300000.0,3442433490.0,14.0,9.054,109978000.0,0.527,1.0,605499000.0,0.182,1628652000.0,11315000.0,1486328000.0,1364223500.0,33176000.0,0.0,0.0,0.0,911118000.0,402457000.0,508661000.0,4012028490.0,151015000.0,36234000.0,1046000.0,-2080000.0,0.0,1058000.0,-123110000.0,0.0,269322000.0,3745000.0,164552000.0,164552000.0,164552000.0,0.0,1593000.0,0.049,359709000.0,245790000.0,335725000.0,0.0,1.279,24.382,23.654,870260000.0,0.0,19.16,1.206,1.201,729260000.0,99580000.0,3327879000.0,3327879000.0,0.0,0.043,0.056,0.181,0.074,19083000.0,319815000.0,1.0,209396059.0,208673000,210342000.0,15.948,2420500000.0,0.0,70790000.0,163172000.0,11.599,1103027000.0
46,PWR,MRT,2009-12-31,2009-12-31,2009-12-31,2021-08-06,3502000.0,4116954000.0,3720510250.0,1582792000.0,2534162000.0,0.892,15.489,-155916000.0,699629000.0,699629000.0,2724638000.0,163535000.0,3.193,0.324,130034000.0,3426000.0,126608000.0,130034000.0,70228000.0,125814000.0,0.0,0.0,0.0,243626000.0,369440000.0,0.111,369440000.0,243626000.0,232357000.0,0.81,0.81,0.81,3109183000.0,2839260750.0,3109183000.0,3914421911.0,16.0,10.596,220982000.0,1.101,1.0,593488000.0,0.179,1634380000.0,11269000.0,1417291000.0,1303676500.0,33451000.0,0.0,0.0,0.0,1006393000.0,495688000.0,510705000.0,4372929911.0,261728000.0,36234000.0,975000.0,2015000.0,0.0,1481000.0,-119682000.0,0.0,376898000.0,3031000.0,162162000.0,162162000.0,162162000.0,0.0,1373000.0,0.049,351366000.0,242122000.0,422034000.0,0.0,1.406,26.966,25.728,854437000.0,0.0,20.84,1.318,1.261,749499000.0,75836000.0,3318126000.0,3318126000.0,0.0,0.044,0.057,0.187,0.073,21384000.0,312414000.0,1.0,209833489.0,200733000,201311000.0,16.53,2482574000.0,0.0,70195000.0,167575000.0,12.368,1087104000.0
47,PWR,MRT,2009-09-30,2009-09-30,2009-09-30,2021-08-06,1793000.0,3634105000.0,3580811500.0,1402960000.0,2231145000.0,0.909,14.213,-132497000.0,584038000.0,584038000.0,2684963000.0,165579000.0,3.597,0.287,125530000.0,37000.0,125493000.0,125530000.0,51465000.0,102301000.0,0.0,0.0,0.0,250916000.0,353217000.0,0.109,353217000.0,250916000.0,239630000.0,0.84,0.84,0.84,2822869000.0,2732558500.0,2822869000.0,3989009785.0,16.0,11.293,338474000.0,1.704,1.0,569274000.0,0.175,1506955000.0,11286000.0,1278554000.0,1271372000.0,31920000.0,0.0,0.0,0.0,810363000.0,390088000.0,420275000.0,4388963785.0,315364000.0,-20967000.0,670000.0,-165000.0,0.0,-1447000.0,-153464000.0,0.0,470971000.0,1549000.0,164706000.0,164706000.0,164706000.0,0.0,873000.0,0.051,321952000.0,247322000.0,338586000.0,0.0,1.555,26.647,26.345,692543000.0,0.0,22.13,1.349,1.351,725630000.0,20731000.0,3254237000.0,3254237000.0,0.0,0.046,0.06,0.197,0.077,20877000.0,299856000.0,1.0,198326425.0,198608000,205224000.0,16.385,2127150000.0,0.0,74924000.0,100836000.0,10.71,1012872000.0
48,PWR,MRT,2009-06-30,2009-06-30,2009-06-30,2021-08-06,-450000.0,3599502000.0,3562927500.0,1385892000.0,2213610000.0,0.99,13.783,-148278000.0,524356000.0,524356000.0,2919586000.0,153560000.0,3.218,0.317,124402000.0,2000.0,124400000.0,124402000.0,66206000.0,105083000.0,0.0,0.0,0.0,277732000.0,382815000.0,0.109,382815000.0,277732000.0,259425000.0,0.82,0.8,0.82,2733125000.0,2611709250.0,2733125000.0,4202997590.0,15.0,10.979,231550000.0,1.168,1.0,607212000.0,0.172,1494105000.0,18307000.0,1274721000.0,1307846250.0,27967000.0,0.0,0.0,0.0,866024000.0,430722000.0,435302000.0,4586523590.0,218548000.0,-11638000.0,481000.0,-205000.0,0.0,-1473000.0,-159916000.0,0.0,379828000.0,1126000.0,153207000.0,153207000.0,153207000.0,0.0,353000.0,0.043,334610000.0,272602000.0,364514000.0,0.0,1.678,29.937,28.207,677346000.0,0.0,23.13,1.3,1.301,772718000.0,-42704000.0,3526798000.0,3526798000.0,0.0,0.043,0.059,0.212,0.079,19748000.0,308964000.0,1.0,198293281.0,198300000,198379000.0,17.785,2105397000.0,0.0,106218000.0,92001000.0,10.617,955170000.0
49,PWR,MRT,2009-03-31,2009-03-31,2009-03-31,2021-08-06,-3623000.0,3531480000.0,3535675500.0,1341386000.0,2190094000.0,1.039,13.616,-158645000.0,508809000.0,508809000.0,3046181000.0,157584000.0,3.314,0.312,125283000.0,1956000.0,123327000.0,125283000.0,59563000.0,109046000.0,0.0,0.0,0.0,292145000.0,401191000.0,0.109,401191000.0,292145000.0,266919000.0,0.87,0.84,0.87,2691866000.0,2497888750.0,2691866000.0,3931220346.0,13.0,9.799,179871000.0,0.91,1.0,628120000.0,0.171,1499012000.0,25226000.0,1244140000.0,1317193000.0,25787000.0,0.0,0.0,0.0,839478000.0,404802000.0,434676000.0,4224216346.0,135413000.0,-34360000.0,4694000.0,1094000.0,0.0,5188000.0,-207578000.0,0.0,338516000.0,489000.0,157448000.0,157448000.0,157448000.0,0.0,136000.0,0.043,342902000.0,285218000.0,343283000.0,0.0,1.569,26.829,24.655,654438000.0,0.0,21.45,1.15,1.154,744058000.0,-76131000.0,3674301000.0,3674301000.0,0.0,0.045,0.063,0.222,0.08,18218000.0,312286000.0,1.0,196933163.0,197704000,197733000.0,18.585,2032468000.0,0.0,109471000.0,91817000.0,10.28,936584000.0
50,PWR,MRT,2008-12-31,2008-12-31,2008-12-31,2021-08-06,-2956000.0,3558159000.0,3502320250.0,1385407000.0,2172752000.0,1.079,15.067,-170227000.0,437901000.0,437901000.0,3145347000.0,157565000.0,3.066,0.326,123430000.0,1155000.0,122275000.0,123430000.0,50390000.0,113954000.0,0.0,0.0,0.0,299272000.0,413226000.0,0.109,413226000.0,299272000.0,267270000.0,0.89,0.87,0.89,2682374000.0,2377417000.0,2682374000.0,4052794704.0,14.0,9.808,72273000.0,0.406,1.0,634866000.0,0.168,1503817000.0,32002000.0,1288073000.0,1306826750.0,25813000.0,0.0,0.0,0.0,875785000.0,451798000.0,423987000.0,3906626704.0,30820000.0,-34547000.0,5987000.0,-16000.0,0.0,8237000.0,-219347000.0,0.0,242500000.0,-570000.0,157565000.0,157565000.0,157565000.0,0.0,0.0,0.042,345699000.0,289167000.0,400253000.0,0.0,1.456,24.794,22.247,635456000.0,0.0,19.8,1.033,0.933,849630000.0,-86326000.0,3780213000.0,3780213000.0,0.0,0.045,0.066,0.229,0.079,14426000.0,309399000.0,1.0,197304379.0,178033000,196975000.0,21.233,2054342000.0,0.0,109705000.0,83861000.0,11.539,933609000.0
51,PWR,MRT,2008-09-30,2008-09-30,2008-09-30,2021-08-06,1418000.0,3562569000.0,3459738500.0,1382782000.0,2179787000.0,1.08,13.522,-207959000.0,266429000.0,266429000.0,3118663000.0,133388000.0,1.772,0.523,412597000.0,268847000.0,143750000.0,412597000.0,51514000.0,117116000.0,0.0,0.0,0.0,278483000.0,395599000.0,0.106,395599000.0,278483000.0,226263000.0,0.74,0.78,0.74,2339472000.0,2253109250.0,2339472000.0,4847252028.0,17.0,12.253,-53859000.0,-0.311,1.0,619008000.0,0.166,1503936000.0,52220000.0,1424451000.0,1267381000.0,26335000.0,0.0,0.0,0.0,1223097000.0,780350000.0,442747000.0,4738195028.0,-101099000.0,-48727000.0,9936000.0,-168000.0,0.0,12397000.0,-271259000.0,0.0,154100000.0,-279000.0,133388000.0,133388000.0,133388000.0,-46000.0,0.0,0.036,353740000.0,265268000.0,459989000.0,0.0,2.025,35.522,36.5,640079000.0,0.0,27.01,1.268,1.25,1030423000.0,-94563000.0,3737671000.0,3737671000.0,0.0,0.039,0.059,0.22,0.075,13925000.0,311849000.0,1.0,175423733.0,173007000,203930000.0,21.604,2058633000.0,0.0,92875000.0,79580000.0,11.899,602432000.0
52,PWR,MRT,2008-06-30,2008-06-30,2008-06-30,2021-08-06,2646000.0,3490494000.0,3387764750.0,1317621000.0,2172873000.0,0.986,13.213,-166727000.0,304791000.0,304791000.0,2791686000.0,130772000.0,1.746,0.532,413848000.0,270098000.0,143750000.0,413848000.0,48688000.0,106972000.0,0.0,0.0,0.0,237511000.0,344483000.0,0.103,344483000.0,237511000.0,189963000.0,0.8,0.81,0.8,2277843000.0,2201919000.0,2277843000.0,5777150786.0,24.0,16.77,13337000.0,0.077,1.0,548495000.0,0.164,1532933000.0,47548000.0,1312108000.0,1258436000.0,31033000.0,0.0,0.0,0.0,1212651000.0,754510000.0,458141000.0,5734879786.0,-99984000.0,-23312000.0,11840000.0,-93934000.0,0.0,-79099000.0,-204612000.0,0.0,180064000.0,2646000.0,130772000.0,130772000.0,130772000.0,-2417000.0,0.0,0.039,329300000.0,219195000.0,435724000.0,0.0,2.518,43.854,41.587,605536000.0,0.0,33.27,1.717,1.717,903226000.0,-149421000.0,3340181000.0,3340181000.0,0.0,0.039,0.059,0.189,0.071,11105000.0,291539000.0,1.0,172373904.0,172393000,197021000.0,19.375,1957561000.0,0.0,59191000.0,98900000.0,11.355,563111000.0
53,PWR,MRT,2008-03-31,2008-03-31,2008-03-31,2021-08-06,2461000.0,3398059000.0,2935748750.0,1307137000.0,2090922000.0,0.999,12.914,-126915000.0,372194000.0,372194000.0,2456467000.0,114970000.0,1.766,0.538,414465000.0,270715000.0,143750000.0,414465000.0,58473000.0,91122000.0,0.0,0.0,0.0,205976000.0,297098000.0,0.101,297098000.0,205976000.0,162606000.0,0.76,0.77,0.76,2209979000.0,1834661000.0,2209979000.0,3953976188.0,19.0,13.309,43462000.0,0.254,1.0,475052000.0,0.162,1497405000.0,43370000.0,1202675000.0,1201421250.0,24980000.0,0.0,0.0,0.0,1188080000.0,740250000.0,447830000.0,3946296188.0,-33036000.0,-2588000.0,10348000.0,-93368000.0,0.0,-77573000.0,-129503000.0,0.0,170377000.0,2461000.0,114970000.0,114970000.0,114970000.0,-2500000.0,0.0,0.039,290845000.0,184207000.0,411062000.0,0.0,1.786,34.325,30.487,561168000.0,0.0,23.17,1.346,1.353,830495000.0,-189939000.0,2931519000.0,2931519000.0,0.0,0.039,0.063,0.171,0.07,5841000.0,262268000.0,1.0,170319214.0,171137000,171587000.0,17.13,1900654000.0,0.0,47636000.0,97279000.0,11.106,566887000.0
54,PWR,MRT,2007-12-31,2007-12-31,2007-12-31,2021-08-06,3663000.0,3387832000.0,2501925500.0,1304762000.0,2083070000.0,1.062,15.962,-100433000.0,407081000.0,407081000.0,2227289000.0,124702000.0,1.723,0.55,414761000.0,271011000.0,143750000.0,414761000.0,65603000.0,74659000.0,0.0,0.0,0.0,191714000.0,266373000.0,0.1,266373000.0,191714000.0,152386000.0,0.91,0.88,0.91,2185143000.0,1476025250.0,2185143000.0,4527445852.0,24.0,16.997,118807000.0,0.868,1.0,428747000.0,0.161,1507793000.0,39328000.0,1130290000.0,1162770250.0,25920000.0,0.0,0.0,0.0,1202689000.0,757429000.0,445260000.0,4485022852.0,23394000.0,-20137000.0,9413000.0,-94627000.0,0.0,-78939000.0,-120570000.0,0.0,219240000.0,3663000.0,124702000.0,124702000.0,124702000.0,-2837000.0,0.0,0.047,259267000.0,169480000.0,420815000.0,0.0,2.053,35.966,28.835,532285000.0,0.0,26.24,1.689,1.352,792096000.0,-214191000.0,2656036000.0,2656036000.0,0.0,0.05,0.084,0.165,0.072,3087000.0,240508000.0,1.0,170923127.0,136894000,161520000.0,19.402,1880039000.0,0.0,27684000.0,101416000.0,13.734,547333000.0
55,PWR,MRT,2007-09-30,2007-09-30,2007-09-30,2021-08-06,1697000.0,3274674000.0,2064756750.0,1238462000.0,2036212000.0,1.144,15.664,-55429000.0,371470000.0,371470000.0,1993036000.0,71933000.0,2.829,0.534,413893000.0,151000.0,413742000.0,413893000.0,45342000.0,57009000.0,0.0,0.0,0.0,123603000.0,180612000.0,0.076,180612000.0,123603000.0,101934000.0,0.54,0.48,0.54,2134711000.0,1112010250.0,2134711000.0,3213660938.0,26.0,17.793,101206000.0,0.743,1.0,369237000.0,0.156,1490585000.0,21669000.0,1388671000.0,1139614250.0,26763000.0,0.0,0.0,0.0,1139963000.0,437841000.0,702122000.0,3172322938.0,302498000.0,862000.0,5542000.0,-95873000.0,0.0,-84010000.0,229873000.0,284440000.0,156635000.0,1697000.0,71933000.0,71933000.0,71933000.0,-3494000.0,0.0,0.03,267517000.0,101720000.0,392348000.0,0.0,1.486,44.101,48.981,503474000.0,0.0,26.45,1.343,1.526,791458000.0,-247778000.0,2362273000.0,2362273000.0,0.0,0.035,0.065,0.108,0.052,243000.0,204282000.0,1.0,119936595.0,136279000,167869000.0,17.334,1784089000.0,0.0,30001000.0,93416000.0,13.091,800621000.0
56,PWR,MRT,2007-06-30,2007-06-30,2007-06-30,2021-08-06,0.0,1682430000.0,1652694750.0,987005000.0,695425000.0,1.349,6.821,-51586000.0,405792000.0,405792000.0,1893088000.0,45035000.0,3.548,1.08,447130000.0,33380000.0,413750000.0,447130000.0,24485000.0,50534000.0,0.0,0.0,0.0,108550000.0,159084000.0,0.071,159084000.0,108550000.0,86310000.0,0.37,0.34,0.37,808811000.0,767970250.0,808811000.0,3706262070.0,34.0,23.298,109045000.0,0.92,1.0,336926000.0,0.151,361515000.0,22240000.0,1084049000.0,1122699750.0,23394000.0,0.0,0.0,0.0,873619000.0,278204000.0,595415000.0,3665476070.0,368436000.0,-19734000.0,3442000.0,-1006000.0,0.0,6960000.0,200845000.0,272165000.0,160631000.0,0.0,45035000.0,45035000.0,45035000.0,-1247000.0,0.0,0.02,247692000.0,89234000.0,220339000.0,0.0,4.532,81.392,82.892,293713000.0,0.0,30.67,1.644,1.631,530335000.0,-297098000.0,2230014000.0,2230014000.0,0.0,0.027,0.059,0.097,0.049,1822000.0,189234000.0,1.0,119513403.0,118578000,149964000.0,18.806,1320915000.0,0.0,41275000.0,181665000.0,11.14,708801000.0
57,PWR,MRT,2007-03-31,2007-03-31,2007-03-31,2021-08-06,0.0,1662766000.0,1627294750.0,970989000.0,691777000.0,1.347,6.57,-51034000.0,406432000.0,406432000.0,1859808000.0,40829000.0,3.271,1.144,447218000.0,33468000.0,413750000.0,447218000.0,23460000.0,50206000.0,0.0,0.0,0.0,103726000.0,153932000.0,0.07,153932000.0,103726000.0,77236000.0,0.34,0.31,0.34,775436000.0,749597250.0,775436000.0,3048935626.0,29.0,19.807,143097000.0,1.212,1.0,332034000.0,0.151,358591000.0,26490000.0,1048071000.0,1190341750.0,25433000.0,0.0,0.0,0.0,887330000.0,296890000.0,590440000.0,2984027626.0,182184000.0,-17736000.0,871000.0,-176000.0,0.0,-3692000.0,-8255000.0,60515000.0,194131000.0,0.0,40829000.0,40829000.0,40829000.0,-1164000.0,0.0,0.019,246619000.0,85415000.0,239962000.0,0.0,3.848,73.086,74.176,292632000.0,0.0,25.22,1.361,1.358,515224000.0,-318964000.0,2191842000.0,2191842000.0,0.0,0.025,0.054,0.087,0.047,4859000.0,188763000.0,1.0,118319890.0,118030000,149608000.0,18.57,1304175000.0,0.0,36407000.0,176690000.0,11.05,674099000.0
58,PWR,MRT,2006-12-31,2006-12-31,2006-12-31,2021-08-06,0.0,1639157000.0,1601726250.0,990629000.0,648528000.0,1.317,6.23,-38480000.0,383687000.0,383687000.0,1796916000.0,17483000.0,2.962,1.248,448595000.0,34845000.0,413750000.0,448595000.0,28714000.0,49767000.0,0.0,0.0,0.0,91260000.0,141027000.0,0.067,141027000.0,91260000.0,64438000.0,0.15,0.15,0.15,729083000.0,734100250.0,729083000.0,2713246430.0,30.0,19.239,82160000.0,0.702,1.0,312716000.0,0.148,331943000.0,26822000.0,1037666000.0,1213669000.0,28768000.0,0.0,0.0,0.0,910074000.0,334456000.0,575618000.0,2331521430.0,79420000.0,0.0,1011000.0,-1660000.0,0.0,-2740000.0,-38480000.0,0.0,120640000.0,0.0,17483000.0,17483000.0,17483000.0,-1250000.0,0.0,0.008,238653000.0,74063000.0,270897000.0,0.0,3.198,133.359,131.133,276789000.0,0.0,19.67,1.105,1.091,551689000.0,-351639000.0,2109632000.0,2109632000.0,0.0,0.011,0.024,0.075,0.043,2163000.0,181478000.0,1.0,118531847.0,117027000,117863000.0,18.027,1307214000.0,0.0,46955000.0,31140000.0,11.17,656173000.0
59,PWR,MRT,2006-09-30,2006-09-30,2006-09-30,2021-08-06,0.0,1626426000.0,1580633250.0,916078000.0,710348000.0,1.291,6.472,-25633000.0,67275000.0,67275000.0,1734108000.0,66403000.0,3.064,1.144,449000000.0,35250000.0,413750000.0,449000000.0,15788000.0,50992000.0,0.0,0.0,0.0,137359000.0,188351000.0,0.092,188351000.0,137359000.0,109959000.0,0.57,0.53,0.57,758551000.0,727764000.0,758551000.0,2136645387.0,16.0,11.344,137095000.0,1.17,1.0,307163000.0,0.15,388160000.0,27400000.0,1321013000.0,1218360750.0,27209000.0,284440000.0,284440000.0,0.0,867875000.0,298978000.0,568897000.0,1998221387.0,-156361000.0,0.0,2605000.0,-9480000.0,0.0,-9016000.0,-310073000.0,-284440000.0,162728000.0,0.0,66403000.0,66403000.0,66403000.0,-502000.0,0.0,0.033,184794000.0,122369000.0,247940000.0,0.0,2.634,30.092,29.579,279023000.0,0.0,16.86,0.979,0.968,515918000.0,-321181000.0,2041271000.0,2041271000.0,0.0,0.042,0.091,0.113,0.067,2270000.0,184157000.0,1.0,118518469.0,117202000,148534000.0,17.417,1238266000.0,0.0,43556000.0,155147000.0,10.565,617100000.0
60,PWR,MRT,2006-06-30,2006-06-30,2006-06-30,2021-08-06,0.0,1580830000.0,1560019750.0,862515000.0,718315000.0,1.308,6.277,-28739000.0,37356000.0,37356000.0,1736411000.0,56860000.0,3.47,1.15,447945000.0,922000.0,447023000.0,447945000.0,18384000.0,52741000.0,0.0,0.0,0.0,127732000.0,180473000.0,0.088,180473000.0,127732000.0,100027000.0,0.49,0.47,0.49,735319000.0,708548500.0,735319000.0,2218433554.0,17.0,12.292,76343000.0,0.652,1.0,304594000.0,0.149,388226000.0,27705000.0,1354617000.0,1171053000.0,27526000.0,272165000.0,272165000.0,0.0,845511000.0,248576000.0,596935000.0,2053905554.0,-203381000.0,0.0,4342000.0,-10873000.0,0.0,-7559000.0,-300904000.0,-272165000.0,105082000.0,0.0,56860000.0,56860000.0,56860000.0,-378000.0,0.0,0.028,189355000.0,115239000.0,229270000.0,0.0,2.793,36.122,35.367,286594000.0,0.0,17.33,1.006,0.995,505495000.0,-343604000.0,2041005000.0,2041005000.0,0.0,0.036,0.08,0.109,0.063,1219000.0,188809000.0,1.0,118517343.0,117152000,142014000.0,17.422,1192604000.0,0.0,43167000.0,149912000.0,10.18,613939000.0
61,PWR,MRT,2006-03-31,2006-03-31,2006-03-31,2021-08-06,0.0,1560492000.0,1532097500.0,835761000.0,724731000.0,1.283,6.123,-30883000.0,224248000.0,224248000.0,1688189000.0,42543000.0,3.266,1.187,449291000.0,2242000.0,447049000.0,449291000.0,17286000.0,53871000.0,0.0,0.0,0.0,100938000.0,154809000.0,0.079,154809000.0,100938000.0,77123000.0,0.37,0.36,0.37,713448000.0,690837500.0,713448000.0,2024889312.0,20.0,13.08,32141000.0,0.276,1.0,278055000.0,0.141,388292000.0,23815000.0,1141380000.0,1099381000.0,28140000.0,60515000.0,60515000.0,0.0,847044000.0,255863000.0,591181000.0,1876813312.0,-29754000.0,0.0,4170000.0,-9908000.0,0.0,-1380000.0,-91398000.0,-60515000.0,63024000.0,0.0,42543000.0,42543000.0,42543000.0,-378000.0,0.0,0.022,186589000.0,91466000.0,236335000.0,0.0,2.631,44.116,43.297,286565000.0,0.0,16.02,0.955,0.949,510043000.0,-361264000.0,1966244000.0,1966244000.0,0.0,0.028,0.062,0.092,0.051,826000.0,186133000.0,1.0,117154389.0,116525000,117058000.0,16.874,1172200000.0,0.0,34580000.0,144132000.0,10.06,579898000.0
62,PWR,MRT,2005-12-31,2005-12-31,2005-12-31,2021-08-06,0.0,1554785000.0,1503157500.0,831010000.0,723775000.0,1.226,6.079,-30556000.0,304267000.0,304267000.0,1587556000.0,29557000.0,3.22,1.209,452343000.0,2252000.0,450091000.0,452343000.0,14008000.0,55406000.0,0.0,0.0,0.0,75952000.0,131358000.0,0.071,131358000.0,75952000.0,52003000.0,0.26,0.25,0.26,703738000.0,677473500.0,703738000.0,1791054294.0,24.0,13.635,51874000.0,0.448,1.0,254699000.0,0.138,388357000.0,23949000.0,1056433000.0,1073615000.0,25717000.0,0.0,0.0,0.0,851047000.0,258071000.0,592976000.0,1554122294.0,38707000.0,0.0,5130000.0,-18256000.0,0.0,-13167000.0,-30556000.0,0.0,82430000.0,0.0,29557000.0,29557000.0,29557000.0,-378000.0,0.0,0.016,186776000.0,67923000.0,241811000.0,0.0,2.208,52.581,50.654,286606000.0,0.0,13.17,0.844,0.828,484866000.0,-369122000.0,1842255000.0,1842255000.0,0.0,0.02,0.044,0.071,0.041,4973000.0,186411000.0,1.0,118004730.0,115756000,116634000.0,15.915,1166428000.0,0.0,22446000.0,142885000.0,10.077,572939000.0
63,PWR,MRT,2005-09-30,2005-09-30,2005-09-30,2021-08-06,0.0,1543972000.0,1479460500.0,797980000.0,745992000.0,1.186,5.878,-41790000.0,223636000.0,223636000.0,1534392000.0,12931000.0,3.061,1.265,460568000.0,1593000.0,458975000.0,460568000.0,14291000.0,58190000.0,0.0,0.0,0.0,47568000.0,105758000.0,0.06,105758000.0,47568000.0,23511000.0,0.12,0.12,0.12,681689000.0,667350750.0,681689000.0,1725600427.0,36.0,16.317,15797000.0,0.136,1.0,219982000.0,0.125,388423000.0,24057000.0,1131782000.0,1073346250.0,23488000.0,0.0,0.0,0.0,862283000.0,260699000.0,601584000.0,1505430427.0,5898000.0,0.0,3440000.0,-13822000.0,0.0,-10433000.0,-41256000.0,0.0,57587000.0,0.0,12931000.0,12931000.0,12931000.0,0.0,0.0,0.007,178897000.0,41085000.0,244815000.0,0.0,2.208,116.42,106.333,307221000.0,0.0,12.76,0.858,0.843,523469000.0,-387584000.0,1754374000.0,1754374000.0,0.0,0.009,0.019,0.044,0.027,4725000.0,178897000.0,1.0,117980441.0,115970000,141177000.0,15.128,1155549000.0,0.0,10580000.0,142609000.0,9.964,537281000.0
64,PWR,MRT,2005-06-30,2005-06-30,2005-06-30,2021-08-06,0.0,1469141000.0,1462004500.0,708627000.0,760514000.0,1.159,5.742,-44367000.0,240737000.0,240737000.0,1495877000.0,4207000.0,3.043,1.211,460907000.0,1838000.0,459069000.0,460907000.0,12057000.0,58820000.0,0.0,0.0,0.0,29815000.0,88635000.0,0.052,88635000.0,29815000.0,5420000.0,0.05,0.05,0.05,664475000.0,661776750.0,664475000.0,1240841342.0,42.0,13.999,69916000.0,0.604,1.0,198234000.0,0.117,388489000.0,24395000.0,1067929000.0,1066635750.0,23751000.0,0.0,0.0,0.0,804666000.0,232893000.0,571773000.0,1035644342.0,43420000.0,0.0,3029000.0,-31166000.0,0.0,-29412000.0,-41451000.0,0.0,114283000.0,0.0,4207000.0,4207000.0,4207000.0,0.0,0.0,0.002,173742000.0,24492000.0,218998000.0,0.0,1.559,246.172,176.0,313222000.0,0.0,8.8,0.611,0.601,442778000.0,-400464000.0,1694111000.0,1694111000.0,0.0,0.003,0.006,0.028,0.018,4470000.0,173742000.0,1.0,117686857.0,115713000,116341000.0,14.641,1080652000.0,0.0,1213000.0,112704000.0,9.339,475734000.0
65,PWR,MRT,2005-03-31,2005-03-31,2005-03-31,2021-08-06,0.0,1444732000.0,1455887750.0,686867000.0,757865000.0,1.129,5.728,-34713000.0,254002000.0,254002000.0,1453259000.0,-2628000.0,3.079,1.189,459199000.0,5363000.0,453836000.0,459199000.0,11222000.0,59595000.0,0.0,0.0,0.0,24081000.0,83676000.0,0.051,83676000.0,24081000.0,-638000.0,-0.01,-0.01,-0.01,659992000.0,658684000.0,659992000.0,1090778011.0,45.0,13.036,84680000.0,0.735,1.0,190759000.0,0.116,388554000.0,24719000.0,1038316000.0,1086336250.0,22992000.0,0.0,0.0,0.0,784740000.0,223059000.0,561681000.0,885739011.0,58322000.0,0.0,3097000.0,-33875000.0,0.0,-32053000.0,-29018000.0,0.0,119393000.0,0.0,-2628000.0,-2628000.0,-2628000.0,0.0,0.0,-0.002,170457000.0,20302000.0,206474000.0,0.0,1.342,-337.039,-763.0,312352000.0,0.0,7.63,0.539,0.535,402366000.0,-403807000.0,1644018000.0,1644018000.0,0.0,-0.002,-0.004,0.022,0.015,4970000.0,170457000.0,1.0,116086371.0,115229000,115229000.0,14.267,1056178000.0,0.0,1990000.0,107845000.0,9.166,463808000.0
66,PWR,MRT,2004-12-31,2004-12-31,2004-12-31,2021-08-06,0.0,1459997000.0,1454794500.0,700036000.0,759961000.0,1.118,5.796,-34087000.0,265560000.0,265560000.0,1445119000.0,-9194000.0,3.167,1.201,470599000.0,6236000.0,464363000.0,470599000.0,11166000.0,60356000.0,0.0,0.0,0.0,12422000.0,72778000.0,0.045,72778000.0,12422000.0,-12645000.0,-0.08,-0.08,-0.08,663247000.0,657197750.0,663247000.0,1194431320.0,96.0,16.412,109993000.0,0.961,1.0,181391000.0,0.112,388620000.0,25067000.0,1055358000.0,1112630500.0,18849000.0,0.0,0.0,0.0,796750000.0,221058000.0,575692000.0,937778320.0,85934000.0,0.0,3218000.0,-34986000.0,0.0,-33002000.0,-25144000.0,0.0,144080000.0,0.0,-9194000.0,-9194000.0,-9194000.0,0.0,0.0,-0.006,171537000.0,9854000.0,203656000.0,0.0,1.414,-101.999,-100.0,314983000.0,0.0,8.0,0.577,0.563,410840000.0,-398679000.0,1626510000.0,1626510000.0,0.0,-0.006,-0.014,0.011,0.008,4632000.0,171537000.0,1.0,117222290.0,114441000,114441000.0,14.213,1071377000.0,0.0,-3451000.0,111329000.0,9.362,478978000.0
67,PWR,MRT,2004-09-30,2004-09-30,2004-09-30,2021-08-06,0.0,1474148000.0,1456404000.0,717341000.0,756807000.0,1.125,5.75,-37300000.0,217738000.0,217738000.0,1453455000.0,-36740000.0,3.025,1.236,474391000.0,4084000.0,470307000.0,474391000.0,16498000.0,59308000.0,0.0,0.0,0.0,-27000000.0,32308000.0,0.02,32308000.0,-27000000.0,-53613000.0,-0.33,-0.33,-0.33,659393000.0,657169000.0,659393000.0,1004503012.0,-37.0,31.091,88592000.0,0.772,1.0,185102000.0,0.113,388685000.0,26613000.0,1104940000.0,1149821500.0,25425000.0,0.0,0.0,0.0,814755000.0,237176000.0,577579000.0,709748012.0,139911000.0,0.0,3230000.0,85211000.0,0.0,43755000.0,-29736000.0,0.0,125892000.0,0.0,-36740000.0,-36740000.0,-36740000.0,0.0,0.0,-0.022,176103000.0,8999000.0,216594000.0,0.0,1.076,-19.318,-18.333,324774000.0,0.0,6.05,0.433,0.423,465883000.0,-400515000.0,1638557000.0,1638557000.0,0.0,-0.025,-0.056,-0.023,-0.016,4311000.0,169651000.0,1.0,117313721.0,114683000,115385000.0,14.288,1085463000.0,0.0,-16873000.0,107272000.0,9.465,480165000.0
68,PWR,MRT,2004-06-30,2004-06-30,2004-06-30,2021-08-06,0.0,1444674000.0,1434683500.0,660176000.0,784498000.0,1.123,5.699,-37424000.0,197317000.0,197317000.0,1429928000.0,-35497000.0,3.237,1.215,492072000.0,2923000.0,489149000.0,492072000.0,17175000.0,59664000.0,0.0,0.0,0.0,-25679000.0,33985000.0,0.021,33985000.0,-25679000.0,-53993000.0,-0.32,-0.32,-0.32,652104000.0,664021750.0,652104000.0,1025948478.0,-40.0,30.188,46229000.0,0.404,1.0,181685000.0,0.113,388751000.0,28314000.0,1146731000.0,1145913500.0,26525000.0,0.0,0.0,0.0,792570000.0,203947000.0,588623000.0,728554478.0,111202000.0,0.0,3452000.0,101364000.0,0.0,61039000.0,-33490000.0,0.0,83653000.0,0.0,-35497000.0,-35497000.0,-35497000.0,0.0,0.0,-0.022,171031000.0,10654000.0,183849000.0,0.0,1.117,-20.524,-19.438,329703000.0,0.0,6.22,0.452,0.442,425870000.0,-404671000.0,1611613000.0,1611613000.0,0.0,-0.025,-0.053,-0.022,-0.016,3972000.0,164579000.0,1.0,117130945.0,114425000,114425000.0,14.084,1055923000.0,0.0,-18496000.0,99474000.0,9.228,456229000.0
69,PWR,MRT,2004-03-31,2004-03-31,2004-03-31,2021-08-06,0.0,1440359000.0,1413683500.0,654327000.0,786032000.0,1.154,5.741,-39167000.0,195680000.0,195680000.0,1441859000.0,-41840000.0,3.185,1.202,493074000.0,3612000.0,489462000.0,493074000.0,17609000.0,60180000.0,0.0,0.0,0.0,-36595000.0,23585000.0,0.014,23585000.0,-36595000.0,-66819000.0,-0.37,-0.37,-0.37,654047000.0,670700750.0,654047000.0,1151036245.0,-31.0,48.804,75375000.0,0.662,1.0,188862000.0,0.116,388817000.0,30224000.0,1143493000.0,1126692000.0,26042000.0,0.0,0.0,0.0,786312000.0,205443000.0,580869000.0,825077245.0,134247000.0,0.0,6888000.0,101806000.0,0.0,64917000.0,-45212000.0,0.0,114542000.0,0.0,-41840000.0,-41840000.0,-41840000.0,0.0,0.0,-0.026,188810000.0,52000.0,184222000.0,0.0,1.261,-19.72,-19.135,337786000.0,0.0,7.08,0.506,0.495,409107000.0,-401179000.0,1630721000.0,1630721000.0,0.0,-0.03,-0.062,-0.032,-0.022,3460000.0,182358000.0,1.0,116536334.0,113918000,113918000.0,14.315,1051542000.0,0.0,-24979000.0,91407000.0,9.231,448884000.0
70,PWR,MRT,2003-12-31,2003-12-31,2003-12-31,2021-08-06,0.0,1466435000.0,1389831000.0,676093000.0,790342000.0,1.182,5.979,-32775000.0,179626000.0,179626000.0,1442958000.0,-34989000.0,3.391,1.211,505585000.0,5034000.0,500551000.0,505585000.0,17115000.0,60105000.0,0.0,0.0,0.0,-21247000.0,38858000.0,0.024,38858000.0,-21247000.0,-53069000.0,-0.3,-0.3,-0.3,663132000.0,678223000.0,663132000.0,1162377554.0,-55.0,29.913,84408000.0,0.761,1.0,199895000.0,0.122,388882000.0,31822000.0,1204122000.0,1113924250.0,23809000.0,0.0,0.0,0.0,803303000.0,199390000.0,603913000.0,851025554.0,151725000.0,0.0,7121000.0,113266000.0,0.0,76610000.0,-42068000.0,0.0,117183000.0,0.0,-34989000.0,-32880000.0,-32880000.0,0.0,0.0,-0.02,184671000.0,15224000.0,177241000.0,0.0,1.283,-25.883,-24.333,341542000.0,-2109000.0,7.3,0.518,0.493,444644000.0,-389485000.0,1642853000.0,1642853000.0,0.0,-0.024,-0.048,-0.019,-0.013,2766000.0,178219000.0,1.0,116578843.0,110906000,110906000.0,14.813,1077553000.0,0.0,-18080000.0,103362000.0,9.716,476703000.0
71,PWR,MRT,2003-09-30,2003-09-30,2003-09-30,2021-08-06,0.0,1387266000.0,1364425250.0,585727000.0,801539000.0,1.205,5.892,-30168000.0,77827000.0,77827000.0,1439379000.0,-8166000.0,2.738,1.02,389179000.0,5144000.0,384035000.0,389179000.0,19994000.0,60411000.0,0.0,0.0,0.0,19891000.0,80302000.0,0.049,80302000.0,19891000.0,-14461000.0,0.15,0.15,0.15,686804000.0,665357750.0,686804000.0,1269058850.0,64.0,15.804,106084000.0,0.91,1.0,204941000.0,0.125,395400000.0,34352000.0,1089308000.0,1093266750.0,25665000.0,0.0,0.0,0.0,700462000.0,213910000.0,486552000.0,964465850.0,62462000.0,0.0,102345000.0,-135741000.0,0.0,-35174000.0,-38616000.0,0.0,136252000.0,0.0,-8166000.0,-13856000.0,-13856000.0,0.0,0.0,-0.008,187029000.0,17912000.0,188772000.0,0.0,1.404,-69.606,55.133,346022000.0,5690000.0,8.27,0.587,0.586,477779000.0,-363775000.0,1644320000.0,1644320000.0,0.0,-0.01,-0.021,0.018,0.012,1955000.0,187029000.0,1.0,116622231.0,116567000,116645000.0,14.106,991866000.0,6779000.0,-6295000.0,102517000.0,8.509,371817000.0
72,PWR,MRT,2003-06-30,2003-06-30,2003-06-30,2021-08-06,0.0,1360674000.0,1366963750.0,550530000.0,810144000.0,1.203,5.862,-24826000.0,86115000.0,86115000.0,1440201000.0,-21881000.0,2.753,1.004,390708000.0,6261000.0,384447000.0,390708000.0,15295000.0,60767000.0,0.0,0.0,0.0,-12566000.0,48201000.0,0.029,48201000.0,-12566000.0,-48645000.0,-0.04,-0.04,-0.04,678820000.0,640389750.0,678820000.0,1154732511.0,-92.0,23.957,117036000.0,1.011,1.0,204201000.0,0.124,395465000.0,36079000.0,1069845000.0,1144838000.0,26838000.0,0.0,0.0,0.0,681854000.0,199957000.0,481897000.0,824897511.0,81538000.0,0.0,103982000.0,-128071000.0,0.0,-28252000.0,-32072000.0,-46000.0,141862000.0,0.0,-21881000.0,-27805000.0,-27805000.0,0.0,0.0,-0.017,216583000.0,-12382000.0,178401000.0,0.0,1.215,-29.667,-177.5,350707000.0,5924000.0,7.1,0.502,0.5,442990000.0,-369174000.0,1644402000.0,1644402000.0,0.0,-0.02,-0.043,-0.011,-0.008,1178000.0,216583000.0,1.0,116182748.0,115799000,115799000.0,14.2,965209000.0,4910000.0,-26764000.0,97450000.0,8.335,350573000.0
73,PWR,MRT,2003-03-31,2003-03-31,2003-03-31,2021-08-06,0.0,1344949000.0,1378452500.0,520877000.0,824072000.0,1.211,6.574,-33343000.0,61433000.0,61433000.0,1469779000.0,-189243000.0,2.788,0.966,391268000.0,6260000.0,385008000.0,391268000.0,17264000.0,60902000.0,0.0,0.0,0.0,-184377000.0,-123475000.0,-0.074,-123475000.0,-184377000.0,-220353000.0,-2.87,-2.87,-2.87,684136000.0,618711000.0,684136000.0,732433699.0,-4.0,-5.932,56956000.0,0.547,1.0,198843000.0,0.119,395531000.0,35976000.0,1092422000.0,1197938000.0,27204000.0,0.0,0.0,0.0,660813000.0,186831000.0,473982000.0,368015699.0,55124000.0,-7035000.0,89491000.0,-79669000.0,0.0,5659000.0,-40834000.0,-456000.0,90299000.0,0.0,-189243000.0,-195399000.0,-195399000.0,0.0,0.0,-0.117,384284000.0,-185441000.0,163307000.0,0.0,0.538,-1.883,-1.115,358966000.0,6156000.0,3.2,0.221,0.2,426677000.0,-359339000.0,1668622000.0,1668622000.0,0.0,-0.142,-0.316,-0.154,-0.11,362000.0,217704000.0,1.0,115004906.0,104073000,104073000.0,16.033,949418000.0,30316000.0,-31110000.0,88974000.0,9.123,334046000.0
74,PWR,MRT,2002-12-31,2002-12-31,2002-12-31,2021-08-06,0.0,1364812000.0,1547047750.0,529497000.0,835315000.0,1.132,9.716,-44895000.0,27901000.0,27901000.0,1513940000.0,-619556000.0,2.496,1.112,392319000.0,6652000.0,385667000.0,392319000.0,16409000.0,60576000.0,0.0,0.0,0.0,-603400000.0,-542824000.0,-0.31,-542824000.0,-603400000.0,-639266000.0,-9.98,-9.98,-9.98,611671000.0,753309750.0,611671000.0,752983362.0,-1.0,-1.387,76627000.0,1.217,1.0,236773000.0,0.135,395597000.0,35866000.0,1121492000.0,1228024750.0,25646000.0,0.0,0.0,0.0,680219000.0,212141000.0,468078000.0,243426362.0,21614000.0,-8000000.0,91475000.0,-117073000.0,0.0,-29761000.0,-70147000.0,-17252000.0,121522000.0,0.0,-619556000.0,-628053000.0,-628053000.0,0.0,0.0,-0.359,396034000.0,-159261000.0,189080000.0,0.0,0.398,-0.388,-0.351,369568000.0,8497000.0,3.5,0.139,0.126,472706000.0,-356605000.0,1750713000.0,1750713000.0,0.0,-0.406,-0.834,-0.491,-0.345,219000.0,229454000.0,1.0,69550389.0,62957000,62957000.0,27.808,969215000.0,28968000.0,-19710000.0,82411000.0,15.395,317356000.0
75,PWR,MRT,2002-09-30,2002-09-30,2002-09-30,2021-08-06,0.0,1397420000.0,1716570000.0,549402000.0,848018000.0,1.052,9.652,-48185000.0,15365000.0,15365000.0,1543978000.0,-607212000.0,2.547,1.381,524922000.0,6874000.0,518048000.0,524922000.0,16447000.0,66112000.0,0.0,0.0,0.0,-582053000.0,-515941000.0,-0.286,-515941000.0,-582053000.0,-616409000.0,-8.44,-8.4,-8.44,586932000.0,902079750.0,586932000.0,640843884.0,-1.0,-1.242,137276000.0,2.258,1.0,262024000.0,0.145,395662000.0,34356000.0,1295593000.0,1264261500.0,27178000.0,0.0,0.0,0.0,810488000.0,215722000.0,594766000.0,126637884.0,12586000.0,-13777000.0,-3543000.0,-64020000.0,0.0,-70263000.0,-102612000.0,-40650000.0,185461000.0,0.0,-607212000.0,-608142000.0,-608142000.0,0.0,0.0,-0.337,398874000.0,-136850000.0,192401000.0,0.0,0.216,-0.208,-0.246,379120000.0,930000.0,2.08,0.07,0.07,505832000.0,-349919000.0,1806002000.0,1806002000.0,0.0,-0.354,-0.674,-0.46,-0.322,354000.0,225722000.0,1.0,60883598.0,60808000,60808000.0,29.7,1001758000.0,42016000.0,-9197000.0,76718000.0,16.474,333680000.0
76,PWR,MRT,2002-06-30,2002-06-30,2002-06-30,2021-08-06,0.0,1406629000.0,1893914000.0,555667000.0,850962000.0,0.99,9.699,-60781000.0,4577000.0,4577000.0,1556280000.0,-572573000.0,2.288,1.376,518783000.0,7590000.0,511193000.0,518783000.0,0.0,71233000.0,0.0,0.0,0.0,-507470000.0,-436237000.0,-0.233,-436237000.0,-507470000.0,-541065000.0,-7.96,-7.92,-7.96,592105000.0,1052234500.0,592105000.0,1147628155.0,-2.0,-2.631,110688000.0,1.813,1.0,317979000.0,0.17,395725000.0,33595000.0,1282245000.0,1289024500.0,31127000.0,0.0,0.0,0.0,814524000.0,242865000.0,571659000.0,684055155.0,1805000.0,-45044000.0,-17254000.0,-5981000.0,0.0,-23235000.0,-146429000.0,-40604000.0,171469000.0,0.0,-572573000.0,-573503000.0,-573503000.0,0.0,0.0,-0.306,381977000.0,-63998000.0,235275000.0,0.0,1.155,-1.193,-1.24,389761000.0,930000.0,9.87,0.365,0.321,479049000.0,-341369000.0,1874259000.0,1874259000.0,0.0,-0.303,-0.545,-0.394,-0.271,292000.0,202256000.0,1.0,69306500.0,61047000,61047000.0,30.702,1010904000.0,0.0,31508000.0,60466000.0,16.559,312802000.0
77,PWR,MRT,2002-03-31,2002-03-31,2002-03-31,2021-08-06,0.0,2019330000.0,2048652250.0,549098000.0,1470232000.0,0.949,15.621,-70259000.0,6309000.0,6309000.0,1564506000.0,-378693000.0,2.362,0.652,469882000.0,7252000.0,462630000.0,469882000.0,23174000.0,75287000.0,0.0,0.0,0.0,-287619000.0,-212332000.0,-0.109,-212332000.0,-287619000.0,-322317000.0,-4.84,-4.8,-4.84,1222531000.0,1192844250.0,1222531000.0,1634969711.0,-6.0,-7.7,147660000.0,1.887,1.0,380573000.0,0.196,1037646000.0,34698000.0,1212769000.0,1282465250.0,30097000.0,0.0,0.0,0.0,796799000.0,232488000.0,564311000.0,1050491711.0,-253000.0,-43591000.0,-1670000.0,-62458000.0,0.0,-64128000.0,-154044000.0,-40194000.0,217919000.0,0.0,-378693000.0,-379623000.0,-379623000.0,0.0,0.0,-0.195,222956000.0,157617000.0,202062000.0,0.0,0.859,-2.767,-3.572,387524000.0,930000.0,17.29,0.54,0.696,478296000.0,281482000.0,1945079000.0,1945079000.0,0.0,-0.185,-0.318,-0.224,-0.148,230000.0,203262000.0,1.0,60757184.0,78264000,78739000.0,24.853,981684000.0,0.0,56376000.0,101681000.0,12.543,316610000.0
78,PWR,MRT,2001-12-31,2001-12-31,2001-12-31,2021-08-06,0.0,2042901000.0,2039799500.0,577120000.0,1465781000.0,0.988,15.62,-81585000.0,6287000.0,6287000.0,1601039000.0,85766000.0,2.389,0.693,508337000.0,8063000.0,500274000.0,508337000.0,31140000.0,79374000.0,0.0,0.0,0.0,193038000.0,272412000.0,0.135,272412000.0,193038000.0,156966000.0,1.11,1.1,1.11,1206751000.0,1169902750.0,1206751000.0,1521961349.0,8.0,5.587,128441000.0,1.663,1.0,413838000.0,0.205,1036982000.0,36072000.0,1266439000.0,1286726750.0,25053000.0,0.0,0.0,0.0,836150000.0,241530000.0,594620000.0,937483349.0,-11019000.0,-119496000.0,-641000.0,1417000.0,0.0,776000.0,-221821000.0,-20740000.0,210026000.0,0.0,85766000.0,84836000.0,84836000.0,0.0,0.0,0.042,220573000.0,193265000.0,202327000.0,0.0,0.777,11.051,13.901,385480000.0,930000.0,15.43,0.465,0.592,538844000.0,271448000.0,2014877000.0,2014877000.0,0.0,0.042,0.073,0.15,0.096,230000.0,194575000.0,1.0,60757184.0,77256000,78238000.0,26.081,1005919000.0,22063000.0,71200000.0,94346000.0,13.021,335590000.0
79,PWR,MRT,2001-09-30,2001-09-30,2001-09-30,2021-08-06,0.0,2106796000.0,1997048500.0,664431000.0,1442365000.0,1.039,15.313,-91661000.0,2779000.0,2779000.0,1621699000.0,86701000.0,2.535,0.774,587257000.0,8309000.0,578948000.0,587257000.0,0.0,75472000.0,0.0,0.0,0.0,207718000.0,283190000.0,0.136,283190000.0,207718000.0,172469000.0,1.11,1.12,1.11,1187551000.0,1135454000.0,1187551000.0,1377982824.0,7.0,4.866,-1134000.0,-0.015,1.0,453326000.0,0.218,1034564000.0,35249000.0,1394645000.0,1270605250.0,23085000.0,0.0,0.0,0.0,919245000.0,262065000.0,657180000.0,859641824.0,-15516000.0,-175455000.0,-164000.0,169195000.0,0.0,161073000.0,-267116000.0,0.0,90527000.0,0.0,86701000.0,85771000.0,85771000.0,0.0,0.0,0.041,245500000.0,207826000.0,253756000.0,0.0,0.724,10.023,12.838,387392000.0,930000.0,14.25,0.414,0.533,596822000.0,258223000.0,2075025000.0,2075025000.0,0.0,0.043,0.076,0.163,0.1,0.0,191867000.0,1.0,60325742.0,77552000,78206000.0,26.757,1072232000.0,41745000.0,85768000.0,78232000.0,13.826,402366000.0
80,PWR,MRT,2001-06-30,2001-06-30,2001-06-30,2021-08-06,0.0,2025582000.0,1898472000.0,627560000.0,1398022000.0,1.084,14.98,-95537000.0,2772000.0,2772000.0,1595912000.0,101070000.0,2.195,0.754,521113000.0,7825000.0,513288000.0,521113000.0,0.0,70047000.0,0.0,0.0,0.0,228110000.0,298157000.0,0.145,298157000.0,228110000.0,194979000.0,1.32,1.31,1.32,1154544000.0,1094426750.0,1154544000.0,1835138764.0,8.0,6.155,21999000.0,0.285,1.0,462486000.0,0.225,1002024000.0,33131000.0,1256008000.0,1176574750.0,25361000.0,0.0,0.0,0.0,871038000.0,285891000.0,585147000.0,1315977764.0,399000.0,-273015000.0,19368000.0,240005000.0,0.0,251415000.0,-368552000.0,0.0,117536000.0,0.0,101070000.0,100140000.0,100140000.0,0.0,0.0,0.049,235027000.0,227459000.0,278066000.0,0.0,1.14,13.141,16.697,375081000.0,930000.0,22.04,0.639,0.825,563350000.0,232134000.0,2058398000.0,2058398000.0,0.0,0.053,0.091,0.194,0.111,0.0,182626000.0,1.0,59708610.0,77073000,78649000.0,26.707,1023558000.0,0.0,93909000.0,71859000.0,13.28,341669000.0
81,PWR,MRT,2001-03-31,2001-03-31,2001-03-31,2021-08-06,0.0,1983919000.0,1751040750.0,600783000.0,1383136000.0,1.13,14.853,-91630000.0,6562000.0,6562000.0,1528214000.0,115482000.0,2.227,0.754,525723000.0,8916000.0,516807000.0,525723000.0,0.0,63549000.0,0.0,0.0,0.0,246333000.0,309882000.0,0.157,309882000.0,246333000.0,215930000.0,1.56,1.52,1.56,1130765000.0,1042711000.0,1130765000.0,1668977130.0,7.0,5.386,13317000.0,0.175,1.0,450368000.0,0.228,1003548000.0,30403000.0,1229815000.0,1049506000.0,22991000.0,0.0,0.0,0.0,853154000.0,269717000.0,583437000.0,1274745130.0,4352000.0,-314117000.0,25214000.0,287896000.0,0.0,305152000.0,-405747000.0,0.0,104947000.0,0.0,115482000.0,114552000.0,114552000.0,0.0,0.0,0.058,206105000.0,244263000.0,260801000.0,0.0,1.127,11.128,14.308,359912000.0,930000.0,22.32,0.644,0.859,543754000.0,215683000.0,1978582000.0,1978582000.0,0.0,0.065,0.11,0.235,0.124,0.0,155646000.0,1.0,57112237.0,76128000,80802000.0,25.99,980371000.0,0.0,100448000.0,66630000.0,12.878,331066000.0
82,PWR,MRT,2000-12-31,2000-12-31,2000-12-31,2021-08-06,0.0,1871897000.0,1574378000.0,600210000.0,1271687000.0,1.139,15.173,-85528000.0,17306000.0,17306000.0,1379204000.0,105723000.0,2.435,0.751,499874000.0,8772000.0,491102000.0,499874000.0,27981000.0,57294000.0,0.0,0.0,0.0,224759000.0,282053000.0,0.157,282053000.0,224759000.0,199051000.0,1.5,1.42,1.5,1068956000.0,964371750.0,1068956000.0,2232674909.0,10.0,7.916,-40106000.0,-0.569,1.0,414097000.0,0.231,906031000.0,25708000.0,1201953000.0,911171500.0,19874000.0,0.0,0.0,0.0,802941000.0,246481000.0,556460000.0,1838442909.0,6531000.0,-273812000.0,28528000.0,302537000.0,0.0,323107000.0,-361998000.0,-2658000.0,45422000.0,0.0,105723000.0,104793000.0,104793000.0,0.0,0.0,0.058,191935000.0,222162000.0,209728000.0,0.0,1.72,17.544,21.46,341029000.0,930000.0,32.19,1.025,1.265,538711000.0,186612000.0,1793301000.0,1793301000.0,0.0,0.067,0.109,0.247,0.125,0.0,143564000.0,1.0,57112237.0,70452000,76583000.0,25.454,965866000.0,0.0,93328000.0,65358000.0,13.71,353729000.0
83,PWR,MRT,2000-09-30,2000-09-30,2000-09-30,2021-08-06,0.0,1712490000.0,1396312750.0,534106000.0,1178384000.0,1.13,13.889,-75394000.0,18295000.0,18295000.0,1204952000.0,117877000.0,2.207,0.673,412527000.0,11395000.0,401132000.0,412527000.0,0.0,52250000.0,0.0,0.0,0.0,230736000.0,282986000.0,0.179,282986000.0,230736000.0,208471000.0,1.77,1.66,1.77,1023442000.0,886364000.0,1023442000.0,2082199531.0,9.0,7.358,-20397000.0,-0.277,1.0,372422000.0,0.236,846230000.0,22265000.0,1018523000.0,750559000.0,15569000.0,0.0,0.0,0.0,689048000.0,241969000.0,447079000.0,1823861531.0,5608000.0,-260936000.0,28577000.0,258364000.0,0.0,286941000.0,-336330000.0,0.0,54997000.0,0.0,117877000.0,116944000.0,116944000.0,0.0,0.0,0.074,144312000.0,228110000.0,230574000.0,0.0,1.782,15.596,16.034,317416000.0,933000.0,28.38,1.156,1.326,477483000.0,172452000.0,1577374000.0,1577374000.0,0.0,0.084,0.132,0.307,0.146,0.0,126157000.0,1.0,64265734.0,73685000,78696000.0,21.407,866260000.0,0.0,90594000.0,45947000.0,11.756,292137000.0
84,PWR,MRT,2000-06-30,2000-06-30,2000-06-30,2021-08-06,0.0,1435857000.0,1226735500.0,432165000.0,1003692000.0,1.11,13.904,-77626000.0,2373000.0,2373000.0,1042179000.0,96348000.0,2.122,0.515,260711000.0,9010000.0,251701000.0,260711000.0,0.0,47804000.0,0.0,0.0,0.0,191551000.0,239355000.0,0.176,239355000.0,191551000.0,171085000.0,1.6,1.47,1.6,947681000.0,807689500.0,947681000.0,3429539255.0,18.0,14.328,-17292000.0,-0.254,1.0,319138000.0,0.234,742799000.0,20466000.0,747733000.0,606693000.0,11560000.0,0.0,0.0,0.0,488176000.0,203663000.0,284513000.0,3175911255.0,-1819000.0,-216875000.0,202850000.0,29498000.0,0.0,232348000.0,-294501000.0,0.0,60334000.0,0.0,96348000.0,95624000.0,95624000.0,0.0,0.0,0.07,129725000.0,189413000.0,194653000.0,0.0,3.351,33.212,34.375,252595000.0,724000.0,55.0,2.333,2.754,400816000.0,131994000.0,1361317000.0,1361317000.0,0.0,0.078,0.118,0.316,0.141,0.0,113721000.0,1.0,57743841.0,68160000,75496000.0,19.972,693058000.0,0.0,74737000.0,32812000.0,10.168,228502000.0
85,PWR,MRT,2000-03-31,2000-03-31,2000-03-31,2021-08-06,0.0,1277268000.0,1053171250.0,369419000.0,907849000.0,1.074,12.507,-72714000.0,2210000.0,2210000.0,867538000.0,70060000.0,2.045,0.563,255838000.0,8456000.0,247382000.0,255838000.0,0.0,42220000.0,0.0,0.0,0.0,147574000.0,189794000.0,0.168,189794000.0,147574000.0,130081000.0,1.26,1.15,1.26,817408000.0,668658250.0,817408000.0,2356582501.0,16.0,12.417,-20892000.0,-0.32,1.0,264074000.0,0.233,673802000.0,17493000.0,676477000.0,538586000.0,8274000.0,0.0,0.0,0.0,459860000.0,180617000.0,279243000.0,2161035501.0,-3047000.0,-247652000.0,193774000.0,71723000.0,0.0,265497000.0,-320366000.0,0.0,51822000.0,0.0,70060000.0,69568000.0,69568000.0,0.0,0.0,0.061,118158000.0,145916000.0,172161000.0,0.0,2.644,31.064,32.111,223996000.0,492000.0,40.46,1.91,2.337,342407000.0,101134000.0,1131612000.0,1131612000.0,0.0,0.066,0.104,0.274,0.13,5319000.0,98101000.0,1.0,53411654.0,65354000,72568000.0,17.315,603466000.0,0.0,60021000.0,31861000.0,9.234,188802000.0
86,PWR,MRT,1999-12-31,1999-12-31,1999-12-31,2021-08-06,0.0,1159636000.0,872405250.0,335063000.0,824573000.0,1.061,15.207,-59591000.0,10775000.0,10775000.0,711353000.0,53939000.0,1.96,0.532,206322000.0,6664000.0,199658000.0,206322000.0,0.0,35163000.0,0.0,0.0,0.0,118122000.0,153285000.0,0.166,153285000.0,118122000.0,102938000.0,1.08,1.0,1.08,756925000.0,546748750.0,756925000.0,1170805945.0,10.0,7.638,-13265000.0,-0.266,1.0,214301000.0,0.232,624757000.0,15184000.0,559503000.0,449939250.0,8741000.0,0.0,0.0,0.0,402711000.0,170923000.0,231788000.0,1030255945.0,7529000.0,-308671000.0,286627000.0,42838000.0,0.0,329465000.0,-368262000.0,0.0,46326000.0,0.0,53939000.0,53679000.0,53679000.0,0.0,0.0,0.058,97608000.0,116693000.0,164259000.0,0.0,1.361,19.193,17.438,191854000.0,260000.0,18.833,1.113,1.013,299844000.0,81819000.0,925654000.0,925654000.0,0.0,0.062,0.098,0.263,0.128,5319000.0,80132000.0,1.0,54703856.0,49776000,56146000.0,18.596,534879000.0,0.0,48999000.0,32130000.0,10.746,164140000.0
87,PWR,MRT,1999-09-30,1999-09-30,1999-09-30,2021-08-06,0.0,1034181000.0,667266500.0,298747000.0,735434000.0,1.066,14.226,-56958000.0,12687000.0,12687000.0,555911000.0,33265000.0,1.817,0.459,153237000.0,6777000.0,146460000.0,153237000.0,0.0,27290000.0,0.0,0.0,0.0,78966000.0,106256000.0,0.149,106256000.0,78966000.0,65942000.0,0.567,0.51,0.567,708744000.0,400393250.0,708744000.0,1163122907.0,15.0,10.946,-4095000.0,-0.082,1.0,155724000.0,0.219,567277000.0,13024000.0,443059000.0,371876000.0,9012000.0,0.0,0.0,0.0,325437000.0,164395000.0,161042000.0,932304907.0,10103000.0,-269732000.0,286598000.0,-5410000.0,0.0,281188000.0,-323948000.0,1342000.0,52863000.0,0.0,33265000.0,33240000.0,33240000.0,0.0,0.0,0.047,77940000.0,77784000.0,157618000.0,0.0,1.315,28.048,34.462,161001000.0,25000.0,19.54,1.31,1.368,268049000.0,55508000.0,711635000.0,711635000.0,0.0,0.05,0.083,0.212,0.111,5319000.0,63477000.0,1.0,47712636.0,49821000,57239000.0,14.284,466904000.0,0.0,32677000.0,14582000.0,9.372,134352000.0
88,PWR,MRT,1999-06-30,1999-06-30,1999-06-30,2021-08-06,0.0,741600000.0,491552000.0,222201000.0,519399000.0,1.106,8.68,-39351000.0,4192000.0,4192000.0,433145000.0,20462000.0,1.998,0.894,235010000.0,5565000.0,229445000.0,235010000.0,11213000.0,20041000.0,0.0,0.0,0.0,51735000.0,71776000.0,0.132,71776000.0,51735000.0,42336000.0,0.393,0.377,0.393,391556000.0,262444500.0,391556000.0,1431966552.0,28.0,19.95,-28885000.0,-0.64,1.0,110439000.0,0.203,385879000.0,9399000.0,475305000.0,322905750.0,8863000.0,0.0,0.0,0.0,350044000.0,111234000.0,238810000.0,1299047552.0,2414000.0,-229448000.0,103005000.0,156400000.0,0.0,259405000.0,-267457000.0,1342000.0,10466000.0,0.0,20462000.0,20462000.0,20462000.0,0.0,0.0,0.038,59834000.0,50605000.0,94456000.0,0.0,3.318,63.486,74.64,126316000.0,0.0,29.333,2.39,2.434,201173000.0,36370000.0,543584000.0,543584000.0,0.0,0.042,0.078,0.16,0.095,5319000.0,47771000.0,1.0,44285712.0,45112000,51711000.0,12.05,355721000.0,0.0,21874000.0,9365000.0,7.885,110967000.0
89,PWR,MRT,1999-03-31,1999-03-31,1999-03-31,2021-08-06,0.0,554204000.0,357608500.0,172359000.0,381845000.0,1.16,8.448,-27431000.0,5257000.0,5257000.0,335145000.0,18794000.0,2.098,0.681,138176000.0,3392000.0,134784000.0,138176000.0,9980000.0,14856000.0,0.0,0.0,0.0,40748000.0,55604000.0,0.134,55604000.0,40748000.0,34085000.0,0.397,0.39,0.397,329770000.0,196744500.0,329770000.0,763137657.0,19.0,13.725,-23582000.0,-0.604,1.0,79663000.0,0.192,283083000.0,6663000.0,321890000.0,230895000.0,6141000.0,0.0,0.0,0.0,224434000.0,82150000.0,142284000.0,653046657.0,188000.0,-174703000.0,101637000.0,95494000.0,0.0,197131000.0,-200792000.0,1342000.0,3849000.0,0.0,18794000.0,18794000.0,18794000.0,0.0,0.0,0.045,39803000.0,39860000.0,68778000.0,0.0,1.98,34.748,42.72,93219000.0,0.0,16.96,1.574,1.596,155747000.0,31563000.0,414808000.0,414808000.0,0.0,0.053,0.096,0.176,0.098,0.0,35620000.0,1.0,38505110.0,39036000,45209000.0,10.626,271121000.0,0.0,15291000.0,7500000.0,6.945,90209000.0
90,PWR,MRT,1998-12-31,1998-12-31,1998-12-31,2021-08-06,0.0,339081000.0,254452250.0,108792000.0,230289000.0,1.255,4.269,-21273000.0,3246000.0,3246000.0,257270000.0,16188000.0,2.105,0.977,113988000.0,4357000.0,109631000.0,113988000.0,0.0,10666000.0,0.0,0.0,0.0,32726000.0,43392000.0,0.136,43392000.0,32726000.0,27871000.0,0.4,0.393,0.4,171503000.0,141656000.0,171503000.0,585274980.0,18.0,13.488,-13083000.0,-0.326,1.0,61989000.0,0.194,150887000.0,4855000.0,247250000.0,165421500.0,2534000.0,0.0,0.0,0.0,167578000.0,51686000.0,115892000.0,476951980.0,2757000.0,-89176000.0,45627000.0,66417000.0,0.0,103674000.0,-109107000.0,1342000.0,8190000.0,0.0,16188000.0,16188000.0,16188000.0,0.0,0.0,0.051,29904000.0,32085000.0,47329000.0,0.0,2.781,29.463,36.767,74212000.0,0.0,14.707,1.494,1.851,98660000.0,28140000.0,319259000.0,319259000.0,0.0,0.064,0.114,0.198,0.103,0.0,27160000.0,1.0,32431005.0,40177500,42472500.0,7.946,188194000.0,0.0,11683000.0,6261000.0,4.684,57106000.0
91,PWR,MRT,1998-09-30,1998-09-30,1998-09-30,2021-08-06,0.0,331323000.0,178618750.0,122147000.0,209176000.0,1.257,5.177,-13447000.0,2584000.0,2584000.0,180712000.0,10366000.0,2.123,1.111,110907000.0,2610000.0,108297000.0,110907000.0,6358000.0,7639000.0,0.0,0.0,0.0,21450000.0,29089000.0,0.13,29089000.0,21450000.0,18421000.0,0.273,0.273,0.273,156949000.0,101582750.0,156949000.0,280738347.0,13.0,9.651,-23234000.0,-0.766,1.0,43843000.0,0.195,134929000.0,3029000.0,247178000.0,112451500.0,1913000.0,0.0,0.0,0.0,174374000.0,57539000.0,116835000.0,245458347.0,2550000.0,-79255000.0,44883000.0,72452000.0,0.0,106439000.0,-94102000.0,0.0,-9787000.0,0.0,10366000.0,10366000.0,10366000.0,0.0,0.0,0.046,22805000.0,21038000.0,48571000.0,0.0,1.564,23.679,30.061,70185000.0,0.0,8.207,1.093,1.108,114031000.0,21172000.0,224555000.0,224555000.0,0.0,0.058,0.102,0.191,0.096,254000.0,21025000.0,1.0,29909628.0,30316500,30490500.0,7.407,196394000.0,0.0,8055000.0,8538000.0,6.478,64608000.0
92,PWR,MRT,1998-06-30,1998-06-30,1998-06-30,2021-08-06,0.0,205826000.0,104724750.0,66803000.0,139023000.0,1.361,4.601,-8668000.0,1778000.0,1778000.0,112983000.0,5482000.0,1.667,0.599,37058000.0,3946000.0,33112000.0,37058000.0,2832000.0,5143000.0,0.0,0.0,0.0,11882000.0,17025000.0,0.119,17025000.0,11882000.0,10032000.0,0.313,0.313,0.313,128756000.0,65148000.0,128756000.0,267223728.0,22.0,15.696,-1492000.0,-0.053,1.0,29503000.0,0.207,93765000.0,1850000.0,107262000.0,59499500.0,1750000.0,0.0,0.0,0.0,77070000.0,40079000.0,36991000.0,263039728.0,1778000.0,-34773000.0,45078000.0,3861000.0,0.0,38043000.0,-43441000.0,0.0,7176000.0,0.0,5482000.0,5482000.0,5482000.0,0.0,0.0,0.038,17773000.0,11730000.0,33301000.0,0.0,2.043,47.982,31.289,44088000.0,0.0,9.793,1.846,1.923,62077000.0,15212000.0,142486000.0,142486000.0,0.0,0.052,0.084,0.2,0.083,254000.0,16765000.0,1.0,26859060.0,27982500,28225500.0,5.092,112061000.0,0.0,4550000.0,3879000.0,4.005,26724000.0
93,PWR,MRT,1998-03-31,1998-03-31,1998-03-31,2021-08-06,0.0,141579000.0,,47229000.0,94350000.0,,6.935,-6947000.0,5176000.0,5176000.0,76707000.0,3081000.0,2.241,0.294,9360000.0,2712000.0,6648000.0,9360000.0,1358000.0,3717000.0,0.0,0.0,0.0,7036000.0,10753000.0,0.11,10753000.0,7036000.0,5600000.0,0.327,0.327,0.327,109416000.0,,109416000.0,230696750.0,33.0,21.454,-3168000.0,-0.201,1.0,20960000.0,0.215,64696000.0,1436000.0,59996000.0,,810000.0,0.0,0.0,0.0,32163000.0,21071000.0,11092000.0,222389750.0,4945000.0,-12057000.0,45078000.0,-14012000.0,0.0,20170000.0,-19004000.0,0.0,3779000.0,0.0,3081000.0,3081000.0,3081000.0,0.0,0.0,0.032,13906000.0,7054000.0,17001000.0,0.0,2.033,72.181,34.149,29406000.0,0.0,11.167,2.277,1.804,40496000.0,10416000.0,97667000.0,97667000.0,0.0,,,,0.072,254000.0,13668000.0,1.0,19915500.0,15777000,15870000.0,6.19,76883000.0,0.0,2519000.0,4444000.0,4.873,26158000.0
94,PWR,MRT,1997-12-31,1997-12-31,1997-12-31,2021-08-06,0.0,35747000.0,32740500.0,16702000.0,19045000.0,2.444,1.197,-6188000.0,489000.0,489000.0,62599000.0,1794000.0,1.151,2.189,14742000.0,7200000.0,7542000.0,14742000.0,738000.0,3361000.0,0.0,,0.0,4870000.0,8231000.0,0.103,8231000.0,4870000.0,3580000.0,0.193,0.193,0.193,11210000.0,9835000.0,11210000.0,,,,-867000.0,-0.093,1.0,17411000.0,0.218,114000.0,1290000.0,35370000.0,32407000.0,865000.0,0.0,0.0,0.0,24537000.0,14516000.0,10021000.0,,-23000.0,0.0,-31000.0,875000.0,0.0,844000.0,-6188000.0,0.0,5321000.0,0.0,1794000.0,1794000.0,1794000.0,0.0,0.0,0.022,12410000.0,5001000.0,6578000.0,0.0,,,,18286000.0,0.0,,,,14624000.0,11803000.0,80010000.0,80010000.0,0.0,0.055,0.182,0.15,0.061,254000.0,12354000.0,1.0,19915500.0,9366000,9366000.0,8.543,35633000.0,0.0,1786000.0,2479000.0,3.805,2186000.0
95,PWR,MRT,1997-09-30,1997-09-30,1997-09-30,2021-08-06,0.0,35747000.0,,16702000.0,19045000.0,,1.891,,489000.0,489000.0,,,1.151,2.189,14742000.0,7200000.0,7542000.0,14742000.0,738000.0,,0.0,,0.0,,,,,,,,,,11210000.0,,11210000.0,,,,,,1.0,,,114000.0,,35370000.0,,865000.0,0.0,0.0,0.0,24537000.0,14516000.0,10021000.0,,,,,,,,,,,,,,,,,,,,6578000.0,,,,,18286000.0,,,,,14624000.0,11803000.0,,,,,,,,,,1.0,,5928000,,,35633000.0,0.0,,2479000.0,6.011,2186000.0
96,PWR,MRT,1997-06-30,1997-06-30,1997-06-30,2021-08-06,,,,,,,,,,,,,,,,,,,,,,,0.0,,,,,,,,,,,,,,,,,,1.0,,,,,,,,,,,,,,,,,,,,,,,,,,,,,,,,,,,,,,,,,,,,,,,,,,,,,,1.0,,5928000,,,,,,,,
97,PWR,MRT,1997-03-31,1997-03-31,1997-03-31,2021-08-06,,,,,,,,,,,,,,,,,,,,,,,0.0,,,,,,,,,,,,,,,,,,1.0,,,,,,,,,,,,,,,,,,,,,,,,,,,,,,,,,,,,,,,,,,,,,,,,,,,,,,1.0,,4500000,,,,,,,,
98,PWR,MRT,1996-12-31,1996-12-31,1996-12-31,2021-08-06,0.0,29734000.0,,14307000.0,15427000.0,,1.427,-3809000.0,512000.0,512000.0,57164000.0,1790000.0,1.143,2.515,12905000.0,6427000.0,6478000.0,12905000.0,1216000.0,2814000.0,0.0,,0.0,4168000.0,6982000.0,0.098,6982000.0,4168000.0,3179000.0,0.3,0.3,0.3,8460000.0,,8460000.0,,,,452000.0,0.076,1.0,14130000.0,0.198,168000.0,989000.0,29444000.0,,579000.0,0.0,0.0,0.0,21274000.0,12515000.0,8759000.0,,147000.0,0.0,-2805000.0,2595000.0,0.0,-305000.0,-3809000.0,0.0,4261000.0,0.0,1790000.0,1790000.0,1790000.0,0.0,0.0,0.025,9931000.0,4199000.0,4872000.0,0.0,,,,14752000.0,0.0,,,,12593000.0,9276000.0,71294000.0,71294000.0,0.0,,,,0.058,720000.0,9876000.0,1.0,,5928000,5928000.0,12.027,29566000.0,0.0,1389000.0,2281000.0,4.988,1792000.0
99,PWR,MRT,1995-12-31,1995-12-31,1995-12-31,2021-08-06,,,,,,,,-4084000.0,,,44608000.0,1063000.0,,,,,,,,2592000.0,,,0.0,2203000.0,4795000.0,0.09,4795000.0,2203000.0,1416000.0,0.18,0.18,0.18,,,,,,,-1134000.0,-0.191,1.0,8616000.0,0.162,,787000.0,,,,,,,,,,,-161000.0,-128000.0,-97000.0,1235000.0,-80000.0,1101000.0,-4212000.0,0.0,2950000.0,0.0,1063000.0,1063000.0,1063000.0,0.0,0.0,0.02,6488000.0,2128000.0,,0.0,,,,,0.0,,,,,,53224000.0,53224000.0,0.0,,,,0.041,0.0,6438000.0,1.0,,5928000,5928000.0,8.978,,,353000.0,,,
