None,ticker,dimension,calendardate,datekey,reportperiod,lastupdated,accoci,assets,assetsavg,assetsc,assetsnc,assetturnover,bvps,capex,cashneq,cashnequsd,cor,consolinc,currentratio,de,debt,debtc,debtnc,debtusd,deferredrev,depamor,deposits,divyield,dps,ebit,ebitda,ebitdamargin,ebitdausd,ebitusd,ebt,eps,epsdil,epsusd,equity,equityavg,equityusd,ev,evebit,evebitda,fcf,fcfps,fxusd,gp,grossmargin,intangibles,intexp,invcap,invcapavg,inventory,investments,investmentsc,investmentsnc,liabilities,liabilitiesc,liabilitiesnc,marketcap,ncf,ncfbus,ncfcommon,ncfdebt,ncfdiv,ncff,ncfi,ncfinv,ncfo,ncfx,netinc,netinccmn,netinccmnusd,netincdis,netincnci,netmargin,opex,opinc,payables,payoutratio,pb,pe,pe1,ppnenet,prefdivis,price,ps,ps1,receivables,retearn,revenue,revenueusd,rnd,roa,roe,roic,ros,sbcomp,sgna,sharefactor,sharesbas,shareswa,shareswadil,sps,tangibles,taxassets,taxexp,taxliabilities,tbvps,workingcapital
0,HAR,MRY,2016-12-31,2016-06-30,2016-06-30,2019-02-12,-77241000.0,6047869000.0,5867531250.0,2918455000.0,3129414000.0,1.178,34.126,-198455000.0,602300000.0,602300000.0,4818585000.0,362451000.0,1.593,1.466,1396974000.0,86641000.0,1310333000.0,1396974000.0,0.0,224010000.0,0.0,0.019,1.4,563273000.0,787283000.0,0.114,787283000.0,563273000.0,529791000.0,5.03,4.99,5.03,2452473000.0,2432366250.0,2452473000.0,5998666195.0,11.0,7.619,248073000.0,3.452,1.0,2093091000.0,0.303,1986563000.0,33482000.0,3024174000.0,2808003500.0,706084000.0,0.0,0.0,0.0,3595396000.0,1831806000.0,1763590000.0,5067238195.0,-47213000.0,-227231000.0,-145027000.0,232884000.0,-100651000.0,-57635000.0,-425876000.0,0.0,446528000.0,-10230000.0,361734000.0,361734000.0,361734000.0,0.0,717000.0,0.052,1513064000.0,580027000.0,867279000.0,0.278,2.066,14.008,14.278,593290000.0,0.0,71.82,0.733,0.747,1122920000.0,2490570000.0,6911676000.0,6911676000.0,0.0,0.062,0.149,0.201,0.081,39988000.0,1513064000.0,1.0,70554695.0,71866000,72532000.0,96.174,4061306000.0,140181000.0,168057000.0,28773000.0,56.512,1086649000.0
1,HAR,MRY,2015-12-31,2015-06-30,2015-06-30,2019-02-12,11434000.0,5865900000.0,4705183250.0,2828592000.0,3037308000.0,1.308,33.852,-192498000.0,649513000.0,649513000.0,4338193000.0,342989000.0,1.366,1.463,1086238000.0,5571000.0,1080667000.0,1086238000.0,0.0,169231000.0,0.0,0.011,1.32,459878000.0,629109000.0,0.102,629109000.0,459878000.0,445949000.0,4.89,4.84,4.89,2374613000.0,2085467250.0,2374613000.0,8466568541.0,18.0,13.458,360105000.0,5.134,1.0,1817104000.0,0.295,1956847000.0,13929000.0,2274811000.0,2101807000.0,693574000.0,0.0,0.0,0.0,3473074000.0,2070967000.0,1402107000.0,8462798541.0,68201000.0,-556475000.0,5358000.0,383159000.0,-92600000.0,305186000.0,-738466000.0,0.0,552603000.0,-51122000.0,342680000.0,342680000.0,342680000.0,0.0,309000.0,0.056,1347510000.0,469594000.0,918910000.0,0.27,3.564,24.696,24.323,552421000.0,0.0,118.94,1.375,1.355,1024139000.0,2229517000.0,6155297000.0,6155297000.0,0.0,0.073,0.164,0.219,0.075,30662000.0,1347510000.0,1.0,71151829.0,70147000,70870000.0,87.749,3909053000.0,100032000.0,103269000.0,76131000.0,55.727,757625000.0
2,HAR,MRY,2014-12-31,2014-06-30,2014-06-30,2019-02-12,39799000.0,4125590000.0,3677086750.0,2458871000.0,1666719000.0,1.455,25.952,-157141000.0,581312000.0,581312000.0,3891816000.0,234579000.0,1.655,1.301,558768000.0,39361000.0,519407000.0,558768000.0,0.0,132328000.0,0.0,0.011,1.2,315328000.0,447656000.0,0.084,447656000.0,315328000.0,307302000.0,3.4,3.36,3.4,1792578000.0,1729061500.0,1792578000.0,7027074342.0,22.0,15.697,434999000.0,6.298,1.0,1456667000.0,0.272,722982000.0,8026000.0,1894412000.0,1771991250.0,662128000.0,0.0,0.0,0.0,2332569000.0,1485652000.0,846917000.0,7315937342.0,127054000.0,-422953000.0,-54469000.0,268838000.0,-83053000.0,136604000.0,-612052000.0,10008000.0,592140000.0,10362000.0,234692000.0,234692000.0,234692000.0,0.0,-113000.0,0.044,1126940000.0,329727000.0,697553000.0,0.353,4.081,31.173,31.597,509856000.0,0.0,107.43,1.368,1.387,894579000.0,1979234000.0,5348483000.0,5348483000.0,0.0,0.064,0.136,0.178,0.059,24966000.0,1126940000.0,1.0,68099575.0,69073000,69889000.0,77.432,3402608000.0,170558000.0,72610000.0,26544000.0,49.261,973219000.0
3,HAR,MRY,2013-12-31,2013-06-30,2013-06-30,2019-02-12,21800000.0,3235685000.0,3186773000.0,2089052000.0,1146633000.0,1.349,23.842,-101682000.0,454258000.0,454258000.0,3193722000.0,142407000.0,1.939,0.967,289973000.0,34930000.0,255043000.0,289973000.0,0.0,128168000.0,0.0,0.011,0.6,187004000.0,315172000.0,0.073,315172000.0,187004000.0,174136000.0,2.06,2.04,2.06,1644871000.0,1619641750.0,1644871000.0,3554642047.0,19.0,11.278,-59546000.0,-0.863,1.0,1104120000.0,0.257,234342000.0,12868000.0,1759544000.0,1676513000.0,549831000.0,10008000.0,10008000.0,0.0,1590814000.0,1077514000.0,513300000.0,3683028047.0,-163098000.0,-104735000.0,8541000.0,-166763000.0,-41449000.0,-203411000.0,-10691000.0,193517000.0,42136000.0,8868000.0,142407000.0,142407000.0,142407000.0,0.0,0.0,0.033,902869000.0,201251000.0,498055000.0,0.291,2.239,25.863,26.311,425182000.0,0.0,54.2,0.857,0.87,722711000.0,1827267000.0,4297842000.0,4297842000.0,0.0,0.045,0.088,0.112,0.044,17578000.0,902869000.0,1.0,67952547.0,68990000,69736000.0,62.297,3001343000.0,260749000.0,31729000.0,13414000.0,43.504,1011538000.0
4,HAR,MRY,2012-12-31,2012-06-30,2012-06-30,2019-02-12,29709000.0,3169464000.0,3143707500.0,2116245000.0,1053219000.0,1.388,21.454,-112536000.0,617356000.0,617356000.0,3179932000.0,329541000.0,1.531,1.072,395636000.0,395636000.0,0.0,395636000.0,0.0,122225000.0,0.0,0.008,0.3,281279000.0,403504000.0,0.092,403504000.0,281279000.0,261153000.0,4.62,4.57,4.62,1529611000.0,1517927000.0,1529611000.0,2542010688.0,9.0,6.3,155971000.0,2.188,1.0,1184146000.0,0.271,180811000.0,20126000.0,1385033000.0,1515003000.0,427597000.0,203014000.0,203014000.0,0.0,1639853000.0,1381900000.0,257953000.0,2791054688.0,13464000.0,-70535000.0,-123946000.0,-1308000.0,-21161000.0,-147646000.0,-64651000.0,114308000.0,268507000.0,-42746000.0,329541000.0,329541000.0,329541000.0,0.0,0.0,0.076,883900000.0,300246000.0,505694000.0,0.065,1.825,8.47,8.571,430234000.0,0.0,39.6,0.64,0.647,582835000.0,1726486000.0,4364078000.0,4364078000.0,0.0,0.105,0.217,0.186,0.064,17370000.0,883900000.0,1.0,70481179.0,71297000,72083000.0,61.21,2988653000.0,308768000.0,-68388000.0,15279000.0,41.918,734345000.0
5,HAR,MRY,2011-12-31,2011-06-30,2011-06-30,2019-02-12,136733000.0,3058495000.0,2853031000.0,2108155000.0,950340000.0,1.322,20.054,-108357000.0,603892000.0,603892000.0,2784995000.0,135916000.0,2.012,1.148,380572000.0,2171000.0,378401000.0,380572000.0,0.0,123264000.0,0.0,0.001,0.05,182796000.0,306060000.0,0.081,306060000.0,182796000.0,160220000.0,1.91,1.9,1.91,1423658000.0,1318586500.0,1423658000.0,3136570432.0,17.0,10.248,223393000.0,3.147,1.0,987350000.0,0.262,119357000.0,22576000.0,1668237000.0,1639423000.0,423137000.0,317322000.0,317322000.0,0.0,1634837000.0,1047581000.0,587256000.0,3185262432.0,-41678000.0,-14800000.0,0.0,-19463000.0,-3525000.0,-8378000.0,-434500000.0,-317322000.0,331750000.0,69450000.0,135916000.0,135916000.0,135916000.0,0.0,0.0,0.036,797299000.0,190051000.0,473486000.0,0.026,2.237,23.436,23.859,470300000.0,0.0,45.57,0.844,0.858,579272000.0,1418106000.0,3772345000.0,3772345000.0,0.0,0.048,0.103,0.112,0.048,17973000.0,813809000.0,1.0,69898232.0,70992000,71635000.0,53.138,2939138000.0,229941000.0,24304000.0,12991000.0,41.401,1060574000.0
6,HAR,MRY,2010-12-31,2010-06-30,2010-06-30,2019-02-12,3666000.0,2556215000.0,2524230000.0,1673979000.0,882236000.0,1.333,16.132,-60033000.0,645570000.0,645570000.0,2479270000.0,164058000.0,1.939,1.252,377837000.0,13935000.0,363902000.0,377837000.0,0.0,127654000.0,0.0,0.0,0.0,197594000.0,325248000.0,0.097,325248000.0,197594000.0,167379000.0,2.26,2.25,2.26,1134892000.0,1063902000.0,1134892000.0,2138227444.0,11.0,6.574,180406000.0,2.564,1.0,885158000.0,0.263,105922000.0,30215000.0,1319109000.0,1604658000.0,353123000.0,0.0,0.0,0.0,1421323000.0,863451000.0,557872000.0,2078204444.0,59211000.0,124370000.0,0.0,-228890000.0,0.0,-222260000.0,66701000.0,0.0,240439000.0,-25669000.0,158769000.0,158769000.0,158769000.0,-123591000.0,10578000.0,0.047,786481000.0,98677000.0,382985000.0,0.0,1.831,13.089,13.226,421949000.0,0.0,29.89,0.618,0.625,517092000.0,1285715000.0,3364428000.0,3364428000.0,0.0,0.063,0.149,0.123,0.059,21320000.0,774189000.0,1.0,69528419.0,70350000,70595000.0,47.824,2450293000.0,247602000.0,8610000.0,3941000.0,34.83,810528000.0
7,HAR,MRY,2009-12-31,2009-06-30,2009-06-30,2019-02-12,57198000.0,2473497000.0,2405113250.0,1506322000.0,967175000.0,1.187,17.138,-79122000.0,586359000.0,586359000.0,2209545000.0,-430752000.0,2.026,1.455,577296000.0,605000.0,576691000.0,577296000.0,0.0,145786000.0,0.0,0.002,0.038,-517947000.0,-372161000.0,-0.13,-372161000.0,-517947000.0,-538521000.0,-7.34,-7.34,-7.34,1007132000.0,1005616250.0,1007132000.0,1430767426.0,-3.0,-3.844,-4671000.0,-0.079,1.0,645350000.0,0.226,42199000.0,20574000.0,1678705000.0,1724461250.0,333595000.0,0.0,0.0,0.0,1465579000.0,743530000.0,722049000.0,1102794426.0,363250000.0,-7443000.0,189723000.0,188203000.0,-2207000.0,375986000.0,-67012000.0,0.0,74451000.0,-20175000.0,-431504000.0,-431504000.0,-431504000.0,9159000.0,1504000.0,-0.151,1149162000.0,-503812000.0,240984000.0,-0.005,1.095,-2.556,-2.561,513826000.0,0.0,18.8,0.386,0.387,410703000.0,1126946000.0,2854895000.0,2854895000.0,0.0,-0.179,-0.429,-0.3,-0.181,9770000.0,831419000.0,1.0,58659278.0,58766000,58766000.0,48.581,2431298000.0,274312000.0,-107017000.0,16973000.0,41.373,762792000.0
8,HAR,MRY,2008-12-31,2008-06-30,2008-06-30,2019-02-12,191531000.0,2826925000.0,2712912750.0,1424297000.0,1402628000.0,1.501,21.796,-138721000.0,223109000.0,223109000.0,2994709000.0,101302000.0,1.57,1.11,427952000.0,639000.0,427313000.0,427952000.0,0.0,148542000.0,0.0,0.001,0.05,133112000.0,281654000.0,0.069,281654000.0,133112000.0,115387000.0,1.65,1.64,1.65,1339846000.0,1363359250.0,1339846000.0,2739971964.0,21.0,9.728,178088000.0,2.897,1.0,1077650000.0,0.265,436447000.0,17725000.0,1688369000.0,1765046250.0,390638000.0,0.0,0.0,0.0,1487079000.0,906952000.0,580127000.0,2408142964.0,116968000.0,-12724000.0,-400287000.0,336261000.0,-3056000.0,-64842000.0,-142485000.0,0.0,316809000.0,7486000.0,101723000.0,101723000.0,101723000.0,-5757000.0,-842000.0,0.025,945483000.0,132167000.0,343780000.0,0.03,1.797,23.674,25.085,640042000.0,0.0,41.39,0.591,0.625,574195000.0,1566720000.0,4072359000.0,4072359000.0,0.0,0.037,0.075,0.075,0.033,17827000.0,945483000.0,1.0,58181758.0,61472000,62182000.0,66.247,2390478000.0,208107000.0,13664000.0,21911000.0,38.887,517345000.0
9,HAR,MRY,2007-12-31,2007-06-30,2007-06-30,2019-02-12,97969000.0,2508868000.0,2381653250.0,1233153000.0,1275715000.0,1.491,22.876,-174794000.0,106141000.0,106141000.0,2339938000.0,313963000.0,1.511,0.679,76528000.0,18867000.0,57661000.0,76528000.0,0.0,127162000.0,0.0,0.0,0.05,385649000.0,512811000.0,0.144,512811000.0,385649000.0,384149000.0,4.81,4.72,4.81,1494041000.0,1348466000.0,1494041000.0,7671856354.0,20.0,14.96,40519000.0,0.62,1.0,1211206000.0,0.341,403749000.0,1500000.0,1259525000.0,1177189500.0,453156000.0,0.0,0.0,0.0,1014827000.0,815981000.0,198846000.0,7609260354.0,-185617000.0,-9229000.0,-128780000.0,-126278000.0,-3262000.0,-222749000.0,-180015000.0,0.0,215313000.0,1834000.0,313963000.0,313963000.0,313963000.0,0.0,0.0,0.088,824819000.0,386387000.0,356763000.0,0.01,5.093,24.236,24.283,591976000.0,0.0,116.8,2.143,2.148,486557000.0,1454771000.0,3551144000.0,3551144000.0,0.0,0.132,0.233,0.328,0.109,4962000.0,824819000.0,1.0,65147777.0,65310000,66449000.0,54.374,2105119000.0,0.0,70186000.0,90187000.0,32.233,417172000.0
10,HAR,MRY,2006-12-31,2006-06-30,2006-06-30,2019-02-12,61013000.0,2375752000.0,2305006250.0,1267967000.0,1107785000.0,1.409,18.536,-130548000.0,291758000.0,291758000.0,2095327000.0,255295000.0,1.428,0.934,197554000.0,18088000.0,179466000.0,197554000.0,0.0,129949000.0,0.0,0.001,0.05,390199000.0,520148000.0,0.16,520148000.0,390199000.0,377172000.0,3.85,3.75,3.85,1228164000.0,1135964750.0,1228164000.0,5641423400.0,14.0,10.846,269431000.0,4.066,1.0,1152570000.0,0.355,381219000.0,13027000.0,1012433000.0,1119013250.0,344957000.0,0.0,0.0,0.0,1147588000.0,887896000.0,259692000.0,5711706400.0,544000.0,-13808000.0,-192608000.0,-137267000.0,-3321000.0,-260053000.0,-146680000.0,0.0,399979000.0,7298000.0,255295000.0,255295000.0,255295000.0,0.0,0.0,0.079,755329000.0,397241000.0,320327000.0,0.013,4.651,22.373,22.174,521935000.0,0.0,85.37,1.759,1.742,444474000.0,1144070000.0,3247897000.0,3247897000.0,0.0,0.111,0.225,0.349,0.12,-28907000.0,755329000.0,1.0,66905311.0,66260000,68105000.0,49.017,1994533000.0,0.0,121877000.0,116493000.0,30.102,380071000.0
11,HAR,MRY,2005-12-31,2005-06-30,2005-06-30,2019-02-12,31103000.0,2187203000.0,2116477750.0,1183293000.0,1003910000.0,1.432,15.807,-172326000.0,291214000.0,291214000.0,1999187000.0,232848000.0,1.623,1.062,333917000.0,3126000.0,330791000.0,333917000.0,0.0,118665000.0,0.0,0.001,0.05,345853000.0,464518000.0,0.153,464518000.0,345853000.0,335337000.0,3.47,3.31,3.47,1060948000.0,1036241500.0,1060948000.0,5530521028.0,16.0,11.906,247216000.0,3.683,1.0,1031702000.0,0.34,345071000.0,10516000.0,1155765000.0,1139094250.0,312950000.0,0.0,0.0,0.0,1126255000.0,729070000.0,397185000.0,5479959028.0,4506000.0,-145680000.0,-135091000.0,-52697000.0,-3354000.0,-191142000.0,-220191000.0,91000000.0,419542000.0,-3703000.0,232848000.0,232848000.0,232848000.0,0.0,0.0,0.077,680721000.0,350981000.0,274145000.0,0.014,5.165,23.534,23.447,491619000.0,0.0,81.36,1.808,1.802,433041000.0,892096000.0,3030889000.0,3030889000.0,0.0,0.11,0.225,0.304,0.114,88425000.0,680721000.0,1.0,67354462.0,67120000,70399000.0,45.156,1842132000.0,0.0,102489000.0,105858000.0,27.445,454223000.0
12,HAR,MRY,2004-12-31,2004-06-30,2004-06-30,2019-02-12,27979000.0,1988810000.0,1878410000.0,1204035000.0,784775000.0,1.443,13.302,-135493000.0,286708000.0,286708000.0,1822782000.0,157883000.0,1.818,1.273,394925000.0,7309000.0,387616000.0,394925000.0,0.0,106032000.0,0.0,0.001,0.05,244727000.0,350759000.0,0.129,350759000.0,244727000.0,227520000.0,2.4,2.27,2.4,874996000.0,786637000.0,874996000.0,6160455732.0,25.0,17.563,346958000.0,5.275,1.0,888592000.0,0.328,251722000.0,17207000.0,1182951000.0,1283707000.0,291710000.0,91000000.0,91000000.0,0.0,1113814000.0,662354000.0,451460000.0,6009644732.0,177347000.0,-34281000.0,10358000.0,-104817000.0,-3289000.0,-97748000.0,-211822000.0,-52450000.0,482451000.0,4466000.0,157883000.0,157883000.0,157883000.0,0.0,0.0,0.058,634127000.0,254465000.0,238663000.0,0.021,6.868,38.064,37.917,434091000.0,0.0,91.0,2.216,2.208,426211000.0,662602000.0,2711374000.0,2711374000.0,0.0,0.084,0.201,0.191,0.09,20761000.0,634127000.0,1.0,66040052.0,65779000,69487000.0,41.219,1737088000.0,0.0,69637000.0,122214000.0,26.408,541681000.0
13,HAR,MRY,2003-12-31,2003-06-30,2003-06-30,2019-02-12,-5519000.0,1703658000.0,1579037250.0,967624000.0,736034000.0,1.411,10.138,-115337000.0,147911000.0,147911000.0,1577372000.0,105428000.0,1.985,1.598,503068000.0,5309000.0,497759000.0,503068000.0,0.0,88545000.0,0.0,0.001,0.05,165092000.0,253637000.0,0.114,253637000.0,165092000.0,142471000.0,1.63,1.55,1.63,655785000.0,585690750.0,655785000.0,2968471441.0,18.0,11.704,134725000.0,2.083,1.0,651147000.0,0.292,221579000.0,22621000.0,1349826000.0,1322305500.0,349626000.0,0.0,0.0,0.0,1047873000.0,487410000.0,560463000.0,2548013441.0,38158000.0,-11211000.0,-31212000.0,-54308000.0,-3231000.0,-97428000.0,-121095000.0,6500000.0,250062000.0,6619000.0,105428000.0,105428000.0,105428000.0,0.0,0.0,0.047,484253000.0,166894000.0,176846000.0,0.031,3.885,24.168,24.276,393920000.0,0.0,39.57,1.143,1.149,363121000.0,508008000.0,2228519000.0,2228519000.0,0.0,0.067,0.18,0.125,0.074,23275000.0,484253000.0,1.0,64392556.0,64688000,68048000.0,34.45,1482079000.0,0.0,37043000.0,51894000.0,22.911,480214000.0
14,HAR,MRY,2002-12-31,2002-06-30,2002-06-30,2019-02-12,-49092000.0,1480280000.0,1297522000.0,876763000.0,603517000.0,1.407,8.162,-104527000.0,116253000.0,116253000.0,1326317000.0,57513000.0,2.023,1.811,474679000.0,4255000.0,470424000.0,474679000.0,0.0,78084000.0,0.0,0.002,0.05,102521000.0,180605000.0,0.099,180605000.0,102521000.0,80115000.0,0.89,0.85,0.89,526629000.0,469256500.0,526629000.0,1986401043.0,19.0,10.999,85844000.0,1.33,1.0,499871000.0,0.274,199239000.0,22406000.0,1205996000.0,1090833250.0,329935000.0,0.0,0.0,0.0,953651000.0,433471000.0,520180000.0,1600018043.0,113505000.0,-35512000.0,-3667000.0,71319000.0,-3227000.0,72913000.0,-152358000.0,0.0,190371000.0,2579000.0,57513000.0,57513000.0,57513000.0,0.0,0.0,0.031,396650000.0,103221000.0,193110000.0,0.056,3.038,27.82,27.669,325812000.0,0.0,24.625,0.876,0.87,335019000.0,405811000.0,1826188000.0,1826188000.0,0.0,0.044,0.123,0.094,0.056,4169000.0,396650000.0,1.0,64975352.0,64522000,67806000.0,28.303,1281041000.0,0.0,22602000.0,0.0,19.854,443292000.0
15,HAR,MRY,2001-12-31,2001-06-30,2001-06-30,2019-02-12,-89503000.0,1159385000.0,1175615000.0,705871000.0,453514000.0,1.46,6.548,-105764000.0,2748000.0,2748000.0,1268512000.0,32364000.0,2.033,1.741,368760000.0,24938000.0,343822000.0,368760000.0,0.0,67201000.0,0.0,0.003,0.05,70017000.0,137218000.0,0.08,137218000.0,70017000.0,45067000.0,0.5,0.48,0.5,422942000.0,425432750.0,422942000.0,1639017600.0,23.0,11.945,-51821000.0,-0.802,1.0,448035000.0,0.261,145258000.0,24950000.0,1032984000.0,1089872000.0,317500000.0,0.0,0.0,0.0,736443000.0,347155000.0,389288000.0,1219642600.0,-1617000.0,0.0,-66968000.0,100639000.0,-3222000.0,34248000.0,-89265000.0,12259000.0,53943000.0,-543000.0,32364000.0,32364000.0,32364000.0,0.0,0.0,0.019,376807000.0,71228000.0,151478000.0,0.1,2.884,37.685,38.09,264136000.0,0.0,19.045,0.711,0.717,312817000.0,351525000.0,1716547000.0,1716547000.0,0.0,0.028,0.076,0.064,0.041,1008000.0,376807000.0,1.0,64040042.0,64592000,67474000.0,26.575,1014127000.0,0.0,12703000.0,0.0,15.701,358716000.0
16,HAR,MRY,2000-12-31,2000-06-30,2000-06-30,2019-02-12,-89503000.0,1162385000.0,1116388250.0,708871000.0,453514000.0,1.503,6.138,-80355000.0,2748000.0,2748000.0,1208603000.0,72838000.0,2.024,1.748,368760000.0,24938000.0,343822000.0,368760000.0,0.0,64618000.0,0.0,0.003,0.05,121268000.0,185886000.0,0.111,185886000.0,121268000.0,102761000.0,1.055,1.03,1.055,422942000.0,455070750.0,422942000.0,1361250299.0,11.0,7.323,114210000.0,1.658,1.0,469336000.0,0.28,145258000.0,18507000.0,1032984000.0,998587750.0,317500000.0,0.0,0.0,0.0,739443000.0,350155000.0,389288000.0,1042177299.0,1402000.0,-49683000.0,-34139000.0,-25068000.0,-3444000.0,-62651000.0,-129943000.0,-645000.0,194565000.0,-569000.0,72838000.0,72838000.0,72838000.0,0.0,0.0,0.043,347614000.0,121722000.0,151478000.0,0.047,2.464,14.308,14.46,264136000.0,0.0,15.255,0.621,0.626,315817000.0,351525000.0,1677939000.0,1677939000.0,0.0,0.065,0.16,0.121,0.072,137000.0,347614000.0,1.0,68317096.0,68904000,70600000.0,24.352,1017127000.0,0.0,29923000.0,0.0,14.762,358716000.0
17,HAR,MRY,1999-12-31,1999-06-30,1999-06-30,2019-02-12,-41885000.0,1065755000.0,1133796250.0,646609000.0,419146000.0,1.323,6.54,-67830000.0,2963000.0,2963000.0,1102400000.0,11723000.0,2.254,1.276,311575000.0,31161000.0,280414000.0,311575000.0,0.0,66780000.0,0.0,0.005,0.05,38070000.0,104850000.0,0.07,104850000.0,38070000.0,14429000.0,0.165,0.16,0.165,468187000.0,475221500.0,468187000.0,1190243652.0,31.0,11.352,58350000.0,0.815,1.0,397735000.0,0.265,140824000.0,23641000.0,946722000.0,1092544500.0,280115000.0,0.0,0.0,0.0,597568000.0,286821000.0,310747000.0,779551652.0,-13241000.0,-568000.0,-31498000.0,-26319000.0,-3589000.0,-61406000.0,-78274000.0,-11600000.0,126180000.0,259000.0,11723000.0,11723000.0,11723000.0,0.0,0.0,0.008,359072000.0,38663000.0,120116000.0,0.303,1.665,66.498,66.667,241063000.0,0.0,11.0,0.52,0.525,303371000.0,252989000.0,1500135000.0,1500135000.0,0.0,0.01,0.025,0.035,0.025,59000.0,322008000.0,1.0,70868332.0,71588000,72244000.0,20.955,924931000.0,0.0,2706000.0,0.0,12.92,359788000.0
18,HAR,MRY,1998-12-31,1998-06-30,1998-06-30,2019-02-12,-21478000.0,1130684000.0,1072469000.0,695203000.0,435481000.0,1.411,6.89,-57528000.0,16204000.0,16204000.0,1107229000.0,50243000.0,2.124,1.209,333640000.0,74031000.0,259609000.0,333640000.0,0.0,62514000.0,0.0,0.005,0.05,96979000.0,159493000.0,0.105,159493000.0,96979000.0,72094000.0,0.677,0.667,0.677,511899000.0,489330500.0,511899000.0,1125455347.0,12.0,7.056,25162000.0,0.339,1.0,406026000.0,0.268,161712000.0,24885000.0,959120000.0,957220000.0,307189000.0,0.0,0.0,0.0,618785000.0,327288000.0,291497000.0,717140347.0,11974000.0,-98210000.0,3675000.0,24312000.0,-3715000.0,24272000.0,-94168000.0,0.0,82690000.0,-820000.0,50243000.0,50243000.0,50243000.0,0.0,0.0,0.033,305701000.0,100325000.0,113367000.0,0.074,1.401,14.273,14.217,248368000.0,0.0,9.625,0.474,0.473,299881000.0,244855000.0,1513255000.0,1513255000.0,0.0,0.047,0.103,0.101,0.064,172000.0,305701000.0,1.0,74508088.0,74296000,75376000.0,20.368,968972000.0,0.0,21851000.0,0.0,13.042,367915000.0
19,HAR,MRY,1997-12-31,1997-06-30,1997-06-30,2019-02-12,-16240000.0,1014254000.0,,679299000.0,334955000.0,,6.29,-62417000.0,4230000.0,4230000.0,1053614000.0,54832000.0,2.704,1.173,306150000.0,39757000.0,266393000.0,306150000.0,0.0,54186000.0,0.0,0.005,0.05,101434000.0,155620000.0,0.106,155620000.0,101434000.0,77794000.0,0.74,0.725,0.74,466762000.0,,466762000.0,,,,2208000.0,0.03,1.0,420480000.0,0.285,109606000.0,23640000.0,955320000.0,,320102000.0,0.0,0.0,0.0,547492000.0,251248000.0,296244000.0,,3927000.0,0.0,-10026000.0,12093000.0,-3709000.0,-1642000.0,-59056000.0,0.0,64625000.0,0.0,54832000.0,54832000.0,54832000.0,0.0,0.0,0.037,318507000.0,101973000.0,104121000.0,0.068,,,14.233,207947000.0,0.0,10.533,,0.53,306230000.0,198327000.0,1474094000.0,1474094000.0,0.0,,,,0.069,522000.0,318507000.0,1.0,,74208000,75576000.0,19.864,904648000.0,0.0,22962000.0,0.0,12.191,428051000.0
20,HAR,MRY,1996-12-31,1996-06-30,1996-06-30,2019-02-12,,,,,,,,-80528000.0,,,953470000.0,52042000.0,,,,,,,,52012000.0,,0.004,0.05,103302000.0,155314000.0,0.114,155314000.0,103302000.0,75792000.0,0.79,0.772,0.79,,,,,,,-99303000.0,-1.507,1.0,408125000.0,0.3,,27510000.0,,,,,,,,,,,-10949000.0,-18650000.0,111538000.0,-15115000.0,-3210000.0,93213000.0,-85387000.0,0.0,-18775000.0,0.0,52042000.0,52042000.0,52042000.0,0.0,0.0,0.038,302747000.0,105378000.0,,0.063,,,15.348,,0.0,12.125,,0.587,,,1361595000.0,1361595000.0,0.0,,,,0.076,1110000.0,302747000.0,,,65896000,67460000.0,20.663,,,23750000.0,,,
0,HAR,MRQ,2016-12-31,2016-12-31,2016-12-31,2019-02-12,-100930000.0,6331623000.0,,3251324000.0,3080299000.0,,36.295,-37522000.0,683351000.0,683351000.0,1339513000.0,99449000.0,1.616,1.457,1337976000.0,58375000.0,1279601000.0,1337976000.0,0.0,52592000.0,0.0,0.013,0.35,169528000.0,222120000.0,0.114,222120000.0,169528000.0,160314000.0,1.4,1.39,1.4,2576459000.0,,2576459000.0,8571531278.0,14.0,10.542,203424000.0,2.866,1.0,607961000.0,0.312,1936429000.0,9214000.0,3038445000.0,,787559000.0,0.0,0.0,0.0,3755164000.0,2011374000.0,1743790000.0,7747727278.0,171646000.0,-2400000.0,-17459000.0,30899000.0,-25032000.0,-15911000.0,-38246000.0,0.0,240946000.0,-15143000.0,99449000.0,99449000.0,99449000.0,0.0,0.0,0.051,433947000.0,174014000.0,1001822000.0,0.25,3.007,21.267,21.796,579039000.0,0.0,111.16,1.074,1.094,1195761000.0,2643487000.0,1947474000.0,1947474000.0,0.0,,,,,18500000.0,433947000.0,1.0,69698878.0,70986000,71712000.0,27.435,4395194000.0,131681000.0,60865000.0,40762000.0,61.916,1239950000.0
1,HAR,MRQ,2016-09-30,2016-09-30,2016-09-30,2019-02-12,-90168000.0,6163850000.0,,3033114000.0,3130736000.0,,35.39,-33549000.0,511705000.0,511705000.0,1218251000.0,103117000.0,1.57,1.457,1335509000.0,60941000.0,1274568000.0,1335509000.0,0.0,51188000.0,0.0,0.017,0.35,149864000.0,201052000.0,0.114,201052000.0,149864000.0,140540000.0,1.45,1.45,1.45,2508760000.0,,2508760000.0,6694025826.0,11.0,8.34,36022000.0,0.508,1.0,541271000.0,0.308,1973223000.0,9324000.0,3082544000.0,,831900000.0,0.0,0.0,0.0,3655090000.0,1931887000.0,1723203000.0,5893178826.0,-90595000.0,1015000.0,-45150000.0,-39304000.0,-24783000.0,-113225000.0,-49018000.0,-15000000.0,69571000.0,2077000.0,103117000.0,103117000.0,103117000.0,0.0,0.0,0.059,390460000.0,150811000.0,940389000.0,0.241,2.349,15.601,16.025,595256000.0,0.0,84.45,0.837,0.85,1162461000.0,2568863000.0,1759522000.0,1759522000.0,0.0,,,,,-15751000.0,390460000.0,1.0,69783053.0,70889000,71358000.0,24.821,4190627000.0,135643000.0,37423000.0,37223000.0,59.115,1101227000.0
2,HAR,MRQ,2016-06-30,2016-06-30,2016-06-30,2019-02-12,-77241000.0,6047869000.0,,2918455000.0,3129414000.0,,34.384,-58605000.0,602300000.0,602300000.0,1312815000.0,72929000.0,1.593,1.466,1396974000.0,86641000.0,1310333000.0,1396974000.0,0.0,58169000.0,0.0,0.019,0.35,151876000.0,210045000.0,0.112,210045000.0,151876000.0,142952000.0,1.02,1.01,1.02,2452473000.0,,2452473000.0,5998666195.0,11.0,7.619,306437000.0,4.296,1.0,567734000.0,0.302,1986563000.0,8924000.0,3024174000.0,,706084000.0,0.0,0.0,0.0,3595396000.0,1831806000.0,1763590000.0,5067238195.0,241880000.0,-390000.0,-64480000.0,38136000.0,-25134000.0,-54979000.0,-61855000.0,0.0,365042000.0,-6328000.0,72914000.0,72914000.0,72914000.0,0.0,15000.0,0.039,413680000.0,154054000.0,867279000.0,0.343,2.066,14.008,14.278,593290000.0,0.0,71.82,0.733,0.747,1122920000.0,2490570000.0,1880549000.0,1880549000.0,0.0,,,,,10773000.0,413680000.0,1.0,70554695.0,71326000,72556000.0,26.366,4061306000.0,140181000.0,70038000.0,28773000.0,56.94,1086649000.0
3,HAR,MRQ,2016-03-31,2016-03-31,2016-03-31,2019-02-12,-59324000.0,5788397000.0,,2790906000.0,2997491000.0,,34.36,-52498000.0,360420000.0,360420000.0,1135215000.0,88819000.0,1.678,1.339,1291848000.0,5039000.0,1286809000.0,1291848000.0,0.0,51004000.0,0.0,0.015,0.35,128876000.0,179880000.0,0.11,179880000.0,128876000.0,120243000.0,1.23,1.22,1.23,2474573000.0,,2474573000.0,6947241775.0,13.0,9.415,9217000.0,0.128,1.0,492867000.0,0.303,1922491000.0,8633000.0,3134461000.0,,840216000.0,0.0,0.0,0.0,3313806000.0,1662873000.0,1650933000.0,6334526775.0,-77116000.0,-226222000.0,-24204000.0,220667000.0,-25345000.0,130457000.0,-277142000.0,0.0,61715000.0,7854000.0,88824000.0,88824000.0,88824000.0,0.0,-5000.0,0.055,357514000.0,135353000.0,781962000.0,0.285,2.56,17.499,17.702,576788000.0,0.0,89.04,0.944,0.956,1087327000.0,2442713000.0,1628082000.0,1628082000.0,0.0,,,,,10232000.0,357514000.0,1.0,71142484.0,72020000,72642000.0,22.606,3865906000.0,116212000.0,31419000.0,29022000.0,53.678,1128033000.0
4,HAR,MRQ,2015-12-31,2015-12-31,2015-12-31,2019-02-12,-33811000.0,5822778000.0,,2878442000.0,2944336000.0,,33.929,-49553000.0,437536000.0,437536000.0,1227065000.0,113187000.0,1.439,1.373,1050251000.0,5720000.0,1044531000.0,1050251000.0,0.0,58018000.0,0.0,0.014,0.35,153614000.0,211632000.0,0.119,211632000.0,153614000.0,145948000.0,1.57,1.55,1.57,2445542000.0,,2445542000.0,7355099691.0,15.0,10.645,82401000.0,1.143,1.0,545092000.0,0.308,1861630000.0,7666000.0,2573442000.0,,875420000.0,0.0,0.0,0.0,3358320000.0,2000421000.0,1357899000.0,6696539691.0,35375000.0,-1110000.0,-10076000.0,705000.0,-25256000.0,-35503000.0,-52130000.0,0.0,131954000.0,-8946000.0,112898000.0,112898000.0,112898000.0,0.0,289000.0,0.064,385939000.0,159153000.0,882386000.0,0.223,2.738,19.497,19.627,555296000.0,0.0,94.21,1.023,1.037,1034609000.0,2379131000.0,1772157000.0,1772157000.0,0.0,,,,,12473000.0,385939000.0,1.0,71080986.0,72079000,72830000.0,24.586,3961148000.0,105964000.0,33050000.0,23322000.0,54.956,878021000.0
5,HAR,MRQ,2015-09-30,2015-09-30,2015-09-30,2019-02-12,-32259000.0,5811081000.0,,2870154000.0,2940927000.0,,32.72,-37799000.0,402161000.0,402161000.0,1143490000.0,87517000.0,1.381,1.458,1060721000.0,4954000.0,1055767000.0,1060721000.0,0.0,56819000.0,0.0,0.014,0.35,128907000.0,185726000.0,0.114,185726000.0,128907000.0,120648000.0,1.21,1.2,1.21,2356877000.0,,2356877000.0,7268493891.0,15.0,10.947,-149982000.0,-2.082,1.0,487398000.0,0.299,1890842000.0,8259000.0,2499937000.0,,846302000.0,0.0,0.0,0.0,3435576000.0,2078862000.0,1356714000.0,6831768891.0,-247352000.0,491000.0,-46267000.0,-26624000.0,-24916000.0,-97610000.0,-34749000.0,0.0,-112183000.0,-2810000.0,87099000.0,87099000.0,87099000.0,0.0,418000.0,0.053,355931000.0,131467000.0,870423000.0,0.289,2.899,19.699,19.59,547136000.0,0.0,95.99,1.075,1.088,1046315000.0,2291464000.0,1630888000.0,1630888000.0,0.0,,,,,6510000.0,355931000.0,1.0,71171673.0,72032000,72556000.0,22.641,3920239000.0,71479000.0,33549000.0,79210000.0,54.424,791292000.0
6,HAR,MRQ,2015-06-30,2015-06-30,2015-06-30,2019-02-12,11434000.0,5865900000.0,,2828592000.0,3037308000.0,,33.019,-84010000.0,649513000.0,649513000.0,1187457000.0,73642000.0,1.366,1.463,1086238000.0,5571000.0,1080667000.0,1086238000.0,0.0,54422000.0,0.0,0.011,0.33,106264000.0,160686000.0,0.096,160686000.0,106264000.0,100196000.0,1.02,1.01,1.02,2374613000.0,,2374613000.0,8466568541.0,18.0,13.458,163218000.0,2.27,1.0,491176000.0,0.293,1956847000.0,6068000.0,2274811000.0,,693574000.0,0.0,0.0,0.0,3473074000.0,2070967000.0,1402107000.0,8462798541.0,57154000.0,-438454000.0,4564000.0,342915000.0,-23969000.0,319658000.0,-517054000.0,0.0,247228000.0,7322000.0,73177000.0,73177000.0,73177000.0,0.0,465000.0,0.044,377629000.0,113547000.0,918910000.0,0.324,3.564,24.696,24.323,552421000.0,0.0,118.94,1.375,1.355,1024139000.0,2229517000.0,1678633000.0,1678633000.0,0.0,,,,,6159000.0,377629000.0,1.0,71151829.0,71917000,72514000.0,23.341,3909053000.0,100032000.0,27019000.0,76131000.0,54.355,757625000.0
7,HAR,MRQ,2015-03-31,2015-03-31,2015-03-31,2019-02-12,54812000.0,4717865000.0,,2742612000.0,1975253000.0,,30.944,-45729000.0,592359000.0,592359000.0,1046063000.0,70249000.0,1.637,1.18,596129000.0,2656000.0,593473000.0,596129000.0,0.0,40262000.0,0.0,0.01,0.33,92642000.0,132904000.0,0.091,132904000.0,92642000.0,89641000.0,1.0,0.99,1.0,2164418000.0,,2164418000.0,9075622337.0,22.0,16.298,35665000.0,0.51,1.0,418130000.0,0.286,970552000.0,3001000.0,2075444000.0,,726354000.0,0.0,0.0,0.0,2553160000.0,1675639000.0,877521000.0,9170803337.0,82097000.0,-113801000.0,12312000.0,183801000.0,-22704000.0,182597000.0,-159267000.0,0.0,81394000.0,-22627000.0,70295000.0,70295000.0,70295000.0,0.0,-46000.0,0.048,326623000.0,91507000.0,809829000.0,0.33,4.237,29.325,29.696,462903000.0,0.0,133.63,1.549,1.579,952672000.0,2180103000.0,1464193000.0,1464193000.0,0.0,,,,,9134000.0,326623000.0,1.0,68628327.0,69946000,70795000.0,20.933,3747313000.0,88897000.0,19346000.0,32377000.0,53.574,1066973000.0
8,HAR,MRQ,2014-12-31,2014-12-31,2014-12-31,2019-02-12,33610000.0,4177654000.0,,2524020000.0,1653634000.0,,28.094,-27713000.0,510262000.0,510262000.0,1090383000.0,116164000.0,1.616,1.142,415081000.0,41304000.0,373777000.0,415081000.0,0.0,37120000.0,0.0,0.012,0.33,147550000.0,184670000.0,0.117,184670000.0,147550000.0,145367000.0,1.67,1.65,1.67,1950601000.0,,1950601000.0,7363970600.0,18.0,13.271,182566000.0,2.629,1.0,493166000.0,0.311,530889000.0,2183000.0,1989806000.0,,724201000.0,0.0,0.0,0.0,2226720000.0,1561778000.0,664942000.0,7311309600.0,112500000.0,-4220000.0,4143000.0,-35287000.0,-23402000.0,-53604000.0,-31784000.0,0.0,210279000.0,-12391000.0,116235000.0,116235000.0,116235000.0,0.0,-71000.0,0.073,344409000.0,148757000.0,789921000.0,0.198,3.748,23.15,23.401,475238000.0,0.0,106.71,1.247,1.264,908157000.0,2132793000.0,1583549000.0,1583549000.0,0.0,,,,,7354000.0,344409000.0,1.0,68515693.0,69432000,70258000.0,22.807,3646765000.0,107160000.0,29132000.0,22306000.0,52.523,962242000.0
9,HAR,MRQ,2014-09-30,2014-09-30,2014-09-30,2019-02-12,41260000.0,4059314000.0,,2422343000.0,1636971000.0,,26.727,-35046000.0,397762000.0,397762000.0,1014290000.0,82934000.0,1.595,1.191,450423000.0,40393000.0,410030000.0,450423000.0,0.0,37427000.0,0.0,0.013,0.33,113422000.0,150849000.0,0.106,150849000.0,113422000.0,110745000.0,1.2,1.18,1.2,1852237000.0,,1852237000.0,6654360101.0,18.0,13.317,-21344000.0,-0.308,1.0,414632000.0,0.29,526040000.0,2677000.0,2067167000.0,,745683000.0,0.0,0.0,0.0,2206669000.0,1518768000.0,687901000.0,6676904101.0,-183550000.0,0.0,-15661000.0,-108270000.0,-22525000.0,-143465000.0,-30361000.0,0.0,13702000.0,-23426000.0,82973000.0,82973000.0,82973000.0,0.0,-39000.0,0.058,298849000.0,115783000.0,746452000.0,0.275,3.605,24.619,24.947,491077000.0,0.0,98.04,1.191,1.212,907037000.0,2039472000.0,1428922000.0,1428922000.0,0.0,,,,,8015000.0,298849000.0,1.0,68103877.0,69301000,70194000.0,20.619,3533274000.0,141695000.0,27772000.0,25003000.0,50.984,903575000.0
10,HAR,MRQ,2014-06-30,2014-06-30,2014-06-30,2019-02-12,39799000.0,4125590000.0,,2458871000.0,1666719000.0,,25.945,-64625000.0,581312000.0,581312000.0,1053624000.0,43113000.0,1.655,1.301,558768000.0,39361000.0,519407000.0,558768000.0,0.0,35026000.0,0.0,0.011,0.3,53411000.0,88437000.0,0.061,88437000.0,53411000.0,51321000.0,0.63,0.62,0.63,1792578000.0,,1792578000.0,7027074342.0,22.0,15.697,201975000.0,2.923,1.0,390795000.0,0.271,722982000.0,2090000.0,1894412000.0,,662128000.0,0.0,0.0,0.0,2332569000.0,1485652000.0,846917000.0,7315937342.0,14439000.0,-401053000.0,-5462000.0,280682000.0,-21283000.0,256177000.0,-507578000.0,0.0,266600000.0,-760000.0,43226000.0,43226000.0,43226000.0,0.0,-113000.0,0.03,333739000.0,57056000.0,697553000.0,0.476,4.081,31.173,31.597,509856000.0,0.0,107.43,1.368,1.387,894579000.0,1979234000.0,1444419000.0,1444419000.0,0.0,,,,,4463000.0,333739000.0,1.0,68099575.0,69091000,69925000.0,20.906,3402608000.0,170558000.0,8095000.0,26544000.0,49.248,973219000.0
11,HAR,MRQ,2014-03-31,2014-03-31,2014-03-31,2019-02-12,39382000.0,3668302000.0,,2486790000.0,1181512000.0,,25.634,-31687000.0,566873000.0,566873000.0,1039462000.0,73385000.0,1.786,1.076,278010000.0,49225000.0,228785000.0,278010000.0,0.0,33063000.0,0.0,0.01,0.3,97865000.0,130928000.0,0.093,130928000.0,97865000.0,95754000.0,1.06,1.05,1.06,1767175000.0,,1767175000.0,6985097201.0,26.0,17.464,59939000.0,0.869,1.0,364773000.0,0.26,257592000.0,2111000.0,1729448000.0,,654997000.0,0.0,0.0,0.0,1901127000.0,1392399000.0,508728000.0,7211983201.0,48317000.0,-626000.0,21877000.0,-14094000.0,-20558000.0,-12049000.0,-32633000.0,0.0,91626000.0,1373000.0,73385000.0,73385000.0,73385000.0,0.0,0.0,0.052,263340000.0,101433000.0,664735000.0,0.283,4.081,36.617,37.465,445100000.0,0.0,106.4,1.418,1.442,932881000.0,1956739000.0,1404235000.0,1404235000.0,0.0,,,,,6638000.0,263340000.0,1.0,67781797.0,68939000,69888000.0,20.369,3410710000.0,240857000.0,22369000.0,23008000.0,49.474,1094391000.0
12,HAR,MRQ,2013-12-31,2013-12-31,2013-12-31,2019-02-12,35314000.0,3485936000.0,,2308087000.0,1177849000.0,,24.462,-32602000.0,518556000.0,518556000.0,948574000.0,71629000.0,1.814,1.074,291670000.0,51632000.0,240038000.0,291670000.0,0.0,32526000.0,0.0,0.011,0.3,96954000.0,129480000.0,0.097,129480000.0,96954000.0,95099000.0,1.04,1.03,1.04,1680929000.0,,1680929000.0,5302781631.0,26.0,15.555,88276000.0,1.285,1.0,379450000.0,0.286,251370000.0,1855000.0,1735263000.0,,655907000.0,0.0,0.0,0.0,1805007000.0,1272417000.0,532590000.0,5529024631.0,3118000.0,-21274000.0,-49662000.0,2780000.0,-20758000.0,-66849000.0,-53720000.0,0.0,120878000.0,2809000.0,71629000.0,71629000.0,71629000.0,0.0,0.0,0.054,277594000.0,101856000.0,616521000.0,0.288,3.289,34.896,35.899,437653000.0,0.0,81.85,1.166,1.186,757006000.0,1904022000.0,1328024000.0,1328024000.0,0.0,,,,,8120000.0,277594000.0,1.0,67550698.0,68715000,69578000.0,19.327,3234566000.0,240380000.0,23470000.0,21944000.0,47.072,1035670000.0
13,HAR,MRQ,2013-09-30,2013-09-30,2013-09-30,2019-02-12,40494000.0,3428519000.0,,2288435000.0,1140084000.0,,24.093,-28227000.0,515438000.0,515438000.0,850156000.0,46452000.0,1.851,1.046,289195000.0,41655000.0,247540000.0,289195000.0,0.0,31713000.0,0.0,0.011,0.3,67098000.0,98811000.0,0.084,98811000.0,67098000.0,65128000.0,0.67,0.66,0.67,1675564000.0,,1675564000.0,4344077067.0,25.0,14.119,84809000.0,1.219,1.0,321649000.0,0.274,236960000.0,1970000.0,1728842000.0,,614334000.0,0.0,0.0,0.0,1752955000.0,1236474000.0,516481000.0,4508362067.0,61180000.0,0.0,-21222000.0,-530000.0,-20454000.0,-40675000.0,-18121000.0,10008000.0,113036000.0,6940000.0,46452000.0,46452000.0,46452000.0,0.0,0.0,0.04,252267000.0,69382000.0,585368000.0,0.448,2.691,33.568,34.316,431752000.0,0.0,66.23,1.008,1.03,794868000.0,1852987000.0,1171805000.0,1171805000.0,0.0,,,,,5745000.0,252267000.0,1.0,68071298.0,69547000,70371000.0,16.849,3191559000.0,239477000.0,18676000.0,14296000.0,45.891,1051961000.0
14,HAR,MRQ,2013-06-30,2013-06-30,2013-06-30,2019-02-12,21800000.0,3235685000.0,,2089052000.0,1146633000.0,,23.782,-35511000.0,454258000.0,454258000.0,897350000.0,5490000.0,1.939,0.967,289973000.0,34930000.0,255043000.0,289973000.0,0.0,36174000.0,0.0,0.011,0.15,4585000.0,40759000.0,0.034,40759000.0,4585000.0,3013000.0,0.07,0.07,0.07,1644871000.0,,1644871000.0,3554642047.0,19.0,11.278,43882000.0,0.634,1.0,284885000.0,0.241,234342000.0,1572000.0,1759544000.0,,549831000.0,10008000.0,10008000.0,0.0,1590814000.0,1077514000.0,513300000.0,3683028047.0,32018000.0,-5467000.0,13939000.0,-3312000.0,-10641000.0,-7811000.0,-40879000.0,-8000.0,79393000.0,1315000.0,5490000.0,5490000.0,5490000.0,0.0,0.0,0.005,269369000.0,15516000.0,498055000.0,2.143,2.239,25.863,26.311,425182000.0,0.0,54.2,0.857,0.87,722711000.0,1827267000.0,1182235000.0,1182235000.0,0.0,,,,,5276000.0,269369000.0,1.0,67952547.0,69164000,69916000.0,17.093,3001343000.0,260749000.0,-2477000.0,13414000.0,43.395,1011538000.0
15,HAR,MRQ,2013-03-31,2013-03-31,2013-03-31,2019-02-12,21073000.0,3219041000.0,,2071588000.0,1147453000.0,,23.73,-23563000.0,422240000.0,422240000.0,792577000.0,34873000.0,1.957,0.963,293854000.0,31288000.0,262566000.0,293854000.0,0.0,33151000.0,0.0,0.012,0.15,38694000.0,71845000.0,0.068,71845000.0,38694000.0,37080000.0,0.5,0.5,0.5,1639949000.0,,1639949000.0,2806353562.0,11.0,7.499,-8007000.0,-0.116,1.0,269195000.0,0.254,237236000.0,1614000.0,1794896000.0,,598608000.0,10000000.0,10000000.0,0.0,1579092000.0,1058523000.0,520569000.0,3031960562.0,-104011000.0,-90432000.0,0.0,-57331000.0,-10286000.0,-69794000.0,-43508000.0,72053000.0,15556000.0,-6265000.0,34873000.0,34873000.0,34873000.0,0.0,0.0,0.033,230933000.0,38262000.0,494131000.0,0.3,1.849,16.285,16.715,418043000.0,0.0,44.63,0.721,0.733,719376000.0,1832419000.0,1061772000.0,1061772000.0,0.0,,,,,2075000.0,230933000.0,1.0,67935482.0,69109000,69892000.0,15.364,2981805000.0,286430000.0,2207000.0,11715000.0,43.146,1013065000.0
16,HAR,MRQ,2012-12-31,2012-12-31,2012-12-31,2019-02-12,28442000.0,3104815000.0,,2061025000.0,1043790000.0,,23.465,-23648000.0,526251000.0,526251000.0,783849000.0,47489000.0,2.131,0.917,300644000.0,30597000.0,270047000.0,300644000.0,0.0,30300000.0,0.0,0.01,0.15,65964000.0,96264000.0,0.091,96264000.0,65964000.0,62277000.0,0.69,0.68,0.69,1619297000.0,,1619297000.0,2793978999.0,10.0,7.14,25851000.0,0.375,1.0,271793000.0,0.257,180757000.0,3687000.0,1731204000.0,,547218000.0,81166000.0,81166000.0,0.0,1485518000.0,967247000.0,518271000.0,3028001999.0,-107684000.0,-8836000.0,-589000.0,-106107000.0,-10443000.0,-114966000.0,-47059000.0,-14452000.0,49499000.0,4842000.0,47489000.0,47489000.0,47489000.0,0.0,0.0,0.045,203411000.0,68382000.0,477714000.0,0.217,1.87,9.347,9.747,421948000.0,0.0,44.64,0.714,0.726,623721000.0,1807736000.0,1055642000.0,1055642000.0,0.0,,,,,5360000.0,203411000.0,1.0,67831586.0,69009000,69734000.0,15.297,2924058000.0,280648000.0,14788000.0,11968000.0,42.372,1093778000.0
17,HAR,MRQ,2012-09-30,2012-09-30,2012-09-30,2019-02-12,26260000.0,3187551000.0,,2146368000.0,1041183000.0,,22.924,-18960000.0,633935000.0,633935000.0,719946000.0,54555000.0,1.587,1.025,399912000.0,399912000.0,0.0,399912000.0,0.0,28543000.0,0.0,0.008,0.15,77761000.0,106304000.0,0.106,106304000.0,77761000.0,71766000.0,0.79,0.79,0.79,1574450000.0,,1574450000.0,2878581318.0,10.0,7.024,-121272000.0,-1.766,1.0,278247000.0,0.279,180533000.0,5995000.0,1420408000.0,,512567000.0,64656000.0,64656000.0,0.0,1613101000.0,1352587000.0,260514000.0,3100301318.0,16579000.0,0.0,-4809000.0,-13000.0,-10079000.0,-10840000.0,120755000.0,135924000.0,-102312000.0,8976000.0,54555000.0,54555000.0,54555000.0,0.0,0.0,0.055,199156000.0,79091000.0,477849000.0,0.19,1.969,9.235,9.78,425841000.0,0.0,46.16,0.719,0.735,648341000.0,1770598000.0,998193000.0,998193000.0,0.0,,,,,4867000.0,199156000.0,1.0,67164240.0,68682000,69471000.0,14.534,3007018000.0,284356000.0,17211000.0,17051000.0,43.782,793781000.0
18,HAR,MRQ,2012-06-30,2012-06-30,2012-06-30,2019-02-12,29709000.0,3169464000.0,,2116245000.0,1053219000.0,,21.543,-34771000.0,617356000.0,617356000.0,792436000.0,49263000.0,1.531,1.072,395636000.0,395636000.0,0.0,395636000.0,0.0,32028000.0,0.0,0.008,0.075,67794000.0,99822000.0,0.092,99822000.0,67794000.0,62397000.0,0.69,0.69,0.69,1529611000.0,,1529611000.0,2542010688.0,9.0,6.3,200812000.0,2.828,1.0,298335000.0,0.274,180811000.0,5397000.0,1385033000.0,,427597000.0,203014000.0,203014000.0,0.0,1639853000.0,1381900000.0,257953000.0,2791054688.0,-23202000.0,0.0,-123946000.0,5000.0,-5303000.0,-135272000.0,-105199000.0,-75813000.0,235583000.0,-18314000.0,49263000.0,49263000.0,49263000.0,0.0,0.0,0.045,227520000.0,70815000.0,505694000.0,0.109,1.825,8.47,8.571,430234000.0,0.0,39.6,0.64,0.647,582835000.0,1726486000.0,1090771000.0,1090771000.0,0.0,,,,,3933000.0,227219000.0,1.0,70481179.0,71003000,71543000.0,15.362,2988653000.0,308768000.0,13134000.0,15279000.0,42.092,734345000.0
19,HAR,MRQ,2012-03-31,2012-03-31,2012-03-31,2019-02-12,82449000.0,3281984000.0,,2195214000.0,1086770000.0,,23.117,-24820000.0,640558000.0,640558000.0,803045000.0,172656000.0,1.593,0.982,391514000.0,391514000.0,0.0,391514000.0,0.0,30005000.0,0.0,0.005,0.075,58925000.0,88930000.0,0.081,88930000.0,58925000.0,53531000.0,2.41,2.38,2.41,1655717000.0,,1655717000.0,3127996141.0,13.0,8.641,-12709000.0,-0.177,1.0,292630000.0,0.267,186445000.0,5394000.0,1468367000.0,,501071000.0,127201000.0,127201000.0,0.0,1626267000.0,1378128000.0,248139000.0,3285420141.0,95755000.0,0.0,0.0,33000.0,-5354000.0,8770000.0,67647000.0,96635000.0,12111000.0,7227000.0,172656000.0,172656000.0,172656000.0,0.0,0.0,0.158,232755000.0,59875000.0,461566000.0,0.031,1.984,10.982,11.199,437918000.0,0.0,46.81,0.763,0.779,689018000.0,1682526000.0,1095675000.0,1095675000.0,0.0,,,,,5516000.0,232755000.0,1.0,70186288.0,71622000,72604000.0,15.298,3095539000.0,316964000.0,-119125000.0,12308000.0,43.221,817086000.0
20,HAR,MRQ,2011-12-31,2011-12-31,2011-12-31,2019-02-12,77517000.0,3087001000.0,,2118521000.0,968480000.0,,20.558,-29463000.0,544803000.0,544803000.0,821490000.0,59255000.0,1.541,1.101,387379000.0,387379000.0,0.0,387379000.0,0.0,28709000.0,0.0,0.005,0.075,86050000.0,114759000.0,0.102,114759000.0,86050000.0,81991000.0,0.83,0.82,0.83,1469165000.0,,1469165000.0,2651570863.0,11.0,7.457,93531000.0,1.309,1.0,305539000.0,0.271,184928000.0,4059000.0,1369475000.0,,493690000.0,223836000.0,223836000.0,0.0,1617836000.0,1375174000.0,242662000.0,2666789863.0,146385000.0,0.0,0.0,-3000.0,-5259000.0,-9875000.0,41163000.0,67724000.0,122994000.0,-7897000.0,59255000.0,59255000.0,59255000.0,0.0,0.0,0.053,210161000.0,95378000.0,485612000.0,0.09,1.815,16.351,16.684,432915000.0,0.0,38.04,0.642,0.654,634354000.0,1515224000.0,1127029000.0,1127029000.0,0.0,,,,,5380000.0,210174000.0,1.0,70104886.0,71463000,72299000.0,15.771,2902073000.0,205456000.0,22736000.0,11155000.0,40.609,743347000.0
21,HAR,MRQ,2011-09-30,2011-09-30,2011-09-30,2019-02-12,85930000.0,3036381000.0,,2061814000.0,974567000.0,,19.882,-23482000.0,398418000.0,398418000.0,762961000.0,48367000.0,2.064,1.142,383199000.0,612000.0,382587000.0,383199000.0,0.0,31483000.0,0.0,0.004,0.075,68510000.0,99993000.0,0.095,99993000.0,68510000.0,63234000.0,0.68,0.67,0.68,1417215000.0,,1417215000.0,1775305894.0,8.0,5.273,-125663000.0,-1.763,1.0,287642000.0,0.274,184876000.0,5276000.0,1837137000.0,,484322000.0,291560000.0,291560000.0,0.0,1619166000.0,999149000.0,620017000.0,1998625894.0,-205474000.0,-70535000.0,0.0,-1343000.0,-5245000.0,-11269000.0,-68262000.0,25762000.0,-102181000.0,-23762000.0,48367000.0,48367000.0,48367000.0,0.0,0.0,0.046,213464000.0,74178000.0,468433000.0,0.11,1.41,12.739,12.991,442569000.0,0.0,28.58,0.501,0.511,664774000.0,1461228000.0,1050603000.0,1050603000.0,0.0,,,,,2541000.0,213752000.0,1.0,69930927.0,71283000,71882000.0,14.738,2851505000.0,194723000.0,14867000.0,14810000.0,40.003,1062665000.0
22,HAR,MRQ,2011-06-30,2011-06-30,2011-06-30,2019-02-12,136733000.0,3058495000.0,,2108155000.0,950340000.0,,19.991,-44175000.0,603892000.0,603892000.0,785908000.0,18876000.0,2.012,1.148,380572000.0,2171000.0,378401000.0,380572000.0,0.0,34333000.0,0.0,0.001,0.025,23980000.0,58313000.0,0.057,58313000.0,23980000.0,18576000.0,0.26,0.26,0.26,1423658000.0,,1423658000.0,3136570432.0,17.0,10.248,152574000.0,2.142,1.0,245214000.0,0.238,119357000.0,5404000.0,1668237000.0,,423137000.0,317322000.0,317322000.0,0.0,1634837000.0,1047581000.0,587256000.0,3185262432.0,177196000.0,-11225000.0,-8246000.0,-7375000.0,-1779000.0,-447000.0,-29417000.0,23456000.0,196749000.0,10311000.0,18876000.0,18876000.0,18876000.0,0.0,0.0,0.018,219375000.0,25839000.0,473486000.0,0.096,2.237,23.436,23.859,470300000.0,0.0,45.57,0.844,0.858,579272000.0,1418106000.0,1031122000.0,1031122000.0,0.0,,,,,4795000.0,219701000.0,1.0,69898232.0,71214000,71917000.0,14.479,2939138000.0,229941000.0,-300000.0,12991000.0,41.272,1060574000.0
23,HAR,MRQ,2011-03-31,2011-03-31,2011-03-31,2019-02-12,89186000.0,2941250000.0,,2006051000.0,935199000.0,,19.025,-29604000.0,426696000.0,426696000.0,699371000.0,36600000.0,2.041,1.174,378004000.0,3033000.0,374971000.0,378004000.0,0.0,30345000.0,0.0,0.001,0.025,52183000.0,82528000.0,0.087,82528000.0,52183000.0,46921000.0,0.51,0.51,0.51,1353149000.0,,1353149000.0,4349185280.0,15.0,10.497,14768000.0,0.208,1.0,248825000.0,0.262,116366000.0,5262000.0,1793443000.0,,455070000.0,340777000.0,340777000.0,0.0,1588101000.0,982749000.0,605352000.0,4460484280.0,-57584000.0,-1805000.0,5914000.0,-2383000.0,-1746000.0,6445000.0,-126288000.0,-93626000.0,44372000.0,17887000.0,36600000.0,36600000.0,36600000.0,0.0,0.0,0.039,195178000.0,53647000.0,428395000.0,0.049,3.296,17.776,13.152,446579000.0,0.0,46.82,1.242,0.927,599969000.0,1401008000.0,948196000.0,948196000.0,0.0,,,,,3847000.0,211362000.0,1.0,95268780.0,71123000,71924000.0,13.332,2824884000.0,242750000.0,10321000.0,14821000.0,39.718,1023302000.0
24,HAR,MRQ,2010-12-31,2010-12-31,2010-12-31,2019-02-12,54128000.0,2718858000.0,,1833386000.0,885472000.0,,17.997,-23028000.0,484280000.0,484280000.0,687341000.0,53052000.0,2.106,1.129,372981000.0,1445000.0,371536000.0,372981000.0,0.0,30429000.0,0.0,0.0,0.0,65414000.0,95843000.0,0.1,95843000.0,65414000.0,59650000.0,0.75,0.74,0.75,1277270000.0,,1277270000.0,3025886057.0,11.0,7.708,89591000.0,1.262,1.0,268740000.0,0.281,113941000.0,5764000.0,1623217000.0,,429303000.0,247152000.0,247152000.0,0.0,1441588000.0,870401000.0,571187000.0,3221114057.0,-83396000.0,0.0,2332000.0,-2215000.0,0.0,-7192000.0,-184106000.0,-165348000.0,112619000.0,-4717000.0,53052000.0,53052000.0,53052000.0,0.0,0.0,0.055,200921000.0,67819000.0,373127000.0,0.0,2.522,13.849,13.988,426749000.0,0.0,46.3,0.925,0.944,508278000.0,1366155000.0,956081000.0,956081000.0,0.0,,,,,4978000.0,200921000.0,1.0,69570498.0,70972000,71629000.0,13.471,2604917000.0,223906000.0,6598000.0,9917000.0,36.703,962985000.0
25,HAR,MRQ,2010-09-30,2010-09-30,2010-09-30,2019-02-12,57012000.0,2693521000.0,,1795561000.0,897960000.0,,17.271,-11550000.0,567676000.0,567676000.0,612375000.0,27388000.0,1.971,1.207,372448000.0,4843000.0,367605000.0,372448000.0,0.0,28157000.0,0.0,0.0,0.0,41219000.0,69376000.0,0.083,69376000.0,41219000.0,35073000.0,0.39,0.39,0.39,1220269000.0,,1220269000.0,2055751318.0,8.0,5.664,-33540000.0,-0.475,1.0,224571000.0,0.268,114650000.0,6146000.0,1472795000.0,,439206000.0,81804000.0,81804000.0,0.0,1473252000.0,910848000.0,562404000.0,2323484318.0,-77894000.0,-1770000.0,0.0,-7490000.0,0.0,-7184000.0,-94689000.0,-81804000.0,-21990000.0,45969000.0,27388000.0,27388000.0,27388000.0,0.0,0.0,0.033,181825000.0,42746000.0,391941000.0,0.0,1.904,11.877,11.975,436821000.0,0.0,33.41,0.673,0.684,551402000.0,1313103000.0,836946000.0,836946000.0,0.0,,,,,4353000.0,181825000.0,1.0,69544577.0,70655000,71094000.0,11.846,2578871000.0,229979000.0,7685000.0,7057000.0,36.499,884713000.0
26,HAR,MRQ,2010-06-30,2010-06-30,2010-06-30,2019-02-12,3666000.0,2556215000.0,,1673979000.0,882236000.0,,16.098,-32900000.0,645570000.0,645570000.0,627052000.0,133883000.0,1.939,1.252,377837000.0,13935000.0,363902000.0,377837000.0,0.0,28138000.0,0.0,0.0,0.0,138432000.0,166570000.0,0.196,166570000.0,138432000.0,132167000.0,1.91,1.9,1.91,1134892000.0,,1134892000.0,2138227444.0,11.0,6.574,101969000.0,1.446,1.0,223664000.0,0.263,105922000.0,6265000.0,1319109000.0,,353123000.0,0.0,0.0,0.0,1421323000.0,863451000.0,557872000.0,2078204444.0,344979000.0,135717000.0,0.0,-4007000.0,0.0,1104000.0,228731000.0,123769000.0,134869000.0,-19725000.0,133883000.0,133883000.0,133883000.0,-115446000.0,0.0,0.157,198134000.0,25530000.0,382985000.0,0.0,1.831,13.089,13.226,421949000.0,0.0,29.89,0.618,0.625,517092000.0,1285715000.0,850716000.0,850716000.0,0.0,,,,,4854000.0,198134000.0,1.0,69528419.0,70500000,70772000.0,12.067,2450293000.0,247602000.0,-1716000.0,3941000.0,34.756,810528000.0
27,HAR,MRQ,2010-03-31,2010-03-31,2010-03-31,2019-02-12,56849000.0,2400155000.0,,1506341000.0,893814000.0,,14.875,-15768000.0,300589000.0,300589000.0,619379000.0,18260000.0,1.846,1.288,360612000.0,605000.0,360007000.0,360612000.0,0.0,32115000.0,0.0,0.0,0.0,28651000.0,60766000.0,0.073,60766000.0,28651000.0,22889000.0,0.26,0.26,0.26,1049152000.0,,1049152000.0,3353131639.0,-110.0,31.484,28012000.0,0.397,1.0,217632000.0,0.26,88110000.0,5762000.0,1556096000.0,,361517000.0,123769000.0,123769000.0,0.0,1351003000.0,815972000.0,535031000.0,3248317639.0,-174317000.0,0.0,0.0,-222261000.0,0.0,-221214000.0,13435000.0,31158000.0,43780000.0,-10318000.0,18260000.0,18260000.0,18260000.0,-3339000.0,0.0,0.022,190748000.0,26884000.0,333595000.0,0.0,3.096,-81.801,-64.972,436409000.0,0.0,46.78,1.033,1.049,569183000.0,1151832000.0,837011000.0,837011000.0,0.0,,,,,5984000.0,190748000.0,1.0,69438171.0,70531000,70905000.0,11.867,2312045000.0,269355000.0,4629000.0,6670000.0,32.781,690369000.0
28,HAR,MRQ,2009-12-31,2009-12-31,2009-12-31,2019-02-12,79841000.0,2584766000.0,,1653075000.0,931691000.0,,14.857,-7617000.0,474908000.0,474908000.0,676639000.0,19713000.0,2.103,1.469,579722000.0,631000.0,579091000.0,579722000.0,0.0,30820000.0,0.0,0.0,0.0,35424000.0,66244000.0,0.071,66244000.0,35424000.0,26799000.0,0.23,0.23,0.23,1046997000.0,,1046997000.0,2485144776.0,-16.0,-165.632,105788000.0,1.501,1.0,251634000.0,0.271,85961000.0,8625000.0,1817395000.0,,366116000.0,154927000.0,154927000.0,0.0,1537769000.0,786224000.0,751545000.0,2447051776.0,-65255000.0,-11347000.0,0.0,2298000.0,0.0,2363000.0,-174160000.0,-154927000.0,113405000.0,-6863000.0,16099000.0,16099000.0,16099000.0,-2703000.0,7228000.0,0.017,201274000.0,50360000.0,318582000.0,0.0,2.337,-19.308,-16.409,471680000.0,0.0,35.28,0.842,0.855,503297000.0,1133572000.0,928273000.0,928273000.0,0.0,,,,,5327000.0,191998000.0,1.0,69360878.0,70474000,71027000.0,13.172,2498805000.0,272033000.0,10700000.0,6009000.0,35.457,866851000.0
29,HAR,MRQ,2009-09-30,2009-09-30,2009-09-30,2019-02-12,78535000.0,2555784000.0,,1586876000.0,968908000.0,,14.794,-3748000.0,540163000.0,540163000.0,556200000.0,-7798000.0,2.018,1.492,578256000.0,637000.0,577619000.0,578256000.0,0.0,36581000.0,0.0,0.001,0.0,-4913000.0,31668000.0,0.042,31668000.0,-4913000.0,-14476000.0,-0.14,-0.14,-0.14,1024567000.0,,1024567000.0,2387783879.0,-4.0,-5.765,-55363000.0,-0.799,1.0,192228000.0,0.257,81411000.0,9563000.0,1726032000.0,,364619000.0,0.0,0.0,0.0,1528756000.0,786434000.0,742322000.0,2348892879.0,-46196000.0,0.0,0.0,-4920000.0,0.0,-4513000.0,-1305000.0,0.0,-51615000.0,11237000.0,-9473000.0,-9473000.0,-9473000.0,-2103000.0,3350000.0,-0.013,196325000.0,-4097000.0,283114000.0,0.0,2.293,-5.085,-4.327,501284000.0,0.0,33.88,0.859,0.858,510224000.0,1117472000.0,748428000.0,748428000.0,0.0,,,,,5155000.0,196325000.0,1.0,69329778.0,69254000,69254000.0,10.807,2474373000.0,282594000.0,-5003000.0,11285000.0,35.729,800442000.0
30,HAR,MRQ,2009-06-30,2009-06-30,2009-06-30,2019-02-12,57198000.0,2473497000.0,,1506322000.0,967175000.0,,16.946,-21571000.0,586359000.0,586359000.0,518280000.0,-63810000.0,2.026,1.455,577296000.0,605000.0,576691000.0,577296000.0,0.0,37489000.0,0.0,0.002,0.0,-89664000.0,-52175000.0,-0.083,-52175000.0,-89664000.0,-99097000.0,-1.07,-1.07,-1.07,1007132000.0,,1007132000.0,1430767426.0,-3.0,-3.844,67795000.0,1.141,1.0,113268000.0,0.179,42199000.0,9433000.0,1678705000.0,,333595000.0,0.0,0.0,0.0,1465579000.0,743530000.0,722049000.0,1102794426.0,252038000.0,785000.0,189723000.0,-36872000.0,-11000.0,153006000.0,-6152000.0,0.0,89366000.0,15818000.0,-64596000.0,-64596000.0,-64596000.0,9159000.0,1538000.0,-0.102,190514000.0,-77246000.0,240984000.0,0.0,1.095,-2.556,-2.561,513826000.0,0.0,18.8,0.386,0.387,410703000.0,1126946000.0,631548000.0,631548000.0,0.0,,,,,4859000.0,200557000.0,1.0,58659278.0,59432000,59432000.0,10.626,2431298000.0,274312000.0,-34501000.0,16973000.0,40.909,762792000.0
31,HAR,MRQ,2009-03-31,2009-03-31,2009-03-31,2019-02-12,47361000.0,2277721000.0,,1337039000.0,940682000.0,,14.1,-15950000.0,334321000.0,334321000.0,484987000.0,-68765000.0,2.041,1.758,662294000.0,571000.0,661723000.0,662294000.0,0.0,32462000.0,0.0,0.004,0.013,-93203000.0,-60741000.0,-0.102,-60741000.0,-93203000.0,-98202000.0,-1.17,-1.17,-1.17,825833000.0,,825833000.0,1055413147.0,-3.0,-4.383,-43854000.0,-0.749,1.0,113295000.0,0.189,79790000.0,4999000.0,1870959000.0,,384090000.0,0.0,0.0,0.0,1451888000.0,654945000.0,796943000.0,792502147.0,152305000.0,-2056000.0,0.0,208071000.0,-732000.0,207339000.0,-18843000.0,0.0,-27904000.0,-8287000.0,-68765000.0,-68765000.0,-68765000.0,0.0,0.0,-0.115,205775000.0,-92480000.0,201858000.0,-0.011,0.96,-2.322,-2.321,515099000.0,0.0,13.53,0.244,0.244,383887000.0,1204337000.0,598282000.0,598282000.0,0.0,,,,,4851000.0,203434000.0,1.0,58573699.0,58568000,58568000.0,10.215,2197931000.0,273612000.0,-29437000.0,0.0,37.528,682094000.0
32,HAR,MRQ,2008-12-31,2008-12-31,2008-12-31,2019-02-12,85222000.0,2211578000.0,,1258857000.0,952721000.0,,15.82,-18819000.0,182016000.0,182016000.0,579018000.0,-319131000.0,1.796,1.387,444927000.0,585000.0,444342000.0,444927000.0,0.0,33644000.0,0.0,0.003,0.013,-366582000.0,-332938000.0,-0.44,-332938000.0,-366582000.0,-369322000.0,-5.45,-5.45,-5.45,926344000.0,,926344000.0,1211902338.0,-4.0,-8.001,-23178000.0,-0.396,1.0,176857000.0,0.234,80054000.0,2740000.0,1693534000.0,,449883000.0,0.0,0.0,0.0,1285234000.0,700901000.0,584333000.0,979472338.0,-13119000.0,-3247000.0,0.0,16859000.0,-732000.0,16219000.0,-19554000.0,0.0,-4359000.0,-5425000.0,-319131000.0,-319131000.0,-319131000.0,0.0,0.0,-0.422,543400000.0,-366543000.0,231345000.0,-0.002,1.057,-3.551,-3.544,551872000.0,0.0,16.73,0.266,0.266,395226000.0,1271628000.0,755875000.0,755875000.0,0.0,,,,,3508000.0,217955000.0,1.0,58545866.0,58555000,58555000.0,12.909,2131524000.0,252008000.0,-50191000.0,3086000.0,36.402,557956000.0
33,HAR,MRQ,2008-09-30,2008-09-30,2008-09-30,2019-02-12,108297000.0,2657657000.0,,1357997000.0,1299660000.0,,21.534,-22782000.0,195135000.0,195135000.0,627260000.0,20955000.0,1.653,1.104,427565000.0,585000.0,426980000.0,427565000.0,0.0,42191000.0,0.0,0.001,0.013,31502000.0,73693000.0,0.085,73693000.0,31502000.0,28100000.0,0.36,0.36,0.36,1263156000.0,,1263156000.0,2198962349.0,18.0,7.865,-5434000.0,-0.093,1.0,241930000.0,0.278,413958000.0,3402000.0,1654647000.0,,406741000.0,0.0,0.0,0.0,1394501000.0,821482000.0,573019000.0,1994119349.0,-27974000.0,-2925000.0,0.0,145000.0,-732000.0,-578000.0,-22463000.0,0.0,17348000.0,-22281000.0,20989000.0,20989000.0,20989000.0,0.0,-34000.0,0.024,209473000.0,32457000.0,301917000.0,0.036,1.579,23.138,23.993,575347000.0,0.0,34.07,0.499,0.5,533711000.0,1589234000.0,869190000.0,869190000.0,0.0,,,,,-3448000.0,209473000.0,1.0,58530066.0,58658000,58828000.0,14.818,2243699000.0,0.0,7111000.0,20307000.0,38.251,536515000.0
34,HAR,MRQ,2008-06-30,2008-06-30,2008-06-30,2019-02-12,191531000.0,2826925000.0,,1424297000.0,1402628000.0,,22.917,-48772000.0,223109000.0,223109000.0,776301000.0,25242000.0,1.57,1.11,427952000.0,639000.0,427313000.0,427952000.0,0.0,39059000.0,0.0,0.001,0.013,40124000.0,79183000.0,0.077,79183000.0,40124000.0,28347000.0,0.43,0.44,0.43,1339846000.0,,1339846000.0,2739971964.0,21.0,9.728,125056000.0,2.139,1.0,250818000.0,0.244,436447000.0,11777000.0,1688369000.0,,390638000.0,0.0,0.0,0.0,1487079000.0,906952000.0,580127000.0,2408142964.0,91848000.0,-2984000.0,0.0,-34542000.0,-727000.0,-38767000.0,-43145000.0,0.0,173828000.0,-68000.0,25663000.0,25663000.0,25663000.0,-5757000.0,-842000.0,0.025,214330000.0,36488000.0,343780000.0,0.03,1.797,23.674,25.085,640042000.0,0.0,41.39,0.591,0.625,574195000.0,1566720000.0,1027119000.0,1027119000.0,0.0,,,,,1720000.0,214330000.0,1.0,58181758.0,58466000,58783000.0,17.568,2390478000.0,208107000.0,2684000.0,21911000.0,40.887,517345000.0
35,HAR,MRQ,2008-03-31,2008-03-31,2008-03-31,2019-02-12,200244000.0,2752790000.0,,1387176000.0,1365614000.0,,21.616,-27776000.0,131261000.0,131261000.0,771535000.0,-3349000.0,1.668,1.119,463090000.0,633000.0,462457000.0,463090000.0,0.0,37579000.0,0.0,0.001,0.013,-8991000.0,28588000.0,0.028,28588000.0,-8991000.0,-10622000.0,-0.06,-0.06,-0.06,1298795000.0,,1298795000.0,3057507446.0,18.0,9.63,89185000.0,1.484,1.0,261133000.0,0.253,441487000.0,1631000.0,1811469000.0,,425914000.0,0.0,0.0,0.0,1453995000.0,831663000.0,622332000.0,2635741446.0,-28014000.0,-3265000.0,0.0,-121480000.0,-757000.0,-119628000.0,-29680000.0,0.0,116961000.0,4333000.0,-3349000.0,-3349000.0,-3349000.0,0.0,0.0,-0.003,267734000.0,-6601000.0,291633000.0,-0.217,2.029,14.563,15.55,633646000.0,0.0,43.54,0.666,0.661,586715000.0,1535721000.0,1032668000.0,1032668000.0,0.0,,,,,5957000.0,267734000.0,1.0,60536092.0,60086000,60086000.0,17.186,2311303000.0,0.0,-7273000.0,0.0,38.467,555513000.0
36,HAR,MRQ,2007-12-31,2007-12-31,2007-12-31,2019-02-12,144579000.0,2650109000.0,,1326347000.0,1323762000.0,,19.962,-34704000.0,159275000.0,159275000.0,764486000.0,42880000.0,1.947,1.139,581041000.0,587000.0,580454000.0,581041000.0,0.0,37755000.0,0.0,0.001,0.013,60383000.0,98138000.0,0.092,98138000.0,60383000.0,57476000.0,0.69,0.68,0.69,1238686000.0,,1238686000.0,4563526768.0,16.0,10.786,92929000.0,1.498,1.0,301124000.0,0.283,421898000.0,2907000.0,1968697000.0,,435324000.0,0.0,0.0,0.0,1411423000.0,681280000.0,730143000.0,4457619768.0,82149000.0,-3128000.0,-400287000.0,390604000.0,-756000.0,-8143000.0,-37098000.0,0.0,127633000.0,-243000.0,42880000.0,42880000.0,42880000.0,0.0,0.0,0.04,240285000.0,60839000.0,279150000.0,0.019,3.599,17.455,18.661,611139000.0,0.0,73.71,1.171,1.202,540641000.0,1539827000.0,1065610000.0,1065610000.0,0.0,,,,,5204000.0,240285000.0,1.0,60475102.0,62051000,62882000.0,17.173,2228211000.0,0.0,14596000.0,0.0,35.909,645067000.0
37,HAR,MRQ,2007-09-30,2007-09-30,2007-09-30,2019-02-12,131336000.0,2621827000.0,,1319246000.0,1302581000.0,,24.158,-27469000.0,77126000.0,77126000.0,682387000.0,36529000.0,1.831,0.663,183033000.0,573000.0,182460000.0,183033000.0,0.0,34149000.0,0.0,0.001,0.013,41596000.0,75745000.0,0.08,75745000.0,41596000.0,40186000.0,0.56,0.55,0.56,1576110000.0,,1576110000.0,5614986495.0,16.0,11.888,-129082000.0,-1.979,1.0,264575000.0,0.279,415386000.0,1410000.0,1591650000.0,,475155000.0,0.0,0.0,0.0,1045717000.0,720698000.0,325019000.0,5644599495.0,-29015000.0,-3347000.0,0.0,101679000.0,-816000.0,101696000.0,-32562000.0,0.0,-101613000.0,3464000.0,36529000.0,36529000.0,36529000.0,0.0,0.0,0.039,223134000.0,41441000.0,325676000.0,0.023,3.581,19.207,19.184,605641000.0,0.0,86.52,1.537,1.537,580167000.0,1497703000.0,946962000.0,946962000.0,0.0,,,,,4946000.0,223134000.0,1.0,65240401.0,65242000,66363000.0,14.515,2206441000.0,0.0,3657000.0,8884000.0,33.819,598548000.0
38,HAR,MRQ,2007-06-30,2007-06-30,2007-06-30,2019-02-12,97969000.0,2508868000.0,,1233153000.0,1275715000.0,,22.916,-90430000.0,106141000.0,106141000.0,612209000.0,104923000.0,1.511,0.679,76528000.0,18867000.0,57661000.0,76528000.0,0.0,33767000.0,0.0,0.0,0.013,81263000.0,115030000.0,0.126,115030000.0,81263000.0,80740000.0,1.61,1.58,1.61,1494041000.0,,1494041000.0,7671856354.0,20.0,14.96,86546000.0,1.327,1.0,298904000.0,0.328,403749000.0,523000.0,1259525000.0,,453156000.0,0.0,0.0,0.0,1014827000.0,815981000.0,198846000.0,7609260354.0,9180000.0,-2569000.0,-21532000.0,-84027000.0,-814000.0,-78565000.0,-90342000.0,0.0,176976000.0,1111000.0,104923000.0,104923000.0,104923000.0,0.0,0.0,0.115,217478000.0,81426000.0,356763000.0,0.008,5.093,24.236,24.283,591976000.0,0.0,116.8,2.143,2.148,486557000.0,1454771000.0,911113000.0,911113000.0,0.0,,,,,881000.0,217478000.0,1.0,65147777.0,65196000,66293000.0,13.975,2105119000.0,0.0,-24183000.0,90187000.0,32.289,417172000.0
39,HAR,MRQ,2007-03-31,2007-03-31,2007-03-31,2019-02-12,73757000.0,2399034000.0,,1276973000.0,1122061000.0,,20.906,-44917000.0,96961000.0,96961000.0,577396000.0,71043000.0,1.571,0.759,159557000.0,20104000.0,139453000.0,159557000.0,0.0,31898000.0,0.0,0.001,0.013,102278000.0,134176000.0,0.152,134176000.0,102278000.0,101938000.0,1.09,1.07,1.09,1363885000.0,,1363885000.0,6264783838.0,16.0,11.713,-54538000.0,-0.836,1.0,305375000.0,0.346,400123000.0,340000.0,1248466000.0,,480179000.0,0.0,0.0,0.0,1035149000.0,813041000.0,222108000.0,6293525838.0,-74147000.0,-2135000.0,-39639000.0,16701000.0,-813000.0,-15988000.0,-46247000.0,0.0,-9621000.0,-2291000.0,71043000.0,71043000.0,71043000.0,0.0,0.0,0.08,203052000.0,102323000.0,270421000.0,0.012,4.614,22.985,23.041,529456000.0,0.0,96.08,1.799,1.791,529719000.0,1350662000.0,882771000.0,882771000.0,0.0,,,,,-4195000.0,203052000.0,1.0,65502975.0,65239000,66327000.0,13.531,1998911000.0,0.0,30895000.0,125843000.0,30.64,463932000.0
40,HAR,MRQ,2006-12-31,2006-12-31,2006-12-31,2019-02-12,69179000.0,2383013000.0,,1279113000.0,1103900000.0,,20.298,-27017000.0,171108000.0,171108000.0,612079000.0,81389000.0,1.496,0.798,142366000.0,20989000.0,121377000.0,142366000.0,0.0,31634000.0,0.0,0.001,0.013,115726000.0,147360000.0,0.158,147360000.0,115726000.0,115228000.0,1.25,1.22,1.25,1325148000.0,,1325148000.0,6558438155.0,16.0,12.452,64464000.0,0.987,1.0,319638000.0,0.343,396219000.0,498000.0,1102801000.0,,454682000.0,0.0,0.0,0.0,1057865000.0,855251000.0,202614000.0,6520621155.0,36125000.0,-2395000.0,4781000.0,-35873000.0,-816000.0,-31908000.0,-30310000.0,0.0,91481000.0,6862000.0,81389000.0,81389000.0,81389000.0,0.0,0.0,0.087,203918000.0,115720000.0,293677000.0,0.01,4.921,24.441,24.73,511618000.0,0.0,99.91,1.908,1.908,480408000.0,1280432000.0,931717000.0,931717000.0,0.0,,,,,4579000.0,203918000.0,1.0,65264950.0,65285000,66525000.0,14.272,1986794000.0,0.0,33839000.0,144143000.0,30.433,423862000.0
41,HAR,MRQ,2006-09-30,2006-09-30,2006-09-30,2019-02-12,44754000.0,2235698000.0,,1155201000.0,1080497000.0,,18.481,-12430000.0,134983000.0,134983000.0,538254000.0,56608000.0,1.455,0.846,172800000.0,19775000.0,153025000.0,172800000.0,0.0,29863000.0,0.0,0.001,0.013,86382000.0,116245000.0,0.141,116245000.0,86382000.0,86243000.0,0.86,0.85,0.86,1210790000.0,,1210790000.0,5343904297.0,13.0,10.155,-55953000.0,-0.854,1.0,287289000.0,0.348,381517000.0,139000.0,1097966000.0,,379299000.0,0.0,0.0,0.0,1024908000.0,794032000.0,230876000.0,5438108297.0,-156775000.0,-2130000.0,-72390000.0,-23079000.0,-819000.0,-96288000.0,-13116000.0,0.0,-43523000.0,-3848000.0,56608000.0,56608000.0,56608000.0,0.0,0.0,0.069,200371000.0,86918000.0,251672000.0,0.015,4.491,21.083,21.45,501448000.0,0.0,83.44,1.639,1.647,461004000.0,1199859000.0,825543000.0,825543000.0,0.0,,,,,3697000.0,200371000.0,1.0,65173877.0,65517000,66676000.0,12.6,1854181000.0,0.0,29635000.0,123967000.0,28.301,361169000.0
42,HAR,MRQ,2006-06-30,2006-06-30,2006-06-30,2019-02-12,61013000.0,2375752000.0,,1267967000.0,1107785000.0,,18.405,-55576000.0,291758000.0,291758000.0,560228000.0,64767000.0,1.428,0.934,197554000.0,18088000.0,179466000.0,197554000.0,0.0,37823000.0,0.0,0.001,0.013,99266000.0,137089000.0,0.16,137089000.0,99266000.0,97128000.0,0.97,0.95,0.97,1228164000.0,,1228164000.0,5641423400.0,14.0,10.846,103093000.0,1.545,1.0,298889000.0,0.348,381219000.0,2138000.0,1012433000.0,,344957000.0,0.0,0.0,0.0,1147588000.0,887896000.0,259692000.0,5711706400.0,-105341000.0,-1997000.0,-99667000.0,-138071000.0,-836000.0,-208491000.0,-59318000.0,0.0,158669000.0,3799000.0,64767000.0,64767000.0,64767000.0,0.0,0.0,0.075,194491000.0,104398000.0,320327000.0,0.013,4.651,22.373,22.174,521935000.0,0.0,85.37,1.759,1.742,444474000.0,1144070000.0,859117000.0,859117000.0,0.0,,,,,2320000.0,194491000.0,1.0,66905311.0,66731000,67928000.0,12.874,1994533000.0,0.0,32361000.0,116493000.0,29.889,380071000.0
43,HAR,MRQ,2006-03-31,2006-03-31,2006-03-31,2019-02-12,30118000.0,2371734000.0,,1333839000.0,1037895000.0,,18.211,-29649000.0,397099000.0,397099000.0,519870000.0,64026000.0,1.419,0.961,326816000.0,176707000.0,150109000.0,326816000.0,0.0,27730000.0,0.0,0.0,0.013,98293000.0,126023000.0,0.157,126023000.0,98293000.0,95801000.0,0.96,0.94,0.96,1209742000.0,,1209742000.0,7303426656.0,19.0,14.301,7852000.0,0.118,1.0,281617000.0,0.351,356005000.0,2492000.0,1005191000.0,,337685000.0,0.0,0.0,0.0,1161992000.0,940255000.0,221737000.0,7295296656.0,2600000.0,-2478000.0,23664000.0,-74218000.0,-835000.0,-14438000.0,-28365000.0,0.0,37501000.0,7902000.0,64026000.0,64026000.0,64026000.0,0.0,0.0,0.08,182827000.0,98790000.0,243388000.0,0.014,6.03,27.977,28.277,479815000.0,0.0,111.13,2.282,2.309,440191000.0,1080139000.0,801487000.0,801487000.0,0.0,,,,,-33128000.0,182827000.0,1.0,65646510.0,66428000,68109000.0,12.065,2015729000.0,0.0,31775000.0,123466000.0,30.345,393584000.0
44,HAR,MRQ,2005-12-31,2005-12-31,2005-12-31,2019-02-12,15721000.0,2281445000.0,,1292577000.0,988868000.0,,16.234,-23931000.0,394499000.0,394499000.0,526876000.0,72535000.0,1.731,1.137,402629000.0,4736000.0,397893000.0,402629000.0,0.0,31825000.0,0.0,0.001,0.013,115061000.0,146886000.0,0.176,146886000.0,115061000.0,110503000.0,1.1,1.07,1.1,1067715000.0,,1067715000.0,6560522498.0,17.0,13.047,148673000.0,2.26,1.0,305769000.0,0.367,350707000.0,4558000.0,1192083000.0,,321331000.0,0.0,0.0,0.0,1213730000.0,746785000.0,466945000.0,6444792498.0,115582000.0,-1811000.0,-39995000.0,10516000.0,-823000.0,-24193000.0,-28953000.0,0.0,172604000.0,-3876000.0,72535000.0,72535000.0,72535000.0,0.0,0.0,0.087,189909000.0,115860000.0,218247000.0,0.012,6.036,24.764,25.026,473356000.0,0.0,97.85,2.054,2.051,418579000.0,1016948000.0,832645000.0,832645000.0,0.0,,,,,-1978000.0,189909000.0,1.0,65864001.0,65771000,67948000.0,12.66,1930738000.0,0.0,37968000.0,145926000.0,29.355,545792000.0
45,HAR,MRQ,2005-09-30,2005-09-30,2005-09-30,2019-02-12,27984000.0,2191094000.0,,1198077000.0,993017000.0,,15.703,-21392000.0,278917000.0,278917000.0,488353000.0,53967000.0,1.73,1.11,394647000.0,5139000.0,389508000.0,394647000.0,0.0,32571000.0,0.0,0.0,0.013,77579000.0,110150000.0,0.146,110150000.0,77579000.0,73740000.0,0.82,0.79,0.82,1038238000.0,,1038238000.0,6785566390.0,19.0,13.881,9813000.0,0.148,1.0,266295000.0,0.353,348141000.0,3839000.0,1266346000.0,,331710000.0,0.0,0.0,0.0,1152856000.0,692337000.0,460519000.0,6742863390.0,-12297000.0,-7522000.0,-76610000.0,64506000.0,-827000.0,-12931000.0,-30044000.0,0.0,31205000.0,-527000.0,53967000.0,53967000.0,53967000.0,0.0,0.0,0.072,188102000.0,78193000.0,222218000.0,0.016,6.495,26.637,27.056,482133000.0,0.0,102.27,2.179,2.186,428683000.0,945236000.0,754648000.0,754648000.0,0.0,,,,,3879000.0,188102000.0,1.0,65931978.0,66117000,68477000.0,11.414,1842953000.0,0.0,19773000.0,109472000.0,27.874,505740000.0
46,HAR,MRQ,2005-06-30,2005-06-30,2005-06-30,2019-02-12,31103000.0,2187203000.0,,1183293000.0,1003910000.0,,15.789,-65220000.0,291214000.0,291214000.0,526211000.0,70235000.0,1.623,1.062,333917000.0,3126000.0,330791000.0,333917000.0,0.0,27441000.0,0.0,0.001,0.013,100191000.0,127632000.0,0.158,127632000.0,100191000.0,97956000.0,1.05,1.01,1.05,1060948000.0,,1060948000.0,5530521028.0,16.0,11.906,122139000.0,1.818,1.0,281821000.0,0.349,345071000.0,2235000.0,1155765000.0,,312950000.0,0.0,0.0,0.0,1126255000.0,729070000.0,397185000.0,5479959028.0,8553000.0,-1368000.0,-111583000.0,5243000.0,-841000.0,-107181000.0,-57106000.0,6651000.0,187359000.0,-14519000.0,70235000.0,70235000.0,70235000.0,0.0,0.0,0.087,181034000.0,100787000.0,274145000.0,0.012,5.165,23.534,23.447,491619000.0,0.0,81.36,1.808,1.802,433041000.0,892096000.0,808032000.0,808032000.0,0.0,,,,,77262000.0,181034000.0,1.0,67354462.0,67195000,69559000.0,12.025,1842132000.0,0.0,27721000.0,105858000.0,27.415,454223000.0
47,HAR,MRQ,2005-03-31,2005-03-31,2005-03-31,2019-02-12,77765000.0,2143161000.0,,1176254000.0,966907000.0,,15.832,-23104000.0,282661000.0,282661000.0,492572000.0,63516000.0,1.77,0.998,333223000.0,3696000.0,329527000.0,333223000.0,0.0,29726000.0,0.0,0.001,0.013,88439000.0,118165000.0,0.159,118165000.0,88439000.0,86125000.0,0.94,0.9,0.94,1072536000.0,,1072536000.0,6034840093.0,19.0,13.666,45081000.0,0.665,1.0,249992000.0,0.337,372441000.0,2314000.0,1156874000.0,,340522000.0,6651000.0,6651000.0,0.0,1070625000.0,664408000.0,406217000.0,5994915093.0,12473000.0,-1609000.0,-47734000.0,6281000.0,-848000.0,-42297000.0,-2477000.0,23099000.0,68185000.0,-10938000.0,63516000.0,63516000.0,63516000.0,0.0,0.0,0.086,161235000.0,88757000.0,198370000.0,0.014,5.589,27.808,27.472,477027000.0,0.0,88.46,2.029,2.028,430085000.0,822702000.0,742564000.0,742564000.0,0.0,,,,,2937000.0,161235000.0,1.0,67769784.0,67743000,70831000.0,10.961,1770720000.0,0.0,22609000.0,105758000.0,26.139,511846000.0
48,HAR,MRQ,2004-12-31,2004-12-31,2004-12-31,2019-02-12,105037000.0,2139717000.0,,1137087000.0,1002630000.0,,16.062,-46036000.0,299938000.0,299938000.0,510097000.0,65425000.0,1.768,0.978,339863000.0,4413000.0,335450000.0,339863000.0,0.0,34082000.0,0.0,0.0,0.013,98813000.0,132895000.0,0.169,132895000.0,98813000.0,96213000.0,0.97,0.92,0.97,1081939000.0,,1081939000.0,8510128867.0,28.0,20.232,73069000.0,1.085,1.0,278490000.0,0.353,376618000.0,2600000.0,1159706000.0,,326331000.0,0.0,0.0,0.0,1057778000.0,643318000.0,414460000.0,8506411867.0,1194000.0,-140748000.0,19426000.0,-14738000.0,-839000.0,3845000.0,-141482000.0,43850000.0,119105000.0,19726000.0,65425000.0,65425000.0,65425000.0,0.0,0.0,0.083,178978000.0,99512000.0,170103000.0,0.013,7.862,43.46,43.197,495220000.0,0.0,127.0,2.93,2.947,402351000.0,760034000.0,788587000.0,788587000.0,0.0,,,,,4535000.0,178978000.0,1.0,66979621.0,67361000,70942000.0,11.707,1763099000.0,0.0,30788000.0,128262000.0,26.174,493769000.0
49,HAR,MRQ,2004-09-30,2004-09-30,2004-09-30,2019-02-12,41189000.0,1995830000.0,,1199554000.0,796276000.0,,14.043,-37966000.0,342594000.0,342594000.0,470307000.0,33672000.0,1.816,1.147,346311000.0,7272000.0,339039000.0,346311000.0,0.0,27416000.0,0.0,0.0,0.013,58410000.0,85826000.0,0.124,85826000.0,58410000.0,55043000.0,0.51,0.48,0.51,929543000.0,,929543000.0,7149061278.0,26.0,18.888,6927000.0,0.105,1.0,221399000.0,0.32,254796000.0,3367000.0,1084032000.0,,319416000.0,0.0,0.0,0.0,1066287000.0,660719000.0,405568000.0,7131844278.0,-17714000.0,-1955000.0,4800000.0,-49483000.0,-826000.0,-45509000.0,-19126000.0,17400000.0,44893000.0,2028000.0,33672000.0,33672000.0,33672000.0,0.0,0.0,0.049,159474000.0,61925000.0,189270000.0,0.025,7.672,41.518,41.442,451182000.0,0.0,107.75,2.542,2.542,427720000.0,695448000.0,691706000.0,691706000.0,0.0,,,,,3691000.0,159474000.0,1.0,66188810.0,66194000,70227000.0,10.45,1741034000.0,0.0,21371000.0,142553000.0,26.302,538835000.0
50,HAR,MRQ,2004-06-30,2004-06-30,2004-06-30,2019-02-12,27979000.0,1988810000.0,,1204035000.0,784775000.0,,13.246,-39643000.0,286708000.0,286708000.0,472581000.0,52969000.0,1.818,1.273,394925000.0,7309000.0,387616000.0,394925000.0,0.0,24782000.0,0.0,0.001,0.013,79932000.0,104714000.0,0.143,104714000.0,79932000.0,76545000.0,0.8,0.76,0.8,874996000.0,,874996000.0,6160455732.0,25.0,17.563,132426000.0,2.005,1.0,259456000.0,0.354,251722000.0,3387000.0,1182951000.0,,291710000.0,91000000.0,91000000.0,0.0,1113814000.0,662354000.0,451460000.0,6009644732.0,49745000.0,-6736000.0,919000.0,-73281000.0,-826000.0,-73188000.0,-49476000.0,-350000.0,172069000.0,340000.0,52969000.0,52969000.0,52969000.0,0.0,0.0,0.072,172145000.0,87311000.0,238663000.0,0.016,6.868,38.064,37.917,434091000.0,0.0,91.0,2.216,2.208,426211000.0,662602000.0,732037000.0,732037000.0,0.0,,,,,13868000.0,172145000.0,1.0,66040052.0,66055000,69892000.0,11.082,1737088000.0,0.0,23576000.0,122214000.0,26.298,541681000.0
51,HAR,MRQ,2004-03-31,2004-03-31,2004-03-31,2019-02-12,34855000.0,1944747000.0,,1139258000.0,805489000.0,,12.354,-33690000.0,327613000.0,327613000.0,461481000.0,43665000.0,1.964,1.387,478424000.0,5125000.0,473299000.0,478424000.0,0.0,29708000.0,0.0,0.001,0.013,67483000.0,97191000.0,0.141,97191000.0,67483000.0,63099000.0,0.66,0.63,0.66,814750000.0,,814750000.0,5505074485.0,25.0,16.853,100804000.0,1.528,1.0,228951000.0,0.332,251052000.0,4384000.0,1264506000.0,,294869000.0,0.0,0.0,0.0,1129997000.0,580000000.0,549997000.0,5245153485.0,57584000.0,0.0,2178000.0,-584000.0,-824000.0,770000.0,-77430000.0,-52100000.0,134494000.0,-250000.0,43665000.0,43665000.0,43665000.0,0.0,0.0,0.063,160969000.0,67982000.0,170951000.0,0.02,6.438,36.855,36.682,432277000.0,0.0,79.6,2.015,2.017,410915000.0,610459000.0,690432000.0,690432000.0,0.0,,,,,2625000.0,160969000.0,1.0,65893888.0,65951000,69707000.0,10.469,1693695000.0,0.0,19434000.0,0.0,25.681,559258000.0
52,HAR,MRQ,2003-12-31,2003-12-31,2003-12-31,2019-02-12,36789000.0,1844519000.0,,1023065000.0,821454000.0,,11.729,-34334000.0,217929000.0,217929000.0,472297000.0,41472000.0,1.936,1.398,477850000.0,5279000.0,472571000.0,477850000.0,0.0,26192000.0,0.0,0.001,0.013,64567000.0,90759000.0,0.131,90759000.0,64567000.0,60021000.0,0.63,0.6,0.63,769233000.0,,769233000.0,5221445940.0,26.0,17.691,88726000.0,1.353,1.0,219314000.0,0.317,253142000.0,4546000.0,1322972000.0,,307623000.0,0.0,0.0,0.0,1075286000.0,528326000.0,546960000.0,4865367940.0,73263000.0,0.0,3902000.0,-27875000.0,-823000.0,-24796000.0,-28388000.0,0.0,123060000.0,3387000.0,41472000.0,41472000.0,41472000.0,0.0,0.0,0.06,153423000.0,65891000.0,143143000.0,0.021,6.325,37.638,37.364,441145000.0,0.0,73.98,1.972,1.967,388954000.0,567618000.0,691611000.0,691611000.0,0.0,,,,,2473000.0,153423000.0,1.0,65765990.0,65584000,69330000.0,10.545,1591377000.0,0.0,18549000.0,0.0,24.265,494739000.0
53,HAR,MRQ,2003-09-30,2003-09-30,2003-09-30,2019-02-12,2150000.0,1735564000.0,,949942000.0,785622000.0,,10.519,-27826000.0,144666000.0,144666000.0,416423000.0,19777000.0,1.94,1.524,500744000.0,6269000.0,494475000.0,500744000.0,0.0,25350000.0,0.0,0.001,0.013,32745000.0,58095000.0,0.097,58095000.0,32745000.0,27855000.0,0.3,0.29,0.3,687569000.0,,687569000.0,3573658488.0,20.0,13.14,25002000.0,0.383,1.0,180871000.0,0.303,237595000.0,4890000.0,1364399000.0,,338343000.0,0.0,0.0,0.0,1047995000.0,489648000.0,558347000.0,3218501488.0,-3245000.0,-27545000.0,3359000.0,-3077000.0,-816000.0,-534000.0,-56528000.0,0.0,52828000.0,989000.0,19777000.0,19777000.0,19777000.0,0.0,0.0,0.033,147590000.0,33281000.0,149199000.0,0.043,4.681,27.889,27.626,409920000.0,0.0,49.175,1.378,1.376,370326000.0,526969000.0,597294000.0,597294000.0,0.0,,,,,1795000.0,147590000.0,1.0,65449954.0,65362000,68702000.0,9.138,1497969000.0,0.0,8078000.0,0.0,22.918,460294000.0
54,HAR,MRQ,2003-06-30,2003-06-30,2003-06-30,2019-02-12,-5519000.0,1703658000.0,,967624000.0,736034000.0,,10.142,-29415000.0,147911000.0,147911000.0,434695000.0,37406000.0,1.985,1.598,503068000.0,5309000.0,497759000.0,503068000.0,0.0,24239000.0,0.0,0.001,0.013,56360000.0,80599000.0,0.129,80599000.0,56360000.0,50550000.0,0.58,0.55,0.58,655785000.0,,655785000.0,2968471441.0,18.0,11.704,118501000.0,1.833,1.0,188634000.0,0.303,221579000.0,5810000.0,1349826000.0,,349626000.0,0.0,0.0,0.0,1047873000.0,487410000.0,560463000.0,2548013441.0,77143000.0,-8232000.0,-3314000.0,-21054000.0,-805000.0,-37205000.0,-35985000.0,6500000.0,147916000.0,2417000.0,37406000.0,37406000.0,37406000.0,0.0,0.0,0.06,131806000.0,56828000.0,176846000.0,0.022,3.885,24.168,24.276,393920000.0,0.0,39.57,1.143,1.149,363121000.0,508008000.0,623329000.0,623329000.0,0.0,,,,,23275000.0,131806000.0,1.0,64392556.0,64658000,67964000.0,9.64,1482079000.0,0.0,13144000.0,51894000.0,22.922,480214000.0
55,HAR,MRQ,2003-03-31,2003-03-31,2003-03-31,2019-02-12,-21096000.0,1579923000.0,,893454000.0,686469000.0,,9.239,-24970000.0,77268000.0,77268000.0,391488000.0,30614000.0,2.045,1.652,497726000.0,4239000.0,493487000.0,497726000.0,0.0,19018000.0,0.0,0.002,0.013,46683000.0,65701000.0,0.118,65701000.0,46683000.0,41370000.0,0.47,0.45,0.47,595678000.0,,595678000.0,2284137829.0,15.0,9.714,-3718000.0,-0.058,1.0,162966000.0,0.294,217663000.0,5313000.0,1345797000.0,,388586000.0,0.0,0.0,0.0,984245000.0,436921000.0,547324000.0,1888765829.0,-25367000.0,0.0,-12450000.0,-9534000.0,-807000.0,-22398000.0,-25556000.0,0.0,21252000.0,1335000.0,30614000.0,30614000.0,30614000.0,0.0,0.0,0.055,116209000.0,46757000.0,142791000.0,0.028,3.171,20.066,20.197,371071000.0,0.0,29.285,0.897,0.896,336921000.0,471407000.0,554454000.0,554454000.0,0.0,,,,,0.0,116209000.0,1.0,64496016.0,64474000,68078000.0,8.6,1362260000.0,0.0,10756000.0,0.0,21.129,456533000.0
56,HAR,MRQ,2002-12-31,2002-12-31,2002-12-31,2019-02-12,-32767000.0,1566362000.0,,899050000.0,667312000.0,,8.757,-33842000.0,102635000.0,102635000.0,400555000.0,27606000.0,1.986,1.766,498007000.0,4858000.0,493149000.0,498007000.0,0.0,24683000.0,0.0,0.002,0.013,42894000.0,67577000.0,0.121,67577000.0,42894000.0,37305000.0,0.43,0.41,0.43,566257000.0,,566257000.0,2347922526.0,18.0,10.92,59282000.0,0.917,1.0,159422000.0,0.285,211241000.0,5589000.0,1297716000.0,,381270000.0,0.0,0.0,0.0,1000105000.0,452777000.0,547328000.0,1920059526.0,36192000.0,-2979000.0,-7357000.0,-20387000.0,-807000.0,-25589000.0,-34193000.0,0.0,93124000.0,2850000.0,27606000.0,27606000.0,27606000.0,0.0,0.0,0.049,116112000.0,43310000.0,172064000.0,0.03,3.391,24.566,24.689,356585000.0,0.0,29.75,0.955,0.957,324224000.0,441600000.0,559977000.0,559977000.0,0.0,,,,,0.0,116112000.0,1.0,64539816.0,64660000,68136000.0,8.66,1355121000.0,0.0,9699000.0,0.0,20.958,446273000.0
57,HAR,MRQ,2002-09-30,2002-09-30,2002-09-30,2019-02-12,-51577000.0,1466206000.0,,837426000.0,628780000.0,,8.083,-27110000.0,66443000.0,66443000.0,350634000.0,9802000.0,2.099,1.793,494306000.0,2742000.0,491564000.0,494306000.0,0.0,20605000.0,0.0,0.002,0.013,19155000.0,39760000.0,0.081,39760000.0,19155000.0,13246000.0,0.15,0.145,0.15,525043000.0,,525043000.0,2039743653.0,19.0,10.837,-39340000.0,-0.606,1.0,140125000.0,0.286,199202000.0,5909000.0,1295883000.0,,354815000.0,0.0,0.0,0.0,941163000.0,398984000.0,542179000.0,1681317653.0,-49810000.0,0.0,-8091000.0,-3333000.0,-812000.0,-12236000.0,-25361000.0,0.0,-12230000.0,17000.0,9802000.0,9802000.0,9802000.0,0.0,0.0,0.02,120126000.0,19999000.0,157426000.0,0.087,3.202,26.994,26.953,332391000.0,0.0,25.875,0.877,0.876,327229000.0,414801000.0,490759000.0,490759000.0,0.0,,,,,0.0,120126000.0,1.0,64978460.0,64956000,67964000.0,7.555,1267004000.0,0.0,3444000.0,0.0,19.506,438442000.0
58,HAR,MRQ,2002-06-30,2002-06-30,2002-06-30,2019-02-12,-49092000.0,1480280000.0,,876763000.0,603517000.0,,8.097,-25499000.0,116253000.0,116253000.0,356207000.0,26104000.0,2.023,1.811,474679000.0,4255000.0,470424000.0,474679000.0,0.0,21488000.0,0.0,0.002,0.013,40609000.0,62097000.0,0.124,62097000.0,40609000.0,35876000.0,0.4,0.385,0.4,526629000.0,,526629000.0,1986401043.0,19.0,10.999,99185000.0,1.525,1.0,145230000.0,0.29,199239000.0,4733000.0,1205996000.0,,329935000.0,0.0,0.0,0.0,953651000.0,433471000.0,520180000.0,1600018043.0,31823000.0,-32734000.0,-5336000.0,-27483000.0,-808000.0,-25144000.0,-70578000.0,0.0,124684000.0,2861000.0,26104000.0,26104000.0,26104000.0,0.0,0.0,0.052,105003000.0,40227000.0,193110000.0,0.033,3.038,27.82,27.669,325812000.0,0.0,24.625,0.876,0.87,335019000.0,405811000.0,501437000.0,501437000.0,0.0,,,,,4169000.0,105003000.0,1.0,64975352.0,65044000,68856000.0,7.709,1281041000.0,0.0,9772000.0,0.0,19.695,443292000.0
59,HAR,MRQ,2002-03-31,2002-03-31,2002-03-31,2019-02-12,-82813000.0,1300655000.0,,801119000.0,499536000.0,,7.118,-30661000.0,84430000.0,84430000.0,334828000.0,14648000.0,2.442,1.826,470813000.0,11415000.0,459398000.0,470813000.0,0.0,18873000.0,0.0,0.002,0.013,26704000.0,45577000.0,0.099,45577000.0,26704000.0,20631000.0,0.225,0.215,0.225,460301000.0,,460301000.0,1990150826.0,21.0,12.075,6313000.0,0.098,1.0,123482000.0,0.269,155462000.0,6073000.0,1203531000.0,,326907000.0,0.0,0.0,0.0,840354000.0,328045000.0,512309000.0,1594564826.0,79129000.0,3010000.0,1818000.0,71266000.0,-814000.0,72275000.0,-29908000.0,0.0,36974000.0,-212000.0,14648000.0,14648000.0,14648000.0,0.0,0.0,0.032,96373000.0,27109000.0,134691000.0,0.058,3.464,31.41,31.234,283545000.0,0.0,24.675,0.9,0.9,317253000.0,380520000.0,458310000.0,458310000.0,0.0,,,,,0.0,96373000.0,1.0,64622688.0,64666000,67878000.0,7.087,1145193000.0,0.0,5983000.0,0.0,17.709,473074000.0
60,HAR,MRQ,2001-12-31,2001-12-30,2001-12-30,2019-02-12,-81165000.0,1197459000.0,,719672000.0,477787000.0,,6.948,-18808000.0,5301000.0,5301000.0,339994000.0,11730000.0,1.33,1.683,400887000.0,238721000.0,162166000.0,400887000.0,0.0,18758000.0,0.0,0.002,0.013,22029000.0,40787000.0,0.087,40787000.0,22029000.0,16521000.0,0.185,0.175,0.185,446287000.0,,446287000.0,1873162983.0,38.0,15.834,-6623000.0,-0.103,1.0,127438000.0,0.273,144468000.0,5508000.0,907551000.0,,335061000.0,0.0,0.0,0.0,751172000.0,541026000.0,210146000.0,1480571983.0,-3416000.0,-5788000.0,607000.0,7440000.0,-804000.0,6973000.0,-22413000.0,0.0,12185000.0,-161000.0,11730000.0,11730000.0,11730000.0,0.0,0.0,0.025,104897000.0,22541000.0,121752000.0,0.07,3.318,83.525,81.175,274623000.0,0.0,23.135,0.846,0.849,310717000.0,366681000.0,467432000.0,467432000.0,0.0,,,,,0.0,104897000.0,1.0,63997060.0,64232000,67050000.0,7.277,1052991000.0,0.0,4791000.0,0.0,16.394,178646000.0
61,HAR,MRQ,2001-09-30,2001-09-30,2001-09-30,2019-02-12,-72110000.0,1211694000.0,,729300000.0,482394000.0,,6.918,-29559000.0,8717000.0,8717000.0,295288000.0,5031000.0,1.781,1.73,401308000.0,91882000.0,309426000.0,401308000.0,0.0,18965000.0,0.0,0.003,0.013,13179000.0,32144000.0,0.081,32144000.0,13179000.0,7087000.0,0.08,0.075,0.08,443809000.0,,443809000.0,1440820875.0,21.0,10.673,-13031000.0,-0.203,1.0,103721000.0,0.26,148552000.0,6092000.0,1046255000.0,,342020000.0,0.0,0.0,0.0,767885000.0,409478000.0,358407000.0,1074808875.0,5969000.0,0.0,-756000.0,20096000.0,-801000.0,18809000.0,-29459000.0,0.0,16528000.0,91000.0,5031000.0,5031000.0,5031000.0,0.0,0.0,0.013,90377000.0,13344000.0,156625000.0,0.163,2.422,35.649,35.263,281042000.0,0.0,16.75,0.625,0.625,305871000.0,355755000.0,399009000.0,399009000.0,0.0,,,,,0.0,90377000.0,1.0,64167694.0,64152000,67310000.0,6.22,1063142000.0,0.0,2056000.0,0.0,16.572,319822000.0
62,HAR,MRQ,2001-06-30,2001-06-30,2001-06-30,2019-02-12,-89503000.0,1159385000.0,,705871000.0,453514000.0,,6.601,-38090000.0,2748000.0,2748000.0,327347000.0,19357000.0,2.033,1.741,368760000.0,24938000.0,343822000.0,368760000.0,0.0,13216000.0,0.0,0.003,0.013,33097000.0,46313000.0,0.103,46313000.0,33097000.0,26741000.0,0.3,0.29,0.3,422942000.0,,422942000.0,1639017600.0,23.0,11.945,50794000.0,0.793,1.0,120390000.0,0.269,145258000.0,6356000.0,1032984000.0,,317500000.0,0.0,0.0,0.0,736443000.0,347155000.0,389288000.0,1219642600.0,-3551000.0,0.0,-2997000.0,-54173000.0,-795000.0,-54166000.0,-38364000.0,0.0,88884000.0,95000.0,19357000.0,19357000.0,19357000.0,0.0,0.0,0.043,86507000.0,33883000.0,151478000.0,0.043,2.884,37.685,38.09,264136000.0,0.0,19.045,0.711,0.717,312817000.0,351525000.0,447737000.0,447737000.0,0.0,,,,,1008000.0,86507000.0,1.0,64040042.0,64070000,66844000.0,6.988,1014127000.0,0.0,7384000.0,0.0,15.828,358716000.0
63,HAR,MRQ,2001-03-31,2001-03-31,2001-03-31,2019-02-12,-82392000.0,1169239000.0,,726774000.0,442465000.0,,6.401,-22418000.0,6299000.0,6299000.0,339316000.0,-18392000.0,2.326,1.854,425674000.0,12992000.0,412682000.0,425674000.0,0.0,17708000.0,0.0,0.004,0.013,-18655000.0,-947000.0,-0.002,-947000.0,-18655000.0,-25904000.0,-0.28,-0.27,-0.28,409682000.0,,409682000.0,1249801493.0,17.0,8.656,-7255000.0,-0.113,1.0,96342000.0,0.221,151147000.0,7249000.0,1124971000.0,,349856000.0,0.0,0.0,0.0,759557000.0,312496000.0,447061000.0,818838493.0,-1115000.0,0.0,779000.0,-2732000.0,-806000.0,-2759000.0,-13319000.0,0.0,15163000.0,-200000.0,-18392000.0,-18392000.0,-18392000.0,0.0,0.0,-0.042,114823000.0,-18481000.0,117404000.0,-0.046,1.999,22.541,23.477,250588000.0,0.0,12.795,0.477,0.477,310556000.0,332963000.0,435658000.0,435658000.0,0.0,,,,,0.0,114823000.0,1.0,63996756.0,64006000,66580000.0,6.807,1018092000.0,0.0,-7512000.0,0.0,15.906,414278000.0
64,HAR,MRQ,2000-12-31,2000-12-31,2000-12-31,2019-02-12,-63903000.0,1230604000.0,,765307000.0,465297000.0,,6.95,-28267000.0,7414000.0,7414000.0,316583000.0,24154000.0,2.309,1.756,438377000.0,21878000.0,416499000.0,438377000.0,0.0,17852000.0,0.0,0.003,0.013,39635000.0,57487000.0,0.131,57487000.0,39635000.0,34020000.0,0.375,0.36,0.375,446590000.0,,446590000.0,1548391876.0,12.0,7.828,-40610000.0,-0.632,1.0,121593000.0,0.277,160420000.0,5615000.0,1169669000.0,,368636000.0,0.0,0.0,0.0,784014000.0,331478000.0,452536000.0,1173767876.0,2673000.0,0.0,-13200000.0,48290000.0,-804000.0,34286000.0,-19458000.0,12259000.0,-12343000.0,188000.0,24154000.0,24154000.0,24154000.0,0.0,0.0,0.055,81910000.0,39683000.0,136055000.0,0.035,2.628,15.237,15.87,265798000.0,0.0,18.25,0.689,0.688,322938000.0,352161000.0,438176000.0,438176000.0,0.0,,,,,0.0,81910000.0,1.0,64316048.0,64260000,67528000.0,6.819,1070184000.0,0.0,9866000.0,0.0,16.654,433829000.0
65,HAR,MRQ,2000-09-30,2000-09-30,2000-09-30,2019-02-12,-77825000.0,1143232000.0,,693991000.0,449241000.0,,6.399,-16989000.0,4741000.0,4741000.0,285266000.0,7245000.0,2.115,1.706,379365000.0,20759000.0,358606000.0,379365000.0,0.0,18425000.0,0.0,0.003,0.013,15940000.0,34365000.0,0.087,34365000.0,15940000.0,10210000.0,0.11,0.105,0.11,422517000.0,,422517000.0,1541267752.0,12.0,7.937,-54750000.0,-0.829,1.0,109710000.0,0.278,157836000.0,5730000.0,1031864000.0,,316136000.0,0.0,0.0,0.0,720715000.0,328156000.0,392559000.0,1268308752.0,376000.0,0.0,-51550000.0,109254000.0,-817000.0,56887000.0,-18124000.0,0.0,-37761000.0,-626000.0,7245000.0,7245000.0,7245000.0,0.0,0.0,0.018,93567000.0,16143000.0,143000000.0,0.118,3.002,16.868,17.773,245016000.0,0.0,19.55,0.739,0.752,309858000.0,328811000.0,394976000.0,394976000.0,0.0,,,,,0.0,93567000.0,1.0,64875128.0,66032000,68924000.0,5.982,985396000.0,0.0,2965000.0,0.0,14.923,365835000.0
66,HAR,MRQ,2000-06-30,2000-06-30,2000-06-30,2019-02-12,-89503000.0,1162385000.0,,708871000.0,453514000.0,,6.191,-31749000.0,2748000.0,2748000.0,323986000.0,23320000.0,2.024,1.748,368760000.0,24938000.0,343822000.0,368760000.0,0.0,17460000.0,0.0,0.003,0.013,36017000.0,53477000.0,0.12,53477000.0,36017000.0,32134000.0,0.34,0.33,0.34,422942000.0,,422942000.0,1361250299.0,11.0,7.323,56771000.0,0.831,1.0,122423000.0,0.274,145258000.0,3883000.0,1032984000.0,,317500000.0,0.0,0.0,0.0,739443000.0,350155000.0,389288000.0,1042177299.0,-1941000.0,0.0,-3328000.0,-50074000.0,-854000.0,-54256000.0,-36206000.0,1319000.0,88520000.0,1000.0,23320000.0,23320000.0,23320000.0,0.0,0.0,0.052,87416000.0,35007000.0,151478000.0,0.038,2.464,14.308,14.46,264136000.0,0.0,15.255,0.621,0.626,315817000.0,351525000.0,446409000.0,446409000.0,0.0,,,,,137000.0,87416000.0,1.0,68317096.0,68316000,70768000.0,6.534,1017127000.0,0.0,8814000.0,0.0,14.889,358716000.0
67,HAR,MRQ,2000-03-31,2000-03-31,2000-03-31,2019-02-12,-52777000.0,1123521000.0,,675331000.0,448190000.0,,6.895,-15570000.0,6306000.0,6306000.0,299752000.0,22317000.0,2.153,1.373,325379000.0,19107000.0,306272000.0,325379000.0,0.0,16123000.0,0.0,0.003,0.013,36355000.0,52478000.0,0.124,52478000.0,36355000.0,31438000.0,0.325,0.315,0.325,473412000.0,,473412000.0,1353782940.0,11.0,7.308,39448000.0,0.575,1.0,124179000.0,0.293,162937000.0,4917000.0,966058000.0,,303604000.0,0.0,0.0,0.0,650109000.0,313599000.0,336510000.0,1030418940.0,-800000.0,-37992000.0,-5442000.0,5431000.0,-859000.0,-870000.0,-54530000.0,-4634000.0,55018000.0,-418000.0,22317000.0,22317000.0,22317000.0,0.0,0.0,0.053,87335000.0,36844000.0,133120000.0,0.04,2.177,14.617,14.778,244502000.0,0.0,15.0,0.623,0.623,317777000.0,299917000.0,423931000.0,423931000.0,0.0,,,,,0.0,87335000.0,1.0,68694596.0,68664000,70928000.0,6.174,960584000.0,0.0,9121000.0,0.0,13.99,361732000.0
68,HAR,MRQ,1999-12-31,1999-12-31,1999-12-31,2019-02-12,-44558000.0,1095684000.0,,665823000.0,429861000.0,,6.77,-26484000.0,7106000.0,7106000.0,324335000.0,22307000.0,2.274,1.353,330470000.0,24232000.0,306238000.0,330470000.0,0.0,16698000.0,0.0,0.004,0.013,37173000.0,53871000.0,0.119,53871000.0,37173000.0,32096000.0,0.325,0.32,0.325,465615000.0,,465615000.0,1311642669.0,12.0,7.657,28617000.0,0.416,1.0,126491000.0,0.281,151664000.0,5077000.0,974629000.0,,287156000.0,0.0,0.0,0.0,630069000.0,292755000.0,337314000.0,968888669.0,-4623000.0,-11691000.0,-3624000.0,-15722000.0,-858000.0,-20204000.0,-39121000.0,2670000.0,55101000.0,-399000.0,22307000.0,22307000.0,22307000.0,0.0,0.0,0.049,88937000.0,37554000.0,127377000.0,0.04,2.081,15.885,16.129,236976000.0,0.0,14.033,0.604,0.602,313892000.0,278459000.0,450826000.0,450826000.0,0.0,,,,,0.0,88937000.0,1.0,69046048.0,68772000,69896000.0,6.555,944020000.0,0.0,9789000.0,0.0,13.727,373068000.0
69,HAR,MRQ,1999-09-30,1999-09-30,1999-09-30,2019-02-12,-34034000.0,1083963000.0,,669981000.0,413982000.0,,6.555,-6552000.0,11729000.0,11729000.0,260530000.0,4894000.0,2.548,1.365,354483000.0,23282000.0,331201000.0,354483000.0,0.0,14337000.0,0.0,0.005,0.013,11723000.0,26060000.0,0.073,26060000.0,11723000.0,7093000.0,0.07,0.07,0.07,458314000.0,,458314000.0,1034488191.0,33.0,10.692,-10626000.0,-0.152,1.0,96243000.0,0.27,143077000.0,4630000.0,1020680000.0,,296180000.0,0.0,0.0,0.0,625649000.0,262960000.0,362689000.0,725876191.0,8766000.0,0.0,-21745000.0,35297000.0,-873000.0,12679000.0,-86000.0,0.0,-4074000.0,247000.0,4894000.0,4894000.0,4894000.0,0.0,0.0,0.014,83926000.0,12317000.0,110128000.0,0.186,1.584,89.328,93.053,231131000.0,0.0,10.515,0.471,0.477,303613000.0,257010000.0,356773000.0,356773000.0,0.0,,,,,0.0,83926000.0,1.0,69032448.0,69916000,70792000.0,5.103,940886000.0,0.0,2199000.0,0.0,13.457,407021000.0
70,HAR,MRQ,1999-06-30,1999-06-30,1999-06-30,2019-02-12,-41885000.0,1065755000.0,,646609000.0,419146000.0,,6.603,-14007000.0,2963000.0,2963000.0,297225000.0,20977000.0,2.254,1.276,311575000.0,31161000.0,280414000.0,311575000.0,0.0,19539000.0,0.0,0.005,0.013,33287000.0,52826000.0,0.125,52826000.0,33287000.0,28357000.0,0.295,0.29,0.295,468187000.0,,468187000.0,1190243652.0,31.0,11.352,100163000.0,1.413,1.0,124592000.0,0.295,140824000.0,4930000.0,946722000.0,,280115000.0,0.0,0.0,0.0,597568000.0,286821000.0,310747000.0,779551652.0,-2389000.0,0.0,1656000.0,-108290000.0,-887000.0,-107521000.0,-9297000.0,4640000.0,114170000.0,259000.0,20977000.0,20977000.0,20977000.0,0.0,0.0,0.05,91271000.0,33321000.0,120116000.0,0.044,1.665,66.498,66.667,241063000.0,0.0,11.0,0.52,0.525,303371000.0,252989000.0,421817000.0,421817000.0,0.0,,,,,59000.0,91271000.0,1.0,70868332.0,70904000,73528000.0,5.949,924931000.0,0.0,7380000.0,0.0,13.045,359788000.0
71,HAR,MRQ,1999-03-31,1999-03-31,1999-03-31,2019-02-12,-25999000.0,1129783000.0,,709547000.0,420236000.0,,6.528,-21390000.0,5352000.0,5352000.0,269943000.0,12817000.0,2.815,1.444,416044000.0,31270000.0,384774000.0,416044000.0,0.0,13767000.0,0.0,0.005,0.013,24783000.0,38550000.0,0.103,38550000.0,24783000.0,18059000.0,0.18,0.18,0.18,462268000.0,,462268000.0,1085317608.0,38.0,11.89,35215000.0,0.497,1.0,104961000.0,0.28,158190000.0,6724000.0,1130265000.0,,317682000.0,0.0,0.0,0.0,667515000.0,252020000.0,415495000.0,650610608.0,-2394000.0,-568000.0,-2000.0,-26842000.0,-885000.0,-27729000.0,-31270000.0,-16240000.0,56605000.0,0.0,12817000.0,12817000.0,12817000.0,0.0,0.0,0.034,80581000.0,24380000.0,92986000.0,0.072,1.407,128.579,167.045,238598000.0,0.0,9.188,0.443,0.443,299550000.0,232899000.0,374904000.0,374904000.0,0.0,,,,,0.0,80581000.0,1.0,70814760.0,70816000,71428000.0,5.294,971593000.0,0.0,5242000.0,0.0,13.72,457527000.0
72,HAR,MRQ,1998-12-31,1998-12-31,1998-12-31,2019-02-12,-13961000.0,1154464000.0,,719419000.0,435045000.0,,6.53,-13250000.0,7746000.0,7746000.0,303071000.0,-30562000.0,2.884,1.497,442453000.0,32392000.0,410061000.0,442453000.0,0.0,17554000.0,0.0,0.005,0.013,-38239000.0,-20685000.0,-0.053,-20685000.0,-38239000.0,-44293000.0,-0.432,-0.432,-0.432,462376000.0,,462376000.0,1083865016.0,33.0,11.002,-9142000.0,-0.129,1.0,84447000.0,0.218,165499000.0,6054000.0,1174252000.0,,332136000.0,0.0,0.0,0.0,692088000.0,249420000.0,442668000.0,674762016.0,2425000.0,0.0,-12840000.0,28029000.0,-885000.0,14304000.0,-15987000.0,0.0,4108000.0,0.0,-30562000.0,-30562000.0,-30562000.0,0.0,0.0,-0.079,121814000.0,-37367000.0,92547000.0,-0.03,1.459,92.484,122.212,245142000.0,0.0,9.533,0.455,0.455,302710000.0,220967000.0,387518000.0,387518000.0,0.0,,,,,0.0,84750000.0,1.0,70785420.0,70804000,70804000.0,5.473,988965000.0,0.0,-13731000.0,0.0,13.968,469999000.0
73,HAR,MRQ,1998-09-30,1998-09-30,1998-09-30,2019-02-12,-12569000.0,1185183000.0,,732380000.0,452803000.0,,6.837,-19183000.0,5321000.0,5321000.0,232161000.0,8491000.0,2.396,1.333,414424000.0,76883000.0,337541000.0,414424000.0,0.0,15920000.0,0.0,0.005,0.013,18239000.0,34159000.0,0.108,34159000.0,18239000.0,12306000.0,0.115,0.113,0.115,508055000.0,,508055000.0,1001508575.0,10.0,6.12,-67886000.0,-0.914,1.0,83735000.0,0.265,169661000.0,5933000.0,1118939000.0,,344637000.0,0.0,0.0,0.0,677128000.0,305686000.0,371442000.0,684072575.0,-10883000.0,0.0,-20312000.0,80784000.0,-932000.0,59540000.0,-21720000.0,0.0,-48703000.0,0.0,8491000.0,8491000.0,8491000.0,0.0,0.0,0.027,65406000.0,18329000.0,104226000.0,0.113,1.346,12.713,12.652,259213000.0,0.0,9.172,0.456,0.454,299607000.0,252414000.0,315896000.0,315896000.0,0.0,,,,,0.0,65406000.0,1.0,74578640.0,74312000,74952000.0,4.251,1015522000.0,0.0,3815000.0,0.0,13.666,426694000.0
74,HAR,MRQ,1998-06-30,1998-06-30,1998-06-30,2019-02-12,-21478000.0,1130684000.0,,695203000.0,435481000.0,,6.87,-5840000.0,16204000.0,16204000.0,292780000.0,14314000.0,2.124,1.209,333640000.0,74031000.0,259609000.0,333640000.0,0.0,15252000.0,0.0,0.005,0.013,24005000.0,39257000.0,0.101,39257000.0,24005000.0,18414000.0,0.193,0.19,0.193,511899000.0,,511899000.0,1125455347.0,12.0,7.056,45862000.0,0.615,1.0,96325000.0,0.248,161712000.0,5591000.0,959120000.0,,307189000.0,0.0,0.0,0.0,618785000.0,327288000.0,291497000.0,717140347.0,3842000.0,-10023000.0,229000.0,-92654000.0,-931000.0,-93356000.0,46316000.0,0.0,51702000.0,-820000.0,14314000.0,14314000.0,14314000.0,0.0,0.0,0.037,73770000.0,22555000.0,113367000.0,0.067,1.401,14.273,14.217,248368000.0,0.0,9.625,0.474,0.473,299881000.0,244855000.0,389105000.0,389105000.0,0.0,,,,,172000.0,73770000.0,1.0,74508088.0,74512000,75304000.0,5.222,968972000.0,0.0,4100000.0,0.0,13.004,367915000.0
75,HAR,MRQ,1998-03-31,1998-03-31,1998-03-31,2019-02-12,-22311000.0,1186911000.0,,752507000.0,434404000.0,,6.677,-17499000.0,12362000.0,12362000.0,281981000.0,15053000.0,2.521,1.387,420677000.0,60926000.0,359751000.0,420677000.0,0.0,17297000.0,0.0,0.005,0.013,28487000.0,45784000.0,0.117,45784000.0,28487000.0,21816000.0,0.203,0.2,0.203,497282000.0,,497282000.0,1212777496.0,12.0,7.457,12947000.0,0.174,1.0,109936000.0,0.281,167357000.0,6671000.0,1129331000.0,,324075000.0,0.0,0.0,0.0,689629000.0,298538000.0,391091000.0,819215496.0,-11697000.0,-22023000.0,298000.0,-2942000.0,-931000.0,-3575000.0,-38568000.0,0.0,30446000.0,0.0,15053000.0,15053000.0,15053000.0,0.0,0.0,0.038,80540000.0,29396000.0,103540000.0,0.064,1.647,15.366,15.278,240457000.0,0.0,11.0,0.546,0.546,310286000.0,231472000.0,391917000.0,391917000.0,0.0,,,,,0.0,80540000.0,1.0,74474136.0,74476000,75388000.0,5.262,1019554000.0,0.0,6763000.0,0.0,13.69,453969000.0
76,HAR,MRQ,1997-12-31,1997-12-31,1997-12-31,2019-02-12,-20775000.0,1188506000.0,,753381000.0,435125000.0,,6.52,-19543000.0,24059000.0,24059000.0,292205000.0,15952000.0,2.398,1.454,417621000.0,58929000.0,358692000.0,417621000.0,0.0,14981000.0,0.0,0.005,0.013,29460000.0,44441000.0,0.11,44441000.0,29460000.0,23109000.0,0.215,0.21,0.215,484398000.0,,484398000.0,,,,7534000.0,0.101,1.0,110759000.0,0.275,168606000.0,6351000.0,1099294000.0,,356752000.0,0.0,0.0,0.0,704108000.0,314168000.0,389940000.0,795942329.0,15576000.0,-22632000.0,2174000.0,31061000.0,-929000.0,32306000.0,-43807000.0,0.0,27077000.0,0.0,15952000.0,15952000.0,15952000.0,0.0,0.0,0.04,80914000.0,29845000.0,101660000.0,0.06,1.643,16.383,16.267,241928000.0,0.0,10.688,0.543,0.541,310069000.0,217350000.0,402964000.0,402964000.0,0.0,,,,,0.0,80914000.0,1.0,74474136.0,74296000,75800000.0,5.424,1019900000.0,0.0,7157000.0,0.0,13.728,439213000.0
77,HAR,MRQ,1997-09-30,1997-09-30,1997-09-30,2019-02-12,,,,,,,,-14646000.0,,,240263000.0,4924000.0,,,,,,,,14984000.0,,0.004,0.013,15027000.0,30011000.0,0.091,30011000.0,15027000.0,8755000.0,0.068,0.065,0.068,,,,,,,-41181000.0,-0.557,1.0,89006000.0,0.27,,6272000.0,,,,,,,,,,,4253000.0,-43532000.0,974000.0,88847000.0,-924000.0,88897000.0,-58109000.0,0.0,-26535000.0,0.0,4924000.0,4924000.0,4924000.0,0.0,0.0,0.015,70477000.0,18529000.0,,0.191,,,17.777,,0.0,12.533,,0.633,,,329269000.0,329269000.0,0.0,,,,,0.0,70477000.0,1.0,,73996000,75124000.0,4.45,,,3831000.0,,,
78,HAR,MRQ,1997-06-30,1997-06-30,1997-06-30,2019-02-12,-16240000.0,1014254000.0,,679299000.0,334955000.0,,6.324,-11080000.0,4230000.0,4230000.0,272082000.0,17383000.0,2.704,1.173,306150000.0,39757000.0,266393000.0,306150000.0,0.0,13421000.0,0.0,0.005,0.013,28990000.0,42411000.0,0.113,42411000.0,28990000.0,24321000.0,0.235,0.23,0.235,466762000.0,,466762000.0,,,,34427000.0,0.466,1.0,104550000.0,0.278,109606000.0,4669000.0,955320000.0,,320102000.0,0.0,0.0,0.0,547492000.0,251248000.0,296244000.0,,-721000.0,0.0,60000.0,-30220000.0,-922000.0,-31082000.0,-15146000.0,0.0,45507000.0,0.0,17383000.0,17383000.0,17383000.0,0.0,0.0,0.046,75568000.0,28982000.0,104121000.0,0.055,,,14.233,207947000.0,0.0,10.533,,0.53,306230000.0,198327000.0,376632000.0,376632000.0,0.0,,,,,522000.0,75568000.0,1.0,,73812000,74916000.0,5.103,904648000.0,0.0,6938000.0,0.0,12.256,428051000.0
79,HAR,MRQ,1997-03-31,1997-03-31,1997-03-31,2019-02-12,,,,,,,,-19211000.0,,,254598000.0,10324000.0,,,,,,,,13283000.0,,0.006,0.013,20655000.0,33938000.0,0.095,33938000.0,20655000.0,14578000.0,0.14,0.138,0.14,,,,,,,2573000.0,0.035,1.0,103542000.0,0.289,,6077000.0,,,,,,,,,,,-3640000.0,0.0,-10813000.0,-232000.0,-923000.0,-11968000.0,-13456000.0,0.0,21784000.0,0.0,10324000.0,10324000.0,10324000.0,0.0,0.0,0.029,82854000.0,20688000.0,,0.093,,,,,0.0,8.375,,,,,358140000.0,358140000.0,0.0,,,,,0.0,82854000.0,1.0,,73872000,75272000.0,4.848,,,4254000.0,,,
80,HAR,MRQ,1996-12-31,1996-12-31,1996-12-31,2019-02-12,,,,,,,,,,,283725000.0,19556000.0,,,,,,,,,,0.004,0.013,34500000.0,,,,34500000.0,27764000.0,0.263,0.255,0.263,,,,,,,,,1.0,117594000.0,0.293,,6736000.0,,,,,,,,,,,,,,,,,,,,,19556000.0,19556000.0,19556000.0,0.0,0.0,0.049,82800000.0,34794000.0,,0.049,,,,,0.0,13.905,,,,,401319000.0,401319000.0,0.0,,,,,,82800000.0,1.0,,74608000,76516000.0,5.379,,,8208000.0,,,
0,HAR,MRT,2016-12-31,2016-12-31,2016-12-31,2019-02-12,-100930000.0,6331623000.0,6082934750.0,3251324000.0,3080299000.0,1.186,36.295,-182174000.0,683351000.0,683351000.0,5005794000.0,364314000.0,1.616,1.457,1337976000.0,58375000.0,1279601000.0,1337976000.0,0.0,212953000.0,0.0,0.013,1.4,600144000.0,813097000.0,0.113,813097000.0,600144000.0,564049000.0,5.1,5.07,5.1,2576459000.0,2503066250.0,2576459000.0,8571531278.0,14.0,10.542,555100000.0,7.82,1.0,2209833000.0,0.306,1936429000.0,36095000.0,3038445000.0,3069906000.0,787559000.0,0.0,0.0,0.0,3755164000.0,2011374000.0,1743790000.0,7747727278.0,245815000.0,-227997000.0,-151293000.0,250398000.0,-100294000.0,-53658000.0,-426261000.0,-15000000.0,737274000.0,-11540000.0,364304000.0,364304000.0,364304000.0,0.0,10000.0,0.05,1595601000.0,614232000.0,1001822000.0,0.275,3.007,21.267,21.796,579039000.0,0.0,111.16,1.074,1.094,1195761000.0,2643487000.0,7215627000.0,7215627000.0,0.0,0.06,0.146,0.195,0.083,23754000.0,1595601000.0,1.0,69698878.0,70986000,71712000.0,101.649,4395194000.0,131681000.0,199745000.0,40762000.0,61.916,1239950000.0
1,HAR,MRT,2016-09-30,2016-09-30,2016-09-30,2019-02-12,-90168000.0,6163850000.0,5955723500.0,3033114000.0,3130736000.0,1.182,35.39,-194205000.0,511705000.0,511705000.0,4893346000.0,378052000.0,1.57,1.457,1335509000.0,60941000.0,1274568000.0,1335509000.0,0.0,218379000.0,0.0,0.017,1.4,584230000.0,802609000.0,0.114,802609000.0,584230000.0,549683000.0,5.27,5.23,5.27,2508760000.0,2470337000.0,2508760000.0,6694025826.0,11.0,8.34,434077000.0,6.123,1.0,2146964000.0,0.305,1973223000.0,34547000.0,3082544000.0,2953655250.0,831900000.0,0.0,0.0,0.0,3655090000.0,1931887000.0,1723203000.0,5893178826.0,109544000.0,-226707000.0,-143910000.0,220204000.0,-100518000.0,-73250000.0,-440145000.0,-15000000.0,628282000.0,-5343000.0,377753000.0,377753000.0,377753000.0,0.0,299000.0,0.054,1547593000.0,599371000.0,940389000.0,0.266,2.349,15.601,16.025,595256000.0,0.0,84.45,0.837,0.85,1162461000.0,2568863000.0,7040310000.0,7040310000.0,0.0,0.063,0.153,0.198,0.083,17727000.0,1547593000.0,1.0,69783053.0,70889000,71358000.0,99.315,4190627000.0,135643000.0,171930000.0,37223000.0,59.115,1101227000.0
2,HAR,MRT,2016-06-30,2016-06-30,2016-06-30,2019-02-12,-77241000.0,6047869000.0,5867531250.0,2918455000.0,3129414000.0,1.178,34.126,-198455000.0,602300000.0,602300000.0,4818585000.0,362451000.0,1.593,1.466,1396974000.0,86641000.0,1310333000.0,1396974000.0,0.0,224010000.0,0.0,0.019,1.4,563273000.0,787283000.0,0.114,787283000.0,563273000.0,529791000.0,5.03,4.99,5.03,2452473000.0,2432366250.0,2452473000.0,5998666195.0,11.0,7.619,248073000.0,3.452,1.0,2093091000.0,0.303,1986563000.0,33482000.0,3024174000.0,2808003500.0,706084000.0,0.0,0.0,0.0,3595396000.0,1831806000.0,1763590000.0,5067238195.0,-47213000.0,-227231000.0,-145027000.0,232884000.0,-100651000.0,-57635000.0,-425876000.0,0.0,446528000.0,-10230000.0,361734000.0,361734000.0,361734000.0,0.0,717000.0,0.052,1513064000.0,580027000.0,867279000.0,0.278,2.066,14.008,14.278,593290000.0,0.0,71.82,0.733,0.747,1122920000.0,2490570000.0,6911676000.0,6911676000.0,0.0,0.062,0.149,0.201,0.081,39988000.0,1513064000.0,1.0,70554695.0,71866000,72532000.0,96.174,4061306000.0,140181000.0,168057000.0,28773000.0,56.512,1086649000.0
3,HAR,MRT,2016-03-31,2016-03-31,2016-03-31,2019-02-12,-59324000.0,5788397000.0,5822039000.0,2790906000.0,2997491000.0,1.152,34.36,-223860000.0,360420000.0,360420000.0,4693227000.0,363165000.0,1.678,1.339,1291848000.0,5039000.0,1286809000.0,1291848000.0,0.0,220263000.0,0.0,0.015,1.38,517661000.0,737924000.0,0.11,737924000.0,517661000.0,487035000.0,5.03,4.98,5.03,2474573000.0,2412901250.0,2474573000.0,6947241775.0,13.0,9.415,104854000.0,1.456,1.0,2016533000.0,0.301,1922491000.0,30626000.0,3134461000.0,2620662750.0,840216000.0,0.0,0.0,0.0,3313806000.0,1662873000.0,1650933000.0,6334526775.0,-231939000.0,-665295000.0,-75983000.0,537663000.0,-99486000.0,317002000.0,-881075000.0,0.0,328714000.0,3420000.0,361998000.0,361998000.0,361998000.0,0.0,1167000.0,0.054,1477013000.0,539520000.0,781962000.0,0.274,2.56,17.499,17.702,576788000.0,0.0,89.04,0.944,0.956,1087327000.0,2442713000.0,6709760000.0,6709760000.0,0.0,0.062,0.15,0.198,0.077,35374000.0,1477013000.0,1.0,71142484.0,72020000,72642000.0,93.165,3865906000.0,116212000.0,125037000.0,29022000.0,53.678,1128033000.0
4,HAR,MRT,2015-12-31,2015-12-31,2015-12-31,2019-02-12,-33811000.0,5822778000.0,5554406000.0,2878442000.0,2944336000.0,1.179,33.929,-217091000.0,437536000.0,437536000.0,4604075000.0,344595000.0,1.439,1.373,1050251000.0,5720000.0,1044531000.0,1050251000.0,0.0,209521000.0,0.0,0.014,1.36,481427000.0,690948000.0,0.106,690948000.0,481427000.0,456433000.0,4.8,4.75,4.8,2445542000.0,2335362500.0,2445542000.0,7355099691.0,15.0,10.645,131302000.0,1.822,1.0,1941796000.0,0.297,1861630000.0,24994000.0,2573442000.0,2355908500.0,875420000.0,0.0,0.0,0.0,3358320000.0,2000421000.0,1357899000.0,6696539691.0,-72726000.0,-552874000.0,-39467000.0,500797000.0,-96845000.0,369142000.0,-763200000.0,0.0,348393000.0,-27061000.0,343469000.0,343469000.0,343469000.0,0.0,1126000.0,0.052,1446122000.0,495674000.0,882386000.0,0.283,2.738,19.497,19.627,555296000.0,0.0,94.21,1.023,1.037,1034609000.0,2379131000.0,6545871000.0,6545871000.0,0.0,0.062,0.147,0.204,0.074,34276000.0,1446122000.0,1.0,71080986.0,72079000,72830000.0,90.815,3961148000.0,105964000.0,112964000.0,23322000.0,54.956,878021000.0
5,HAR,MRT,2015-09-30,2015-09-30,2015-09-30,2019-02-12,-32259000.0,5811081000.0,5143125000.0,2870154000.0,2940927000.0,1.236,32.72,-195251000.0,402161000.0,402161000.0,4467393000.0,347572000.0,1.381,1.458,1060721000.0,4954000.0,1055767000.0,1060721000.0,0.0,188623000.0,0.0,0.014,1.34,475363000.0,663986000.0,0.104,663986000.0,475363000.0,455852000.0,4.9,4.85,4.9,2356877000.0,2211627250.0,2356877000.0,7268493891.0,15.0,10.947,231467000.0,3.213,1.0,1889870000.0,0.297,1890842000.0,19511000.0,2499937000.0,2209999500.0,846302000.0,0.0,0.0,0.0,3435576000.0,2078862000.0,1356714000.0,6831768891.0,4399000.0,-555984000.0,-25248000.0,464805000.0,-94991000.0,351041000.0,-742854000.0,0.0,426718000.0,-30506000.0,346806000.0,346806000.0,346806000.0,0.0,766000.0,0.055,1404592000.0,485278000.0,870423000.0,0.273,2.899,19.699,19.59,547136000.0,0.0,95.99,1.075,1.088,1046315000.0,2291464000.0,6357263000.0,6357263000.0,0.0,0.067,0.157,0.215,0.075,29157000.0,1404592000.0,1.0,71171673.0,72032000,72556000.0,88.256,3920239000.0,71479000.0,109046000.0,79210000.0,54.424,791292000.0
6,HAR,MRT,2015-06-30,2015-06-30,2015-06-30,2019-02-12,11434000.0,5865900000.0,4705183250.0,2828592000.0,3037308000.0,1.308,33.852,-192498000.0,649513000.0,649513000.0,4338193000.0,342989000.0,1.366,1.463,1086238000.0,5571000.0,1080667000.0,1086238000.0,0.0,169231000.0,0.0,0.011,1.32,459878000.0,629109000.0,0.102,629109000.0,459878000.0,445949000.0,4.89,4.84,4.89,2374613000.0,2085467250.0,2374613000.0,8466568541.0,18.0,13.458,360105000.0,5.134,1.0,1817104000.0,0.295,1956847000.0,13929000.0,2274811000.0,2101807000.0,693574000.0,0.0,0.0,0.0,3473074000.0,2070967000.0,1402107000.0,8462798541.0,68201000.0,-556475000.0,5358000.0,383159000.0,-92600000.0,305186000.0,-738466000.0,0.0,552603000.0,-51122000.0,342680000.0,342680000.0,342680000.0,0.0,309000.0,0.056,1347510000.0,469594000.0,918910000.0,0.27,3.564,24.696,24.323,552421000.0,0.0,118.94,1.375,1.355,1024139000.0,2229517000.0,6155297000.0,6155297000.0,0.0,0.073,0.164,0.219,0.075,30662000.0,1347510000.0,1.0,71151829.0,70147000,70870000.0,87.749,3909053000.0,100032000.0,103269000.0,76131000.0,55.727,757625000.0
7,HAR,MRT,2015-03-31,2015-03-31,2015-03-31,2019-02-12,54812000.0,4717865000.0,4270105750.0,2742612000.0,1975253000.0,1.387,30.944,-173113000.0,592359000.0,592359000.0,4204360000.0,312460000.0,1.637,1.18,596129000.0,2656000.0,593473000.0,596129000.0,0.0,149835000.0,0.0,0.01,1.29,407025000.0,556860000.0,0.094,556860000.0,407025000.0,397074000.0,4.5,4.44,4.5,2164418000.0,1939958500.0,2164418000.0,9075622337.0,22.0,16.298,398862000.0,5.702,1.0,1716723000.0,0.29,970552000.0,9951000.0,2075444000.0,2006707250.0,726354000.0,0.0,0.0,0.0,2553160000.0,1675639000.0,877521000.0,9170803337.0,25486000.0,-519074000.0,-4668000.0,320926000.0,-89914000.0,241705000.0,-728990000.0,0.0,571975000.0,-59204000.0,312729000.0,312729000.0,312729000.0,0.0,-269000.0,0.053,1303620000.0,413103000.0,809829000.0,0.287,4.237,29.325,29.696,462903000.0,0.0,133.63,1.549,1.579,952672000.0,2180103000.0,5921083000.0,5921083000.0,0.0,0.073,0.161,0.203,0.069,28966000.0,1303620000.0,1.0,68628327.0,69946000,70795000.0,84.652,3747313000.0,88897000.0,84345000.0,32377000.0,53.574,1066973000.0
8,HAR,MRT,2014-12-31,2014-12-31,2014-12-31,2019-02-12,33610000.0,4177654000.0,4007715000.0,2524020000.0,1653634000.0,1.462,28.094,-159071000.0,510262000.0,510262000.0,4197759000.0,315596000.0,1.616,1.142,415081000.0,41304000.0,373777000.0,415081000.0,0.0,142636000.0,0.0,0.012,1.26,412248000.0,554884000.0,0.095,554884000.0,412248000.0,403187000.0,4.56,4.5,4.56,1950601000.0,1840647750.0,1950601000.0,7363970600.0,18.0,13.271,423136000.0,6.094,1.0,1663366000.0,0.284,530889000.0,9061000.0,1989806000.0,1920208250.0,724201000.0,0.0,0.0,0.0,2226720000.0,1561778000.0,664942000.0,7311309600.0,-8294000.0,-405899000.0,4897000.0,123031000.0,-87768000.0,47059000.0,-602356000.0,0.0,582207000.0,-35204000.0,315819000.0,315819000.0,315819000.0,0.0,-223000.0,0.054,1240337000.0,423029000.0,789921000.0,0.276,3.748,23.15,23.401,475238000.0,0.0,106.71,1.247,1.264,908157000.0,2132793000.0,5861125000.0,5861125000.0,0.0,0.079,0.172,0.215,0.07,26470000.0,1240337000.0,1.0,68515693.0,69432000,70258000.0,84.415,3646765000.0,107160000.0,87368000.0,22306000.0,52.523,962242000.0
9,HAR,MRT,2014-09-30,2014-09-30,2014-09-30,2019-02-12,41260000.0,4059314000.0,3834785500.0,2422343000.0,1636971000.0,1.462,26.727,-163960000.0,397762000.0,397762000.0,4055950000.0,271061000.0,1.595,1.191,450423000.0,40393000.0,410030000.0,450423000.0,0.0,138042000.0,0.0,0.013,1.23,361652000.0,499694000.0,0.089,499694000.0,361652000.0,352919000.0,3.93,3.88,3.93,1852237000.0,1773229750.0,1852237000.0,6654360101.0,18.0,13.317,328846000.0,4.745,1.0,1549650000.0,0.276,526040000.0,8733000.0,2067167000.0,1856572500.0,745683000.0,0.0,0.0,0.0,2206669000.0,1518768000.0,687901000.0,6676904101.0,-117676000.0,-422953000.0,-48908000.0,161098000.0,-85124000.0,33814000.0,-624292000.0,0.0,492806000.0,-20004000.0,271213000.0,271213000.0,271213000.0,0.0,-152000.0,0.048,1173522000.0,376128000.0,746452000.0,0.313,3.605,24.619,24.947,491077000.0,0.0,98.04,1.191,1.212,907037000.0,2039472000.0,5605600000.0,5605600000.0,0.0,0.071,0.153,0.195,0.065,27236000.0,1173522000.0,1.0,68103877.0,69301000,70194000.0,80.888,3533274000.0,141695000.0,81706000.0,25003000.0,50.984,903575000.0
10,HAR,MRT,2014-06-30,2014-06-30,2014-06-30,2019-02-12,39799000.0,4125590000.0,3677086750.0,2458871000.0,1666719000.0,1.455,25.952,-157141000.0,581312000.0,581312000.0,3891816000.0,234579000.0,1.655,1.301,558768000.0,39361000.0,519407000.0,558768000.0,0.0,132328000.0,0.0,0.011,1.2,315328000.0,447656000.0,0.084,447656000.0,315328000.0,307302000.0,3.4,3.36,3.4,1792578000.0,1729061500.0,1792578000.0,7027074342.0,22.0,15.697,434999000.0,6.298,1.0,1456667000.0,0.272,722982000.0,8026000.0,1894412000.0,1771991250.0,662128000.0,0.0,0.0,0.0,2332569000.0,1485652000.0,846917000.0,7315937342.0,127054000.0,-422953000.0,-54469000.0,268838000.0,-83053000.0,136604000.0,-612052000.0,10008000.0,592140000.0,10362000.0,234692000.0,234692000.0,234692000.0,0.0,-113000.0,0.044,1126940000.0,329727000.0,697553000.0,0.353,4.081,31.173,31.597,509856000.0,0.0,107.43,1.368,1.387,894579000.0,1979234000.0,5348483000.0,5348483000.0,0.0,0.064,0.136,0.178,0.059,24966000.0,1126940000.0,1.0,68099575.0,69073000,69889000.0,77.432,3402608000.0,170558000.0,72610000.0,26544000.0,49.261,973219000.0
11,HAR,MRT,2014-03-31,2014-03-31,2014-03-31,2019-02-12,39382000.0,3668302000.0,3454610500.0,2486790000.0,1181512000.0,1.472,25.634,-128027000.0,566873000.0,566873000.0,3735542000.0,196956000.0,1.786,1.076,278010000.0,49225000.0,228785000.0,278010000.0,0.0,133476000.0,0.0,0.01,1.05,266502000.0,399978000.0,0.079,399978000.0,266502000.0,258994000.0,2.84,2.81,2.84,1767175000.0,1692134750.0,1767175000.0,6985097201.0,26.0,17.464,276906000.0,4.017,1.0,1350757000.0,0.266,257592000.0,7508000.0,1729448000.0,1738274250.0,654997000.0,0.0,0.0,0.0,1901127000.0,1392399000.0,508728000.0,7211983201.0,144633000.0,-27367000.0,-35068000.0,-15156000.0,-72411000.0,-127384000.0,-145353000.0,10000000.0,404933000.0,12437000.0,196956000.0,196956000.0,196956000.0,0.0,0.0,0.039,1062570000.0,288187000.0,664735000.0,0.37,4.081,36.617,37.465,445100000.0,0.0,106.4,1.418,1.442,932881000.0,1956739000.0,5086299000.0,5086299000.0,0.0,0.057,0.116,0.153,0.052,25779000.0,1062570000.0,1.0,67781797.0,68939000,69888000.0,73.78,3410710000.0,240857000.0,62038000.0,23008000.0,49.474,1094391000.0
12,HAR,MRT,2013-12-31,2013-12-31,2013-12-31,2019-02-12,35314000.0,3485936000.0,3342295250.0,2308087000.0,1177849000.0,1.419,24.462,-119903000.0,518556000.0,518556000.0,3488657000.0,158444000.0,1.814,1.074,291670000.0,51632000.0,240038000.0,291670000.0,0.0,133564000.0,0.0,0.011,0.9,207331000.0,340895000.0,0.072,340895000.0,207331000.0,200320000.0,2.28,2.26,2.28,1680929000.0,1660328250.0,1680929000.0,5302781631.0,26.0,15.555,208960000.0,3.041,1.0,1255179000.0,0.265,251370000.0,7011000.0,1735263000.0,1754636250.0,655907000.0,0.0,0.0,0.0,1805007000.0,1272417000.0,532590000.0,5529024631.0,-7695000.0,-117173000.0,-56945000.0,-58393000.0,-62139000.0,-185129000.0,-156228000.0,82053000.0,328863000.0,4799000.0,158444000.0,158444000.0,158444000.0,0.0,0.0,0.033,1030163000.0,225016000.0,616521000.0,0.395,3.289,34.896,35.899,437653000.0,0.0,81.85,1.166,1.186,757006000.0,1904022000.0,4743836000.0,4743836000.0,0.0,0.047,0.095,0.118,0.044,21216000.0,1030163000.0,1.0,67550698.0,68715000,69578000.0,69.036,3234566000.0,240380000.0,41876000.0,21944000.0,47.072,1035670000.0
13,HAR,MRT,2013-09-30,2013-09-30,2013-09-30,2019-02-12,40494000.0,3428519000.0,3247015000.0,2288435000.0,1140084000.0,1.377,24.093,-110949000.0,515438000.0,515438000.0,3323932000.0,134304000.0,1.851,1.046,289195000.0,41655000.0,247540000.0,289195000.0,0.0,131338000.0,0.0,0.011,0.75,176341000.0,307679000.0,0.069,307679000.0,176341000.0,167498000.0,1.93,1.91,1.93,1675564000.0,1644920250.0,1675564000.0,4344077067.0,25.0,14.119,146535000.0,2.107,1.0,1147522000.0,0.257,236960000.0,8843000.0,1728842000.0,1753621500.0,614334000.0,0.0,0.0,0.0,1752955000.0,1236474000.0,516481000.0,4508362067.0,-118497000.0,-104735000.0,-7872000.0,-167280000.0,-51824000.0,-233246000.0,-149567000.0,67601000.0,257484000.0,6832000.0,134304000.0,134304000.0,134304000.0,0.0,0.0,0.03,955980000.0,191542000.0,585368000.0,0.389,2.691,33.568,34.316,431752000.0,0.0,66.23,1.008,1.03,794868000.0,1852987000.0,4471454000.0,4471454000.0,0.0,0.041,0.082,0.101,0.039,18456000.0,955980000.0,1.0,68071298.0,69547000,70371000.0,64.294,3191559000.0,239477000.0,33194000.0,14296000.0,45.891,1051961000.0
14,HAR,MRT,2013-06-30,2013-06-30,2013-06-30,2019-02-12,21800000.0,3235685000.0,3186773000.0,2089052000.0,1146633000.0,1.349,23.842,-101682000.0,454258000.0,454258000.0,3193722000.0,142407000.0,1.939,0.967,289973000.0,34930000.0,255043000.0,289973000.0,0.0,128168000.0,0.0,0.011,0.6,187004000.0,315172000.0,0.073,315172000.0,187004000.0,174136000.0,2.06,2.04,2.06,1644871000.0,1619641750.0,1644871000.0,3554642047.0,19.0,11.278,-59546000.0,-0.863,1.0,1104120000.0,0.257,234342000.0,12868000.0,1759544000.0,1676513000.0,549831000.0,10008000.0,10008000.0,0.0,1590814000.0,1077514000.0,513300000.0,3683028047.0,-163098000.0,-104735000.0,8541000.0,-166763000.0,-41449000.0,-203411000.0,-10691000.0,193517000.0,42136000.0,8868000.0,142407000.0,142407000.0,142407000.0,0.0,0.0,0.033,902869000.0,201251000.0,498055000.0,0.291,2.239,25.863,26.311,425182000.0,0.0,54.2,0.857,0.87,722711000.0,1827267000.0,4297842000.0,4297842000.0,0.0,0.045,0.088,0.112,0.044,17578000.0,902869000.0,1.0,67952547.0,68990000,69736000.0,62.297,3001343000.0,260749000.0,31729000.0,13414000.0,43.504,1011538000.0
15,HAR,MRT,2013-03-31,2013-03-31,2013-03-31,2019-02-12,21073000.0,3219041000.0,3170217750.0,2071588000.0,1147453000.0,1.327,23.73,-100942000.0,422240000.0,422240000.0,3088808000.0,186180000.0,1.957,0.963,293854000.0,31288000.0,262566000.0,293854000.0,0.0,124022000.0,0.0,0.012,0.525,250213000.0,374235000.0,0.089,374235000.0,250213000.0,233520000.0,2.67,2.66,2.67,1639949000.0,1590826750.0,1639949000.0,2806353562.0,11.0,7.499,97384000.0,1.409,1.0,1117570000.0,0.266,237236000.0,16693000.0,1794896000.0,1582885250.0,598608000.0,10000000.0,10000000.0,0.0,1579092000.0,1058523000.0,520569000.0,3031960562.0,-218318000.0,-99268000.0,-129344000.0,-163446000.0,-36111000.0,-330872000.0,-75011000.0,117712000.0,198326000.0,-10761000.0,186180000.0,186180000.0,186180000.0,0.0,0.0,0.044,861020000.0,256550000.0,494131000.0,0.197,1.849,16.285,16.715,418043000.0,0.0,44.63,0.721,0.733,719376000.0,1832419000.0,4206378000.0,4206378000.0,0.0,0.059,0.117,0.158,0.059,16235000.0,860719000.0,1.0,67935482.0,69109000,69892000.0,60.866,2981805000.0,286430000.0,47340000.0,11715000.0,43.146,1013065000.0
16,HAR,MRT,2012-12-31,2012-12-31,2012-12-31,2019-02-12,28442000.0,3104815000.0,3185953500.0,2061025000.0,1043790000.0,1.331,23.465,-102199000.0,526251000.0,526251000.0,3099276000.0,323963000.0,2.131,0.917,300644000.0,30597000.0,270047000.0,300644000.0,0.0,120876000.0,0.0,0.01,0.45,270444000.0,391320000.0,0.092,391320000.0,270444000.0,249971000.0,4.58,4.54,4.58,1619297000.0,1594768750.0,1619297000.0,2793978999.0,10.0,7.14,92682000.0,1.343,1.0,1141005000.0,0.269,180757000.0,20473000.0,1731204000.0,1501253000.0,547218000.0,81166000.0,81166000.0,0.0,1485518000.0,967247000.0,518271000.0,3028001999.0,-18552000.0,-8836000.0,-129344000.0,-106082000.0,-31179000.0,-252308000.0,36144000.0,142294000.0,194881000.0,2731000.0,323963000.0,323963000.0,323963000.0,0.0,0.0,0.076,862842000.0,278163000.0,477714000.0,0.098,1.87,9.347,9.747,421948000.0,0.0,44.64,0.714,0.726,623721000.0,1807736000.0,4240281000.0,4240281000.0,0.0,0.102,0.203,0.18,0.064,19676000.0,862541000.0,1.0,67831586.0,69009000,69734000.0,61.445,2924058000.0,280648000.0,-73992000.0,11968000.0,42.372,1093778000.0
17,HAR,MRT,2012-09-30,2012-09-30,2012-09-30,2019-02-12,26260000.0,3187551000.0,3181500000.0,2146368000.0,1041183000.0,1.355,22.924,-108014000.0,633935000.0,633935000.0,3136917000.0,335729000.0,1.587,1.025,399912000.0,399912000.0,0.0,399912000.0,0.0,119285000.0,0.0,0.008,0.375,290530000.0,409815000.0,0.095,409815000.0,290530000.0,269685000.0,4.72,4.68,4.72,1574450000.0,1557235750.0,1574450000.0,2878581318.0,10.0,7.024,160362000.0,2.335,1.0,1174751000.0,0.272,180533000.0,20845000.0,1420408000.0,1410820750.0,512567000.0,64656000.0,64656000.0,0.0,1613101000.0,1352587000.0,260514000.0,3100301318.0,235517000.0,0.0,-128755000.0,22000.0,-25995000.0,-147217000.0,124366000.0,224470000.0,268376000.0,-10008000.0,335729000.0,335729000.0,335729000.0,0.0,0.0,0.078,869592000.0,305159000.0,477849000.0,0.079,1.969,9.235,9.78,425841000.0,0.0,46.16,0.719,0.735,648341000.0,1770598000.0,4311668000.0,4311668000.0,0.0,0.106,0.216,0.206,0.067,19696000.0,869304000.0,1.0,67164240.0,68682000,69471000.0,62.777,3007018000.0,284356000.0,-66044000.0,17051000.0,43.782,793781000.0
18,HAR,MRT,2012-06-30,2012-06-30,2012-06-30,2019-02-12,29709000.0,3169464000.0,3143707500.0,2116245000.0,1053219000.0,1.388,21.454,-112536000.0,617356000.0,617356000.0,3179932000.0,329541000.0,1.531,1.072,395636000.0,395636000.0,0.0,395636000.0,0.0,122225000.0,0.0,0.008,0.3,281279000.0,403504000.0,0.092,403504000.0,281279000.0,261153000.0,4.62,4.57,4.62,1529611000.0,1517927000.0,1529611000.0,2542010688.0,9.0,6.3,155971000.0,2.188,1.0,1184146000.0,0.271,180811000.0,20126000.0,1385033000.0,1515003000.0,427597000.0,203014000.0,203014000.0,0.0,1639853000.0,1381900000.0,257953000.0,2791054688.0,13464000.0,-70535000.0,-123946000.0,-1308000.0,-21161000.0,-147646000.0,-64651000.0,114308000.0,268507000.0,-42746000.0,329541000.0,329541000.0,329541000.0,0.0,0.0,0.076,883900000.0,300246000.0,505694000.0,0.065,1.825,8.47,8.571,430234000.0,0.0,39.6,0.64,0.647,582835000.0,1726486000.0,4364078000.0,4364078000.0,0.0,0.105,0.217,0.186,0.064,17370000.0,883900000.0,1.0,70481179.0,71297000,72083000.0,61.21,2988653000.0,308768000.0,-68388000.0,15279000.0,41.918,734345000.0
19,HAR,MRT,2012-03-31,2012-03-31,2012-03-31,2019-02-12,82449000.0,3281984000.0,3115965250.0,2195214000.0,1086770000.0,1.381,23.117,-121940000.0,640558000.0,640558000.0,3173404000.0,299154000.0,1.593,0.982,391514000.0,391514000.0,0.0,391514000.0,0.0,124530000.0,0.0,0.005,0.25,237465000.0,361995000.0,0.084,361995000.0,237465000.0,217332000.0,4.18,4.13,4.18,1655717000.0,1491438750.0,1655717000.0,3127996141.0,13.0,8.641,107733000.0,1.504,1.0,1131025000.0,0.263,186445000.0,20133000.0,1468367000.0,1585804000.0,501071000.0,127201000.0,127201000.0,0.0,1626267000.0,1378128000.0,248139000.0,3285420141.0,213862000.0,-81760000.0,-8246000.0,-8688000.0,-17637000.0,-12821000.0,11131000.0,213577000.0,229673000.0,-14121000.0,299154000.0,299154000.0,299154000.0,0.0,0.0,0.069,875755000.0,255270000.0,461566000.0,0.06,1.984,10.982,11.199,437918000.0,0.0,46.81,0.763,0.779,689018000.0,1682526000.0,4304429000.0,4304429000.0,0.0,0.096,0.201,0.15,0.055,18232000.0,876382000.0,1.0,70186288.0,71622000,72604000.0,60.099,3095539000.0,316964000.0,-81822000.0,12308000.0,43.221,817086000.0
20,HAR,MRT,2011-12-31,2011-12-31,2011-12-31,2019-02-12,77517000.0,3087001000.0,3030781750.0,2118521000.0,968480000.0,1.372,20.558,-126724000.0,544803000.0,544803000.0,3069730000.0,163098000.0,1.541,1.101,387379000.0,387379000.0,0.0,387379000.0,0.0,124870000.0,0.0,0.005,0.2,230723000.0,355593000.0,0.086,355593000.0,230723000.0,210722000.0,2.28,2.26,2.28,1469165000.0,1415796750.0,1469165000.0,2651570863.0,11.0,7.457,135210000.0,1.892,1.0,1087220000.0,0.262,184928000.0,20001000.0,1369475000.0,1667073000.0,493690000.0,223836000.0,223836000.0,0.0,1617836000.0,1375174000.0,242662000.0,2666789863.0,60523000.0,-83565000.0,-2332000.0,-11104000.0,-14029000.0,-15146000.0,-182804000.0,23316000.0,261934000.0,-3461000.0,163098000.0,163098000.0,163098000.0,0.0,0.0,0.039,838178000.0,249042000.0,485612000.0,0.088,1.815,16.351,16.684,432915000.0,0.0,38.04,0.642,0.654,634354000.0,1515224000.0,4156950000.0,4156950000.0,0.0,0.054,0.115,0.138,0.056,16563000.0,854989000.0,1.0,70104886.0,71463000,72299000.0,58.169,2902073000.0,205456000.0,47624000.0,11155000.0,40.609,743347000.0
21,HAR,MRT,2011-09-30,2011-09-30,2011-09-30,2019-02-12,85930000.0,3036381000.0,2938746000.0,2061814000.0,974567000.0,1.356,19.882,-120289000.0,398418000.0,398418000.0,2935581000.0,156895000.0,2.064,1.142,383199000.0,612000.0,382587000.0,383199000.0,0.0,126590000.0,0.0,0.004,0.125,210087000.0,336677000.0,0.084,336677000.0,210087000.0,188381000.0,2.2,2.18,2.2,1417215000.0,1367823000.0,1417215000.0,1775305894.0,8.0,5.273,131270000.0,1.842,1.0,1050421000.0,0.264,184876000.0,21706000.0,1837137000.0,1730508500.0,484322000.0,291560000.0,291560000.0,0.0,1619166000.0,999149000.0,620017000.0,1998625894.0,-169258000.0,-83565000.0,0.0,-13316000.0,-8770000.0,-12463000.0,-408073000.0,-209756000.0,251559000.0,-281000.0,156895000.0,156895000.0,156895000.0,0.0,0.0,0.039,828938000.0,221483000.0,468433000.0,0.057,1.41,12.739,12.991,442569000.0,0.0,28.58,0.501,0.511,664774000.0,1461228000.0,3986002000.0,3986002000.0,0.0,0.053,0.115,0.121,0.053,16161000.0,845736000.0,1.0,69930927.0,71283000,71882000.0,55.918,2851505000.0,194723000.0,31486000.0,14810000.0,40.003,1062665000.0
22,HAR,MRT,2011-06-30,2011-06-30,2011-06-30,2019-02-12,136733000.0,3058495000.0,2853031000.0,2108155000.0,950340000.0,1.322,20.054,-108357000.0,603892000.0,603892000.0,2784995000.0,135916000.0,2.012,1.148,380572000.0,2171000.0,378401000.0,380572000.0,0.0,123264000.0,0.0,0.001,0.05,182796000.0,306060000.0,0.081,306060000.0,182796000.0,160220000.0,1.91,1.9,1.91,1423658000.0,1318586500.0,1423658000.0,3136570432.0,17.0,10.248,223393000.0,3.147,1.0,987350000.0,0.262,119357000.0,22576000.0,1668237000.0,1639423000.0,423137000.0,317322000.0,317322000.0,0.0,1634837000.0,1047581000.0,587256000.0,3185262432.0,-41678000.0,-14800000.0,0.0,-19463000.0,-3525000.0,-8378000.0,-434500000.0,-317322000.0,331750000.0,69450000.0,135916000.0,135916000.0,135916000.0,0.0,0.0,0.036,797299000.0,190051000.0,473486000.0,0.026,2.237,23.436,23.859,470300000.0,0.0,45.57,0.844,0.858,579272000.0,1418106000.0,3772345000.0,3772345000.0,0.0,0.048,0.103,0.112,0.048,17973000.0,813809000.0,1.0,69898232.0,70992000,71635000.0,53.138,2939138000.0,229941000.0,24304000.0,12991000.0,41.401,1060574000.0
23,HAR,MRT,2011-03-31,2011-03-31,2011-03-31,2019-02-12,89186000.0,2941250000.0,2727461000.0,2006051000.0,935199000.0,1.317,19.025,-97082000.0,426696000.0,426696000.0,2626139000.0,250923000.0,2.041,1.174,378004000.0,3033000.0,374971000.0,378004000.0,0.0,117069000.0,0.0,0.001,0.025,297248000.0,414317000.0,0.115,414317000.0,297248000.0,273811000.0,3.56,3.54,3.56,1353149000.0,1246395000.0,1353149000.0,4349185280.0,15.0,10.497,172788000.0,2.429,1.0,965800000.0,0.269,116366000.0,23437000.0,1793443000.0,1552141000.0,455070000.0,340777000.0,340777000.0,0.0,1588101000.0,982749000.0,605352000.0,4460484280.0,126105000.0,132142000.0,8246000.0,-16095000.0,-1746000.0,-6827000.0,-176352000.0,-217009000.0,269870000.0,39414000.0,250923000.0,250923000.0,250923000.0,-115446000.0,0.0,0.07,776058000.0,189742000.0,428395000.0,0.007,3.296,17.776,13.152,446579000.0,0.0,46.82,1.242,0.927,599969000.0,1401008000.0,3591939000.0,3591939000.0,0.0,0.092,0.201,0.192,0.083,18032000.0,792242000.0,1.0,95268780.0,71123000,71924000.0,50.503,2824884000.0,242750000.0,22888000.0,14821000.0,39.718,1023302000.0
24,HAR,MRT,2010-12-31,2010-12-31,2010-12-31,2019-02-12,54128000.0,2718858000.0,2592187250.0,1833386000.0,885472000.0,1.343,17.997,-83246000.0,484280000.0,484280000.0,2546147000.0,232583000.0,2.106,1.129,372981000.0,1445000.0,371536000.0,372981000.0,0.0,118839000.0,0.0,0.0,0.0,273716000.0,392555000.0,0.113,392555000.0,273716000.0,249779000.0,3.31,3.29,3.31,1277270000.0,1170395750.0,1277270000.0,3025886057.0,11.0,7.708,186032000.0,2.621,1.0,934607000.0,0.269,113941000.0,23937000.0,1623217000.0,1492804250.0,429303000.0,247152000.0,247152000.0,0.0,1441588000.0,870401000.0,571187000.0,3221114057.0,9372000.0,133947000.0,2332000.0,-235973000.0,0.0,-234486000.0,-36629000.0,-92225000.0,269278000.0,11209000.0,232583000.0,232583000.0,232583000.0,-118785000.0,0.0,0.067,771628000.0,162979000.0,373127000.0,0.0,2.522,13.849,13.988,426749000.0,0.0,46.3,0.925,0.944,508278000.0,1366155000.0,3480754000.0,3480754000.0,0.0,0.09,0.199,0.183,0.079,20169000.0,771628000.0,1.0,69570498.0,70972000,71629000.0,49.044,2604917000.0,223906000.0,17196000.0,9917000.0,36.703,962985000.0
25,HAR,MRT,2010-09-30,2010-09-30,2010-09-30,2019-02-12,57012000.0,2693521000.0,2558664250.0,1795561000.0,897960000.0,1.35,17.271,-67835000.0,567676000.0,567676000.0,2535445000.0,199244000.0,1.971,1.207,372448000.0,4843000.0,367605000.0,372448000.0,0.0,119230000.0,0.0,0.0,0.0,243726000.0,362956000.0,0.105,362956000.0,243726000.0,216928000.0,2.79,2.78,2.79,1220269000.0,1112827500.0,1220269000.0,2055751318.0,8.0,5.664,202229000.0,2.862,1.0,917501000.0,0.266,114650000.0,26798000.0,1472795000.0,1541348750.0,439206000.0,81804000.0,81804000.0,0.0,1473252000.0,910848000.0,562404000.0,2323484318.0,27513000.0,122600000.0,0.0,-231460000.0,0.0,-224931000.0,-26683000.0,-81804000.0,270064000.0,9063000.0,195630000.0,195630000.0,195630000.0,-121488000.0,7228000.0,0.057,771981000.0,145520000.0,391941000.0,0.0,1.904,11.877,11.975,436821000.0,0.0,33.41,0.673,0.684,551402000.0,1313103000.0,3452946000.0,3452946000.0,0.0,0.076,0.176,0.158,0.071,20518000.0,762705000.0,1.0,69544577.0,70655000,71094000.0,48.871,2578871000.0,229979000.0,21298000.0,7057000.0,36.499,884713000.0
26,HAR,MRT,2010-06-30,2010-06-30,2010-06-30,2019-02-12,3666000.0,2556215000.0,2524230000.0,1673979000.0,882236000.0,1.333,16.132,-60033000.0,645570000.0,645570000.0,2479270000.0,164058000.0,1.939,1.252,377837000.0,13935000.0,363902000.0,377837000.0,0.0,127654000.0,0.0,0.0,0.0,197594000.0,325248000.0,0.097,325248000.0,197594000.0,167379000.0,2.26,2.25,2.26,1134892000.0,1063902000.0,1134892000.0,2138227444.0,11.0,6.574,180406000.0,2.564,1.0,885158000.0,0.263,105922000.0,30215000.0,1319109000.0,1604658000.0,353123000.0,0.0,0.0,0.0,1421323000.0,863451000.0,557872000.0,2078204444.0,59211000.0,124370000.0,0.0,-228890000.0,0.0,-222260000.0,66701000.0,0.0,240439000.0,-25669000.0,158769000.0,158769000.0,158769000.0,-123591000.0,10578000.0,0.047,786481000.0,98677000.0,382985000.0,0.0,1.831,13.089,13.226,421949000.0,0.0,29.89,0.618,0.625,517092000.0,1285715000.0,3364428000.0,3364428000.0,0.0,0.063,0.149,0.123,0.059,21320000.0,774189000.0,1.0,69528419.0,70350000,70595000.0,47.824,2450293000.0,247602000.0,8610000.0,3941000.0,34.83,810528000.0
27,HAR,MRT,2010-03-31,2010-03-31,2010-03-31,2019-02-12,56849000.0,2400155000.0,2503550500.0,1506341000.0,893814000.0,1.256,14.875,-48704000.0,300589000.0,300589000.0,2370498000.0,-33635000.0,1.846,1.288,360612000.0,605000.0,360007000.0,360612000.0,0.0,137005000.0,0.0,0.0,0.0,-30502000.0,106503000.0,0.034,106503000.0,-30502000.0,-63885000.0,-0.72,-0.72,-0.72,1049152000.0,1031962000.0,1049152000.0,3353131639.0,-110.0,31.484,146232000.0,2.073,1.0,774762000.0,0.246,88110000.0,33383000.0,1556096000.0,1694557000.0,361517000.0,123769000.0,123769000.0,0.0,1351003000.0,815972000.0,535031000.0,3248317639.0,-33730000.0,-10562000.0,189723000.0,-261755000.0,-11000.0,-70358000.0,-168182000.0,-123769000.0,194936000.0,9874000.0,-39710000.0,-39710000.0,-39710000.0,1014000.0,12116000.0,-0.013,778861000.0,-4099000.0,333595000.0,0.0,3.096,-81.801,-64.972,436409000.0,0.0,46.78,1.033,1.049,569183000.0,1151832000.0,3145260000.0,3145260000.0,0.0,-0.016,-0.038,-0.018,-0.01,21325000.0,779628000.0,1.0,69438171.0,70531000,70905000.0,44.594,2312045000.0,269355000.0,-24175000.0,6670000.0,32.781,690369000.0
28,HAR,MRT,2009-12-31,2009-12-31,2009-12-31,2019-02-12,79841000.0,2584766000.0,2472942000.0,1653075000.0,931691000.0,1.175,14.857,-48886000.0,474908000.0,474908000.0,2236106000.0,-120660000.0,2.103,1.469,579722000.0,631000.0,579091000.0,579722000.0,0.0,137352000.0,0.0,0.0,0.013,-152356000.0,-15004000.0,-0.005,-15004000.0,-152356000.0,-184976000.0,-2.15,-2.15,-2.15,1046997000.0,976132250.0,1046997000.0,2485144776.0,-16.0,-165.632,74366000.0,1.055,1.0,670425000.0,0.231,85961000.0,32620000.0,1817395000.0,1773272750.0,366116000.0,154927000.0,154927000.0,0.0,1537769000.0,786224000.0,751545000.0,2447051776.0,292892000.0,-12618000.0,189723000.0,168577000.0,-743000.0,358195000.0,-200460000.0,-154927000.0,123252000.0,11905000.0,-126735000.0,-126735000.0,-126735000.0,4353000.0,12116000.0,-0.044,793888000.0,-123463000.0,318582000.0,-0.006,2.337,-19.308,-16.409,471680000.0,0.0,35.28,0.842,0.855,503297000.0,1133572000.0,2906531000.0,2906531000.0,0.0,-0.051,-0.13,-0.086,-0.052,20192000.0,792314000.0,1.0,69360878.0,70474000,71027000.0,41.243,2498805000.0,272033000.0,-58241000.0,6009000.0,35.457,866851000.0
29,HAR,MRT,2009-09-30,2009-09-30,2009-09-30,2019-02-12,78535000.0,2555784000.0,2379645000.0,1586876000.0,968908000.0,1.149,14.794,-60088000.0,540163000.0,540163000.0,2138485000.0,-459504000.0,2.018,1.492,578256000.0,637000.0,577619000.0,578256000.0,0.0,140176000.0,0.0,0.001,0.025,-554362000.0,-414186000.0,-0.151,-414186000.0,-554362000.0,-581097000.0,-7.83,-7.83,-7.83,1024567000.0,945969000.0,1024567000.0,2387783879.0,-4.0,-5.765,-54600000.0,-0.788,1.0,595648000.0,0.218,81411000.0,26735000.0,1726032000.0,1742307500.0,364619000.0,0.0,0.0,0.0,1528756000.0,786434000.0,742322000.0,2348892879.0,345028000.0,-4518000.0,189723000.0,183138000.0,-1475000.0,372051000.0,-45854000.0,0.0,5488000.0,13343000.0,-461965000.0,-461965000.0,-461965000.0,7056000.0,4888000.0,-0.169,1136014000.0,-540366000.0,283114000.0,-0.003,2.293,-5.085,-4.327,501284000.0,0.0,33.88,0.859,0.858,510224000.0,1117472000.0,2734133000.0,2734133000.0,0.0,-0.194,-0.488,-0.318,-0.203,18373000.0,818271000.0,1.0,69329778.0,69254000,69254000.0,39.48,2474373000.0,282594000.0,-119132000.0,11285000.0,35.729,800442000.0
30,HAR,MRT,2009-06-30,2009-06-30,2009-06-30,2019-02-12,57198000.0,2473497000.0,2405113250.0,1506322000.0,967175000.0,1.187,17.138,-79122000.0,586359000.0,586359000.0,2209545000.0,-430752000.0,2.026,1.455,577296000.0,605000.0,576691000.0,577296000.0,0.0,145786000.0,0.0,0.002,0.038,-517947000.0,-372161000.0,-0.13,-372161000.0,-517947000.0,-538521000.0,-7.34,-7.34,-7.34,1007132000.0,1005616250.0,1007132000.0,1430767426.0,-3.0,-3.844,-4671000.0,-0.079,1.0,645350000.0,0.226,42199000.0,20574000.0,1678705000.0,1724461250.0,333595000.0,0.0,0.0,0.0,1465579000.0,743530000.0,722049000.0,1102794426.0,363250000.0,-7443000.0,189723000.0,188203000.0,-2207000.0,375986000.0,-67012000.0,0.0,74451000.0,-20175000.0,-431504000.0,-431504000.0,-431504000.0,9159000.0,1504000.0,-0.151,1149162000.0,-503812000.0,240984000.0,-0.005,1.095,-2.556,-2.561,513826000.0,0.0,18.8,0.386,0.387,410703000.0,1126946000.0,2854895000.0,2854895000.0,0.0,-0.179,-0.429,-0.3,-0.181,9770000.0,831419000.0,1.0,58659278.0,58766000,58766000.0,48.581,2431298000.0,274312000.0,-107017000.0,16973000.0,41.373,762792000.0
31,HAR,MRT,2009-03-31,2009-03-31,2009-03-31,2019-02-12,47361000.0,2277721000.0,2493470250.0,1337039000.0,940682000.0,1.304,14.1,-106323000.0,334321000.0,334321000.0,2467566000.0,-341699000.0,2.041,1.758,662294000.0,571000.0,661723000.0,662294000.0,0.0,147356000.0,0.0,0.004,0.05,-388159000.0,-240803000.0,-0.074,-240803000.0,-388159000.0,-411077000.0,-5.83,-5.82,-5.83,825833000.0,1088794750.0,825833000.0,1055413147.0,-3.0,-4.383,52590000.0,0.898,1.0,782900000.0,0.241,79790000.0,22918000.0,1870959000.0,1726877250.0,384090000.0,0.0,0.0,0.0,1451888000.0,654945000.0,796943000.0,792502147.0,203060000.0,-11212000.0,0.0,190533000.0,-2923000.0,184213000.0,-104005000.0,0.0,158913000.0,-36061000.0,-341244000.0,-341244000.0,-341244000.0,-5757000.0,-876000.0,-0.105,1172978000.0,-390078000.0,201858000.0,-0.009,0.96,-2.322,-2.321,515099000.0,0.0,13.53,0.244,0.244,383887000.0,1204337000.0,3250466000.0,3250466000.0,0.0,-0.137,-0.313,-0.225,-0.119,6631000.0,845192000.0,1.0,58573699.0,58568000,58568000.0,55.499,2197931000.0,273612000.0,-69833000.0,0.0,37.528,682094000.0
32,HAR,MRT,2008-12-31,2008-12-31,2008-12-31,2019-02-12,85222000.0,2211578000.0,2612237500.0,1258857000.0,952721000.0,1.411,15.82,-118149000.0,182016000.0,182016000.0,2754114000.0,-276283000.0,1.796,1.387,444927000.0,585000.0,444342000.0,444927000.0,0.0,152473000.0,0.0,0.003,0.05,-303947000.0,-151474000.0,-0.041,-151474000.0,-303947000.0,-323497000.0,-4.72,-4.71,-4.72,926344000.0,1207035250.0,926344000.0,1211902338.0,-4.0,-8.001,185629000.0,3.17,1.0,930738000.0,0.253,80054000.0,19550000.0,1693534000.0,1712004750.0,449883000.0,0.0,0.0,0.0,1285234000.0,700901000.0,584333000.0,979472338.0,22741000.0,-12421000.0,0.0,-139018000.0,-2948000.0,-142754000.0,-114842000.0,0.0,303778000.0,-23441000.0,-275828000.0,-275828000.0,-275828000.0,-5757000.0,-876000.0,-0.075,1234937000.0,-304199000.0,231345000.0,-0.011,1.057,-3.551,-3.544,551872000.0,0.0,16.73,0.266,0.266,395226000.0,1271628000.0,3684852000.0,3684852000.0,0.0,-0.106,-0.229,-0.178,-0.082,7737000.0,909492000.0,1.0,58545866.0,58555000,58555000.0,62.93,2131524000.0,252008000.0,-47669000.0,3086000.0,36.402,557956000.0
33,HAR,MRT,2008-09-30,2008-09-30,2008-09-30,2019-02-12,108297000.0,2657657000.0,2721870250.0,1357997000.0,1299660000.0,1.468,21.534,-134034000.0,195135000.0,195135000.0,2939582000.0,85728000.0,1.653,1.104,427565000.0,585000.0,426980000.0,427565000.0,0.0,156584000.0,0.0,0.001,0.05,123018000.0,279602000.0,0.07,279602000.0,123018000.0,103301000.0,1.42,1.42,1.42,1263156000.0,1285120750.0,1263156000.0,2198962349.0,18.0,7.865,301736000.0,5.144,1.0,1055005000.0,0.264,413958000.0,19717000.0,1654647000.0,1780795500.0,406741000.0,0.0,0.0,0.0,1394501000.0,821482000.0,573019000.0,1994119349.0,118009000.0,-12302000.0,-400287000.0,234727000.0,-2972000.0,-167116000.0,-132386000.0,0.0,435770000.0,-18259000.0,86183000.0,86183000.0,86183000.0,-5757000.0,-876000.0,0.022,931822000.0,123183000.0,301917000.0,0.035,1.579,23.138,23.993,575347000.0,0.0,34.07,0.499,0.5,533711000.0,1589234000.0,3994587000.0,3994587000.0,0.0,0.032,0.067,0.069,0.031,9433000.0,931822000.0,1.0,58530066.0,58658000,58828000.0,68.1,2243699000.0,0.0,17118000.0,20307000.0,38.251,536515000.0
34,HAR,MRT,2008-06-30,2008-06-30,2008-06-30,2019-02-12,191531000.0,2826925000.0,2712912750.0,1424297000.0,1402628000.0,1.501,21.796,-138721000.0,223109000.0,223109000.0,2994709000.0,101302000.0,1.57,1.11,427952000.0,639000.0,427313000.0,427952000.0,0.0,148542000.0,0.0,0.001,0.05,133112000.0,281654000.0,0.069,281654000.0,133112000.0,115387000.0,1.65,1.64,1.65,1339846000.0,1363359250.0,1339846000.0,2739971964.0,21.0,9.728,178088000.0,2.897,1.0,1077650000.0,0.265,436447000.0,17725000.0,1688369000.0,1765046250.0,390638000.0,0.0,0.0,0.0,1487079000.0,906952000.0,580127000.0,2408142964.0,116968000.0,-12724000.0,-400287000.0,336261000.0,-3056000.0,-64842000.0,-142485000.0,0.0,316809000.0,7486000.0,101723000.0,101723000.0,101723000.0,-5757000.0,-842000.0,0.025,945483000.0,132167000.0,343780000.0,0.03,1.797,23.674,25.085,640042000.0,0.0,41.39,0.591,0.625,574195000.0,1566720000.0,4072359000.0,4072359000.0,0.0,0.037,0.075,0.075,0.033,17827000.0,945483000.0,1.0,58181758.0,61472000,62182000.0,66.247,2390478000.0,208107000.0,13664000.0,21911000.0,38.887,517345000.0
35,HAR,MRT,2008-03-31,2008-03-31,2008-03-31,2019-02-12,200244000.0,2752790000.0,2633398500.0,1387176000.0,1365614000.0,1.502,21.616,-180379000.0,131261000.0,131261000.0,2830617000.0,180983000.0,1.668,1.119,463090000.0,633000.0,462457000.0,463090000.0,0.0,143250000.0,0.0,0.001,0.05,174251000.0,317501000.0,0.08,317501000.0,174251000.0,167780000.0,2.8,2.75,2.8,1298795000.0,1401908000.0,1298795000.0,3057507446.0,18.0,9.63,139578000.0,2.323,1.0,1125736000.0,0.285,441487000.0,6471000.0,1811469000.0,1657835250.0,425914000.0,0.0,0.0,0.0,1453995000.0,831663000.0,622332000.0,2635741446.0,34300000.0,-12309000.0,-421819000.0,286776000.0,-3143000.0,-104640000.0,-189682000.0,0.0,319957000.0,8665000.0,180983000.0,180983000.0,180983000.0,0.0,0.0,0.046,948631000.0,177105000.0,291633000.0,0.018,2.029,14.563,15.55,633646000.0,0.0,43.54,0.666,0.661,586715000.0,1535721000.0,3956353000.0,3956353000.0,0.0,0.069,0.129,0.105,0.044,16988000.0,948631000.0,1.0,60536092.0,60086000,60086000.0,65.845,2311303000.0,0.0,-13203000.0,0.0,38.467,555513000.0
36,HAR,MRT,2007-12-31,2007-12-31,2007-12-31,2019-02-12,144579000.0,2650109000.0,2544959500.0,1326347000.0,1323762000.0,1.496,19.962,-197520000.0,159275000.0,159275000.0,2636478000.0,255375000.0,1.947,1.139,581041000.0,587000.0,580454000.0,581041000.0,0.0,137569000.0,0.0,0.001,0.05,285520000.0,423089000.0,0.111,423089000.0,285520000.0,280340000.0,3.95,3.88,3.95,1238686000.0,1418180500.0,1238686000.0,4563526768.0,16.0,10.786,-4145000.0,-0.067,1.0,1169978000.0,0.307,421898000.0,5180000.0,1968697000.0,1517084500.0,435324000.0,0.0,0.0,0.0,1411423000.0,681280000.0,730143000.0,4457619768.0,-11833000.0,-11179000.0,-461458000.0,424957000.0,-3199000.0,-1000000.0,-206249000.0,0.0,193375000.0,2041000.0,255375000.0,255375000.0,255375000.0,0.0,0.0,0.067,883949000.0,286029000.0,279150000.0,0.013,3.599,17.455,18.661,611139000.0,0.0,73.71,1.171,1.202,540641000.0,1539827000.0,3806456000.0,3806456000.0,0.0,0.1,0.18,0.188,0.075,6836000.0,883949000.0,1.0,60475102.0,62051000,62882000.0,61.344,2228211000.0,0.0,24965000.0,0.0,35.909,645067000.0
37,HAR,MRT,2007-09-30,2007-09-30,2007-09-30,2019-02-12,131336000.0,2621827000.0,2478185500.0,1319246000.0,1302581000.0,1.482,24.158,-189833000.0,77126000.0,77126000.0,2484071000.0,293884000.0,1.831,0.663,183033000.0,573000.0,182460000.0,183033000.0,0.0,131448000.0,0.0,0.001,0.05,340863000.0,472311000.0,0.129,472311000.0,340863000.0,338092000.0,4.51,4.42,4.51,1576110000.0,1439796000.0,1576110000.0,5614986495.0,16.0,11.888,-32610000.0,-0.5,1.0,1188492000.0,0.324,415386000.0,2771000.0,1591650000.0,1300610500.0,475155000.0,0.0,0.0,0.0,1045717000.0,720698000.0,325019000.0,5644599495.0,-57857000.0,-10446000.0,-56390000.0,-1520000.0,-3259000.0,-24765000.0,-199461000.0,0.0,157223000.0,9146000.0,293884000.0,293884000.0,293884000.0,0.0,0.0,0.08,847582000.0,340910000.0,325676000.0,0.011,3.581,19.207,19.184,605641000.0,0.0,86.52,1.537,1.537,580167000.0,1497703000.0,3672563000.0,3672563000.0,0.0,0.119,0.204,0.262,0.093,6211000.0,847582000.0,1.0,65240401.0,65242000,66363000.0,56.291,2206441000.0,0.0,44208000.0,8884000.0,33.819,598548000.0
38,HAR,MRT,2007-06-30,2007-06-30,2007-06-30,2019-02-12,97969000.0,2508868000.0,2381653250.0,1233153000.0,1275715000.0,1.491,22.876,-174794000.0,106141000.0,106141000.0,2339938000.0,313963000.0,1.511,0.679,76528000.0,18867000.0,57661000.0,76528000.0,0.0,127162000.0,0.0,0.0,0.05,385649000.0,512811000.0,0.144,512811000.0,385649000.0,384149000.0,4.81,4.72,4.81,1494041000.0,1348466000.0,1494041000.0,7671856354.0,20.0,14.96,40519000.0,0.62,1.0,1211206000.0,0.341,403749000.0,1500000.0,1259525000.0,1177189500.0,453156000.0,0.0,0.0,0.0,1014827000.0,815981000.0,198846000.0,7609260354.0,-185617000.0,-9229000.0,-128780000.0,-126278000.0,-3262000.0,-222749000.0,-180015000.0,0.0,215313000.0,1834000.0,313963000.0,313963000.0,313963000.0,0.0,0.0,0.088,824819000.0,386387000.0,356763000.0,0.01,5.093,24.236,24.283,591976000.0,0.0,116.8,2.143,2.148,486557000.0,1454771000.0,3551144000.0,3551144000.0,0.0,0.132,0.233,0.328,0.109,4962000.0,824819000.0,1.0,65147777.0,65310000,66449000.0,54.374,2105119000.0,0.0,70186000.0,90187000.0,32.233,417172000.0
39,HAR,MRT,2007-03-31,2007-03-31,2007-03-31,2019-02-12,73757000.0,2399034000.0,2348374250.0,1276973000.0,1122061000.0,1.49,20.906,-139940000.0,96961000.0,96961000.0,2287957000.0,273807000.0,1.571,0.759,159557000.0,20104000.0,139453000.0,159557000.0,0.0,131218000.0,0.0,0.001,0.05,403652000.0,534870000.0,0.153,534870000.0,403652000.0,400537000.0,4.17,4.09,4.17,1363885000.0,1281996750.0,1363885000.0,6264783838.0,16.0,11.713,57066000.0,0.875,1.0,1211191000.0,0.346,400123000.0,3115000.0,1248466000.0,1115416500.0,480179000.0,0.0,0.0,0.0,1035149000.0,813041000.0,222108000.0,6293525838.0,-300138000.0,-8657000.0,-206915000.0,-180322000.0,-3284000.0,-352675000.0,-148991000.0,0.0,197006000.0,4522000.0,273807000.0,273807000.0,273807000.0,0.0,0.0,0.078,801832000.0,409359000.0,270421000.0,0.012,4.614,22.985,23.041,529456000.0,0.0,96.08,1.799,1.791,529719000.0,1350662000.0,3499148000.0,3499148000.0,0.0,0.117,0.214,0.362,0.115,6401000.0,801832000.0,1.0,65502975.0,65239000,66327000.0,53.636,1998911000.0,0.0,126730000.0,125843000.0,30.64,463932000.0
40,HAR,MRT,2006-12-31,2006-12-31,2006-12-31,2019-02-12,69179000.0,2383013000.0,2341549250.0,1279113000.0,1103900000.0,1.46,20.298,-124672000.0,171108000.0,171108000.0,2230431000.0,266790000.0,1.496,0.798,142366000.0,20989000.0,121377000.0,142366000.0,0.0,127050000.0,0.0,0.001,0.05,399667000.0,526717000.0,0.154,526717000.0,399667000.0,394400000.0,4.04,3.96,4.04,1325148000.0,1243461000.0,1325148000.0,6558438155.0,16.0,12.452,119456000.0,1.83,1.0,1187433000.0,0.347,396219000.0,5267000.0,1102801000.0,1054597750.0,454682000.0,0.0,0.0,0.0,1057865000.0,855251000.0,202614000.0,6520621155.0,-223391000.0,-9000000.0,-143612000.0,-271241000.0,-3306000.0,-351125000.0,-131109000.0,0.0,244128000.0,14715000.0,266790000.0,266790000.0,266790000.0,0.0,0.0,0.078,781607000.0,405826000.0,293677000.0,0.012,4.921,24.441,24.73,511618000.0,0.0,99.91,1.908,1.908,480408000.0,1280432000.0,3417864000.0,3417864000.0,0.0,0.114,0.215,0.379,0.117,-22532000.0,781607000.0,1.0,65264950.0,65285000,66525000.0,52.353,1986794000.0,0.0,127610000.0,144143000.0,30.433,423862000.0
41,HAR,MRT,2006-09-30,2006-09-30,2006-09-30,2019-02-12,44754000.0,2235698000.0,2316157250.0,1155201000.0,1080497000.0,1.433,18.481,-121586000.0,134983000.0,134983000.0,2145228000.0,257936000.0,1.455,0.846,172800000.0,19775000.0,153025000.0,172800000.0,0.0,127241000.0,0.0,0.001,0.05,399002000.0,526243000.0,0.159,526243000.0,399002000.0,389675000.0,3.89,3.81,3.89,1210790000.0,1179102750.0,1210790000.0,5343904297.0,13.0,10.155,203665000.0,3.109,1.0,1173564000.0,0.354,381517000.0,9327000.0,1097966000.0,1076918250.0,379299000.0,0.0,0.0,0.0,1024908000.0,794032000.0,230876000.0,5438108297.0,-143934000.0,-8416000.0,-188388000.0,-224852000.0,-3313000.0,-343410000.0,-129752000.0,0.0,325251000.0,3977000.0,257936000.0,257936000.0,257936000.0,0.0,0.0,0.078,767598000.0,405966000.0,251672000.0,0.013,4.491,21.083,21.45,501448000.0,0.0,83.44,1.639,1.647,461004000.0,1199859000.0,3318792000.0,3318792000.0,0.0,0.111,0.219,0.371,0.12,-29089000.0,767598000.0,1.0,65173877.0,65517000,66676000.0,50.655,1854181000.0,0.0,131739000.0,123967000.0,28.301,361169000.0
42,HAR,MRT,2006-06-30,2006-06-30,2006-06-30,2019-02-12,61013000.0,2375752000.0,2305006250.0,1267967000.0,1107785000.0,1.409,18.536,-130548000.0,291758000.0,291758000.0,2095327000.0,255295000.0,1.428,0.934,197554000.0,18088000.0,179466000.0,197554000.0,0.0,129949000.0,0.0,0.001,0.05,390199000.0,520148000.0,0.16,520148000.0,390199000.0,377172000.0,3.85,3.75,3.85,1228164000.0,1135964750.0,1228164000.0,5641423400.0,14.0,10.846,269431000.0,4.066,1.0,1152570000.0,0.355,381219000.0,13027000.0,1012433000.0,1119013250.0,344957000.0,0.0,0.0,0.0,1147588000.0,887896000.0,259692000.0,5711706400.0,544000.0,-13808000.0,-192608000.0,-137267000.0,-3321000.0,-260053000.0,-146680000.0,0.0,399979000.0,7298000.0,255295000.0,255295000.0,255295000.0,0.0,0.0,0.079,755329000.0,397241000.0,320327000.0,0.013,4.651,22.373,22.174,521935000.0,0.0,85.37,1.759,1.742,444474000.0,1144070000.0,3247897000.0,3247897000.0,0.0,0.111,0.225,0.349,0.12,-28907000.0,755329000.0,1.0,66905311.0,66260000,68105000.0,49.017,1994533000.0,0.0,121877000.0,116493000.0,30.102,380071000.0
43,HAR,MRT,2006-03-31,2006-03-31,2006-03-31,2019-02-12,30118000.0,2371734000.0,2257869000.0,1333839000.0,1037895000.0,1.416,18.211,-140192000.0,397099000.0,397099000.0,2061310000.0,260763000.0,1.419,0.961,326816000.0,176707000.0,150109000.0,326816000.0,0.0,119567000.0,0.0,0.0,0.05,391124000.0,510691000.0,0.16,510691000.0,391124000.0,378000000.0,3.93,3.81,3.93,1209742000.0,1094160750.0,1209742000.0,7303426656.0,19.0,14.301,288477000.0,4.343,1.0,1135502000.0,0.355,356005000.0,13124000.0,1005191000.0,1154846250.0,337685000.0,0.0,0.0,0.0,1161992000.0,940255000.0,221737000.0,7295296656.0,114438000.0,-13179000.0,-204524000.0,6047000.0,-3326000.0,-158743000.0,-144468000.0,6651000.0,428669000.0,-11020000.0,260763000.0,260763000.0,260763000.0,0.0,0.0,0.082,741872000.0,393630000.0,243388000.0,0.013,6.03,27.977,28.277,479815000.0,0.0,111.13,2.282,2.309,440191000.0,1080139000.0,3196812000.0,3196812000.0,0.0,0.115,0.238,0.339,0.122,46035000.0,741872000.0,1.0,65646510.0,66428000,68109000.0,48.124,2015729000.0,0.0,117237000.0,123466000.0,30.345,393584000.0
44,HAR,MRT,2005-12-31,2005-12-31,2005-12-31,2019-02-12,15721000.0,2281445000.0,2200725750.0,1292577000.0,988868000.0,1.426,16.234,-133647000.0,394499000.0,394499000.0,2034012000.0,260253000.0,1.731,1.137,402629000.0,4736000.0,397893000.0,402629000.0,0.0,121563000.0,0.0,0.001,0.05,381270000.0,502833000.0,0.16,502833000.0,381270000.0,368324000.0,3.91,3.77,3.91,1067715000.0,1059859250.0,1067715000.0,6560522498.0,17.0,13.047,325706000.0,4.952,1.0,1103877000.0,0.352,350707000.0,12946000.0,1192083000.0,1192767000.0,321331000.0,0.0,0.0,0.0,1213730000.0,746785000.0,466945000.0,6444792498.0,124311000.0,-12310000.0,-275922000.0,86546000.0,-3339000.0,-186602000.0,-118580000.0,29750000.0,459353000.0,-29860000.0,260253000.0,260253000.0,260253000.0,0.0,0.0,0.083,720280000.0,383597000.0,218247000.0,0.013,6.036,24.764,25.026,473356000.0,0.0,97.85,2.054,2.051,418579000.0,1016948000.0,3137889000.0,3137889000.0,0.0,0.118,0.246,0.32,0.122,82100000.0,720280000.0,1.0,65864001.0,65771000,67948000.0,47.709,1930738000.0,0.0,108071000.0,145926000.0,29.355,545792000.0
45,HAR,MRT,2005-09-30,2005-09-30,2005-09-30,2019-02-12,27984000.0,2191094000.0,2165293750.0,1198077000.0,993017000.0,1.429,15.703,-155752000.0,278917000.0,278917000.0,2017233000.0,253143000.0,1.73,1.11,394647000.0,5139000.0,389508000.0,394647000.0,0.0,123820000.0,0.0,0.0,0.05,365022000.0,488842000.0,0.158,488842000.0,365022000.0,354034000.0,3.78,3.62,3.78,1038238000.0,1063415250.0,1038238000.0,6785566390.0,19.0,13.881,250102000.0,3.783,1.0,1076598000.0,0.348,348141000.0,10988000.0,1266346000.0,1184672750.0,331710000.0,0.0,0.0,0.0,1152856000.0,692337000.0,460519000.0,6742863390.0,9923000.0,-151247000.0,-216501000.0,61292000.0,-3355000.0,-158564000.0,-231109000.0,73600000.0,405854000.0,-6258000.0,253143000.0,253143000.0,253143000.0,0.0,0.0,0.082,709349000.0,367249000.0,222218000.0,0.013,6.495,26.637,27.056,482133000.0,0.0,102.27,2.179,2.186,428683000.0,945236000.0,3093831000.0,3093831000.0,0.0,0.117,0.238,0.308,0.118,88613000.0,709349000.0,1.0,65931978.0,66117000,68477000.0,46.793,1842953000.0,0.0,100891000.0,109472000.0,27.874,505740000.0
46,HAR,MRT,2005-06-30,2005-06-30,2005-06-30,2019-02-12,31103000.0,2187203000.0,2116477750.0,1183293000.0,1003910000.0,1.432,15.807,-172326000.0,291214000.0,291214000.0,1999187000.0,232848000.0,1.623,1.062,333917000.0,3126000.0,330791000.0,333917000.0,0.0,118665000.0,0.0,0.001,0.05,345853000.0,464518000.0,0.153,464518000.0,345853000.0,335337000.0,3.47,3.31,3.47,1060948000.0,1036241500.0,1060948000.0,5530521028.0,16.0,11.906,247216000.0,3.683,1.0,1031702000.0,0.34,345071000.0,10516000.0,1155765000.0,1139094250.0,312950000.0,0.0,0.0,0.0,1126255000.0,729070000.0,397185000.0,5479959028.0,4506000.0,-145680000.0,-135091000.0,-52697000.0,-3354000.0,-191142000.0,-220191000.0,91000000.0,419542000.0,-3703000.0,232848000.0,232848000.0,232848000.0,0.0,0.0,0.077,680721000.0,350981000.0,274145000.0,0.014,5.165,23.534,23.447,491619000.0,0.0,81.36,1.808,1.802,433041000.0,892096000.0,3030889000.0,3030889000.0,0.0,0.11,0.225,0.304,0.114,88425000.0,680721000.0,1.0,67354462.0,67120000,70399000.0,45.156,1842132000.0,0.0,102489000.0,105858000.0,27.445,454223000.0
47,HAR,MRT,2005-03-31,2005-03-31,2005-03-31,2019-02-12,77765000.0,2143161000.0,2066879500.0,1176254000.0,966907000.0,1.43,15.832,-146749000.0,282661000.0,282661000.0,1945557000.0,215582000.0,1.77,0.998,333223000.0,3696000.0,329527000.0,333223000.0,0.0,116006000.0,0.0,0.001,0.05,325594000.0,441600000.0,0.149,441600000.0,325594000.0,313926000.0,3.22,3.06,3.22,1072536000.0,989753500.0,1072536000.0,6034840093.0,19.0,13.666,257503000.0,3.801,1.0,1009337000.0,0.342,372441000.0,11668000.0,1156874000.0,1145890750.0,340522000.0,6651000.0,6651000.0,0.0,1070625000.0,664408000.0,406217000.0,5994915093.0,45698000.0,-151048000.0,-22589000.0,-131221000.0,-3339000.0,-157149000.0,-212561000.0,83999000.0,404252000.0,11156000.0,215582000.0,215582000.0,215582000.0,0.0,0.0,0.073,671832000.0,337505000.0,198370000.0,0.016,5.589,27.808,27.472,477027000.0,0.0,88.46,2.029,2.028,430085000.0,822702000.0,2954894000.0,2954894000.0,0.0,0.104,0.218,0.284,0.11,25031000.0,671832000.0,1.0,67769784.0,67743000,70831000.0,43.619,1770720000.0,0.0,98344000.0,105758000.0,26.139,511846000.0
48,HAR,MRT,2004-12-31,2004-12-31,2004-12-31,2019-02-12,105037000.0,2139717000.0,2017276000.0,1137087000.0,1002630000.0,1.439,16.062,-157335000.0,299938000.0,299938000.0,1914466000.0,195731000.0,1.768,0.978,339863000.0,4413000.0,335450000.0,339863000.0,0.0,115988000.0,0.0,0.0,0.05,304638000.0,420626000.0,0.145,420626000.0,304638000.0,290900000.0,2.94,2.79,2.94,1081939000.0,925307000.0,1081939000.0,8510128867.0,28.0,20.232,313226000.0,4.65,1.0,988296000.0,0.34,376618000.0,13738000.0,1159706000.0,1172798750.0,326331000.0,0.0,0.0,0.0,1057778000.0,643318000.0,414460000.0,8506411867.0,90809000.0,-149439000.0,27323000.0,-138086000.0,-3315000.0,-114082000.0,-287514000.0,8800000.0,470561000.0,21844000.0,195731000.0,195731000.0,195731000.0,0.0,0.0,0.067,671566000.0,316730000.0,170103000.0,0.017,7.862,43.46,43.197,495220000.0,0.0,127.0,2.93,2.947,402351000.0,760034000.0,2902762000.0,2902762000.0,0.0,0.097,0.212,0.26,0.105,24719000.0,671566000.0,1.0,66979621.0,67361000,70942000.0,43.093,1763099000.0,0.0,95169000.0,128262000.0,26.174,493769000.0
49,HAR,MRT,2004-09-30,2004-09-30,2004-09-30,2019-02-12,41189000.0,1995830000.0,1943476500.0,1199554000.0,796276000.0,1.444,14.043,-145633000.0,342594000.0,342594000.0,1876666000.0,171778000.0,1.816,1.147,346311000.0,7272000.0,339039000.0,346311000.0,0.0,108098000.0,0.0,0.0,0.05,270392000.0,378490000.0,0.135,378490000.0,270392000.0,254708000.0,2.6,2.47,2.6,929543000.0,847130500.0,929543000.0,7149061278.0,26.0,18.888,328883000.0,4.968,1.0,929120000.0,0.331,254796000.0,15684000.0,1084032000.0,1213615250.0,319416000.0,0.0,0.0,0.0,1066287000.0,660719000.0,405568000.0,7131844278.0,162878000.0,-8691000.0,11799000.0,-151223000.0,-3299000.0,-142723000.0,-174420000.0,-35050000.0,474516000.0,5505000.0,171778000.0,171778000.0,171778000.0,0.0,0.0,0.061,646011000.0,283109000.0,189270000.0,0.019,7.672,41.518,41.442,451182000.0,0.0,107.75,2.542,2.542,427720000.0,695448000.0,2805786000.0,2805786000.0,0.0,0.088,0.203,0.223,0.096,22657000.0,646011000.0,1.0,66188810.0,66194000,70227000.0,42.387,1741034000.0,0.0,82930000.0,142553000.0,26.302,538835000.0
50,HAR,MRT,2004-06-30,2004-06-30,2004-06-30,2019-02-12,27979000.0,1988810000.0,1878410000.0,1204035000.0,784775000.0,1.443,13.302,-135493000.0,286708000.0,286708000.0,1822782000.0,157883000.0,1.818,1.273,394925000.0,7309000.0,387616000.0,394925000.0,0.0,106032000.0,0.0,0.001,0.05,244727000.0,350759000.0,0.129,350759000.0,244727000.0,227520000.0,2.4,2.27,2.4,874996000.0,786637000.0,874996000.0,6160455732.0,25.0,17.563,346958000.0,5.275,1.0,888592000.0,0.328,251722000.0,17207000.0,1182951000.0,1283707000.0,291710000.0,91000000.0,91000000.0,0.0,1113814000.0,662354000.0,451460000.0,6009644732.0,177347000.0,-34281000.0,10358000.0,-104817000.0,-3289000.0,-97748000.0,-211822000.0,-52450000.0,482451000.0,4466000.0,157883000.0,157883000.0,157883000.0,0.0,0.0,0.058,634127000.0,254465000.0,238663000.0,0.021,6.868,38.064,37.917,434091000.0,0.0,91.0,2.216,2.208,426211000.0,662602000.0,2711374000.0,2711374000.0,0.0,0.084,0.201,0.191,0.09,20761000.0,634127000.0,1.0,66040052.0,65779000,69487000.0,41.219,1737088000.0,0.0,69637000.0,122214000.0,26.408,541681000.0
51,HAR,MRT,2004-03-31,2004-03-31,2004-03-31,2019-02-12,34855000.0,1944747000.0,1807122000.0,1139258000.0,805489000.0,1.44,12.354,-125265000.0,327613000.0,327613000.0,1784896000.0,142320000.0,1.964,1.387,478424000.0,5125000.0,473299000.0,478424000.0,0.0,105489000.0,0.0,0.001,0.05,221155000.0,326644000.0,0.126,326644000.0,221155000.0,201525000.0,2.17,2.07,2.17,814750000.0,731834250.0,814750000.0,5505074485.0,25.0,16.853,333033000.0,5.05,1.0,817770000.0,0.314,251052000.0,19630000.0,1264506000.0,1325425750.0,294869000.0,0.0,0.0,0.0,1129997000.0,580000000.0,549997000.0,5245153485.0,204745000.0,-35777000.0,6125000.0,-52590000.0,-3268000.0,-61765000.0,-198331000.0,-45600000.0,458298000.0,6543000.0,142320000.0,142320000.0,142320000.0,0.0,0.0,0.055,593788000.0,223982000.0,170951000.0,0.023,6.438,36.855,36.682,432277000.0,0.0,79.6,2.015,2.017,410915000.0,610459000.0,2602666000.0,2602666000.0,0.0,0.079,0.194,0.167,0.085,30168000.0,593788000.0,1.0,65893888.0,65951000,69707000.0,39.464,1693695000.0,0.0,59205000.0,0.0,25.681,559258000.0
52,HAR,MRT,2003-12-31,2003-12-31,2003-12-31,2019-02-12,36789000.0,1844519000.0,1715916000.0,1023065000.0,821454000.0,1.438,11.729,-116545000.0,217929000.0,217929000.0,1714903000.0,129269000.0,1.936,1.398,477850000.0,5279000.0,472571000.0,477850000.0,0.0,94799000.0,0.0,0.001,0.05,200355000.0,295154000.0,0.12,295154000.0,200355000.0,179796000.0,1.98,1.89,1.98,769233000.0,677066250.0,769233000.0,5221445940.0,26.0,17.691,228511000.0,3.484,1.0,751785000.0,0.305,253142000.0,20559000.0,1322972000.0,1345748500.0,307623000.0,0.0,0.0,0.0,1075286000.0,528326000.0,546960000.0,4865367940.0,121794000.0,-35777000.0,-8503000.0,-61540000.0,-3251000.0,-84933000.0,-146457000.0,6500000.0,345056000.0,8128000.0,129269000.0,129269000.0,129269000.0,0.0,0.0,0.052,549028000.0,202757000.0,143143000.0,0.025,6.325,37.638,37.364,441145000.0,0.0,73.98,1.972,1.967,388954000.0,567618000.0,2466688000.0,2466688000.0,0.0,0.075,0.191,0.149,0.081,27543000.0,549028000.0,1.0,65765990.0,65584000,69330000.0,37.611,1591377000.0,0.0,50527000.0,0.0,24.265,494739000.0
53,HAR,MRT,2003-09-30,2003-09-30,2003-09-30,2019-02-12,2150000.0,1735564000.0,1646376750.0,949942000.0,785622000.0,1.418,10.519,-116053000.0,144666000.0,144666000.0,1643161000.0,115403000.0,1.94,1.524,500744000.0,6269000.0,494475000.0,500744000.0,0.0,93290000.0,0.0,0.001,0.05,178682000.0,271972000.0,0.116,271972000.0,178682000.0,157080000.0,1.78,1.7,1.78,687569000.0,626322250.0,687569000.0,3573658488.0,20.0,13.14,199067000.0,3.046,1.0,691893000.0,0.296,237595000.0,21602000.0,1364399000.0,1339434500.0,338343000.0,0.0,0.0,0.0,1047995000.0,489648000.0,558347000.0,3218501488.0,84723000.0,-38756000.0,-19762000.0,-54052000.0,-3235000.0,-85726000.0,-152262000.0,6500000.0,315120000.0,7591000.0,115403000.0,115403000.0,115403000.0,0.0,0.0,0.049,511717000.0,180176000.0,149199000.0,0.028,4.681,27.889,27.626,409920000.0,0.0,49.175,1.378,1.376,370326000.0,526969000.0,2335054000.0,2335054000.0,0.0,0.07,0.184,0.133,0.077,25070000.0,511717000.0,1.0,65449954.0,65362000,68702000.0,35.725,1497969000.0,0.0,41677000.0,0.0,22.918,460294000.0
54,HAR,MRT,2003-06-30,2003-06-30,2003-06-30,2019-02-12,-5519000.0,1703658000.0,1579037250.0,967624000.0,736034000.0,1.411,10.138,-115337000.0,147911000.0,147911000.0,1577372000.0,105428000.0,1.985,1.598,503068000.0,5309000.0,497759000.0,503068000.0,0.0,88545000.0,0.0,0.001,0.05,165092000.0,253637000.0,0.114,253637000.0,165092000.0,142471000.0,1.63,1.55,1.63,655785000.0,585690750.0,655785000.0,2968471441.0,18.0,11.704,134725000.0,2.083,1.0,651147000.0,0.292,221579000.0,22621000.0,1349826000.0,1322305500.0,349626000.0,0.0,0.0,0.0,1047873000.0,487410000.0,560463000.0,2548013441.0,38158000.0,-11211000.0,-31212000.0,-54308000.0,-3231000.0,-97428000.0,-121095000.0,6500000.0,250062000.0,6619000.0,105428000.0,105428000.0,105428000.0,0.0,0.0,0.047,484253000.0,166894000.0,176846000.0,0.031,3.885,24.168,24.276,393920000.0,0.0,39.57,1.143,1.149,363121000.0,508008000.0,2228519000.0,2228519000.0,0.0,0.067,0.18,0.125,0.074,23275000.0,484253000.0,1.0,64392556.0,64688000,68048000.0,34.45,1482079000.0,0.0,37043000.0,51894000.0,22.911,480214000.0
55,HAR,MRT,2003-03-31,2003-03-31,2003-03-31,2019-02-12,-21096000.0,1579923000.0,1523192750.0,893454000.0,686469000.0,1.383,9.239,-111421000.0,77268000.0,77268000.0,1498884000.0,94126000.0,2.045,1.652,497726000.0,4239000.0,493487000.0,497726000.0,0.0,85794000.0,0.0,0.002,0.05,149341000.0,235135000.0,0.112,235135000.0,149341000.0,127797000.0,1.45,1.39,1.45,595678000.0,553401750.0,595678000.0,2284137829.0,15.0,9.714,115409000.0,1.79,1.0,607743000.0,0.288,217663000.0,21544000.0,1345797000.0,1286348000.0,388586000.0,0.0,0.0,0.0,984245000.0,436921000.0,547324000.0,1888765829.0,-7162000.0,-35713000.0,-33234000.0,-60737000.0,-3234000.0,-85367000.0,-155688000.0,0.0,226830000.0,7063000.0,94126000.0,94126000.0,94126000.0,0.0,0.0,0.045,457450000.0,150293000.0,142791000.0,0.034,3.171,20.066,20.197,371071000.0,0.0,29.285,0.897,0.896,336921000.0,471407000.0,2106627000.0,2106627000.0,0.0,0.062,0.17,0.116,0.071,4169000.0,457450000.0,1.0,64496016.0,64474000,68078000.0,32.674,1362260000.0,0.0,33671000.0,0.0,21.129,456533000.0
56,HAR,MRT,2002-12-31,2002-12-31,2002-12-31,2019-02-12,-32767000.0,1566362000.0,1453375750.0,899050000.0,667312000.0,1.383,8.757,-117112000.0,102635000.0,102635000.0,1442224000.0,78160000.0,1.986,1.766,498007000.0,4858000.0,493149000.0,498007000.0,0.0,85649000.0,0.0,0.002,0.05,129362000.0,215011000.0,0.107,215011000.0,129362000.0,107058000.0,1.205,1.155,1.205,566257000.0,519557500.0,566257000.0,2347922526.0,18.0,10.92,125440000.0,1.94,1.0,568259000.0,0.283,211241000.0,22304000.0,1297716000.0,1250781500.0,381270000.0,0.0,0.0,0.0,1000105000.0,452777000.0,547328000.0,1920059526.0,97334000.0,-32703000.0,-18966000.0,20063000.0,-3241000.0,9306000.0,-160040000.0,0.0,242552000.0,5516000.0,78160000.0,78160000.0,78160000.0,0.0,0.0,0.039,437614000.0,130645000.0,172064000.0,0.041,3.391,24.566,24.689,356585000.0,0.0,29.75,0.955,0.957,324224000.0,441600000.0,2010483000.0,2010483000.0,0.0,0.054,0.15,0.103,0.064,4169000.0,437614000.0,1.0,64539816.0,64660000,68136000.0,31.093,1355121000.0,0.0,28898000.0,0.0,20.958,446273000.0
57,HAR,MRT,2002-09-30,2002-09-30,2002-09-30,2019-02-12,-51577000.0,1466206000.0,1361150000.0,837426000.0,628780000.0,1.409,8.083,-102078000.0,66443000.0,66443000.0,1381663000.0,62284000.0,2.099,1.793,494306000.0,2742000.0,491564000.0,494306000.0,0.0,79724000.0,0.0,0.002,0.05,108497000.0,188221000.0,0.098,188221000.0,108497000.0,86274000.0,0.96,0.92,0.96,525043000.0,489565000.0,525043000.0,2039743653.0,19.0,10.837,59535000.0,0.917,1.0,536275000.0,0.28,199202000.0,22223000.0,1295883000.0,1153240250.0,354815000.0,0.0,0.0,0.0,941163000.0,398984000.0,542179000.0,1681317653.0,57726000.0,-35512000.0,-11002000.0,47890000.0,-3238000.0,41868000.0,-148260000.0,0.0,161613000.0,2505000.0,62284000.0,62284000.0,62284000.0,0.0,0.0,0.032,426399000.0,109876000.0,157426000.0,0.052,3.202,26.994,26.953,332391000.0,0.0,25.875,0.877,0.876,327229000.0,414801000.0,1917938000.0,1917938000.0,0.0,0.046,0.127,0.094,0.057,4169000.0,426399000.0,1.0,64978460.0,64956000,67964000.0,29.527,1267004000.0,0.0,23990000.0,0.0,19.506,438442000.0
58,HAR,MRT,2002-06-30,2002-06-30,2002-06-30,2019-02-12,-49092000.0,1480280000.0,1297522000.0,876763000.0,603517000.0,1.407,8.162,-104527000.0,116253000.0,116253000.0,1326317000.0,57513000.0,2.023,1.811,474679000.0,4255000.0,470424000.0,474679000.0,0.0,78084000.0,0.0,0.002,0.05,102521000.0,180605000.0,0.099,180605000.0,102521000.0,80115000.0,0.89,0.85,0.89,526629000.0,469256500.0,526629000.0,1986401043.0,19.0,10.999,85844000.0,1.33,1.0,499871000.0,0.274,199239000.0,22406000.0,1205996000.0,1090833250.0,329935000.0,0.0,0.0,0.0,953651000.0,433471000.0,520180000.0,1600018043.0,113505000.0,-35512000.0,-3667000.0,71319000.0,-3227000.0,72913000.0,-152358000.0,0.0,190371000.0,2579000.0,57513000.0,57513000.0,57513000.0,0.0,0.0,0.031,396650000.0,103221000.0,193110000.0,0.056,3.038,27.82,27.669,325812000.0,0.0,24.625,0.876,0.87,335019000.0,405811000.0,1826188000.0,1826188000.0,0.0,0.044,0.123,0.094,0.056,4169000.0,396650000.0,1.0,64975352.0,64522000,67806000.0,28.303,1281041000.0,0.0,22602000.0,0.0,19.854,443292000.0
59,HAR,MRT,2002-03-31,2002-03-31,2002-03-31,2019-02-12,-82813000.0,1300655000.0,1217298250.0,801119000.0,499536000.0,1.456,7.118,-117118000.0,84430000.0,84430000.0,1297457000.0,50766000.0,2.442,1.826,470813000.0,11415000.0,459398000.0,470813000.0,0.0,69812000.0,0.0,0.002,0.05,95009000.0,164821000.0,0.093,164821000.0,95009000.0,70980000.0,0.79,0.755,0.79,460301000.0,443334750.0,460301000.0,1990150826.0,21.0,12.075,37453000.0,0.579,1.0,475031000.0,0.268,155462000.0,24029000.0,1203531000.0,1047580250.0,326907000.0,0.0,0.0,0.0,840354000.0,328045000.0,512309000.0,1594564826.0,78131000.0,-2778000.0,-1328000.0,44629000.0,-3214000.0,43891000.0,-120144000.0,0.0,154571000.0,-187000.0,50766000.0,50766000.0,50766000.0,0.0,0.0,0.029,378154000.0,96877000.0,134691000.0,0.063,3.464,31.41,31.234,283545000.0,0.0,24.675,0.9,0.9,317253000.0,380520000.0,1772488000.0,1772488000.0,0.0,0.042,0.115,0.091,0.054,1008000.0,378154000.0,1.0,64622688.0,64666000,67878000.0,27.41,1145193000.0,0.0,20214000.0,0.0,17.709,473074000.0
60,HAR,MRT,2001-12-31,2001-12-30,2001-12-30,2019-02-12,-81165000.0,1197459000.0,1184444250.0,719672000.0,477787000.0,1.477,6.948,-108875000.0,5301000.0,5301000.0,1301945000.0,17726000.0,1.33,1.683,400887000.0,238721000.0,162166000.0,400887000.0,0.0,68647000.0,0.0,0.002,0.05,49650000.0,118297000.0,0.068,118297000.0,49650000.0,24445000.0,0.285,0.27,0.285,446287000.0,430680000.0,446287000.0,1873162983.0,38.0,15.834,23885000.0,0.372,1.0,447891000.0,0.256,144468000.0,25205000.0,907551000.0,1027940250.0,335061000.0,0.0,0.0,0.0,751172000.0,541026000.0,210146000.0,1480571983.0,-2113000.0,-5788000.0,-2367000.0,-29369000.0,-3206000.0,-31143000.0,-103555000.0,0.0,132760000.0,-175000.0,17726000.0,17726000.0,17726000.0,0.0,0.0,0.01,396604000.0,51287000.0,121752000.0,0.175,3.318,83.525,81.175,274623000.0,0.0,23.135,0.846,0.849,310717000.0,366681000.0,1749836000.0,1749836000.0,0.0,0.015,0.041,0.048,0.028,1008000.0,396604000.0,1.0,63997060.0,64232000,67050000.0,27.242,1052991000.0,0.0,6719000.0,0.0,16.394,178646000.0
61,HAR,MRT,2001-09-30,2001-09-30,2001-09-30,2019-02-12,-72110000.0,1211694000.0,1192730500.0,729300000.0,482394000.0,1.443,6.918,-118334000.0,8717000.0,8717000.0,1278534000.0,30150000.0,1.781,1.73,401308000.0,91882000.0,309426000.0,401308000.0,0.0,67741000.0,0.0,0.003,0.05,67256000.0,134997000.0,0.078,134997000.0,67256000.0,41944000.0,0.475,0.455,0.475,443809000.0,430755750.0,443809000.0,1440820875.0,21.0,10.673,-10102000.0,-0.157,1.0,442046000.0,0.257,148552000.0,25312000.0,1046255000.0,1093469750.0,342020000.0,0.0,0.0,0.0,767885000.0,409478000.0,358407000.0,1074808875.0,3976000.0,0.0,-16174000.0,11481000.0,-3206000.0,-3830000.0,-100600000.0,12259000.0,108232000.0,174000.0,30150000.0,30150000.0,30150000.0,0.0,0.0,0.018,373617000.0,68429000.0,156625000.0,0.105,2.422,35.649,35.263,281042000.0,0.0,16.75,0.625,0.625,305871000.0,355755000.0,1720580000.0,1720580000.0,0.0,0.025,0.07,0.062,0.039,1008000.0,373617000.0,1.0,64167694.0,64152000,67310000.0,26.82,1063142000.0,0.0,11794000.0,0.0,16.572,319822000.0
62,HAR,MRT,2001-06-30,2001-06-30,2001-06-30,2019-02-12,-89503000.0,1159385000.0,1175615000.0,705871000.0,453514000.0,1.46,6.548,-105764000.0,2748000.0,2748000.0,1268512000.0,32364000.0,2.033,1.741,368760000.0,24938000.0,343822000.0,368760000.0,0.0,67201000.0,0.0,0.003,0.05,70017000.0,137218000.0,0.08,137218000.0,70017000.0,45067000.0,0.5,0.48,0.5,422942000.0,425432750.0,422942000.0,1639017600.0,23.0,11.945,-51821000.0,-0.802,1.0,448035000.0,0.261,145258000.0,24950000.0,1032984000.0,1089872000.0,317500000.0,0.0,0.0,0.0,736443000.0,347155000.0,389288000.0,1219642600.0,-1617000.0,0.0,-66968000.0,100639000.0,-3222000.0,34248000.0,-89265000.0,12259000.0,53943000.0,-543000.0,32364000.0,32364000.0,32364000.0,0.0,0.0,0.019,376807000.0,71228000.0,151478000.0,0.1,2.884,37.685,38.09,264136000.0,0.0,19.045,0.711,0.717,312817000.0,351525000.0,1716547000.0,1716547000.0,0.0,0.028,0.076,0.064,0.041,1008000.0,376807000.0,1.0,64040042.0,64592000,67474000.0,26.575,1014127000.0,0.0,12703000.0,0.0,15.701,358716000.0
63,HAR,MRT,2001-03-31,2001-03-31,2001-03-31,2019-02-12,-82392000.0,1169239000.0,1176365000.0,726774000.0,442465000.0,1.458,6.401,-99423000.0,6299000.0,6299000.0,1265151000.0,36327000.0,2.326,1.854,425674000.0,12992000.0,412682000.0,425674000.0,0.0,71445000.0,0.0,0.004,0.05,72937000.0,144382000.0,0.084,144382000.0,72937000.0,50460000.0,0.545,0.525,0.545,409682000.0,425432750.0,409682000.0,1249801493.0,17.0,8.656,-45844000.0,-0.716,1.0,450068000.0,0.262,151147000.0,22477000.0,1124971000.0,1089872000.0,349856000.0,0.0,0.0,0.0,759557000.0,312496000.0,447061000.0,818838493.0,-7000.0,0.0,-67299000.0,104738000.0,-3281000.0,34158000.0,-87107000.0,13578000.0,53579000.0,-637000.0,36327000.0,36327000.0,36327000.0,0.0,0.0,0.021,377716000.0,72352000.0,117404000.0,0.092,1.999,22.541,23.477,250588000.0,0.0,12.795,0.477,0.477,310556000.0,332963000.0,1715219000.0,1715219000.0,0.0,0.031,0.085,0.067,0.043,137000.0,377716000.0,1.0,63996756.0,64006000,66580000.0,26.798,1018092000.0,0.0,14133000.0,0.0,15.906,414278000.0
64,HAR,MRT,2000-12-31,2000-12-31,2000-12-31,2019-02-12,-63903000.0,1230604000.0,1164935500.0,765307000.0,465297000.0,1.462,6.95,-92575000.0,7414000.0,7414000.0,1225587000.0,77036000.0,2.309,1.756,438377000.0,21878000.0,416499000.0,438377000.0,0.0,69860000.0,0.0,0.003,0.05,127947000.0,197807000.0,0.116,197807000.0,127947000.0,107802000.0,1.15,1.11,1.15,446590000.0,441365250.0,446590000.0,1548391876.0,12.0,7.828,859000.0,0.013,1.0,477905000.0,0.281,160420000.0,20145000.0,1169669000.0,1050143750.0,368636000.0,0.0,0.0,0.0,784014000.0,331478000.0,452536000.0,1173767876.0,308000.0,-37992000.0,-73520000.0,112901000.0,-3334000.0,36047000.0,-128318000.0,8944000.0,93434000.0,-855000.0,77036000.0,77036000.0,77036000.0,0.0,0.0,0.045,350228000.0,127677000.0,136055000.0,0.043,2.628,15.237,15.87,265798000.0,0.0,18.25,0.689,0.688,322938000.0,352161000.0,1703492000.0,1703492000.0,0.0,0.066,0.175,0.122,0.075,137000.0,350228000.0,1.0,64316048.0,64260000,67528000.0,26.509,1070184000.0,0.0,30766000.0,0.0,16.654,433829000.0
65,HAR,MRT,2000-09-30,2000-09-30,2000-09-30,2019-02-12,-77825000.0,1143232000.0,1131205500.0,693991000.0,449241000.0,1.517,6.399,-90792000.0,4741000.0,4741000.0,1233339000.0,75189000.0,2.115,1.706,379365000.0,20759000.0,358606000.0,379365000.0,0.0,68706000.0,0.0,0.003,0.05,125485000.0,194191000.0,0.113,194191000.0,125485000.0,105878000.0,1.1,1.07,1.1,422517000.0,446121500.0,422517000.0,1541267752.0,12.0,7.937,70086000.0,1.061,1.0,482803000.0,0.281,157836000.0,19607000.0,1031864000.0,1001383750.0,316136000.0,0.0,0.0,0.0,720715000.0,328156000.0,392559000.0,1268308752.0,-6988000.0,-49683000.0,-63944000.0,48889000.0,-3388000.0,-18443000.0,-147981000.0,-645000.0,160878000.0,-1442000.0,75189000.0,75189000.0,75189000.0,0.0,0.0,0.044,357255000.0,125548000.0,143000000.0,0.045,3.002,16.868,17.773,245016000.0,0.0,19.55,0.739,0.752,309858000.0,328811000.0,1716142000.0,1716142000.0,0.0,0.066,0.169,0.125,0.073,137000.0,357255000.0,1.0,64875128.0,66032000,68924000.0,25.99,985396000.0,0.0,30689000.0,0.0,14.923,365835000.0
66,HAR,MRT,2000-06-30,2000-06-30,2000-06-30,2019-02-12,-89503000.0,1162385000.0,1116388250.0,708871000.0,453514000.0,1.503,6.138,-80355000.0,2748000.0,2748000.0,1208603000.0,72838000.0,2.024,1.748,368760000.0,24938000.0,343822000.0,368760000.0,0.0,64618000.0,0.0,0.003,0.05,121268000.0,185886000.0,0.111,185886000.0,121268000.0,102761000.0,1.055,1.03,1.055,422942000.0,455070750.0,422942000.0,1361250299.0,11.0,7.323,114210000.0,1.658,1.0,469336000.0,0.28,145258000.0,18507000.0,1032984000.0,998587750.0,317500000.0,0.0,0.0,0.0,739443000.0,350155000.0,389288000.0,1042177299.0,1402000.0,-49683000.0,-34139000.0,-25068000.0,-3444000.0,-62651000.0,-129943000.0,-645000.0,194565000.0,-569000.0,72838000.0,72838000.0,72838000.0,0.0,0.0,0.043,347614000.0,121722000.0,151478000.0,0.047,2.464,14.308,14.46,264136000.0,0.0,15.255,0.621,0.626,315817000.0,351525000.0,1677939000.0,1677939000.0,0.0,0.065,0.16,0.121,0.072,137000.0,347614000.0,1.0,68317096.0,68904000,70600000.0,24.352,1017127000.0,0.0,29923000.0,0.0,14.762,358716000.0
67,HAR,MRT,2000-03-31,2000-03-31,2000-03-31,2019-02-12,-52777000.0,1123521000.0,1092230750.0,675331000.0,448190000.0,1.514,6.895,-62613000.0,6306000.0,6306000.0,1181842000.0,70495000.0,2.153,1.373,325379000.0,19107000.0,306272000.0,325379000.0,0.0,66697000.0,0.0,0.003,0.05,118538000.0,185235000.0,0.112,185235000.0,118538000.0,98984000.0,1.015,0.995,1.015,473412000.0,466382000.0,473412000.0,1353782940.0,11.0,7.308,157602000.0,2.295,1.0,471505000.0,0.285,162937000.0,19554000.0,966058000.0,977022250.0,303604000.0,0.0,0.0,0.0,650109000.0,313599000.0,336510000.0,1030418940.0,954000.0,-49683000.0,-29155000.0,-83284000.0,-3477000.0,-115916000.0,-103034000.0,2676000.0,220215000.0,-311000.0,70495000.0,70495000.0,70495000.0,0.0,0.0,0.043,351469000.0,120036000.0,133120000.0,0.049,2.177,14.617,14.778,244502000.0,0.0,15.0,0.623,0.623,317777000.0,299917000.0,1653347000.0,1653347000.0,0.0,0.065,0.151,0.121,0.072,59000.0,351469000.0,1.0,68694596.0,68664000,70928000.0,24.079,960584000.0,0.0,28489000.0,0.0,13.99,361732000.0
68,HAR,MRT,1999-12-31,1999-12-31,1999-12-31,2019-02-12,-44558000.0,1095684000.0,1093796250.0,665823000.0,429861000.0,1.467,6.77,-68433000.0,7106000.0,7106000.0,1152033000.0,60995000.0,2.274,1.353,330470000.0,24232000.0,306238000.0,330470000.0,0.0,64341000.0,0.0,0.004,0.05,106966000.0,171307000.0,0.107,171307000.0,106966000.0,85605000.0,0.87,0.86,0.87,465615000.0,463596000.0,465615000.0,1311642669.0,12.0,7.657,153369000.0,2.23,1.0,452287000.0,0.282,151664000.0,21361000.0,974629000.0,1018074000.0,287156000.0,0.0,0.0,0.0,630069000.0,292755000.0,337314000.0,968888669.0,-640000.0,-12259000.0,-23715000.0,-115557000.0,-3503000.0,-142775000.0,-79774000.0,-8930000.0,221802000.0,107000.0,60995000.0,60995000.0,60995000.0,0.0,0.0,0.038,344715000.0,107572000.0,127377000.0,0.057,2.081,15.885,16.129,236976000.0,0.0,14.033,0.604,0.602,313892000.0,278459000.0,1604320000.0,1604320000.0,0.0,0.056,0.132,0.105,0.067,59000.0,344715000.0,1.0,69046048.0,68772000,69896000.0,23.328,944020000.0,0.0,24610000.0,0.0,13.727,373068000.0
69,HAR,MRT,1999-09-30,1999-09-30,1999-09-30,2019-02-12,-34034000.0,1083963000.0,1108491250.0,669981000.0,413982000.0,1.39,6.555,-55199000.0,11729000.0,11729000.0,1130769000.0,8126000.0,2.548,1.365,354483000.0,23282000.0,331201000.0,354483000.0,0.0,65197000.0,0.0,0.005,0.05,31554000.0,96751000.0,0.063,96751000.0,31554000.0,9216000.0,0.113,0.108,0.113,458314000.0,462786250.0,458314000.0,1034488191.0,33.0,10.692,115610000.0,1.654,1.0,410243000.0,0.266,143077000.0,22338000.0,1020680000.0,1067979750.0,296180000.0,0.0,0.0,0.0,625649000.0,262960000.0,362689000.0,725876191.0,6408000.0,-568000.0,-32931000.0,-71806000.0,-3530000.0,-108267000.0,-56640000.0,-11600000.0,170809000.0,506000.0,8126000.0,8126000.0,8126000.0,0.0,0.0,0.005,377592000.0,32651000.0,110128000.0,0.442,1.584,89.328,93.053,231131000.0,0.0,10.515,0.471,0.477,303613000.0,257010000.0,1541012000.0,1541012000.0,0.0,0.007,0.018,0.03,0.02,59000.0,340528000.0,1.0,69032448.0,69916000,70792000.0,22.041,940886000.0,0.0,1090000.0,0.0,13.457,407021000.0
70,HAR,MRT,1999-06-30,1999-06-30,1999-06-30,2019-02-12,-41885000.0,1065755000.0,1133796250.0,646609000.0,419146000.0,1.323,6.54,-67830000.0,2963000.0,2963000.0,1102400000.0,11723000.0,2.254,1.276,311575000.0,31161000.0,280414000.0,311575000.0,0.0,66780000.0,0.0,0.005,0.05,38070000.0,104850000.0,0.07,104850000.0,38070000.0,14429000.0,0.165,0.16,0.165,468187000.0,475221500.0,468187000.0,1190243652.0,31.0,11.352,58350000.0,0.815,1.0,397735000.0,0.265,140824000.0,23641000.0,946722000.0,1092544500.0,280115000.0,0.0,0.0,0.0,597568000.0,286821000.0,310747000.0,779551652.0,-13241000.0,-568000.0,-31498000.0,-26319000.0,-3589000.0,-61406000.0,-78274000.0,-11600000.0,126180000.0,259000.0,11723000.0,11723000.0,11723000.0,0.0,0.0,0.008,359072000.0,38663000.0,120116000.0,0.303,1.665,66.498,66.667,241063000.0,0.0,11.0,0.52,0.525,303371000.0,252989000.0,1500135000.0,1500135000.0,0.0,0.01,0.025,0.035,0.025,59000.0,322008000.0,1.0,70868332.0,71588000,72244000.0,20.955,924931000.0,0.0,2706000.0,0.0,12.92,359788000.0
71,HAR,MRT,1999-03-31,1999-03-31,1999-03-31,2019-02-12,-25999000.0,1129783000.0,1150028500.0,709547000.0,420236000.0,1.276,6.528,-59663000.0,5352000.0,5352000.0,1097955000.0,5060000.0,2.815,1.444,416044000.0,31270000.0,384774000.0,416044000.0,0.0,62493000.0,0.0,0.005,0.05,28788000.0,91281000.0,0.062,91281000.0,28788000.0,4486000.0,0.055,0.05,0.055,462268000.0,486149500.0,462268000.0,1085317608.0,38.0,11.89,4049000.0,0.057,1.0,369468000.0,0.252,158190000.0,24302000.0,1130265000.0,1095644000.0,317682000.0,0.0,0.0,0.0,667515000.0,252020000.0,415495000.0,650610608.0,-7010000.0,-10591000.0,-32925000.0,-10683000.0,-3633000.0,-47241000.0,-22661000.0,-16240000.0,63712000.0,-820000.0,5060000.0,5060000.0,5060000.0,0.0,0.0,0.003,341571000.0,27897000.0,92986000.0,0.909,1.407,128.579,167.045,238598000.0,0.0,9.188,0.443,0.443,299550000.0,232899000.0,1467423000.0,1467423000.0,0.0,0.004,0.01,0.026,0.02,172000.0,304507000.0,1.0,70814760.0,70816000,71428000.0,20.722,971593000.0,0.0,-574000.0,0.0,13.72,457527000.0
72,HAR,MRT,1998-12-31,1998-12-31,1998-12-31,2019-02-12,-13961000.0,1154464000.0,1164310500.0,719419000.0,435045000.0,1.275,6.53,-55772000.0,7746000.0,7746000.0,1109993000.0,7296000.0,2.884,1.497,442453000.0,32392000.0,410061000.0,442453000.0,0.0,66023000.0,0.0,0.005,0.05,32492000.0,98515000.0,0.066,98515000.0,32492000.0,8243000.0,0.078,0.07,0.078,462376000.0,494903000.0,462376000.0,1083865016.0,33.0,11.002,-18219000.0,-0.257,1.0,374443000.0,0.252,165499000.0,24249000.0,1174252000.0,1095410500.0,332136000.0,0.0,0.0,0.0,692088000.0,249420000.0,442668000.0,674762016.0,-16313000.0,-32046000.0,-32625000.0,13217000.0,-3679000.0,-23087000.0,-29959000.0,0.0,37553000.0,-820000.0,7296000.0,7296000.0,7296000.0,0.0,0.0,0.005,341530000.0,32913000.0,92547000.0,0.641,1.459,92.484,122.212,245142000.0,0.0,9.533,0.455,0.455,302710000.0,220967000.0,1484436000.0,1484436000.0,0.0,0.006,0.015,0.03,0.022,172000.0,304466000.0,1.0,70785420.0,70804000,70804000.0,20.965,988965000.0,0.0,947000.0,0.0,13.968,469999000.0
73,HAR,MRT,1998-09-30,1998-09-30,1998-09-30,2019-02-12,-12569000.0,1185183000.0,1172821000.0,732380000.0,452803000.0,1.279,6.837,-62065000.0,5321000.0,5321000.0,1099127000.0,53810000.0,2.396,1.333,414424000.0,76883000.0,337541000.0,414424000.0,0.0,63450000.0,0.0,0.005,0.05,100191000.0,163641000.0,0.109,163641000.0,100191000.0,75645000.0,0.725,0.712,0.725,508055000.0,500408500.0,508055000.0,1001508575.0,10.0,6.12,-1543000.0,-0.021,1.0,400755000.0,0.267,169661000.0,24546000.0,1118939000.0,1076671000.0,344637000.0,0.0,0.0,0.0,677128000.0,305686000.0,371442000.0,684072575.0,-3162000.0,-54678000.0,-17611000.0,16249000.0,-3723000.0,-5085000.0,-57779000.0,0.0,60522000.0,-820000.0,53810000.0,53810000.0,53810000.0,0.0,0.0,0.036,300630000.0,100125000.0,104226000.0,0.069,1.346,12.713,12.652,259213000.0,0.0,9.172,0.456,0.454,299607000.0,252414000.0,1499882000.0,1499882000.0,0.0,0.046,0.108,0.093,0.067,172000.0,300630000.0,1.0,74578640.0,74312000,74952000.0,20.184,1015522000.0,0.0,21835000.0,0.0,13.666,426694000.0
74,HAR,MRT,1998-06-30,1998-06-30,1998-06-30,2019-02-12,-21478000.0,1130684000.0,1072469000.0,695203000.0,435481000.0,1.411,6.89,-57528000.0,16204000.0,16204000.0,1107229000.0,50243000.0,2.124,1.209,333640000.0,74031000.0,259609000.0,333640000.0,0.0,62514000.0,0.0,0.005,0.05,96979000.0,159493000.0,0.105,159493000.0,96979000.0,72094000.0,0.677,0.667,0.677,511899000.0,489330500.0,511899000.0,1125455347.0,12.0,7.056,25162000.0,0.339,1.0,406026000.0,0.268,161712000.0,24885000.0,959120000.0,957220000.0,307189000.0,0.0,0.0,0.0,618785000.0,327288000.0,291497000.0,717140347.0,11974000.0,-98210000.0,3675000.0,24312000.0,-3715000.0,24272000.0,-94168000.0,0.0,82690000.0,-820000.0,50243000.0,50243000.0,50243000.0,0.0,0.0,0.033,305701000.0,100325000.0,113367000.0,0.074,1.401,14.273,14.217,248368000.0,0.0,9.625,0.474,0.473,299881000.0,244855000.0,1513255000.0,1513255000.0,0.0,0.047,0.103,0.101,0.064,172000.0,305701000.0,1.0,74508088.0,74296000,75376000.0,20.368,968972000.0,0.0,21851000.0,0.0,13.042,367915000.0
75,HAR,MRT,1998-03-31,1998-03-31,1998-03-31,2019-02-12,-22311000.0,1186911000.0,,752507000.0,434404000.0,,6.677,-62768000.0,12362000.0,12362000.0,1086531000.0,53312000.0,2.521,1.387,420677000.0,60926000.0,359751000.0,420677000.0,0.0,60683000.0,0.0,0.005,0.05,101964000.0,162647000.0,0.108,162647000.0,101964000.0,78001000.0,0.72,0.705,0.72,497282000.0,,497282000.0,1212777496.0,12.0,7.457,13727000.0,0.184,1.0,414251000.0,0.276,167357000.0,23963000.0,1129331000.0,,324075000.0,0.0,0.0,0.0,689629000.0,298538000.0,391091000.0,819215496.0,7411000.0,-88187000.0,3506000.0,86746000.0,-3706000.0,86546000.0,-155630000.0,0.0,76495000.0,0.0,53312000.0,53312000.0,53312000.0,0.0,0.0,0.036,307499000.0,106752000.0,103540000.0,0.069,1.647,15.366,15.278,240457000.0,0.0,11.0,0.546,0.546,310286000.0,231472000.0,1500782000.0,1500782000.0,0.0,,,,0.068,522000.0,307499000.0,1.0,74474136.0,74476000,75388000.0,20.151,1019554000.0,0.0,24689000.0,0.0,13.69,453969000.0
76,HAR,MRT,1997-12-31,1997-12-31,1997-12-31,2019-02-12,-20775000.0,1188506000.0,,753381000.0,435125000.0,,6.52,-64480000.0,24059000.0,24059000.0,1059148000.0,48583000.0,2.398,1.454,417621000.0,58929000.0,358692000.0,417621000.0,0.0,56669000.0,0.0,0.005,0.05,94132000.0,150801000.0,0.103,150801000.0,94132000.0,70763000.0,0.657,0.643,0.657,484398000.0,,484398000.0,,,,3353000.0,0.045,1.0,407857000.0,0.278,168606000.0,23369000.0,1099294000.0,,356752000.0,0.0,0.0,0.0,704108000.0,314168000.0,389940000.0,795942329.0,15468000.0,-66164000.0,-7605000.0,89456000.0,-3698000.0,78153000.0,-130518000.0,0.0,67833000.0,0.0,48583000.0,48583000.0,48583000.0,0.0,0.0,0.033,309813000.0,98044000.0,101660000.0,0.076,1.643,16.383,16.267,241928000.0,0.0,10.688,0.543,0.541,310069000.0,217350000.0,1467005000.0,1467005000.0,0.0,,,,0.064,522000.0,309813000.0,1.0,74474136.0,74296000,75800000.0,19.745,1019900000.0,0.0,22180000.0,0.0,13.728,439213000.0
77,HAR,MRT,1997-09-30,1997-09-30,1997-09-30,2019-02-12,,,,,,,,,,,1050668000.0,52187000.0,,,,,,,,,,0.004,0.05,99172000.0,,,,99172000.0,75418000.0,0.705,0.688,0.705,,,,,,,,,1.0,414692000.0,0.283,,23754000.0,,,,,,,,,,,,,,,,,,,,,52187000.0,52187000.0,52187000.0,0.0,0.0,0.036,311699000.0,102993000.0,,0.071,,,17.777,,0.0,12.533,,0.633,,,1465360000.0,1465360000.0,0.0,,,,0.068,,311699000.0,1.0,,73996000,75124000.0,19.803,,,23231000.0,,,
78,HAR,MRT,1997-06-30,1997-06-30,1997-06-30,2019-02-12,-16240000.0,1014254000.0,,679299000.0,334955000.0,,6.29,-62417000.0,4230000.0,4230000.0,1053614000.0,54832000.0,2.704,1.173,306150000.0,39757000.0,266393000.0,306150000.0,0.0,54186000.0,0.0,0.005,0.05,101434000.0,155620000.0,0.106,155620000.0,101434000.0,77794000.0,0.74,0.725,0.74,466762000.0,,466762000.0,,,,2208000.0,0.03,1.0,420480000.0,0.285,109606000.0,23640000.0,955320000.0,,320102000.0,0.0,0.0,0.0,547492000.0,251248000.0,296244000.0,,3927000.0,0.0,-10026000.0,12093000.0,-3709000.0,-1642000.0,-59056000.0,0.0,64625000.0,0.0,54832000.0,54832000.0,54832000.0,0.0,0.0,0.037,318507000.0,101973000.0,104121000.0,0.068,,,14.233,207947000.0,0.0,10.533,,0.53,306230000.0,198327000.0,1474094000.0,1474094000.0,0.0,,,,0.069,522000.0,318507000.0,1.0,,74208000,75576000.0,19.864,904648000.0,0.0,22962000.0,0.0,12.191,428051000.0
79,HAR,MRT,1997-03-31,1997-03-31,1997-03-31,2019-02-12,,,,,,,,,,,,,,,,,,,,,,0.006,0.05,,,,,,,,,,,,,,,,,,1.0,,,,,,,,,,,,,,,,,,,,,,,,,,,,,,,,,,,,,,,,8.375,,,,,,,,,,,,,,1.0,,73872000,,,,,,,,
80,HAR,MRT,1996-12-31,1996-12-31,1996-12-31,2019-02-12,,,,,,,,,,,,,,,,,,,,,,0.004,0.05,,,,,,,,,,,,,,,,,,1.0,,,,,,,,,,,,,,,,,,,,,,,,,,,,,,,,,,,,,,,,13.905,,,,,,,,,,,,,,1.0,,74608000,,,,,,,,
81,HAR,MRT,1996-06-30,1996-06-30,1996-06-30,2019-02-12,,,,,,,,-80528000.0,,,953470000.0,52042000.0,,,,,,,,52012000.0,,0.004,0.05,103302000.0,155314000.0,0.114,155314000.0,103302000.0,75792000.0,0.79,0.772,0.79,,,,,,,-99303000.0,-1.507,1.0,408125000.0,0.3,,27510000.0,,,,,,,,,,,-10949000.0,-18650000.0,111538000.0,-15115000.0,-3210000.0,93213000.0,-85387000.0,0.0,-18775000.0,0.0,52042000.0,52042000.0,52042000.0,0.0,0.0,0.038,302747000.0,105378000.0,,0.063,,,15.348,,0.0,12.125,,0.587,,,1361595000.0,1361595000.0,0.0,,,,0.076,1110000.0,302747000.0,,,65896000,67460000.0,20.663,,,23750000.0,,,
