None,ticker,dimension,calendardate,datekey,reportperiod,lastupdated,accoci,assets,assetsavg,assetsc,assetsnc,assetturnover,bvps,capex,cashneq,cashnequsd,cor,consolinc,currentratio,de,debt,debtc,debtnc,debtusd,deferredrev,depamor,deposits,divyield,dps,ebit,ebitda,ebitdamargin,ebitdausd,ebitusd,ebt,eps,epsdil,epsusd,equity,equityavg,equityusd,ev,evebit,evebitda,fcf,fcfps,fxusd,gp,grossmargin,intangibles,intexp,invcap,invcapavg,inventory,investments,investmentsc,investmentsnc,liabilities,liabilitiesc,liabilitiesnc,marketcap,ncf,ncfbus,ncfcommon,ncfdebt,ncfdiv,ncff,ncfi,ncfinv,ncfo,ncfx,netinc,netinccmn,netinccmnusd,netincdis,netincnci,netmargin,opex,opinc,payables,payoutratio,pb,pe,pe1,ppnenet,prefdivis,price,ps,ps1,receivables,retearn,revenue,revenueusd,rnd,roa,roe,roic,ros,sbcomp,sgna,sharefactor,sharesbas,shareswa,shareswadil,sps,tangibles,taxassets,taxexp,taxliabilities,tbvps,workingcapital
0,AMGN,MRY,2020-12-31,2020-12-31,2020-12-31,2021-08-04,-985000000.0,62948000000.0,63566250000.0,21144000000.0,41804000000.0,0.4,16.056,-608000000.0,6266000000.0,6266000000.0,6159000000.0,7264000000.0,1.814,5.69,32986000000.0,91000000.0,32895000000.0,32986000000.0,0.0,3601000000.0,0.0,0.028,6.4,9395000000.0,12996000000.0,0.511,12996000000.0,9395000000.0,8133000000.0,12.4,12.31,12.4,9409000000.0,10128000000.0,9409000000.0,159052207271.0,17.0,12.239,9889000000.0,16.875,1.0,19265000000.0,0.758,31276000000.0,1262000000.0,46739000000.0,45575750000.0,3893000000.0,4381000000.0,4381000000.0,0.0,53539000000.0,11653000000.0,41886000000.0,133852207271.0,229000000.0,0.0,-3486000000.0,2464000000.0,-3755000000.0,-4867000000.0,-5401000000.0,-4718000000.0,10497000000.0,0.0,7264000000.0,7264000000.0,7264000000.0,0.0,0.0,0.286,10126000000.0,9139000000.0,1421000000.0,0.516,14.226,18.427,18.542,4889000000.0,0.0,229.92,5.265,5.299,4525000000.0,-21408000000.0,25424000000.0,25424000000.0,4207000000.0,0.114,0.717,0.206,0.37,330000000.0,5730000000.0,1.0,582168612.0,586000000,590000000.0,43.386,31672000000.0,0.0,869000000.0,6968000000.0,54.048,9491000000.0
1,AMGN,MRY,2019-12-31,2019-12-31,2019-12-31,2021-08-04,-528000000.0,59707000000.0,60653000000.0,18440000000.0,41267000000.0,0.385,15.988,-618000000.0,6037000000.0,6037000000.0,4356000000.0,7842000000.0,1.437,5.173,29903000000.0,2953000000.0,26950000000.0,29903000000.0,0.0,2206000000.0,0.0,0.024,5.8,10427000000.0,12633000000.0,0.541,12633000000.0,10427000000.0,9138000000.0,12.96,12.88,12.96,9673000000.0,10556500000.0,9673000000.0,161615826229.0,15.0,12.793,8532000000.0,14.102,1.0,19006000000.0,0.814,34116000000.0,1289000000.0,36622000000.0,47467000000.0,3584000000.0,2874000000.0,2874000000.0,0.0,50034000000.0,12835000000.0,37199000000.0,143239826229.0,-908000000.0,-13617000000.0,-7702000000.0,-4514000000.0,-3509000000.0,-15767000000.0,5709000000.0,19972000000.0,9150000000.0,0.0,7842000000.0,7842000000.0,7842000000.0,0.0,0.0,0.336,9332000000.0,9674000000.0,1371000000.0,0.448,14.808,18.266,18.601,4928000000.0,0.0,241.07,6.131,6.243,4057000000.0,-21330000000.0,23362000000.0,23362000000.0,4116000000.0,0.129,0.743,0.22,0.446,308000000.0,5150000000.0,1.0,594183541.0,605000000,609000000.0,38.615,25591000000.0,0.0,1296000000.0,8037000000.0,42.299,5605000000.0
2,AMGN,MRY,2018-12-31,2018-12-31,2018-12-31,2021-08-04,-769000000.0,66416000000.0,68149250000.0,37618000000.0,28798000000.0,0.348,18.911,-738000000.0,6945000000.0,6945000000.0,4101000000.0,8394000000.0,2.789,4.313,33929000000.0,4419000000.0,29510000000.0,33929000000.0,0.0,1946000000.0,0.0,0.027,5.28,10937000000.0,12883000000.0,0.543,12883000000.0,10937000000.0,9545000000.0,12.7,12.62,12.7,12500000000.0,14344500000.0,12500000000.0,146518470229.0,13.0,11.373,10558000000.0,15.973,1.0,19646000000.0,0.827,22142000000.0,1392000000.0,57770000000.0,58322250000.0,2940000000.0,22359000000.0,22359000000.0,0.0,53916000000.0,13488000000.0,40428000000.0,124047470229.0,3145000000.0,195000000.0,-17794000000.0,-1121000000.0,-3507000000.0,-22490000000.0,14339000000.0,14987000000.0,11296000000.0,0.0,8394000000.0,8394000000.0,8394000000.0,0.0,0.0,0.353,9383000000.0,10263000000.0,1207000000.0,0.416,9.924,14.778,15.328,4958000000.0,0.0,194.67,5.224,5.419,3580000000.0,-17977000000.0,23747000000.0,23747000000.0,3737000000.0,0.123,0.585,0.188,0.461,311000000.0,5332000000.0,1.0,637219244.0,661000000,665000000.0,35.926,44274000000.0,0.0,1151000000.0,9634000000.0,66.98,24130000000.0
3,AMGN,MRY,2017-12-31,2017-12-31,2017-12-31,2021-08-04,-679000000.0,79954000000.0,79433500000.0,49476000000.0,30478000000.0,0.288,34.529,-664000000.0,3800000000.0,3800000000.0,4069000000.0,1979000000.0,5.485,2.168,35342000000.0,1152000000.0,34190000000.0,35342000000.0,0.0,1955000000.0,0.0,0.026,4.6,10901000000.0,12856000000.0,0.563,12856000000.0,10901000000.0,9597000000.0,2.71,2.69,2.71,25241000000.0,29957250000.0,25241000000.0,159011848992.0,15.0,12.369,10513000000.0,14.382,1.0,18780000000.0,0.822,23370000000.0,1304000000.0,79106000000.0,78410750000.0,2834000000.0,37878000000.0,37878000000.0,0.0,54713000000.0,9020000000.0,45693000000.0,126235848992.0,559000000.0,-19000000.0,-3160000000.0,71000000.0,-3365000000.0,-6594000000.0,-4024000000.0,-3193000000.0,11177000000.0,0.0,1979000000.0,1979000000.0,1979000000.0,0.0,0.0,0.087,8807000000.0,9973000000.0,1352000000.0,1.697,5.001,63.788,64.17,4989000000.0,0.0,173.9,5.525,5.564,3237000000.0,-5072000000.0,22849000000.0,22849000000.0,3562000000.0,0.025,0.066,0.139,0.477,329000000.0,4870000000.0,1.0,725910575.0,731000000,735000000.0,31.257,56584000000.0,0.0,7618000000.0,10265000000.0,77.406,40456000000.0
4,AMGN,MRY,2016-12-31,2016-12-31,2016-12-31,2021-08-04,-471000000.0,77626000000.0,76590750000.0,46010000000.0,31616000000.0,0.3,39.94,-738000000.0,3241000000.0,3241000000.0,4162000000.0,7722000000.0,4.107,1.598,34596000000.0,4403000000.0,30193000000.0,34596000000.0,0.0,2105000000.0,0.0,0.027,4.0,10423000000.0,12528000000.0,0.545,12528000000.0,10423000000.0,9163000000.0,10.32,10.24,10.32,29875000000.0,29865750000.0,29875000000.0,140606904777.0,13.0,11.223,9616000000.0,12.856,1.0,18829000000.0,0.819,25030000000.0,1260000000.0,72747000000.0,71954750000.0,2745000000.0,34844000000.0,34844000000.0,0.0,47751000000.0,11204000000.0,36547000000.0,108768904777.0,-903000000.0,0.0,-2965000000.0,3593000000.0,-2998000000.0,-2599000000.0,-8658000000.0,-7677000000.0,10354000000.0,0.0,7722000000.0,7722000000.0,7722000000.0,0.0,0.0,0.336,9035000000.0,9794000000.0,917000000.0,0.388,3.641,14.086,14.168,4961000000.0,0.0,146.21,4.731,4.757,3165000000.0,-438000000.0,22991000000.0,22991000000.0,3840000000.0,0.101,0.259,0.145,0.453,311000000.0,5062000000.0,1.0,743922473.0,748000000,754000000.0,30.737,52596000000.0,0.0,1441000000.0,4855000000.0,70.316,34806000000.0
5,AMGN,MRY,2015-12-31,2015-12-31,2015-12-31,2021-08-04,-480000000.0,71449000000.0,70869750000.0,38515000000.0,32934000000.0,0.306,37.049,-320000000.0,4144000000.0,4144000000.0,4227000000.0,6939000000.0,4.445,1.544,31429000000.0,2247000000.0,29182000000.0,31429000000.0,0.0,2108000000.0,0.0,0.019,3.16,9073000000.0,11181000000.0,0.516,11181000000.0,9073000000.0,7978000000.0,9.15,9.06,9.15,28083000000.0,27510000000.0,28083000000.0,150985042488.0,17.0,13.504,9411000000.0,12.416,1.0,17435000000.0,0.805,26428000000.0,1095000000.0,63642000000.0,64866250000.0,2435000000.0,27238000000.0,27238000000.0,0.0,43366000000.0,8664000000.0,34702000000.0,122450042488.0,413000000.0,-359000000.0,-1867000000.0,1065000000.0,-2396000000.0,-3771000000.0,-5547000000.0,-4421000000.0,9731000000.0,0.0,6939000000.0,6939000000.0,6939000000.0,0.0,0.0,0.32,8965000000.0,8470000000.0,965000000.0,0.345,4.36,17.647,17.741,4907000000.0,0.0,162.33,5.653,5.68,2995000000.0,-2086000000.0,21662000000.0,21662000000.0,4070000000.0,0.098,0.252,0.14,0.419,322000000.0,4846000000.0,1.0,754327866.0,758000000,766000000.0,28.578,45021000000.0,0.0,1039000000.0,4212000000.0,59.394,29851000000.0
6,AMGN,MRY,2014-12-31,2014-12-31,2014-12-31,2021-08-04,-8000000.0,69009000000.0,69080500000.0,34713000000.0,34296000000.0,0.29,33.963,-715000000.0,3731000000.0,3731000000.0,4422000000.0,5158000000.0,4.953,1.677,30715000000.0,500000000.0,30215000000.0,30715000000.0,0.0,2092000000.0,0.0,0.015,2.44,6656000000.0,8748000000.0,0.436,8748000000.0,6656000000.0,5585000000.0,6.8,6.7,6.8,25778000000.0,24556500000.0,25778000000.0,150470124300.0,23.0,17.201,8237000000.0,10.852,1.0,15641000000.0,0.78,27481000000.0,1071000000.0,61504000000.0,61539250000.0,2647000000.0,23295000000.0,23295000000.0,0.0,43231000000.0,7008000000.0,36223000000.0,121167124300.0,-74000000.0,-165000000.0,48000000.0,-1129000000.0,-1851000000.0,-3274000000.0,-5752000000.0,-4449000000.0,8952000000.0,0.0,5158000000.0,5158000000.0,5158000000.0,0.0,0.0,0.257,9450000000.0,6191000000.0,995000000.0,0.359,4.7,23.491,23.425,5223000000.0,0.0,159.29,6.039,6.026,2546000000.0,-4624000000.0,20063000000.0,20063000000.0,4297000000.0,0.075,0.21,0.108,0.332,408000000.0,4699000000.0,1.0,760670000.0,759000000,770000000.0,26.433,41528000000.0,0.0,427000000.0,3461000000.0,54.714,27705000000.0
7,AMGN,MRY,2013-12-31,2013-12-31,2013-12-31,2021-08-04,-161000000.0,66125000000.0,56862000000.0,27367000000.0,38758000000.0,0.328,29.344,-673000000.0,3805000000.0,3805000000.0,3346000000.0,5081000000.0,3.444,1.993,32128000000.0,2505000000.0,29623000000.0,32128000000.0,0.0,1286000000.0,0.0,0.016,1.88,6287000000.0,7573000000.0,0.405,7573000000.0,6287000000.0,5265000000.0,6.75,6.64,6.75,22096000000.0,20977250000.0,22096000000.0,104938716554.0,17.0,13.857,5618000000.0,7.461,1.0,15330000000.0,0.821,28230000000.0,1022000000.0,58271000000.0,53523750000.0,3019000000.0,19008000000.0,15596000000.0,3412000000.0,44029000000.0,7947000000.0,36082000000.0,86030716554.0,548000000.0,-9434000000.0,-536000000.0,4683000000.0,-1415000000.0,2726000000.0,-8469000000.0,1728000000.0,6291000000.0,0.0,5081000000.0,5081000000.0,5081000000.0,0.0,0.0,0.272,9463000000.0,5867000000.0,787000000.0,0.279,3.893,16.932,16.901,5349000000.0,0.0,114.08,4.606,4.6,2697000000.0,-7634000000.0,18676000000.0,18676000000.0,4083000000.0,0.089,0.242,0.117,0.337,403000000.0,5184000000.0,1.0,754126197.0,753000000,765000000.0,24.802,37895000000.0,0.0,184000000.0,3498000000.0,50.325,19420000000.0
8,AMGN,MRY,2012-12-31,2012-12-31,2012-12-31,2021-08-04,146000000.0,54298000000.0,52805500000.0,31209000000.0,23089000000.0,0.327,24.594,-689000000.0,3257000000.0,3257000000.0,3199000000.0,4345000000.0,3.81,1.849,26529000000.0,2495000000.0,24034000000.0,26529000000.0,0.0,1088000000.0,0.0,0.017,1.44,6062000000.0,7150000000.0,0.414,7150000000.0,6062000000.0,5009000000.0,5.61,5.52,5.61,19060000000.0,19268750000.0,19060000000.0,86801023326.0,14.0,12.14,5193000000.0,6.701,1.0,14066000000.0,0.815,16630000000.0,1053000000.0,52749000000.0,48407250000.0,2744000000.0,20804000000.0,20804000000.0,0.0,35238000000.0,8191000000.0,27047000000.0,66146023326.0,-3689000000.0,-2390000000.0,-3319000000.0,4810000000.0,-1118000000.0,419000000.0,-9990000000.0,-6875000000.0,5882000000.0,0.0,4345000000.0,4345000000.0,4345000000.0,0.0,0.0,0.252,8489000000.0,5577000000.0,905000000.0,0.257,3.47,15.223,15.365,5326000000.0,0.0,86.2,3.831,3.869,2518000000.0,-10423000000.0,17265000000.0,17265000000.0,3380000000.0,0.082,0.225,0.125,0.351,362000000.0,4814000000.0,1.0,767355259.0,775000000,787000000.0,22.277,37668000000.0,0.0,664000000.0,0.0,48.604,23018000000.0
9,AMGN,MRY,2011-12-31,2011-12-31,2011-12-31,2021-08-04,171000000.0,48871000000.0,46071500000.0,27593000000.0,21278000000.0,0.338,21.027,-567000000.0,6946000000.0,6946000000.0,2708000000.0,3683000000.0,4.795,1.568,21428000000.0,84000000.0,21344000000.0,21428000000.0,0.0,1060000000.0,0.0,0.009,0.56,4760000000.0,5820000000.0,0.374,5820000000.0,4760000000.0,4150000000.0,4.07,4.04,4.07,19029000000.0,23295000000.0,19029000000.0,66656907898.0,14.0,11.453,4552000000.0,5.03,1.0,12874000000.0,0.826,14334000000.0,610000000.0,43265000000.0,37285500000.0,2484000000.0,13695000000.0,13695000000.0,0.0,29842000000.0,5754000000.0,24088000000.0,56282907898.0,3659000000.0,-701000000.0,-8073000000.0,7887000000.0,-500000000.0,-674000000.0,-786000000.0,437000000.0,5119000000.0,0.0,3683000000.0,3683000000.0,3683000000.0,0.0,0.0,0.236,8562000000.0,4312000000.0,642000000.0,0.138,2.958,15.282,15.776,5420000000.0,0.0,64.21,3.612,3.729,2896000000.0,-8919000000.0,15582000000.0,15582000000.0,3167000000.0,0.08,0.158,0.128,0.305,341000000.0,4499000000.0,1.0,876544275.0,905000000,912000000.0,17.218,34537000000.0,0.0,467000000.0,0.0,38.162,21839000000.0
10,AMGN,MRY,2010-12-31,2010-12-31,2010-12-31,2021-08-04,153000000.0,43486000000.0,42046500000.0,23129000000.0,20357000000.0,0.358,24.942,-580000000.0,3287000000.0,3287000000.0,2220000000.0,4627000000.0,3.52,0.816,13362000000.0,2488000000.0,10874000000.0,13362000000.0,0.0,1017000000.0,0.0,0.0,0.0,5921000000.0,6938000000.0,0.461,6938000000.0,5921000000.0,5317000000.0,4.82,4.79,4.82,23944000000.0,23381000000.0,23944000000.0,62211365240.0,11.0,8.967,5207000000.0,5.424,1.0,12833000000.0,0.853,13564000000.0,604000000.0,33427000000.0,31967750000.0,2022000000.0,14135000000.0,14135000000.0,0.0,19542000000.0,6570000000.0,12972000000.0,51870365240.0,403000000.0,0.0,-3706000000.0,2471000000.0,0.0,-1232000000.0,-4152000000.0,-3475000000.0,5787000000.0,0.0,4627000000.0,4627000000.0,4627000000.0,0.0,0.0,0.307,7288000000.0,5545000000.0,716000000.0,0.0,2.166,11.21,11.39,5522000000.0,0.0,54.9,3.446,3.501,2335000000.0,-3508000000.0,15053000000.0,15053000000.0,2894000000.0,0.11,0.198,0.185,0.393,353000000.0,3983000000.0,1.0,944815396.0,960000000,965000000.0,15.68,29922000000.0,0.0,690000000.0,0.0,31.169,16559000000.0
11,AMGN,MRY,2009-12-31,2009-12-31,2009-12-31,2021-08-04,45000000.0,39629000000.0,39197250000.0,18932000000.0,20697000000.0,0.374,22.31,-530000000.0,2884000000.0,2884000000.0,2091000000.0,4605000000.0,4.888,0.748,10601000000.0,0.0,10601000000.0,10601000000.0,0.0,1049000000.0,0.0,0.0,0.0,5782000000.0,6831000000.0,0.467,6831000000.0,5782000000.0,5204000000.0,4.53,4.51,4.53,22667000000.0,21713000000.0,22667000000.0,65215671211.0,11.0,9.547,5806000000.0,5.715,1.0,12551000000.0,0.857,13902000000.0,578000000.0,29571000000.0,28838500000.0,2220000000.0,10558000000.0,10558000000.0,0.0,16962000000.0,3873000000.0,13089000000.0,57256671211.0,1110000000.0,0.0,-3208000000.0,980000000.0,0.0,-2024000000.0,-3202000000.0,-2723000000.0,6336000000.0,0.0,4605000000.0,4605000000.0,4605000000.0,0.0,0.0,0.315,7045000000.0,5506000000.0,574000000.0,0.0,2.526,12.434,12.488,5738000000.0,0.0,56.57,3.91,3.925,2109000000.0,-4322000000.0,14642000000.0,14642000000.0,2864000000.0,0.117,0.212,0.2,0.395,284000000.0,3820000000.0,1.0,1012138434.0,1016000000,1021000000.0,14.411,25727000000.0,0.0,599000000.0,0.0,25.322,15059000000.0
12,AMGN,MRY,2008-12-31,2008-12-31,2008-12-31,2021-08-04,117000000.0,36427000000.0,36403500000.0,15221000000.0,21206000000.0,0.412,19.519,-672000000.0,1774000000.0,1774000000.0,2296000000.0,4052000000.0,3.115,0.744,9352000000.0,1000000000.0,8352000000.0,9352000000.0,0.0,1073000000.0,0.0,0.0,0.0,5566000000.0,6639000000.0,0.443,6639000000.0,5566000000.0,5015000000.0,3.79,3.77,3.79,20885000000.0,19584250000.0,20885000000.0,69841333708.0,13.0,10.52,5316000000.0,4.968,1.0,12707000000.0,0.847,14327000000.0,551000000.0,24792000000.0,24342000000.0,2075000000.0,7778000000.0,7778000000.0,0.0,15542000000.0,4886000000.0,10656000000.0,61187333708.0,-250000000.0,-56000000.0,-2113000000.0,-1009000000.0,0.0,-3073000000.0,-3165000000.0,-2565000000.0,5988000000.0,0.0,4052000000.0,4052000000.0,4052000000.0,0.0,0.0,0.27,7493000000.0,5214000000.0,504000000.0,0.0,2.93,15.101,15.237,5879000000.0,0.0,57.75,4.078,4.119,2073000000.0,-5673000000.0,15003000000.0,15003000000.0,3030000000.0,0.111,0.207,0.229,0.371,262000000.0,3789000000.0,1.0,1059520930.0,1070000000,1075000000.0,14.021,22100000000.0,0.0,963000000.0,0.0,20.654,10335000000.0
13,AMGN,MRY,2007-12-31,2007-12-31,2007-12-31,2021-08-04,53000000.0,34639000000.0,33408000000.0,13041000000.0,21598000000.0,0.442,15.997,-1267000000.0,2024000000.0,2024000000.0,2548000000.0,3078000000.0,2.111,0.938,11177000000.0,2000000000.0,9177000000.0,11177000000.0,0.0,1202000000.0,0.0,0.0,0.0,4289000000.0,5491000000.0,0.372,5491000000.0,4289000000.0,3793000000.0,2.76,2.74,2.76,17869000000.0,17739500000.0,17869000000.0,60434088861.0,14.0,11.006,4134000000.0,3.701,1.0,12223000000.0,0.827,14572000000.0,496000000.0,23041000000.0,22562750000.0,2091000000.0,5127000000.0,5127000000.0,0.0,16770000000.0,6179000000.0,10591000000.0,50510088861.0,741000000.0,-697000000.0,-4823000000.0,2142000000.0,0.0,-2668000000.0,-1992000000.0,-52000000.0,5401000000.0,0.0,3078000000.0,3078000000.0,3078000000.0,0.0,0.0,0.208,8243000000.0,3980000000.0,378000000.0,0.0,2.827,16.41,16.826,5941000000.0,0.0,46.44,3.42,3.512,2101000000.0,-7160000000.0,14771000000.0,14771000000.0,3266000000.0,0.092,0.174,0.19,0.29,263000000.0,3361000000.0,1.0,1087641879.0,1117000000,1123000000.0,13.224,20067000000.0,0.0,715000000.0,0.0,17.965,6862000000.0
14,AMGN,MRY,2006-12-31,2006-12-31,2006-12-31,2021-08-04,12000000.0,33788000000.0,32244250000.0,11712000000.0,22076000000.0,0.442,16.126,-1218000000.0,1283000000.0,1283000000.0,2095000000.0,2950000000.0,1.687,0.782,9012000000.0,1798000000.0,7214000000.0,9012000000.0,0.0,963000000.0,0.0,0.0,0.0,4149000000.0,5112000000.0,0.358,5112000000.0,4149000000.0,4020000000.0,2.51,2.48,2.51,18964000000.0,17728750000.0,18964000000.0,87399875729.0,21.0,17.097,4171000000.0,3.547,1.0,12173000000.0,0.853,15049000000.0,129000000.0,19526000000.0,18168750000.0,1903000000.0,4994000000.0,4994000000.0,0.0,14824000000.0,6942000000.0,7882000000.0,79684875729.0,-557000000.0,-2167000000.0,-698000000.0,-214000000.0,0.0,-815000000.0,-5131000000.0,-1536000000.0,5389000000.0,0.0,2950000000.0,2950000000.0,2950000000.0,0.0,0.0,0.207,8333000000.0,3840000000.0,555000000.0,0.0,4.202,27.012,27.215,5921000000.0,0.0,68.31,5.585,5.63,2124000000.0,-5203000000.0,14268000000.0,14268000000.0,3366000000.0,0.091,0.166,0.228,0.291,403000000.0,3366000000.0,1.0,1166518456.0,1176000000,1190000000.0,12.133,18739000000.0,0.0,1070000000.0,367000000.0,15.935,4770000000.0
15,AMGN,MRY,2005-12-31,2005-12-31,2005-12-31,2021-08-04,22000000.0,29297000000.0,28471750000.0,9235000000.0,20062000000.0,0.437,16.546,-867000000.0,1840000000.0,1840000000.0,2082000000.0,3674000000.0,2.569,0.433,3957000000.0,0.0,3957000000.0,3957000000.0,0.0,841000000.0,0.0,0.0,0.0,4967000000.0,5808000000.0,0.467,5808000000.0,4967000000.0,4868000000.0,2.97,2.93,2.97,20451000000.0,19900500000.0,20451000000.0,99139464790.0,20.0,17.069,4044000000.0,3.272,1.0,10348000000.0,0.833,14237000000.0,99000000.0,13582000000.0,11774250000.0,1258000000.0,3415000000.0,3415000000.0,0.0,8846000000.0,3595000000.0,5251000000.0,97338464790.0,314000000.0,0.0,-3343000000.0,-1175000000.0,0.0,-4538000000.0,-59000000.0,841000000.0,4911000000.0,0.0,3674000000.0,3674000000.0,3674000000.0,0.0,0.0,0.296,5500000000.0,4848000000.0,596000000.0,0.0,4.76,26.494,26.552,5038000000.0,0.0,78.86,7.831,7.842,1769000000.0,-3132000000.0,12430000000.0,12430000000.0,2314000000.0,0.129,0.185,0.422,0.4,421000000.0,2790000000.0,1.0,1234319868.0,1236000000,1258000000.0,10.057,15060000000.0,0.0,1194000000.0,1163000000.0,12.184,5640000000.0
16,AMGN,MRY,2004-12-31,2004-12-31,2004-12-31,2021-08-04,3000000.0,29221000000.0,27017850000.0,9170000000.0,20051000000.0,0.39,15.504,-1336000000.0,1526000000.0,1526000000.0,1731000000.0,2363000000.0,2.206,0.483,5110000000.0,1173000000.0,3937000000.0,5110000000.0,0.0,734000000.0,0.0,0.0,0.0,3433000000.0,4167000000.0,0.395,4167000000.0,3433000000.0,3395000000.0,1.86,1.81,1.86,19705000000.0,19623775000.0,19705000000.0,83597238128.0,24.0,20.062,2361000000.0,1.858,1.0,8819000000.0,0.836,14558000000.0,38000000.0,14090000000.0,10233150000.0,888000000.0,4282000000.0,4282000000.0,0.0,9516000000.0,4157000000.0,5359000000.0,81479238128.0,689000000.0,115000000.0,-4072000000.0,1989000000.0,0.0,-1609000000.0,-1399000000.0,-55000000.0,3697000000.0,0.0,2363000000.0,2363000000.0,2363000000.0,0.0,0.0,0.224,5471000000.0,3348000000.0,507000000.0,0.0,4.135,34.481,34.489,4712000000.0,0.0,64.15,7.723,7.728,1461000000.0,-2376000000.0,10550000000.0,10550000000.0,2028000000.0,0.087,0.12,0.335,0.325,248000000.0,2556000000.0,1.0,1270136214.0,1271000000,1320000000.0,8.301,14663000000.0,0.0,1032000000.0,1294000000.0,11.537,5013000000.0
17,AMGN,MRY,2003-12-31,2003-12-31,2003-12-31,2021-08-04,61000000.0,26113000000.0,25523200000.0,7402000000.0,18711000000.0,0.327,15.054,-1357000000.0,837000000.0,837000000.0,1341000000.0,2259000000.0,3.014,0.347,3080000000.0,0.0,3080000000.0,3080000000.0,0.0,687000000.0,0.0,0.0,0.0,3204000000.0,3891000000.0,0.466,3891000000.0,3204000000.0,3173000000.0,1.75,1.69,1.75,19389000000.0,19073600000.0,19389000000.0,81728052356.0,26.0,21.004,2210000000.0,1.716,1.0,7015000000.0,0.84,14108000000.0,31000000.0,11792000000.0,11056450000.0,713000000.0,4286000000.0,4286000000.0,0.0,6724000000.0,2456000000.0,4268000000.0,79705952356.0,-1015000000.0,0.0,-1801000000.0,-123000000.0,0.0,-1372000000.0,-3210000000.0,-1610000000.0,3567000000.0,0.0,2259000000.0,2259000000.0,2259000000.0,0.0,0.0,0.27,3924000000.0,3091000000.0,327000000.0,0.0,4.111,35.284,35.309,3799000000.0,0.0,61.79,9.539,9.524,1008000000.0,-667000000.0,8356000000.0,8356000000.0,1655000000.0,0.089,0.118,0.29,0.383,269000000.0,1957000000.0,1.0,1289949059.0,1288000000,1346000000.0,6.488,12005000000.0,0.0,914000000.0,1146000000.0,9.321,4946000000.0
18,AMGN,MRY,2002-12-31,2002-12-31,2002-12-31,2021-08-04,67200000.0,24456300000.0,16599975000.0,6403500000.0,18052800000.0,0.333,15.846,-659000000.0,1851700000.0,1851700000.0,736000000.0,-1392000000.0,4.187,0.337,3170600000.0,122900000.0,3047700000.0,3170600000.0,0.0,447000000.0,0.0,0.0,0.0,-641000000.0,-194000000.0,-0.035,-194000000.0,-641000000.0,-685000000.0,-1.21,-1.21,-1.21,18286000000.0,11445300000.0,18286000000.0,64220756953.0,-100.0,-331.035,1590000000.0,1.378,1.0,4787000000.0,0.867,14673000000.0,44000000.0,9573000000.0,8868200000.0,544900000.0,2812200000.0,2812200000.0,0.0,6170300000.0,1529200000.0,4641100000.0,62216756953.0,1163000000.0,-1899000000.0,-1420000000.0,2765000000.0,0.0,1778000000.0,-2864000000.0,-553000000.0,2249000000.0,0.0,-1392000000.0,-1392000000.0,-1392000000.0,0.0,0.0,-0.252,5572000000.0,-785000000.0,254600000.0,0.0,3.402,-44.696,-39.95,2813500000.0,0.0,48.34,11.265,10.1,752400000.0,-1125500000.0,5523000000.0,5523000000.0,1117000000.0,-0.084,-0.122,-0.072,-0.116,252000000.0,1449000000.0,1.0,1287065721.0,1154000000,1154000000.0,4.786,9783300000.0,0.0,707000000.0,1593400000.0,8.478,4874300000.0
19,AMGN,MRY,2001-12-31,2001-12-31,2001-12-31,2021-08-04,56300000.0,6443100000.0,6041350000.0,3858600000.0,2584500000.0,0.665,4.99,-441800000.0,689100000.0,689100000.0,443000000.0,1119700000.0,3.847,0.235,322900000.0,99900000.0,223000000.0,322900000.0,0.0,265900000.0,0.0,0.0,0.0,1699900000.0,1965800000.0,0.49,1965800000.0,1699900000.0,1686300000.0,1.07,1.03,1.07,5217200000.0,4998250000.0,5217200000.0,59047652297.0,35.0,30.037,1038400000.0,0.993,1.0,3572700000.0,0.89,131300000.0,13600000.0,4942700000.0,5077550000.0,355600000.0,1973100000.0,1973100000.0,0.0,1225900000.0,1002900000.0,223000000.0,59008652297.0,462600000.0,0.0,-737500000.0,0.0,0.0,-478000000.0,-539600000.0,-126200000.0,1480200000.0,0.0,1119700000.0,1119700000.0,1119700000.0,0.0,0.0,0.279,2038800000.0,1533900000.0,136700000.0,0.0,11.31,52.7,52.748,1946100000.0,0.0,56.44,14.694,14.694,497200000.0,1686800000.0,4015700000.0,4015700000.0,865000000.0,0.185,0.224,0.335,0.423,244500000.0,970700000.0,1.0,1045511203.0,1045500000,1084400000.0,3.841,6311800000.0,0.0,566600000.0,0.0,6.037,2855700000.0
20,AMGN,MRY,2000-12-31,2000-12-31,2000-12-31,2021-08-04,62600000.0,5399600000.0,4776325000.0,2937100000.0,2462500000.0,0.76,4.19,-437700000.0,226500000.0,226500000.0,408400000.0,1138500000.0,3.407,0.252,322700000.0,99700000.0,223000000.0,322700000.0,0.0,211800000.0,0.0,0.0,0.0,1690200000.0,1902000000.0,0.524,1902000000.0,1690200000.0,1674300000.0,1.11,1.05,1.11,4314500000.0,3765375000.0,4314500000.0,66211280781.0,39.0,34.811,1196900000.0,1.162,1.0,3221000000.0,0.887,0.0,15900000.0,4633700000.0,4148900000.0,305200000.0,1801600000.0,1801600000.0,0.0,1085100000.0,862100000.0,223000000.0,66048880781.0,95600000.0,0.0,-799900000.0,0.0,0.0,-502700000.0,-1036300000.0,-570900000.0,1634600000.0,0.0,1138500000.0,1138500000.0,1138500000.0,0.0,0.0,0.314,1653100000.0,1567900000.0,143200000.0,0.0,15.309,58.014,57.604,1781500000.0,0.0,63.94,18.198,18.139,389200000.0,1304600000.0,3629400000.0,3629400000.0,845000000.0,0.238,0.302,0.407,0.466,376600000.0,826900000.0,1.0,1032982183.0,1029600000,1084700000.0,3.525,5399600000.0,0.0,535800000.0,0.0,5.244,2075000000.0
21,AMGN,MRY,1999-12-31,1999-12-31,1999-12-31,2021-08-04,-14800000.0,4077600000.0,3955575000.0,2065300000.0,2012300000.0,0.844,2.959,-304200000.0,130900000.0,130900000.0,402100000.0,1096400000.0,2.485,0.349,322500000.0,99500000.0,223000000.0,322500000.0,0.0,176800000.0,0.0,0.0,0.0,1581400000.0,1758200000.0,0.526,1758200000.0,1581400000.0,1566200000.0,1.07,1.02,1.07,3023500000.0,2886950000.0,3023500000.0,61486628498.0,39.0,34.971,922700000.0,0.903,1.0,2938000000.0,0.88,0.0,15200000.0,3438100000.0,3274450000.0,184300000.0,1202100000.0,1202100000.0,0.0,1054100000.0,831100000.0,223000000.0,61352228498.0,-70200000.0,0.0,-1024700000.0,0.0,0.0,-833600000.0,-463500000.0,-149200000.0,1226900000.0,0.0,1096400000.0,1096400000.0,1096400000.0,0.0,0.0,0.328,1428100000.0,1509900000.0,83400000.0,0.0,20.292,55.958,56.131,1553600000.0,0.0,60.06,18.368,18.372,412200000.0,966000000.0,3340100000.0,3340100000.0,822800000.0,0.277,0.38,0.483,0.473,151600000.0,654300000.0,1.0,1021515626.0,1021700000,1078300000.0,3.269,4077600000.0,0.0,469800000.0,0.0,3.991,1234200000.0
22,AMGN,MRY,1998-12-31,1998-12-31,1998-12-31,2021-08-04,-4000000.0,3672200000.0,3371125000.0,1863300000.0,1808900000.0,0.806,2.511,-407800000.0,201100000.0,201100000.0,345200000.0,863200000.0,2.101,0.433,328700000.0,105700000.0,223000000.0,328700000.0,0.0,143800000.0,0.0,0.0,0.0,1234400000.0,1378200000.0,0.507,1378200000.0,1234400000.0,1224400000.0,0.85,0.82,0.85,2562200000.0,2283650000.0,2562200000.0,26821002955.0,22.0,19.461,741900000.0,0.727,1.0,2373000000.0,0.873,0.0,10000000.0,2912800000.0,2678075000.0,110800000.0,1195800000.0,1074900000.0,120900000.0,1110000000.0,887000000.0,223000000.0,26596502955.0,-38000000.0,0.0,-912100000.0,99700000.0,0.0,-514000000.0,-673700000.0,-280000000.0,1149700000.0,0.0,863200000.0,863200000.0,863200000.0,0.0,0.0,0.318,1155700000.0,1217300000.0,121600000.0,0.0,10.38,30.812,30.735,1450200000.0,0.0,26.125,9.785,9.805,319900000.0,894300000.0,2718200000.0,2718200000.0,663300000.0,0.256,0.378,0.461,0.454,108200000.0,515400000.0,1.0,1018047960.0,1020200000,1057300000.0,2.664,3672200000.0,0.0,361200000.0,0.0,3.599,976300000.0
23,AMGN,MRY,1997-12-31,1997-12-31,1997-12-31,2021-08-04,-22100000.0,3110200000.0,2937900000.0,1543500000.0,1566700000.0,0.817,2.025,-387800000.0,239100000.0,239100000.0,300800000.0,644300000.0,2.08,0.454,259000000.0,30000000.0,229000000.0,259000000.0,0.0,117100000.0,0.0,0.0,0.0,865100000.0,982200000.0,0.409,982200000.0,865100000.0,861400000.0,0.61,0.59,0.61,2139300000.0,2022800000.0,2139300000.0,,,,515100000.0,0.488,1.0,2100200000.0,0.875,0.0,3700000.0,2388200000.0,2259400000.0,109200000.0,904300000.0,787400000.0,116900000.0,970900000.0,741900000.0,229000000.0,13844002073.0,69800000.0,0.0,-737900000.0,81800000.0,0.0,-530900000.0,-302200000.0,123900000.0,902900000.0,0.0,644300000.0,644300000.0,644300000.0,0.0,0.0,0.268,1271600000.0,828600000.0,103900000.0,0.0,6.471,21.487,22.184,1186200000.0,0.0,13.533,5.766,5.955,269000000.0,943200000.0,2401000000.0,2401000000.0,630800000.0,0.219,0.319,0.383,0.36,0.0,483800000.0,1.0,1023018812.0,1056500000,1098500000.0,2.273,3110200000.0,0.0,217100000.0,0.0,2.944,801600000.0
24,AMGN,MRY,1996-12-31,1996-12-31,1996-12-31,2021-08-04,0.0,2765600000.0,,1502600000.0,1263000000.0,,1.799,-266900000.0,169300000.0,169300000.0,283200000.0,679800000.0,2.337,0.451,177200000.0,118200000.0,59000000.0,177200000.0,0.0,100300000.0,0.0,0.0,0.0,968500000.0,1068800000.0,0.477,1068800000.0,968500000.0,962300000.0,0.64,0.605,0.64,1906300000.0,,1906300000.0,,,,555700000.0,0.525,1.0,1956600000.0,0.874,0.0,6200000.0,2130600000.0,,97400000.0,1017300000.0,907700000.0,109600000.0,859300000.0,642900000.0,216400000.0,,102600000.0,-14600000.0,-337400000.0,-69700000.0,0.0,-409800000.0,-310200000.0,75900000.0,822600000.0,0.0,679800000.0,679800000.0,679800000.0,0.0,0.0,0.304,998900000.0,957700000.0,75000000.0,0.0,,,21.242,910500000.0,0.0,13.595,,6.43,225400000.0,879400000.0,2239800000.0,2239800000.0,528300000.0,,,,0.432,0.0,470600000.0,1.0,,1059400000,1122800000.0,2.114,2765600000.0,0.0,282500000.0,0.0,2.611,859700000.0
25,AMGN,MRY,1995-12-31,1995-12-31,1995-12-31,2021-08-04,,,,,,,,-162700000.0,,,272900000.0,537700000.0,,,,,,,,84300000.0,,0.0,0.0,809700000.0,894000000.0,0.461,894000000.0,809700000.0,794400000.0,0.507,0.48,0.507,,,,,,,610500000.0,0.576,1.0,1667000000.0,0.859,,15300000.0,,,,,,,,,,,-144600000.0,-19500000.0,-183000000.0,-36200000.0,0.0,-223700000.0,-694100000.0,-498200000.0,773200000.0,0.0,537700000.0,537700000.0,537700000.0,0.0,0.0,0.277,870100000.0,796900000.0,,0.0,,,29.28,,0.0,14.845,,8.112,,,1939900000.0,1939900000.0,451700000.0,,,,0.417,0.0,418400000.0,1.0,,1060000000,1122800000.0,1.83,,,256700000.0,,,
0,AMGN,MRQ,2021-06-30,2021-06-30,2021-06-30,2021-08-04,-868000000.0,59773000000.0,,19099000000.0,40674000000.0,,14.393,-185000000.0,6630000000.0,6630000000.0,1637000000.0,464000000.0,1.309,6.248,32782000000.0,4324000000.0,28458000000.0,32782000000.0,0.0,855000000.0,0.0,0.028,1.76,839000000.0,1694000000.0,0.26,1694000000.0,839000000.0,558000000.0,0.81,0.81,0.81,8247000000.0,,8247000000.0,166620534088.0,22.0,14.938,1746000000.0,3.047,1.0,4889000000.0,0.749,29984000000.0,281000000.0,41356000000.0,,4115000000.0,1452000000.0,1452000000.0,0.0,51526000000.0,14585000000.0,36941000000.0,140047534088.0,518000000.0,-1626000000.0,-1581000000.0,0.0,-1008000000.0,-2622000000.0,1209000000.0,3003000000.0,1931000000.0,0.0,464000000.0,464000000.0,464000000.0,0.0,0.0,0.071,4061000000.0,828000000.0,1277000000.0,2.173,16.982,24.373,24.621,4906000000.0,0.0,243.75,5.496,5.481,4479000000.0,-22762000000.0,6526000000.0,6526000000.0,1082000000.0,,,,,0.0,1384000000.0,1.0,574553986.0,573000000,576000000.0,11.389,29789000000.0,0.0,94000000.0,6428000000.0,51.988,4514000000.0
1,AMGN,MRQ,2021-03-31,2021-03-31,2021-03-31,2021-08-04,-833000000.0,62539000000.0,,21299000000.0,41240000000.0,,16.177,-166000000.0,6112000000.0,6112000000.0,1490000000.0,1646000000.0,1.655,5.7,32685000000.0,1556000000.0,31129000000.0,32685000000.0,0.0,841000000.0,0.0,0.026,1.76,2142000000.0,2983000000.0,0.506,2983000000.0,2142000000.0,1857000000.0,2.85,2.83,2.85,9334000000.0,,9334000000.0,170424291754.0,19.0,13.402,1938000000.0,3.359,1.0,4411000000.0,0.748,30620000000.0,285000000.0,45623000000.0,,4017000000.0,4454000000.0,4454000000.0,0.0,53205000000.0,12869000000.0,40336000000.0,143704291754.0,-154000000.0,0.0,-871000000.0,0.0,-1016000000.0,-1939000000.0,-319000000.0,-74000000.0,2104000000.0,0.0,1646000000.0,1646000000.0,1646000000.0,0.0,0.0,0.279,2282000000.0,2129000000.0,1396000000.0,0.618,15.396,20.283,20.461,4855000000.0,0.0,248.81,5.711,5.705,4423000000.0,-21639000000.0,5901000000.0,5901000000.0,967000000.0,,,,,0.0,1254000000.0,1.0,577566383.0,577000000,581000000.0,10.227,31919000000.0,0.0,211000000.0,7037000000.0,55.319,8430000000.0
2,AMGN,MRQ,2020-12-31,2020-12-31,2020-12-31,2021-08-04,-985000000.0,62948000000.0,,21144000000.0,41804000000.0,,16.222,-173000000.0,6266000000.0,6266000000.0,1597000000.0,1615000000.0,1.814,5.69,32986000000.0,91000000.0,32895000000.0,32986000000.0,0.0,873000000.0,0.0,0.028,1.6,2195000000.0,3068000000.0,0.462,3068000000.0,2195000000.0,1877000000.0,2.79,2.77,2.79,9409000000.0,,9409000000.0,159052207271.0,17.0,12.239,1980000000.0,3.414,1.0,5037000000.0,0.759,31276000000.0,318000000.0,46739000000.0,,3893000000.0,4381000000.0,4381000000.0,0.0,53539000000.0,11653000000.0,41886000000.0,133852207271.0,-2821000000.0,0.0,-1205000000.0,-1450000000.0,-932000000.0,-3590000000.0,-1384000000.0,-1170000000.0,2153000000.0,0.0,1615000000.0,1615000000.0,1615000000.0,0.0,0.0,0.243,3029000000.0,2008000000.0,1421000000.0,0.573,14.226,18.427,18.542,4889000000.0,0.0,229.92,5.265,5.299,4525000000.0,-21408000000.0,6634000000.0,6634000000.0,1229000000.0,,,,,330000000.0,1773000000.0,1.0,582168612.0,580000000,584000000.0,11.438,31672000000.0,0.0,262000000.0,6968000000.0,54.607,9491000000.0
3,AMGN,MRQ,2020-09-30,2020-09-30,2020-09-30,2021-08-04,-903000000.0,64637000000.0,,22661000000.0,41976000000.0,,18.733,-135000000.0,9087000000.0,9087000000.0,1561000000.0,2021000000.0,2.277,4.898,34287000000.0,91000000.0,34196000000.0,34287000000.0,0.0,901000000.0,0.0,0.025,1.6,2508000000.0,3409000000.0,0.531,3409000000.0,2508000000.0,2206000000.0,3.45,3.43,3.45,10959000000.0,,10959000000.0,173938929854.0,18.0,13.469,3233000000.0,5.526,1.0,4862000000.0,0.757,31928000000.0,302000000.0,47956000000.0,,3942000000.0,3273000000.0,3273000000.0,0.0,53678000000.0,9953000000.0,43725000000.0,148859929854.0,-58000000.0,0.0,-765000000.0,-88000000.0,-936000000.0,-1798000000.0,-1628000000.0,-1507000000.0,3368000000.0,0.0,2021000000.0,2021000000.0,2021000000.0,0.0,0.0,0.315,2409000000.0,2453000000.0,1161000000.0,0.464,13.583,20.248,20.349,4816000000.0,0.0,254.16,5.957,5.95,4094000000.0,-19851000000.0,6423000000.0,6423000000.0,1062000000.0,,,,,0.0,1346000000.0,1.0,585693775.0,585000000,589000000.0,10.979,32709000000.0,0.0,185000000.0,7770000000.0,55.913,12708000000.0
4,AMGN,MRQ,2020-06-30,2020-06-30,2020-06-30,2021-08-04,-783000000.0,65011000000.0,,22895000000.0,42116000000.0,,18.128,-158000000.0,9145000000.0,9145000000.0,1488000000.0,1803000000.0,2.176,5.099,34224000000.0,91000000.0,34133000000.0,34224000000.0,0.0,930000000.0,0.0,0.026,1.6,2326000000.0,3256000000.0,0.525,3256000000.0,2326000000.0,2030000000.0,3.07,3.05,3.07,10659000000.0,,10659000000.0,162905031528.0,17.0,12.926,2684000000.0,4.565,1.0,4718000000.0,0.76,32626000000.0,296000000.0,46941000000.0,,3840000000.0,2276000000.0,2276000000.0,0.0,54352000000.0,10523000000.0,43829000000.0,138744031528.0,1458000000.0,0.0,-555000000.0,2289000000.0,-942000000.0,775000000.0,-2159000000.0,-1954000000.0,2842000000.0,0.0,1803000000.0,1803000000.0,1803000000.0,0.0,0.0,0.291,2395000000.0,2323000000.0,1150000000.0,0.521,13.017,19.009,19.129,4843000000.0,0.0,235.86,5.709,5.707,5366000000.0,-20168000000.0,6206000000.0,6206000000.0,964000000.0,,,,,0.0,1295000000.0,1.0,588247399.0,588000000,592000000.0,10.554,32385000000.0,0.0,227000000.0,7815000000.0,55.077,12372000000.0
5,AMGN,MRQ,2020-03-31,2020-03-31,2020-03-31,2021-08-04,-662000000.0,61669000000.0,,18813000000.0,42856000000.0,,16.076,-142000000.0,7687000000.0,7687000000.0,1513000000.0,1825000000.0,1.591,5.502,31848000000.0,1840000000.0,30008000000.0,31848000000.0,0.0,897000000.0,0.0,0.029,1.6,2366000000.0,3263000000.0,0.53,3263000000.0,2366000000.0,2020000000.0,3.09,3.07,3.09,9485000000.0,,9485000000.0,143437536416.0,14.0,11.255,1992000000.0,3.376,1.0,4648000000.0,0.754,33336000000.0,346000000.0,40667000000.0,,3682000000.0,325000000.0,325000000.0,0.0,52184000000.0,11827000000.0,40357000000.0,119571536416.0,1650000000.0,0.0,-961000000.0,1713000000.0,-945000000.0,-254000000.0,-230000000.0,-87000000.0,2134000000.0,0.0,1825000000.0,1825000000.0,1825000000.0,0.0,0.0,0.296,2293000000.0,2355000000.0,1338000000.0,0.518,12.606,15.579,15.777,4879000000.0,0.0,202.73,4.989,4.991,5009000000.0,-21378000000.0,6161000000.0,6161000000.0,952000000.0,,,,,0.0,1316000000.0,1.0,589806819.0,590000000,594000000.0,10.442,28333000000.0,0.0,195000000.0,8538000000.0,48.022,6986000000.0
6,AMGN,MRQ,2019-12-31,2019-12-31,2019-12-31,2021-08-04,-528000000.0,59707000000.0,,18440000000.0,41267000000.0,,16.312,-188000000.0,6037000000.0,6037000000.0,1253000000.0,1703000000.0,1.437,5.173,29903000000.0,2953000000.0,26950000000.0,29903000000.0,0.0,702000000.0,0.0,0.024,1.45,2284000000.0,2986000000.0,0.482,2986000000.0,2284000000.0,1983000000.0,2.88,2.87,2.88,9673000000.0,,9673000000.0,161615826229.0,15.0,12.793,2326000000.0,3.922,1.0,4944000000.0,0.798,34116000000.0,301000000.0,36622000000.0,,3584000000.0,2874000000.0,2874000000.0,0.0,50034000000.0,12835000000.0,37199000000.0,143239826229.0,-5378000000.0,-13617000000.0,-1094000000.0,0.0,-860000000.0,-1929000000.0,-5963000000.0,7588000000.0,2514000000.0,0.0,1703000000.0,1703000000.0,1703000000.0,0.0,0.0,0.275,2896000000.0,2048000000.0,1371000000.0,0.503,14.808,18.266,18.601,4928000000.0,0.0,241.07,6.131,6.243,4057000000.0,-21330000000.0,6197000000.0,6197000000.0,1312000000.0,,,,,308000000.0,1513000000.0,1.0,594183541.0,593000000,597000000.0,10.45,25591000000.0,0.0,280000000.0,8037000000.0,43.155,5605000000.0
7,AMGN,MRQ,2019-09-30,2019-09-30,2019-09-30,2021-08-04,-388000000.0,59535000000.0,,31051000000.0,28484000000.0,,18.242,-170000000.0,11415000000.0,11415000000.0,1036000000.0,1968000000.0,2.892,4.448,29791000000.0,2049000000.0,27742000000.0,29791000000.0,0.0,508000000.0,0.0,0.029,1.45,2590000000.0,3098000000.0,0.54,3098000000.0,2590000000.0,2277000000.0,3.29,3.27,3.29,10927000000.0,,10927000000.0,141137183469.0,13.0,11.136,3207000000.0,5.354,1.0,4701000000.0,0.819,21407000000.0,313000000.0,45767000000.0,,3243000000.0,9438000000.0,9438000000.0,0.0,48608000000.0,10737000000.0,37871000000.0,116048183469.0,5890000000.0,0.0,-1161000000.0,-864000000.0,-868000000.0,-2859000000.0,5372000000.0,5812000000.0,3377000000.0,0.0,1968000000.0,1968000000.0,1968000000.0,0.0,0.0,0.343,2225000000.0,2476000000.0,1005000000.0,0.441,10.62,14.386,14.76,4901000000.0,0.0,193.51,4.96,4.955,3606000000.0,-20136000000.0,5737000000.0,5737000000.0,1001000000.0,,,,,0.0,1223000000.0,1.0,599701222.0,599000000,602000000.0,9.578,38128000000.0,0.0,309000000.0,8586000000.0,63.653,20314000000.0
8,AMGN,MRQ,2019-06-30,2019-06-30,2019-06-30,2021-08-04,-465000000.0,59373000000.0,,30746000000.0,28627000000.0,,17.783,-144000000.0,5525000000.0,5525000000.0,1012000000.0,2179000000.0,2.895,4.501,30614000000.0,2816000000.0,27798000000.0,30614000000.0,0.0,501000000.0,0.0,0.03,1.45,2896000000.0,3397000000.0,0.579,3397000000.0,2896000000.0,2564000000.0,3.59,3.57,3.59,10794000000.0,,10794000000.0,138064947479.0,13.0,11.022,1270000000.0,2.092,1.0,4859000000.0,0.828,21502000000.0,332000000.0,52338000000.0,,3176000000.0,16233000000.0,16233000000.0,0.0,48579000000.0,10622000000.0,37957000000.0,112398947479.0,-1833000000.0,0.0,-2415000000.0,-2650000000.0,-880000000.0,-5992000000.0,2745000000.0,2895000000.0,1414000000.0,0.0,2179000000.0,2179000000.0,2179000000.0,0.0,0.0,0.371,2181000000.0,2678000000.0,1001000000.0,0.404,10.413,14.124,14.51,4882000000.0,0.0,184.28,4.77,4.747,3801000000.0,-20054000000.0,5871000000.0,5871000000.0,924000000.0,,,,,0.0,1260000000.0,1.0,609935682.0,607000000,610000000.0,9.672,37871000000.0,0.0,385000000.0,8624000000.0,62.39,20124000000.0
9,AMGN,MRQ,2019-03-31,2019-03-31,2019-03-31,2021-08-04,-516000000.0,63997000000.0,,35151000000.0,28846000000.0,,17.415,-116000000.0,7358000000.0,7358000000.0,1055000000.0,1992000000.0,2.766,4.908,33024000000.0,3705000000.0,29319000000.0,33024000000.0,0.0,495000000.0,0.0,0.028,1.45,2657000000.0,3152000000.0,0.567,3152000000.0,2657000000.0,2314000000.0,3.2,3.18,3.2,10832000000.0,,10832000000.0,145204380899.0,14.0,11.518,1729000000.0,2.78,1.0,4502000000.0,0.81,21816000000.0,343000000.0,55141000000.0,,3016000000.0,18943000000.0,18943000000.0,0.0,53165000000.0,12706000000.0,40459000000.0,118220380899.0,413000000.0,0.0,-3032000000.0,-1000000000.0,-901000000.0,-4987000000.0,3555000000.0,3677000000.0,1845000000.0,0.0,1992000000.0,1992000000.0,1992000000.0,0.0,0.0,0.358,2030000000.0,2472000000.0,1091000000.0,0.453,10.914,14.64,15.066,4892000000.0,0.0,189.98,4.978,4.975,3771000000.0,-19895000000.0,5557000000.0,5557000000.0,879000000.0,,,,,0.0,1154000000.0,1.0,622278034.0,622000000,626000000.0,8.934,42181000000.0,0.0,322000000.0,9680000000.0,67.815,22445000000.0
10,AMGN,MRQ,2018-12-31,2018-12-31,2018-12-31,2021-08-04,-769000000.0,66416000000.0,,37618000000.0,28798000000.0,,19.623,-225000000.0,6945000000.0,6945000000.0,1096000000.0,1928000000.0,2.789,4.313,33929000000.0,4419000000.0,29510000000.0,33929000000.0,0.0,490000000.0,0.0,0.027,1.32,2537000000.0,3027000000.0,0.486,3027000000.0,2537000000.0,2185000000.0,3.03,3.01,3.03,12500000000.0,,12500000000.0,146518470229.0,13.0,11.373,2969000000.0,4.661,1.0,5134000000.0,0.824,22142000000.0,352000000.0,57770000000.0,,2940000000.0,22359000000.0,22359000000.0,0.0,53916000000.0,13488000000.0,40428000000.0,124047470229.0,-5011000000.0,-2000000.0,-2124000000.0,-621000000.0,-840000000.0,-3568000000.0,-4637000000.0,-4336000000.0,3194000000.0,0.0,1928000000.0,1928000000.0,1928000000.0,0.0,0.0,0.309,2752000000.0,2382000000.0,1207000000.0,0.436,9.924,14.778,15.328,4958000000.0,0.0,194.67,5.224,5.419,3580000000.0,-17977000000.0,6230000000.0,6230000000.0,1182000000.0,,,,,311000000.0,1559000000.0,1.0,637219244.0,637000000,641000000.0,9.78,44274000000.0,0.0,257000000.0,9634000000.0,69.504,24130000000.0
11,AMGN,MRQ,2018-09-30,2018-09-30,2018-09-30,2021-08-04,-809000000.0,67333000000.0,,38320000000.0,29013000000.0,,22.247,-171000000.0,11956000000.0,11956000000.0,1037000000.0,1859000000.0,3.082,3.693,34427000000.0,5077000000.0,29350000000.0,34427000000.0,0.0,501000000.0,0.0,0.025,1.32,2449000000.0,2950000000.0,0.5,2950000000.0,2449000000.0,2094000000.0,2.88,2.86,2.88,14349000000.0,,14349000000.0,158539026768.0,14.0,12.337,3102000000.0,4.809,1.0,4867000000.0,0.824,22466000000.0,355000000.0,54906000000.0,,3017000000.0,17965000000.0,17965000000.0,0.0,52984000000.0,12432000000.0,40552000000.0,134173026768.0,1825000000.0,0.0,-1729000000.0,0.0,-851000000.0,-2580000000.0,1132000000.0,1340000000.0,3273000000.0,0.0,1859000000.0,1859000000.0,1859000000.0,0.0,0.0,0.315,2544000000.0,2323000000.0,1042000000.0,0.458,9.351,60.932,53.982,4899000000.0,0.0,207.29,5.754,5.734,3441000000.0,-15987000000.0,5904000000.0,5904000000.0,926000000.0,,,,,0.0,1293000000.0,1.0,647272067.0,645000000,649000000.0,9.153,44867000000.0,0.0,235000000.0,9810000000.0,69.561,25888000000.0
12,AMGN,MRQ,2018-06-30,2018-06-30,2018-06-30,2021-08-04,-873000000.0,67684000000.0,,37970000000.0,29714000000.0,,22.727,-187000000.0,10131000000.0,10131000000.0,1024000000.0,2296000000.0,3.389,3.54,34497000000.0,4288000000.0,30209000000.0,34497000000.0,0.0,484000000.0,0.0,0.027,1.32,2994000000.0,3478000000.0,0.574,3478000000.0,2994000000.0,2647000000.0,3.5,3.48,3.5,14909000000.0,,14909000000.0,147944311832.0,13.0,11.319,1915000000.0,2.919,1.0,5035000000.0,0.831,23167000000.0,347000000.0,57678000000.0,,3063000000.0,19264000000.0,19264000000.0,0.0,52775000000.0,11205000000.0,41570000000.0,122144311832.0,390000000.0,0.0,-3244000000.0,-500000000.0,-865000000.0,-4650000000.0,2938000000.0,3121000000.0,2102000000.0,0.0,2296000000.0,2296000000.0,2296000000.0,0.0,0.0,0.379,2203000000.0,2832000000.0,1026000000.0,0.377,8.193,51.668,49.356,4922000000.0,0.0,184.59,5.268,5.222,3504000000.0,-15266000000.0,6059000000.0,6059000000.0,869000000.0,,,,,0.0,1353000000.0,1.0,661706007.0,656000000,660000000.0,9.236,44517000000.0,0.0,351000000.0,9918000000.0,67.861,26765000000.0
13,AMGN,MRQ,2018-03-31,2018-03-31,2018-03-31,2021-08-04,-994000000.0,71164000000.0,,40689000000.0,30475000000.0,,22.093,-155000000.0,9741000000.0,9741000000.0,944000000.0,2311000000.0,3.883,3.556,35541000000.0,2183000000.0,33358000000.0,35541000000.0,0.0,471000000.0,0.0,0.028,1.32,2957000000.0,3428000000.0,0.617,3428000000.0,2957000000.0,2619000000.0,3.27,3.25,3.27,15620000000.0,,15620000000.0,154383451698.0,14.0,11.899,2572000000.0,3.638,1.0,4610000000.0,0.83,23550000000.0,338000000.0,62935000000.0,,2952000000.0,22431000000.0,22431000000.0,0.0,55544000000.0,10479000000.0,45065000000.0,122841451698.0,5941000000.0,197000000.0,-10697000000.0,0.0,-951000000.0,-11692000000.0,14906000000.0,14862000000.0,2727000000.0,0.0,2311000000.0,2311000000.0,2311000000.0,0.0,0.0,0.416,1884000000.0,2726000000.0,1089000000.0,0.404,7.864,55.359,53.779,4943000000.0,0.0,170.48,5.355,5.254,3633000000.0,-14387000000.0,5554000000.0,5554000000.0,760000000.0,,,,,0.0,1127000000.0,1.0,720562246.0,707000000,711000000.0,7.856,47614000000.0,0.0,308000000.0,10381000000.0,67.347,30210000000.0
14,AMGN,MRQ,2017-12-31,2017-12-31,2017-12-31,2021-08-04,-679000000.0,79954000000.0,,49476000000.0,30478000000.0,,34.815,-153000000.0,3800000000.0,3800000000.0,1059000000.0,-4264000000.0,5.485,2.168,35342000000.0,1152000000.0,34190000000.0,35342000000.0,0.0,449000000.0,0.0,0.026,1.15,2546000000.0,2995000000.0,0.516,2995000000.0,2546000000.0,2214000000.0,-5.81,-5.77,-5.81,25241000000.0,,25241000000.0,159011848992.0,15.0,12.369,2859000000.0,3.943,1.0,4743000000.0,0.817,23370000000.0,332000000.0,79106000000.0,,2834000000.0,37878000000.0,37878000000.0,0.0,54713000000.0,9020000000.0,45693000000.0,126235848992.0,800000000.0,-19000000.0,-789000000.0,-508000000.0,-834000000.0,-2134000000.0,-78000000.0,123000000.0,3012000000.0,0.0,-4264000000.0,-4264000000.0,-4264000000.0,0.0,0.0,-0.735,2498000000.0,2245000000.0,1352000000.0,-0.198,5.001,63.788,64.17,4989000000.0,0.0,173.9,5.525,5.564,3237000000.0,-5072000000.0,5802000000.0,5802000000.0,1043000000.0,,,,,85000000.0,1427000000.0,1.0,725910575.0,725000000,726000000.0,8.003,56584000000.0,0.0,6478000000.0,10265000000.0,78.047,40456000000.0
15,AMGN,MRQ,2017-09-30,2017-09-30,2017-09-30,2021-08-04,-443000000.0,80331000000.0,,49752000000.0,30579000000.0,,44.271,-158000000.0,3000000000.0,3000000000.0,990000000.0,2021000000.0,6.073,1.493,35776000000.0,1999000000.0,33777000000.0,35776000000.0,0.0,464000000.0,0.0,0.024,1.15,2706000000.0,3170000000.0,0.549,3170000000.0,2706000000.0,2381000000.0,2.78,2.76,2.78,32229000000.0,,32229000000.0,168480861426.0,15.0,12.929,3296000000.0,4.527,1.0,4783000000.0,0.829,23649000000.0,325000000.0,81265000000.0,,2927000000.0,38351000000.0,38351000000.0,0.0,48102000000.0,8193000000.0,39909000000.0,136047861426.0,371000000.0,0.0,-809000000.0,540000000.0,-838000000.0,-1107000000.0,-1976000000.0,-1781000000.0,3454000000.0,0.0,2021000000.0,2021000000.0,2021000000.0,0.0,0.0,0.35,2344000000.0,2439000000.0,879000000.0,0.414,4.221,16.636,16.737,4914000000.0,0.0,186.45,5.912,5.898,3404000000.0,1774000000.0,5773000000.0,5773000000.0,877000000.0,,,,,88000000.0,1170000000.0,1.0,729674773.0,728000000,733000000.0,7.93,56682000000.0,0.0,360000000.0,4864000000.0,77.86,41559000000.0
16,AMGN,MRQ,2017-06-30,2017-06-30,2017-06-30,2021-08-04,-449000000.0,79587000000.0,,48442000000.0,31145000000.0,,43.218,-185000000.0,2629000000.0,2629000000.0,1024000000.0,2151000000.0,6.199,1.509,35062000000.0,1459000000.0,33603000000.0,35062000000.0,0.0,518000000.0,0.0,0.025,1.15,2863000000.0,3381000000.0,0.582,3381000000.0,2863000000.0,2542000000.0,2.93,2.91,2.93,31722000000.0,,31722000000.0,157391791815.0,14.0,12.008,2141000000.0,2.917,1.0,4786000000.0,0.824,24327000000.0,321000000.0,79878000000.0,,2961000000.0,36598000000.0,36598000000.0,0.0,47865000000.0,7815000000.0,40050000000.0,126657791815.0,-729000000.0,0.0,-976000000.0,644000000.0,-846000000.0,-1242000000.0,-1813000000.0,-1598000000.0,2326000000.0,0.0,2151000000.0,2151000000.0,2151000000.0,0.0,0.0,0.37,2088000000.0,2698000000.0,883000000.0,0.392,3.993,15.495,15.572,4980000000.0,0.0,172.23,5.495,5.484,3560000000.0,1378000000.0,5810000000.0,5810000000.0,873000000.0,,,,,96000000.0,1209000000.0,1.0,735399128.0,734000000,738000000.0,7.916,55260000000.0,0.0,391000000.0,4904000000.0,75.286,40627000000.0
17,AMGN,MRQ,2017-03-31,2017-03-31,2017-03-31,2021-08-04,-362000000.0,77862000000.0,,46456000000.0,31406000000.0,,41.57,-168000000.0,3358000000.0,3358000000.0,996000000.0,2071000000.0,4.415,1.541,34092000000.0,3799000000.0,30293000000.0,34092000000.0,0.0,524000000.0,0.0,0.025,1.15,2786000000.0,3310000000.0,0.606,3310000000.0,2786000000.0,2460000000.0,2.81,2.79,2.81,30637000000.0,,30637000000.0,152184809419.0,14.0,11.922,2217000000.0,3.008,1.0,4468000000.0,0.818,24679000000.0,326000000.0,73394000000.0,,2871000000.0,35040000000.0,35040000000.0,0.0,47225000000.0,10523000000.0,36702000000.0,120829809419.0,117000000.0,0.0,-586000000.0,-605000000.0,-847000000.0,-2111000000.0,-157000000.0,63000000.0,2385000000.0,0.0,2071000000.0,2071000000.0,2071000000.0,0.0,0.0,0.379,1877000000.0,2591000000.0,902000000.0,0.409,3.944,15.308,15.449,4960000000.0,0.0,164.07,5.27,5.274,3248000000.0,233000000.0,5464000000.0,5464000000.0,769000000.0,,,,,60000000.0,1064000000.0,1.0,736452791.0,737000000,741000000.0,7.414,53183000000.0,0.0,389000000.0,4912000000.0,72.161,35933000000.0
18,AMGN,MRQ,2016-12-31,2016-12-31,2016-12-31,2021-08-04,-471000000.0,77626000000.0,,46010000000.0,31616000000.0,,40.591,-227000000.0,3241000000.0,3241000000.0,1067000000.0,1935000000.0,4.107,1.598,34596000000.0,4403000000.0,30193000000.0,34596000000.0,0.0,559000000.0,0.0,0.027,1.0,2611000000.0,3170000000.0,0.531,3170000000.0,2611000000.0,2283000000.0,2.62,2.61,2.62,29875000000.0,,29875000000.0,140606904777.0,13.0,11.223,2873000000.0,3.904,1.0,4898000000.0,0.821,25030000000.0,328000000.0,72747000000.0,,2745000000.0,34844000000.0,34844000000.0,0.0,47751000000.0,11204000000.0,36547000000.0,108768904777.0,-244000000.0,0.0,-983000000.0,-395000000.0,-747000000.0,-2122000000.0,-1222000000.0,-999000000.0,3100000000.0,0.0,1935000000.0,1935000000.0,1935000000.0,0.0,0.0,0.324,2413000000.0,2485000000.0,917000000.0,0.382,3.641,14.086,14.168,4961000000.0,0.0,146.21,4.731,4.757,3165000000.0,-438000000.0,5965000000.0,5965000000.0,1078000000.0,,,,,89000000.0,1323000000.0,1.0,743922473.0,736000000,742000000.0,8.105,52596000000.0,0.0,348000000.0,4855000000.0,71.462,34806000000.0
19,AMGN,MRQ,2016-09-30,2016-09-30,2016-09-30,2021-08-04,-139000000.0,78150000000.0,,45844000000.0,32306000000.0,,41.195,-167000000.0,3485000000.0,3485000000.0,1027000000.0,2017000000.0,4.349,1.54,35323000000.0,4797000000.0,30526000000.0,35323000000.0,0.0,503000000.0,0.0,0.023,1.0,2743000000.0,3246000000.0,0.559,3246000000.0,2743000000.0,2418000000.0,2.7,2.68,2.7,30773000000.0,,30773000000.0,155426082730.0,16.0,12.848,2495000000.0,3.34,1.0,4784000000.0,0.823,25492000000.0,325000000.0,73954000000.0,,2681000000.0,34495000000.0,34495000000.0,0.0,47377000000.0,10542000000.0,36835000000.0,124834082730.0,855000000.0,0.0,-764000000.0,2080000000.0,-747000000.0,582000000.0,-2389000000.0,-2111000000.0,2662000000.0,0.0,2017000000.0,2017000000.0,2017000000.0,0.0,0.0,0.347,2257000000.0,2527000000.0,825000000.0,0.37,4.057,16.454,16.516,4912000000.0,0.0,166.81,5.533,5.523,3186000000.0,221000000.0,5811000000.0,5811000000.0,990000000.0,,,,,83000000.0,1244000000.0,1.0,748360906.0,747000000,753000000.0,7.779,52658000000.0,0.0,401000000.0,2412000000.0,70.493,35302000000.0
20,AMGN,MRQ,2016-06-30,2016-06-30,2016-06-30,2021-08-04,-106000000.0,75471000000.0,,42947000000.0,32524000000.0,,40.124,-188000000.0,2630000000.0,2630000000.0,1050000000.0,1870000000.0,3.966,1.505,33222000000.0,5294000000.0,27928000000.0,33222000000.0,0.0,522000000.0,0.0,0.024,1.0,2517000000.0,3039000000.0,0.534,3039000000.0,2517000000.0,2204000000.0,2.49,2.47,2.49,30133000000.0,,30133000000.0,145708678418.0,15.0,12.298,2489000000.0,3.314,1.0,4638000000.0,0.815,25867000000.0,313000000.0,69366000000.0,,2671000000.0,32404000000.0,32404000000.0,0.0,45338000000.0,10830000000.0,34508000000.0,114297678418.0,-266000000.0,0.0,-542000000.0,-876000000.0,-752000000.0,-2286000000.0,-657000000.0,-328000000.0,2677000000.0,0.0,1870000000.0,1870000000.0,1870000000.0,0.0,0.0,0.329,2258000000.0,2380000000.0,870000000.0,0.402,3.793,15.377,15.431,4884000000.0,0.0,152.15,5.086,5.084,3078000000.0,-356000000.0,5688000000.0,5688000000.0,900000000.0,,,,,87000000.0,1292000000.0,1.0,751217078.0,751000000,756000000.0,7.574,49604000000.0,0.0,334000000.0,2598000000.0,66.051,32117000000.0
21,AMGN,MRQ,2016-03-31,2016-03-31,2016-03-31,2021-08-04,-268000000.0,75116000000.0,,42206000000.0,32910000000.0,,38.09,-156000000.0,2896000000.0,2896000000.0,1018000000.0,1900000000.0,4.952,1.619,34307000000.0,2247000000.0,32060000000.0,34307000000.0,0.0,521000000.0,0.0,0.022,1.0,2552000000.0,3073000000.0,0.556,3073000000.0,2552000000.0,2258000000.0,2.52,2.5,2.52,28682000000.0,,28682000000.0,140173009327.0,15.0,12.082,1759000000.0,2.336,1.0,4509000000.0,0.816,26252000000.0,294000000.0,71752000000.0,,2572000000.0,31844000000.0,31844000000.0,0.0,46434000000.0,8523000000.0,37911000000.0,112761009327.0,-1248000000.0,0.0,-676000000.0,2784000000.0,-752000000.0,1227000000.0,-4390000000.0,-4239000000.0,1915000000.0,0.0,1900000000.0,1900000000.0,1900000000.0,0.0,0.0,0.344,2107000000.0,2402000000.0,818000000.0,0.397,3.931,15.627,15.699,4885000000.0,0.0,149.93,5.089,5.096,3078000000.0,-1638000000.0,5527000000.0,5527000000.0,872000000.0,,,,,52000000.0,1203000000.0,1.0,752091038.0,753000000,760000000.0,7.34,48864000000.0,0.0,358000000.0,2202000000.0,64.892,33683000000.0
22,AMGN,MRQ,2015-12-31,2015-12-31,2015-12-31,2021-08-04,-480000000.0,71449000000.0,,38515000000.0,32934000000.0,,37.344,-202000000.0,4144000000.0,4144000000.0,1071000000.0,1800000000.0,4.445,1.544,31429000000.0,2247000000.0,29182000000.0,31429000000.0,0.0,542000000.0,0.0,0.019,0.79,2197000000.0,2739000000.0,0.495,2739000000.0,2197000000.0,1913000000.0,2.39,2.36,2.39,28083000000.0,,28083000000.0,150985042488.0,17.0,13.504,1871000000.0,2.488,1.0,4465000000.0,0.807,26428000000.0,284000000.0,63642000000.0,,2435000000.0,27238000000.0,27238000000.0,0.0,43366000000.0,8664000000.0,34702000000.0,122450042488.0,918000000.0,-359000000.0,-183000000.0,-124000000.0,-596000000.0,-922000000.0,-233000000.0,408000000.0,2073000000.0,0.0,1800000000.0,1800000000.0,1800000000.0,0.0,0.0,0.325,2432000000.0,2033000000.0,965000000.0,0.331,4.36,17.647,17.741,4907000000.0,0.0,162.33,5.653,5.68,2995000000.0,-2086000000.0,5536000000.0,5536000000.0,1093000000.0,,,,,80000000.0,1416000000.0,1.0,754327866.0,752000000,763000000.0,7.362,45021000000.0,0.0,113000000.0,4212000000.0,59.868,29851000000.0
23,AMGN,MRQ,2015-09-30,2015-09-30,2015-09-30,2021-08-04,-237000000.0,71869000000.0,,38844000000.0,33025000000.0,,36.945,-93000000.0,3226000000.0,3226000000.0,1034000000.0,1863000000.0,5.421,1.57,31761000000.0,1250000000.0,30511000000.0,31761000000.0,0.0,523000000.0,0.0,0.022,0.79,2474000000.0,2997000000.0,0.524,2997000000.0,2474000000.0,2192000000.0,2.46,2.44,2.46,27967000000.0,,27967000000.0,132932032810.0,16.0,12.643,2799000000.0,3.697,1.0,4689000000.0,0.819,26287000000.0,282000000.0,66952000000.0,,2531000000.0,27894000000.0,27894000000.0,0.0,43902000000.0,7165000000.0,36737000000.0,104775032810.0,-569000000.0,0.0,-744000000.0,-125000000.0,-599000000.0,-1458000000.0,-2003000000.0,-1820000000.0,2892000000.0,0.0,1863000000.0,1863000000.0,1863000000.0,0.0,0.0,0.326,2350000000.0,2339000000.0,1067000000.0,0.321,3.746,16.287,16.314,4988000000.0,0.0,138.18,4.883,4.875,2901000000.0,-2352000000.0,5723000000.0,5723000000.0,1119000000.0,,,,,82000000.0,1244000000.0,1.0,758250346.0,757000000,764000000.0,7.56,45582000000.0,0.0,329000000.0,3109000000.0,60.214,31679000000.0
24,AMGN,MRQ,2015-06-30,2015-06-30,2015-06-30,2021-08-04,-68000000.0,71209000000.0,,37736000000.0,33473000000.0,,36.163,93000000.0,3795000000.0,3795000000.0,1089000000.0,1653000000.0,5.476,1.591,31952000000.0,1250000000.0,30702000000.0,31952000000.0,0.0,519000000.0,0.0,0.018,0.79,2274000000.0,2793000000.0,0.52,2793000000.0,2274000000.0,1997000000.0,2.18,2.15,2.18,27484000000.0,,27484000000.0,144201888897.0,19.0,14.918,3377000000.0,4.443,1.0,4281000000.0,0.797,26711000000.0,277000000.0,65764000000.0,,2567000000.0,26198000000.0,26198000000.0,0.0,43725000000.0,6891000000.0,36834000000.0,116724888897.0,931000000.0,0.0,-476000000.0,1439000000.0,-602000000.0,6000000.0,-2359000000.0,-2278000000.0,3284000000.0,0.0,1653000000.0,1653000000.0,1653000000.0,0.0,0.0,0.308,2205000000.0,2076000000.0,934000000.0,0.362,4.247,20.077,20.094,5050000000.0,0.0,153.52,5.621,5.619,2779000000.0,-2912000000.0,5370000000.0,5370000000.0,964000000.0,,,,,90000000.0,1160000000.0,1.0,760323664.0,760000000,768000000.0,7.066,44498000000.0,0.0,344000000.0,3227000000.0,58.55,30845000000.0
25,AMGN,MRQ,2015-03-31,2015-03-31,2015-03-31,2021-08-04,137000000.0,68952000000.0,,35064000000.0,33888000000.0,,34.83,-118000000.0,2864000000.0,2864000000.0,1033000000.0,1623000000.0,5.534,1.601,30341000000.0,500000000.0,29841000000.0,30341000000.0,0.0,524000000.0,0.0,0.016,0.79,2128000000.0,2652000000.0,0.527,2652000000.0,2128000000.0,1876000000.0,2.13,2.11,2.13,26506000000.0,,26506000000.0,148287979764.0,20.0,15.743,1364000000.0,1.792,1.0,4000000000.0,0.795,26986000000.0,252000000.0,63107000000.0,,2686000000.0,24254000000.0,24254000000.0,0.0,42446000000.0,6336000000.0,36110000000.0,121303979764.0,-867000000.0,0.0,-464000000.0,-125000000.0,-599000000.0,-1397000000.0,-952000000.0,-731000000.0,1482000000.0,0.0,1623000000.0,1623000000.0,1623000000.0,0.0,0.0,0.322,1978000000.0,2022000000.0,888000000.0,0.371,4.576,21.252,21.313,5123000000.0,0.0,159.85,5.896,5.912,2548000000.0,-4051000000.0,5033000000.0,5033000000.0,894000000.0,,,,,70000000.0,1026000000.0,1.0,758861306.0,761000000,770000000.0,6.614,41966000000.0,0.0,253000000.0,3330000000.0,55.146,28728000000.0
26,AMGN,MRQ,2014-12-31,2014-12-31,2014-12-31,2021-08-04,-8000000.0,69009000000.0,,34713000000.0,34296000000.0,,33.829,-200000000.0,3731000000.0,3731000000.0,1183000000.0,1294000000.0,4.953,1.677,30715000000.0,500000000.0,30215000000.0,30715000000.0,0.0,525000000.0,0.0,0.015,0.61,1547000000.0,2072000000.0,0.389,2072000000.0,1547000000.0,1286000000.0,1.7,1.68,1.7,25778000000.0,,25778000000.0,150470124300.0,23.0,17.201,2642000000.0,3.467,1.0,4148000000.0,0.778,27481000000.0,261000000.0,61504000000.0,,2647000000.0,23295000000.0,23295000000.0,0.0,43231000000.0,7008000000.0,36223000000.0,121167124300.0,54000000.0,-50000000.0,-105000000.0,-2125000000.0,-464000000.0,-3162000000.0,374000000.0,827000000.0,2842000000.0,0.0,1294000000.0,1294000000.0,1294000000.0,0.0,0.0,0.243,2689000000.0,1459000000.0,995000000.0,0.359,4.7,23.491,23.425,5223000000.0,0.0,159.29,6.039,6.026,2546000000.0,-4624000000.0,5331000000.0,5331000000.0,1234000000.0,,,,,106000000.0,1327000000.0,1.0,760670000.0,762000000,773000000.0,6.996,41528000000.0,0.0,-8000000.0,3461000000.0,54.499,27705000000.0
27,AMGN,MRQ,2014-09-30,2014-09-30,2014-09-30,2021-08-04,-104000000.0,70775000000.0,,36048000000.0,34727000000.0,,33.279,-170000000.0,3677000000.0,3677000000.0,1068000000.0,1244000000.0,4.216,1.795,32980000000.0,2500000000.0,30480000000.0,32980000000.0,0.0,543000000.0,0.0,0.016,0.61,1606000000.0,2149000000.0,0.427,2149000000.0,1606000000.0,1337000000.0,1.63,1.61,1.63,25325000000.0,,25325000000.0,135670431526.0,21.0,16.161,2571000000.0,3.378,1.0,3963000000.0,0.788,27915000000.0,269000000.0,63612000000.0,,2885000000.0,24398000000.0,24398000000.0,0.0,45450000000.0,8551000000.0,36899000000.0,106694431526.0,-675000000.0,0.0,54000000.0,-125000000.0,-464000000.0,-513000000.0,-2903000000.0,-2648000000.0,2741000000.0,0.0,1244000000.0,1244000000.0,1244000000.0,0.0,0.0,0.247,2497000000.0,1466000000.0,955000000.0,0.374,4.213,21.841,21.811,5267000000.0,0.0,140.46,5.404,5.414,2355000000.0,-4698000000.0,5031000000.0,5031000000.0,1018000000.0,,,,,103000000.0,1213000000.0,1.0,759607230.0,761000000,771000000.0,6.611,42860000000.0,0.0,93000000.0,0.0,56.321,27497000000.0
28,AMGN,MRQ,2014-06-30,2014-06-30,2014-06-30,2021-08-04,-123000000.0,69534000000.0,,34328000000.0,35206000000.0,,32.124,-173000000.0,4352000000.0,4352000000.0,1081000000.0,1547000000.0,4.364,1.852,33328000000.0,2500000000.0,30828000000.0,33328000000.0,0.0,506000000.0,0.0,0.018,0.61,2040000000.0,2546000000.0,0.492,2546000000.0,2040000000.0,1758000000.0,2.04,2.01,2.04,24382000000.0,,24382000000.0,117945652474.0,18.0,14.221,2054000000.0,2.706,1.0,4099000000.0,0.791,28343000000.0,282000000.0,62301000000.0,,2954000000.0,21836000000.0,21836000000.0,0.0,45152000000.0,7866000000.0,37286000000.0,89608652474.0,665000000.0,-11000000.0,61000000.0,1246000000.0,-463000000.0,896000000.0,-2458000000.0,-2183000000.0,2227000000.0,0.0,1547000000.0,1547000000.0,1547000000.0,0.0,0.0,0.299,2197000000.0,1902000000.0,982000000.0,0.299,3.675,17.89,17.881,5371000000.0,0.0,118.37,4.605,4.617,2697000000.0,-5476000000.0,5180000000.0,5180000000.0,1018000000.0,,,,,112000000.0,1136000000.0,1.0,757021648.0,759000000,768000000.0,6.825,41191000000.0,0.0,211000000.0,0.0,54.27,26462000000.0
29,AMGN,MRQ,2014-03-31,2014-03-31,2014-03-31,2021-08-04,-126000000.0,67004000000.0,,28302000000.0,38702000000.0,,30.041,-172000000.0,3687000000.0,3687000000.0,1090000000.0,1073000000.0,3.45,1.946,32024000000.0,2505000000.0,29519000000.0,32024000000.0,0.0,518000000.0,0.0,0.016,0.61,1463000000.0,1981000000.0,0.438,1981000000.0,1463000000.0,1204000000.0,1.42,1.4,1.42,22741000000.0,,22741000000.0,121445599149.0,20.0,15.832,970000000.0,1.281,1.0,3431000000.0,0.759,28398000000.0,259000000.0,58740000000.0,,2966000000.0,19529000000.0,16115000000.0,3414000000.0,44263000000.0,8203000000.0,36060000000.0,93122599149.0,-118000000.0,-104000000.0,38000000.0,-125000000.0,-460000000.0,-495000000.0,-765000000.0,-445000000.0,1142000000.0,0.0,1073000000.0,1073000000.0,1073000000.0,0.0,0.0,0.237,2067000000.0,1364000000.0,949000000.0,0.43,4.095,19.729,19.734,5365000000.0,0.0,123.34,4.912,4.925,2514000000.0,-7023000000.0,4521000000.0,4521000000.0,1027000000.0,,,,,87000000.0,1023000000.0,1.0,755007290.0,757000000,768000000.0,5.972,38606000000.0,0.0,131000000.0,0.0,50.999,20099000000.0
30,AMGN,MRQ,2013-12-31,2013-12-31,2013-12-31,2021-08-04,-161000000.0,66125000000.0,,27367000000.0,38758000000.0,,29.228,-181000000.0,3805000000.0,3805000000.0,1029000000.0,1021000000.0,3.444,1.993,32128000000.0,2505000000.0,29623000000.0,32128000000.0,0.0,444000000.0,0.0,0.016,0.47,1275000000.0,1719000000.0,0.343,1719000000.0,1275000000.0,1014000000.0,1.35,1.33,1.35,22096000000.0,,22096000000.0,104938716554.0,17.0,13.857,1654000000.0,2.188,1.0,3982000000.0,0.795,28230000000.0,261000000.0,58271000000.0,,3019000000.0,19008000000.0,15596000000.0,3412000000.0,44029000000.0,7947000000.0,36082000000.0,86030716554.0,-4476000000.0,-9434000000.0,28000000.0,4109000000.0,-354000000.0,3807000000.0,-10118000000.0,-457000000.0,1835000000.0,0.0,1021000000.0,1021000000.0,1021000000.0,0.0,0.0,0.204,2795000000.0,1187000000.0,787000000.0,0.348,3.893,16.932,16.901,5349000000.0,0.0,114.08,4.606,4.6,2697000000.0,-7634000000.0,5011000000.0,5011000000.0,1249000000.0,,,,,99000000.0,1521000000.0,1.0,754126197.0,756000000,768000000.0,6.628,37895000000.0,0.0,-7000000.0,3498000000.0,50.126,19420000000.0
31,AMGN,MRQ,2013-09-30,2013-09-30,2013-09-30,2021-08-04,-97000000.0,57073000000.0,,30675000000.0,26398000000.0,,28.817,-175000000.0,8281000000.0,8281000000.0,788000000.0,1368000000.0,6.334,1.627,27189000000.0,11000000.0,27178000000.0,27189000000.0,0.0,288000000.0,0.0,0.016,0.47,1760000000.0,2048000000.0,0.431,2048000000.0,1760000000.0,1503000000.0,1.81,1.79,1.81,21728000000.0,,21728000000.0,102428393692.0,16.0,13.953,1632000000.0,2.164,1.0,3960000000.0,0.834,16254000000.0,257000000.0,54884000000.0,,2838000000.0,17688000000.0,14277000000.0,3411000000.0,35345000000.0,4843000000.0,30502000000.0,84319393692.0,2475000000.0,0.0,56000000.0,3074000000.0,-354000000.0,2787000000.0,-2119000000.0,-1950000000.0,1807000000.0,0.0,1368000000.0,1368000000.0,1368000000.0,0.0,0.0,0.288,2272000000.0,1688000000.0,895000000.0,0.26,3.881,17.393,17.407,5283000000.0,0.0,111.925,4.662,4.666,3230000000.0,-7840000000.0,4748000000.0,4748000000.0,989000000.0,,,,,100000000.0,1249000000.0,1.0,753356209.0,754000000,766000000.0,6.297,40819000000.0,0.0,135000000.0,0.0,54.137,25832000000.0
32,AMGN,MRQ,2013-06-30,2013-06-30,2013-06-30,2021-08-04,-71000000.0,52610000000.0,,29673000000.0,22937000000.0,,27.386,-159000000.0,5806000000.0,5806000000.0,785000000.0,1258000000.0,6.203,1.555,23915000000.0,7000000.0,23908000000.0,23915000000.0,0.0,277000000.0,0.0,0.017,0.47,1646000000.0,1923000000.0,0.411,1923000000.0,1646000000.0,1405000000.0,1.67,1.65,1.67,20594000000.0,,20594000000.0,95354687015.0,16.0,13.404,1441000000.0,1.916,1.0,3894000000.0,0.832,16354000000.0,241000000.0,49581000000.0,,2773000000.0,16212000000.0,16212000000.0,0.0,32016000000.0,4784000000.0,27232000000.0,73992687015.0,3276000000.0,0.0,119000000.0,0.0,-354000000.0,-283000000.0,1959000000.0,2162000000.0,1600000000.0,0.0,1258000000.0,1258000000.0,1258000000.0,0.0,0.0,0.269,2344000000.0,1550000000.0,1006000000.0,0.281,3.593,16.131,16.281,5293000000.0,0.0,98.66,4.191,4.202,2674000000.0,-8854000000.0,4679000000.0,4679000000.0,967000000.0,,,,,112000000.0,1256000000.0,1.0,749976556.0,752000000,764000000.0,6.222,36256000000.0,0.0,147000000.0,0.0,48.213,24889000000.0
33,AMGN,MRQ,2013-03-31,2013-03-31,2013-03-31,2021-08-04,137000000.0,51640000000.0,,28695000000.0,22945000000.0,,25.953,-158000000.0,2530000000.0,2530000000.0,744000000.0,1434000000.0,5.581,1.649,23892000000.0,7000000.0,23885000000.0,23892000000.0,0.0,277000000.0,0.0,0.015,0.47,1606000000.0,1883000000.0,0.444,1883000000.0,1606000000.0,1343000000.0,1.91,1.88,1.91,19491000000.0,,19491000000.0,99993561145.0,16.0,13.94,891000000.0,1.186,1.0,3494000000.0,0.824,16501000000.0,263000000.0,51359000000.0,,2737000000.0,18741000000.0,18741000000.0,0.0,32149000000.0,5142000000.0,27007000000.0,76721561145.0,-727000000.0,0.0,-739000000.0,-2500000000.0,-353000000.0,-3585000000.0,1809000000.0,1973000000.0,1049000000.0,0.0,1434000000.0,1434000000.0,1434000000.0,0.0,0.0,0.338,2052000000.0,1442000000.0,940000000.0,0.246,3.936,16.697,17.028,5296000000.0,0.0,102.51,4.395,4.41,2528000000.0,-10111000000.0,4238000000.0,4238000000.0,878000000.0,,,,,92000000.0,1158000000.0,1.0,748430018.0,751000000,764000000.0,5.643,35139000000.0,0.0,-91000000.0,0.0,46.79,23553000000.0
34,AMGN,MRQ,2012-12-31,2012-12-31,2012-12-31,2021-08-04,146000000.0,54298000000.0,,31209000000.0,23089000000.0,,24.98,-200000000.0,3257000000.0,3257000000.0,922000000.0,788000000.0,3.81,1.849,26529000000.0,2495000000.0,24034000000.0,26529000000.0,0.0,273000000.0,0.0,0.017,0.36,1214000000.0,1487000000.0,0.336,1487000000.0,1214000000.0,923000000.0,1.04,1.01,1.04,19060000000.0,,19060000000.0,86801023326.0,14.0,12.14,612000000.0,0.802,1.0,3499000000.0,0.791,16630000000.0,291000000.0,52749000000.0,,2744000000.0,20804000000.0,20804000000.0,0.0,35238000000.0,8191000000.0,27047000000.0,66146023326.0,-2566000000.0,-400000000.0,-1058000000.0,-21000000.0,-274000000.0,-1347000000.0,-2031000000.0,-1433000000.0,812000000.0,0.0,788000000.0,788000000.0,788000000.0,0.0,0.0,0.178,2411000000.0,1088000000.0,905000000.0,0.346,3.47,15.223,15.365,5326000000.0,0.0,86.2,3.831,3.869,2518000000.0,-10423000000.0,4421000000.0,4421000000.0,938000000.0,,,,,91000000.0,1373000000.0,1.0,767355259.0,763000000,781000000.0,5.794,37668000000.0,0.0,135000000.0,0.0,49.368,23018000000.0
35,AMGN,MRQ,2012-09-30,2012-09-30,2012-09-30,2021-08-04,147000000.0,55448000000.0,,32605000000.0,22843000000.0,,25.813,-173000000.0,5823000000.0,5823000000.0,775000000.0,1107000000.0,3.897,1.786,26478000000.0,2458000000.0,24020000000.0,26478000000.0,0.0,287000000.0,0.0,0.016,0.36,1534000000.0,1821000000.0,0.422,1821000000.0,1534000000.0,1263000000.0,1.44,1.41,1.44,19902000000.0,,19902000000.0,83497108811.0,14.0,11.645,1550000000.0,2.01,1.0,3544000000.0,0.821,16269000000.0,271000000.0,51467000000.0,,2769000000.0,19551000000.0,19551000000.0,0.0,35546000000.0,8367000000.0,27179000000.0,64968108811.0,-26000000.0,-319000000.0,-265000000.0,1954000000.0,-279000000.0,1424000000.0,-3173000000.0,-2742000000.0,1723000000.0,0.0,1107000000.0,1107000000.0,1107000000.0,0.0,0.0,0.256,2121000000.0,1423000000.0,878000000.0,0.25,3.264,14.466,14.892,5381000000.0,0.0,84.29,3.863,3.864,2696000000.0,-9348000000.0,4319000000.0,4319000000.0,880000000.0,,,,,91000000.0,1131000000.0,1.0,770768879.0,771000000,783000000.0,5.602,39179000000.0,0.0,156000000.0,0.0,50.816,24238000000.0
36,AMGN,MRQ,2012-06-30,2012-06-30,2012-06-30,2021-08-04,151000000.0,52226000000.0,,29562000000.0,22664000000.0,,24.793,-172000000.0,5849000000.0,5849000000.0,752000000.0,1266000000.0,3.681,1.715,24378000000.0,2416000000.0,21962000000.0,24378000000.0,0.0,269000000.0,0.0,0.018,0.36,1713000000.0,1982000000.0,0.443,1982000000.0,1713000000.0,1457000000.0,1.63,1.61,1.63,19239000000.0,,19239000000.0,73904681312.0,14.0,11.87,2203000000.0,2.839,1.0,3725000000.0,0.832,15898000000.0,256000000.0,46825000000.0,,2592000000.0,16626000000.0,16626000000.0,0.0,32987000000.0,8032000000.0,24955000000.0,56702681312.0,1642000000.0,-702000000.0,-995000000.0,2961000000.0,-280000000.0,1707000000.0,-2440000000.0,-1467000000.0,2375000000.0,0.0,1266000000.0,1266000000.0,1266000000.0,0.0,0.0,0.283,2136000000.0,1589000000.0,884000000.0,0.221,2.947,14.774,15.447,5437000000.0,0.0,72.91,3.449,3.441,2708000000.0,-9380000000.0,4477000000.0,4477000000.0,826000000.0,,,,,105000000.0,1231000000.0,1.0,777707877.0,776000000,785000000.0,5.769,36328000000.0,0.0,191000000.0,0.0,46.814,21530000000.0
37,AMGN,MRQ,2012-03-31,2012-03-31,2012-03-31,2021-08-04,106000000.0,49250000000.0,,26855000000.0,22395000000.0,,23.861,-144000000.0,4207000000.0,4207000000.0,750000000.0,1184000000.0,3.236,1.609,21409000000.0,2381000000.0,19028000000.0,21409000000.0,0.0,259000000.0,0.0,0.014,0.36,1601000000.0,1860000000.0,0.459,1860000000.0,1601000000.0,1366000000.0,1.5,1.48,1.5,18874000000.0,,18874000000.0,68275642148.0,14.0,11.444,828000000.0,1.047,1.0,3298000000.0,0.815,15566000000.0,235000000.0,42588000000.0,,2499000000.0,15167000000.0,15167000000.0,0.0,30376000000.0,8298000000.0,22078000000.0,53793642148.0,-2739000000.0,-969000000.0,-1001000000.0,-84000000.0,-285000000.0,-1365000000.0,-2346000000.0,-1233000000.0,972000000.0,0.0,1184000000.0,1184000000.0,1184000000.0,0.0,0.0,0.292,1821000000.0,1477000000.0,891000000.0,0.24,2.85,14.376,15.625,5392000000.0,0.0,67.97,3.378,3.376,2988000000.0,-9444000000.0,4048000000.0,4048000000.0,736000000.0,,,,,75000000.0,1079000000.0,1.0,791432134.0,791000000,800000000.0,5.118,33684000000.0,0.0,182000000.0,0.0,42.584,18557000000.0
38,AMGN,MRQ,2011-12-31,2011-12-31,2011-12-31,2021-08-04,171000000.0,48871000000.0,,27593000000.0,21278000000.0,,22.282,-224000000.0,6946000000.0,6946000000.0,937000000.0,934000000.0,4.795,1.568,21428000000.0,84000000.0,21344000000.0,21428000000.0,0.0,261000000.0,0.0,0.009,0.28,1246000000.0,1507000000.0,0.379,1507000000.0,1246000000.0,1051000000.0,1.09,1.08,1.09,19029000000.0,,19029000000.0,66656907898.0,14.0,11.453,1360000000.0,1.593,1.0,3036000000.0,0.764,14334000000.0,195000000.0,43265000000.0,,2484000000.0,13695000000.0,13695000000.0,0.0,29842000000.0,5754000000.0,24088000000.0,56282907898.0,3055000000.0,0.0,-5182000000.0,7114000000.0,-245000000.0,1691000000.0,-220000000.0,-30000000.0,1584000000.0,0.0,934000000.0,934000000.0,934000000.0,0.0,0.0,0.235,1874000000.0,1162000000.0,642000000.0,0.257,2.958,15.282,15.776,5420000000.0,0.0,64.21,3.612,3.729,2896000000.0,-8919000000.0,3973000000.0,3973000000.0,851000000.0,,,,,96000000.0,1221000000.0,1.0,876544275.0,854000000,858000000.0,4.652,34537000000.0,0.0,117000000.0,0.0,40.441,21839000000.0
39,AMGN,MRQ,2011-09-30,2011-09-30,2011-09-30,2021-08-04,118000000.0,45765000000.0,,24430000000.0,21335000000.0,,25.968,-120000000.0,3891000000.0,3891000000.0,605000000.0,454000000.0,4.596,0.943,14265000000.0,384000000.0,13881000000.0,14265000000.0,0.0,265000000.0,0.0,0.005,0.28,612000000.0,877000000.0,0.222,877000000.0,612000000.0,454000000.0,0.5,0.5,0.5,23553000000.0,,23553000000.0,58720060926.0,13.0,10.239,849000000.0,0.936,1.0,3339000000.0,0.847,14451000000.0,158000000.0,36373000000.0,,2357000000.0,13785000000.0,13785000000.0,0.0,22212000000.0,5315000000.0,16897000000.0,50788060926.0,-2107000000.0,0.0,-2259000000.0,300000000.0,-255000000.0,-2219000000.0,-857000000.0,-753000000.0,969000000.0,0.0,454000000.0,454000000.0,454000000.0,0.0,0.0,0.115,2814000000.0,525000000.0,734000000.0,0.56,2.156,13.468,13.537,5391000000.0,0.0,54.96,3.287,3.226,2725000000.0,-4167000000.0,3944000000.0,3944000000.0,761000000.0,,,,,71000000.0,1125000000.0,1.0,924091356.0,907000000,914000000.0,4.348,31314000000.0,0.0,0.0,0.0,34.525,19115000000.0
40,AMGN,MRQ,2011-06-30,2011-06-30,2011-06-30,2021-08-04,45000000.0,46936000000.0,,25481000000.0,21455000000.0,,27.631,-123000000.0,5998000000.0,5998000000.0,602000000.0,1170000000.0,5.561,0.832,13930000000.0,83000000.0,13847000000.0,13930000000.0,0.0,261000000.0,0.0,0.0,0.0,1461000000.0,1722000000.0,0.435,1722000000.0,1461000000.0,1339000000.0,1.26,1.25,1.26,25614000000.0,,25614000000.0,63890775083.0,11.0,9.543,1413000000.0,1.524,1.0,3357000000.0,0.848,14576000000.0,122000000.0,35710000000.0,,2230000000.0,13174000000.0,13174000000.0,0.0,21322000000.0,4582000000.0,16740000000.0,54249775083.0,4732000000.0,-298000000.0,-634000000.0,2973000000.0,0.0,2350000000.0,846000000.0,1266000000.0,1536000000.0,0.0,1170000000.0,1170000000.0,1170000000.0,0.0,0.0,0.296,2025000000.0,1332000000.0,870000000.0,0.0,2.118,11.915,12.031,5516000000.0,0.0,58.35,3.541,3.53,2713000000.0,-1945000000.0,3959000000.0,3959000000.0,819000000.0,,,,,97000000.0,1130000000.0,1.0,929730507.0,927000000,935000000.0,4.271,32360000000.0,0.0,169000000.0,0.0,34.908,20899000000.0
41,AMGN,MRQ,2011-03-31,2011-03-31,2011-03-31,2021-08-04,-9000000.0,42714000000.0,,21689000000.0,21025000000.0,,26.778,-100000000.0,1266000000.0,1266000000.0,564000000.0,1125000000.0,5.104,0.71,10907000000.0,83000000.0,10824000000.0,10907000000.0,0.0,273000000.0,0.0,0.0,0.0,1441000000.0,1714000000.0,0.462,1714000000.0,1441000000.0,1306000000.0,1.21,1.2,1.21,24984000000.0,,24984000000.0,59914607612.0,10.0,8.766,930000000.0,0.997,1.0,3142000000.0,0.848,14312000000.0,135000000.0,33794000000.0,,2098000000.0,14092000000.0,14092000000.0,0.0,17730000000.0,4249000000.0,13481000000.0,49839607612.0,-2021000000.0,-403000000.0,2000000.0,-2500000000.0,0.0,-2496000000.0,-555000000.0,-46000000.0,1030000000.0,0.0,1125000000.0,1125000000.0,1125000000.0,0.0,0.0,0.304,1849000000.0,1293000000.0,832000000.0,0.0,1.995,10.87,11.043,5455000000.0,0.0,53.45,3.286,3.288,2517000000.0,-2383000000.0,3706000000.0,3706000000.0,736000000.0,,,,,77000000.0,1023000000.0,1.0,932452902.0,933000000,941000000.0,3.972,28402000000.0,0.0,181000000.0,0.0,30.442,17440000000.0
42,AMGN,MRQ,2010-12-31,2010-12-31,2010-12-31,2021-08-04,153000000.0,43486000000.0,,23129000000.0,20357000000.0,,25.418,-182000000.0,3287000000.0,3287000000.0,572000000.0,1022000000.0,3.52,0.816,13362000000.0,2488000000.0,10874000000.0,13362000000.0,0.0,261000000.0,0.0,0.0,0.0,1161000000.0,1422000000.0,0.37,1422000000.0,1161000000.0,999000000.0,1.09,1.08,1.09,23944000000.0,,23944000000.0,62211365240.0,11.0,8.967,1826000000.0,1.938,1.0,3269000000.0,0.851,13564000000.0,162000000.0,33427000000.0,,2022000000.0,14135000000.0,14135000000.0,0.0,19542000000.0,6570000000.0,12972000000.0,51870365240.0,336000000.0,0.0,-1112000000.0,0.0,0.0,-1181000000.0,-491000000.0,-286000000.0,2008000000.0,0.0,1022000000.0,1022000000.0,1022000000.0,0.0,0.0,0.266,2201000000.0,1068000000.0,716000000.0,0.0,2.166,11.21,11.39,5522000000.0,0.0,54.9,3.446,3.501,2335000000.0,-3508000000.0,3841000000.0,3841000000.0,854000000.0,,,,,105000000.0,1156000000.0,1.0,944815396.0,942000000,947000000.0,4.077,29922000000.0,0.0,-23000000.0,0.0,31.764,16559000000.0
43,AMGN,MRQ,2010-09-30,2010-09-30,2010-09-30,2021-08-04,255000000.0,43534000000.0,,22930000000.0,20604000000.0,,25.126,-127000000.0,2951000000.0,2951000000.0,587000000.0,1236000000.0,3.663,0.809,13292000000.0,2451000000.0,10841000000.0,13292000000.0,0.0,253000000.0,0.0,0.0,0.0,1584000000.0,1837000000.0,0.481,1837000000.0,1584000000.0,1434000000.0,1.29,1.28,1.29,24071000000.0,,24071000000.0,62841528427.0,11.0,8.99,1175000000.0,1.227,1.0,3229000000.0,0.846,13649000000.0,150000000.0,33966000000.0,,2044000000.0,14098000000.0,14098000000.0,0.0,19463000000.0,6260000000.0,13203000000.0,52821528427.0,1239000000.0,0.0,-294000000.0,1482000000.0,0.0,1208000000.0,-1271000000.0,-1118000000.0,1302000000.0,0.0,1236000000.0,1236000000.0,1236000000.0,0.0,0.0,0.324,1750000000.0,1479000000.0,759000000.0,0.0,2.194,11.645,11.826,5643000000.0,0.0,55.11,3.517,3.515,2443000000.0,-3394000000.0,3816000000.0,3816000000.0,719000000.0,,,,,82000000.0,957000000.0,1.0,958474477.0,958000000,962000000.0,3.983,29885000000.0,0.0,198000000.0,0.0,31.195,16670000000.0
44,AMGN,MRQ,2010-06-30,2010-06-30,2010-06-30,2021-08-04,317000000.0,40800000000.0,,20164000000.0,20636000000.0,,24.161,-177000000.0,1712000000.0,1712000000.0,553000000.0,1202000000.0,3.365,0.761,11732000000.0,2414000000.0,9318000000.0,11732000000.0,0.0,251000000.0,0.0,0.0,0.0,1611000000.0,1862000000.0,0.489,1862000000.0,1611000000.0,1464000000.0,1.25,1.25,1.25,23170000000.0,,23170000000.0,59785558946.0,10.0,8.416,1387000000.0,1.446,1.0,3251000000.0,0.855,13755000000.0,147000000.0,31073000000.0,,2112000000.0,12811000000.0,12811000000.0,0.0,17630000000.0,5992000000.0,11638000000.0,50387558946.0,-554000000.0,0.0,-739000000.0,0.0,0.0,-683000000.0,-1435000000.0,-1222000000.0,1564000000.0,0.0,1202000000.0,1202000000.0,1202000000.0,0.0,0.0,0.316,1734000000.0,1517000000.0,722000000.0,0.0,2.175,10.753,11.121,5630000000.0,0.0,52.6,3.355,3.359,2208000000.0,-4266000000.0,3804000000.0,3804000000.0,675000000.0,,,,,98000000.0,986000000.0,1.0,957938383.0,959000000,964000000.0,3.967,27045000000.0,0.0,262000000.0,0.0,28.201,14172000000.0
45,AMGN,MRQ,2010-03-31,2010-03-31,2010-03-31,2021-08-04,160000000.0,40366000000.0,,19809000000.0,20557000000.0,,22.748,-94000000.0,2266000000.0,2266000000.0,508000000.0,1167000000.0,3.019,0.807,11664000000.0,2378000000.0,9286000000.0,11664000000.0,0.0,252000000.0,0.0,0.0,0.0,1565000000.0,1817000000.0,0.506,1817000000.0,1565000000.0,1420000000.0,1.19,1.18,1.19,22339000000.0,,22339000000.0,66315961106.0,11.0,9.471,819000000.0,0.834,1.0,3084000000.0,0.859,13797000000.0,145000000.0,29405000000.0,,2202000000.0,11851000000.0,11851000000.0,0.0,18027000000.0,6562000000.0,11465000000.0,58598961106.0,-618000000.0,0.0,-1561000000.0,989000000.0,0.0,-576000000.0,-955000000.0,-849000000.0,913000000.0,0.0,1167000000.0,1167000000.0,1167000000.0,0.0,0.0,0.325,1603000000.0,1481000000.0,882000000.0,0.0,2.623,12.329,12.651,5619000000.0,0.0,59.837,3.926,3.937,2271000000.0,-4852000000.0,3592000000.0,3592000000.0,646000000.0,,,,,68000000.0,884000000.0,1.0,979301627.0,982000000,988000000.0,3.658,26569000000.0,0.0,253000000.0,0.0,27.056,13247000000.0
46,AMGN,MRQ,2009-12-31,2009-12-31,2009-12-31,2021-08-04,45000000.0,39629000000.0,,18932000000.0,20697000000.0,,22.577,-144000000.0,2884000000.0,2884000000.0,538000000.0,931000000.0,4.888,0.748,10601000000.0,0.0,10601000000.0,10601000000.0,0.0,257000000.0,0.0,0.0,0.0,1217000000.0,1474000000.0,0.387,1474000000.0,1217000000.0,1075000000.0,0.93,0.93,0.93,22667000000.0,,22667000000.0,65215671211.0,11.0,9.547,1679000000.0,1.672,1.0,3271000000.0,0.859,13902000000.0,142000000.0,29571000000.0,,2220000000.0,10558000000.0,10558000000.0,0.0,16962000000.0,3873000000.0,13089000000.0,57256671211.0,-693000000.0,0.0,-1357000000.0,-1000000000.0,0.0,-2177000000.0,-339000000.0,-200000000.0,1823000000.0,0.0,931000000.0,931000000.0,931000000.0,0.0,0.0,0.244,2148000000.0,1123000000.0,574000000.0,0.0,2.526,12.434,12.488,5738000000.0,0.0,56.57,3.91,3.925,2109000000.0,-4322000000.0,3809000000.0,3809000000.0,891000000.0,,,,,75000000.0,1180000000.0,1.0,1012138434.0,1004000000,1009000000.0,3.794,25727000000.0,0.0,144000000.0,0.0,25.625,15059000000.0
47,AMGN,MRQ,2009-09-30,2009-09-30,2009-09-30,2021-08-04,47000000.0,40940000000.0,,19974000000.0,20966000000.0,,22.498,-130000000.0,3577000000.0,3577000000.0,545000000.0,1386000000.0,4.074,0.791,11536000000.0,1000000000.0,10536000000.0,11536000000.0,0.0,272000000.0,0.0,0.0,0.0,1679000000.0,1951000000.0,0.512,1951000000.0,1679000000.0,1540000000.0,1.36,1.36,1.36,22858000000.0,,22858000000.0,69665156341.0,12.0,10.161,1845000000.0,1.816,1.0,3267000000.0,0.857,14009000000.0,139000000.0,29987000000.0,,2155000000.0,10436000000.0,10436000000.0,0.0,18082000000.0,4903000000.0,13179000000.0,61162156341.0,609000000.0,0.0,49000000.0,0.0,0.0,55000000.0,-1421000000.0,-1369000000.0,1975000000.0,0.0,1386000000.0,1386000000.0,1386000000.0,0.0,0.0,0.364,1662000000.0,1605000000.0,613000000.0,0.0,2.676,13.299,13.444,5743000000.0,0.0,60.23,4.194,4.196,2331000000.0,-4042000000.0,3812000000.0,3812000000.0,647000000.0,,,,,86000000.0,932000000.0,1.0,1015476612.0,1016000000,1022000000.0,3.752,26931000000.0,0.0,154000000.0,0.0,26.507,15071000000.0
48,AMGN,MRQ,2009-06-30,2009-06-30,2009-06-30,2021-08-04,63000000.0,38840000000.0,,17696000000.0,21144000000.0,,21.086,-139000000.0,2968000000.0,2968000000.0,531000000.0,1269000000.0,3.891,0.818,11471000000.0,1000000000.0,10471000000.0,11471000000.0,0.0,253000000.0,0.0,0.0,0.0,1507000000.0,1760000000.0,0.474,1760000000.0,1507000000.0,1357000000.0,1.25,1.25,1.25,21360000000.0,,21360000000.0,62225977280.0,11.0,9.263,1540000000.0,1.52,1.0,3182000000.0,0.857,14119000000.0,150000000.0,28676000000.0,,2061000000.0,8997000000.0,8997000000.0,0.0,17480000000.0,4548000000.0,12932000000.0,53594977280.0,191000000.0,0.0,76000000.0,0.0,0.0,93000000.0,-1581000000.0,-1425000000.0,1679000000.0,0.0,1269000000.0,1269000000.0,1269000000.0,0.0,0.0,0.342,1725000000.0,1457000000.0,635000000.0,0.0,2.509,12.366,12.665,5800000000.0,0.0,52.94,3.659,3.661,2182000000.0,-5423000000.0,3713000000.0,3713000000.0,693000000.0,,,,,64000000.0,910000000.0,1.0,1012372068.0,1013000000,1017000000.0,3.665,24721000000.0,0.0,88000000.0,0.0,24.404,13148000000.0
49,AMGN,MRQ,2009-03-31,2009-03-31,2009-03-31,2021-08-04,100000000.0,37380000000.0,,16076000000.0,21304000000.0,,19.348,-117000000.0,2777000000.0,2777000000.0,477000000.0,1019000000.0,3.44,0.872,11408000000.0,1000000000.0,10408000000.0,11408000000.0,0.0,267000000.0,0.0,0.0,0.0,1379000000.0,1646000000.0,0.498,1646000000.0,1379000000.0,1232000000.0,0.99,0.98,0.99,19967000000.0,,19967000000.0,59603901687.0,11.0,9.184,742000000.0,0.719,1.0,2831000000.0,0.856,14218000000.0,147000000.0,27120000000.0,,2080000000.0,7601000000.0,7601000000.0,0.0,17413000000.0,4673000000.0,12740000000.0,51201901687.0,1003000000.0,0.0,-1976000000.0,1980000000.0,0.0,5000000.0,139000000.0,271000000.0,859000000.0,0.0,1019000000.0,1019000000.0,1019000000.0,0.0,0.0,0.308,1510000000.0,1321000000.0,687000000.0,0.0,2.564,12.894,13.135,5804000000.0,0.0,49.52,3.484,3.477,2009000000.0,-6659000000.0,3308000000.0,3308000000.0,633000000.0,,,,,59000000.0,798000000.0,1.0,1033964089.0,1032000000,1037000000.0,3.205,23162000000.0,0.0,213000000.0,0.0,22.444,11403000000.0
50,AMGN,MRQ,2008-12-31,2008-12-31,2008-12-31,2021-08-04,117000000.0,36427000000.0,,15221000000.0,21206000000.0,,19.796,-178000000.0,1774000000.0,1774000000.0,558000000.0,925000000.0,3.115,0.744,9352000000.0,1000000000.0,8352000000.0,9352000000.0,0.0,274000000.0,0.0,0.0,0.0,1225000000.0,1499000000.0,0.4,1499000000.0,1225000000.0,1093000000.0,0.88,0.87,0.88,20885000000.0,,20885000000.0,69841333708.0,13.0,10.52,1219000000.0,1.155,1.0,3193000000.0,0.851,14327000000.0,132000000.0,24792000000.0,,2075000000.0,7778000000.0,7778000000.0,0.0,15542000000.0,4886000000.0,10656000000.0,61187333708.0,-748000000.0,-6000000.0,-659000000.0,-1001000000.0,0.0,-1598000000.0,-547000000.0,-398000000.0,1397000000.0,0.0,925000000.0,925000000.0,925000000.0,0.0,0.0,0.247,2056000000.0,1137000000.0,504000000.0,0.0,2.93,15.101,15.237,5879000000.0,0.0,57.75,4.078,4.119,2073000000.0,-5673000000.0,3751000000.0,3751000000.0,798000000.0,,,,,67000000.0,1111000000.0,1.0,1059520930.0,1055000000,1063000000.0,3.555,22100000000.0,0.0,168000000.0,0.0,20.948,10335000000.0
51,AMGN,MRQ,2008-09-30,2008-09-30,2008-09-30,2021-08-04,3000000.0,36998000000.0,,15620000000.0,21378000000.0,,18.745,-159000000.0,2522000000.0,2522000000.0,677000000.0,1121000000.0,3.155,0.866,11176000000.0,1000000000.0,10176000000.0,11176000000.0,0.0,268000000.0,0.0,0.0,0.0,1545000000.0,1813000000.0,0.468,1813000000.0,1545000000.0,1412000000.0,1.06,1.05,1.06,19832000000.0,,19832000000.0,70492802314.0,13.0,10.554,1231000000.0,1.164,1.0,3198000000.0,0.825,14435000000.0,133000000.0,26266000000.0,,2004000000.0,7235000000.0,7235000000.0,0.0,17166000000.0,4951000000.0,12215000000.0,62709802314.0,-870000000.0,-2000000.0,62000000.0,0.0,0.0,65000000.0,-2325000000.0,-2196000000.0,1390000000.0,0.0,1121000000.0,1121000000.0,1121000000.0,0.0,0.0,0.289,1715000000.0,1483000000.0,538000000.0,0.0,3.162,16.187,16.464,5972000000.0,0.0,59.27,4.181,4.181,2114000000.0,-5519000000.0,3875000000.0,3875000000.0,729000000.0,,,,,62000000.0,900000000.0,1.0,1058036145.0,1058000000,1064000000.0,3.663,22563000000.0,0.0,291000000.0,346000000.0,21.326,10669000000.0
52,AMGN,MRQ,2008-06-30,2008-06-30,2008-06-30,2021-08-04,-13000000.0,36061000000.0,,14527000000.0,21534000000.0,,17.192,-165000000.0,3392000000.0,3392000000.0,515000000.0,906000000.0,2.676,0.946,11175000000.0,1000000000.0,10175000000.0,11175000000.0,0.0,265000000.0,0.0,0.0,0.0,1267000000.0,1532000000.0,0.407,1532000000.0,1267000000.0,1130000000.0,0.84,0.84,0.84,18533000000.0,,18533000000.0,58195907463.0,13.0,10.37,1454000000.0,1.349,1.0,3249000000.0,0.863,14514000000.0,137000000.0,23901000000.0,,2134000000.0,5091000000.0,5091000000.0,0.0,17528000000.0,5429000000.0,12099000000.0,51342907463.0,-932000000.0,0.0,-1544000000.0,-8000000.0,0.0,-1561000000.0,-990000000.0,-837000000.0,1619000000.0,0.0,906000000.0,906000000.0,906000000.0,0.0,0.0,0.241,2070000000.0,1179000000.0,764000000.0,0.0,2.77,17.381,17.275,5968000000.0,0.0,47.16,3.485,3.451,2331000000.0,-6653000000.0,3764000000.0,3764000000.0,809000000.0,,,,,74000000.0,904000000.0,1.0,1088696087.0,1078000000,1081000000.0,3.492,21547000000.0,0.0,224000000.0,381000000.0,19.988,9098000000.0
53,AMGN,MRQ,2008-03-31,2008-03-31,2008-03-31,2021-08-04,30000000.0,36128000000.0,,14527000000.0,21601000000.0,,17.527,-170000000.0,4324000000.0,4324000000.0,546000000.0,1100000000.0,2.44,0.893,11177000000.0,2000000000.0,9177000000.0,11177000000.0,0.0,266000000.0,0.0,0.0,0.0,1380000000.0,1646000000.0,0.456,1646000000.0,1380000000.0,1380000000.0,1.01,1.01,1.01,19087000000.0,,19087000000.0,54594078454.0,13.0,9.928,1412000000.0,1.297,1.0,3067000000.0,0.849,14618000000.0,0.0,22409000000.0,,2091000000.0,4323000000.0,4323000000.0,0.0,17041000000.0,5954000000.0,11087000000.0,45441078454.0,2300000000.0,-48000000.0,28000000.0,0.0,0.0,21000000.0,697000000.0,866000000.0,1582000000.0,0.0,1100000000.0,1100000000.0,1100000000.0,0.0,0.0,0.304,1652000000.0,1415000000.0,522000000.0,0.0,2.381,14.816,14.975,5949000000.0,0.0,41.78,3.092,3.096,2224000000.0,-6031000000.0,3613000000.0,3613000000.0,694000000.0,,,,,59000000.0,874000000.0,1.0,1087627536.0,1089000000,1092000000.0,3.318,21510000000.0,0.0,280000000.0,381000000.0,19.752,8573000000.0
54,AMGN,MRQ,2007-12-31,2007-12-31,2007-12-31,2021-08-04,53000000.0,34639000000.0,,13041000000.0,21598000000.0,,16.439,-234000000.0,2024000000.0,2024000000.0,606000000.0,747000000.0,2.111,0.938,11177000000.0,2000000000.0,9177000000.0,11177000000.0,0.0,302000000.0,0.0,0.0,0.0,1386000000.0,1688000000.0,0.451,1688000000.0,1386000000.0,890000000.0,0.69,0.68,0.69,17869000000.0,,17869000000.0,60434088861.0,14.0,11.006,1296000000.0,1.192,1.0,3139000000.0,0.838,14572000000.0,496000000.0,23041000000.0,,2091000000.0,5127000000.0,5127000000.0,0.0,16770000000.0,6179000000.0,10591000000.0,50510088861.0,635000000.0,1000000.0,-67000000.0,-138000000.0,0.0,-198000000.0,-697000000.0,-525000000.0,1530000000.0,0.0,747000000.0,747000000.0,747000000.0,0.0,0.0,0.199,2082000000.0,1057000000.0,378000000.0,0.0,2.827,16.41,16.826,5941000000.0,0.0,46.44,3.42,3.512,2101000000.0,-7160000000.0,3745000000.0,3745000000.0,822000000.0,,,,,263000000.0,1001000000.0,1.0,1087641879.0,1087000000,1093000000.0,3.445,20067000000.0,0.0,143000000.0,0.0,18.461,6862000000.0
55,AMGN,MRQ,2007-09-30,2007-09-30,2007-09-30,2021-08-04,-7000000.0,33452000000.0,,11706000000.0,21746000000.0,,15.566,-306000000.0,1389000000.0,1389000000.0,792000000.0,201000000.0,2.769,0.979,11313000000.0,136000000.0,11177000000.0,11313000000.0,0.0,374000000.0,0.0,0.0,0.0,372000000.0,746000000.0,0.207,746000000.0,372000000.0,372000000.0,0.19,0.18,0.19,16905000000.0,,16905000000.0,71061966655.0,17.0,13.769,1282000000.0,1.18,1.0,2819000000.0,0.781,14759000000.0,0.0,24389000000.0,,2076000000.0,4561000000.0,4561000000.0,0.0,16547000000.0,4228000000.0,12319000000.0,61476966655.0,-338000000.0,-698000000.0,39000000.0,1000000.0,0.0,29000000.0,-1955000000.0,-939000000.0,1588000000.0,0.0,201000000.0,201000000.0,201000000.0,0.0,0.0,0.056,2426000000.0,393000000.0,438000000.0,0.0,3.637,19.43,20.496,5922000000.0,0.0,56.57,4.137,4.134,2154000000.0,-7894000000.0,3611000000.0,3611000000.0,776000000.0,,,,,0.0,730000000.0,1.0,1086741500.0,1086000000,1090000000.0,3.325,18693000000.0,0.0,171000000.0,294000000.0,17.213,7478000000.0
56,AMGN,MRQ,2007-06-30,2007-06-30,2007-06-30,2021-08-04,-14000000.0,32971000000.0,,11196000000.0,21775000000.0,,14.587,-402000000.0,1727000000.0,1727000000.0,558000000.0,1019000000.0,2.647,1.002,11312000000.0,100000000.0,11212000000.0,11312000000.0,0.0,282000000.0,0.0,0.0,0.0,1137000000.0,1419000000.0,0.381,1419000000.0,1137000000.0,1137000000.0,0.9,0.9,0.9,16469000000.0,,16469000000.0,70363745732.0,14.0,11.605,988000000.0,0.875,1.0,3170000000.0,0.85,14804000000.0,0.0,23523000000.0,,2206000000.0,3579000000.0,3579000000.0,0.0,16502000000.0,4229000000.0,12273000000.0,64116745732.0,660000000.0,0.0,-4396000000.0,3981000000.0,0.0,-463000000.0,-267000000.0,172000000.0,1390000000.0,0.0,1019000000.0,1019000000.0,1019000000.0,0.0,0.0,0.273,2040000000.0,1130000000.0,542000000.0,0.0,3.893,15.773,15.752,5970000000.0,0.0,55.29,4.314,4.2,2163000000.0,-8093000000.0,3728000000.0,3728000000.0,817000000.0,,,,,0.0,860000000.0,1.0,1159644524.0,1129000000,1134000000.0,3.302,18167000000.0,0.0,118000000.0,413000000.0,16.091,6967000000.0
57,AMGN,MRQ,2007-03-31,2007-03-31,2007-03-31,2021-08-04,18000000.0,32570000000.0,,10527000000.0,22043000000.0,,16.894,-325000000.0,1067000000.0,1067000000.0,592000000.0,1111000000.0,2.285,0.652,7314000000.0,100000000.0,7214000000.0,7314000000.0,0.0,244000000.0,0.0,0.0,0.0,1394000000.0,1638000000.0,0.444,1638000000.0,1394000000.0,1394000000.0,0.95,0.94,0.95,19715000000.0,,19715000000.0,72966605679.0,17.0,13.986,568000000.0,0.487,1.0,3095000000.0,0.839,14912000000.0,0.0,19298000000.0,,2115000000.0,3770000000.0,3770000000.0,0.0,12855000000.0,4607000000.0,8248000000.0,65237605679.0,-216000000.0,0.0,-399000000.0,-1702000000.0,0.0,-2036000000.0,927000000.0,1240000000.0,893000000.0,0.0,1111000000.0,1111000000.0,1111000000.0,0.0,0.0,0.301,1695000000.0,1400000000.0,601000000.0,0.0,3.309,21.319,21.328,6027000000.0,0.0,55.88,4.426,4.425,2157000000.0,-4638000000.0,3687000000.0,3687000000.0,851000000.0,,,,,0.0,770000000.0,1.0,1167458942.0,1167000000,1177000000.0,3.159,17658000000.0,0.0,283000000.0,466000000.0,15.131,5920000000.0
58,AMGN,MRQ,2006-12-31,2006-12-31,2006-12-31,2021-08-04,12000000.0,33788000000.0,,11712000000.0,22076000000.0,,16.334,-384000000.0,1283000000.0,1283000000.0,561000000.0,833000000.0,1.687,0.782,9012000000.0,1798000000.0,7214000000.0,9012000000.0,0.0,200000000.0,0.0,0.0,0.0,1158000000.0,1358000000.0,0.354,1358000000.0,1158000000.0,1029000000.0,0.72,0.71,0.72,18964000000.0,,18964000000.0,87399875729.0,21.0,17.097,858000000.0,0.739,1.0,3274000000.0,0.854,15049000000.0,129000000.0,19526000000.0,,1903000000.0,4994000000.0,4994000000.0,0.0,14824000000.0,6942000000.0,7882000000.0,79684875729.0,-8000000.0,-279000000.0,-84000000.0,-654000000.0,0.0,-48000000.0,-1202000000.0,-465000000.0,1242000000.0,0.0,833000000.0,833000000.0,833000000.0,0.0,0.0,0.217,2285000000.0,989000000.0,555000000.0,0.0,4.202,27.012,27.215,5921000000.0,0.0,68.31,5.585,5.63,2124000000.0,-5203000000.0,3835000000.0,3835000000.0,1051000000.0,,,,,403000000.0,1030000000.0,1.0,1166518456.0,1161000000,1178000000.0,3.303,18739000000.0,0.0,196000000.0,367000000.0,16.14,4770000000.0
59,AMGN,MRQ,2006-09-30,2006-09-30,2006-09-30,2021-08-04,10000000.0,32586000000.0,,10656000000.0,21930000000.0,,15.185,-376000000.0,1291000000.0,1291000000.0,489000000.0,1102000000.0,1.695,0.839,9006000000.0,1773000000.0,7233000000.0,9006000000.0,0.0,287000000.0,0.0,0.0,0.0,1361000000.0,1648000000.0,0.456,1648000000.0,1361000000.0,1361000000.0,0.94,0.94,0.94,17721000000.0,,17721000000.0,90783973315.0,22.0,17.519,1197000000.0,1.026,1.0,3123000000.0,0.865,15025000000.0,0.0,18988000000.0,,1711000000.0,4490000000.0,4490000000.0,0.0,14865000000.0,6288000000.0,8577000000.0,83730973315.0,-656000000.0,0.0,-363000000.0,1000000.0,0.0,-342000000.0,-1887000000.0,-1466000000.0,1573000000.0,0.0,1102000000.0,1102000000.0,1102000000.0,0.0,0.0,0.305,1801000000.0,1322000000.0,569000000.0,0.0,4.725,28.47,29.196,5673000000.0,0.0,71.53,6.11,6.091,2124000000.0,-5789000000.0,3612000000.0,3612000000.0,872000000.0,,,,,0.0,807000000.0,1.0,1170571415.0,1167000000,1178000000.0,3.095,17561000000.0,0.0,259000000.0,1079000000.0,15.048,4368000000.0
60,AMGN,MRQ,2006-06-30,2006-06-30,2006-06-30,2021-08-04,-16000000.0,31288000000.0,,9503000000.0,21785000000.0,,14.355,-233000000.0,1947000000.0,1947000000.0,493000000.0,14000000.0,1.607,0.858,9000000000.0,1768000000.0,7232000000.0,9000000000.0,0.0,257000000.0,0.0,0.0,0.0,316000000.0,573000000.0,0.159,573000000.0,316000000.0,316000000.0,0.01,0.01,0.01,16839000000.0,,16839000000.0,82034279706.0,20.0,16.244,1158000000.0,0.987,1.0,3111000000.0,0.863,15175000000.0,0.0,17253000000.0,,1520000000.0,3023000000.0,3023000000.0,0.0,14449000000.0,5913000000.0,8536000000.0,76920279706.0,200000000.0,212000000.0,-639000000.0,0.0,0.0,-1349000000.0,158000000.0,281000000.0,1391000000.0,0.0,14000000.0,14000000.0,14000000.0,0.0,0.0,0.004,2816000000.0,295000000.0,668000000.0,0.0,4.568,27.413,28.485,5438000000.0,0.0,65.23,5.807,5.776,2018000000.0,-6385000000.0,3604000000.0,3604000000.0,788000000.0,,,,,0.0,840000000.0,1.0,1179216307.0,1173000000,1185000000.0,3.072,16113000000.0,0.0,302000000.0,1064000000.0,13.737,3590000000.0
61,AMGN,MRQ,2006-03-31,2006-03-31,2006-03-31,2021-08-04,-7000000.0,31315000000.0,,11157000000.0,20158000000.0,,14.468,-225000000.0,3847000000.0,3847000000.0,552000000.0,1001000000.0,2.073,0.801,8961000000.0,1763000000.0,7198000000.0,8961000000.0,0.0,219000000.0,0.0,0.0,0.0,1314000000.0,1533000000.0,0.477,1533000000.0,1314000000.0,1314000000.0,0.83,0.82,0.83,17391000000.0,,17391000000.0,88299108004.0,17.0,14.734,958000000.0,0.797,1.0,2665000000.0,0.828,14138000000.0,0.0,16908000000.0,,1273000000.0,3300000000.0,3300000000.0,0.0,13924000000.0,5383000000.0,8541000000.0,86182108004.0,-93000000.0,-2100000000.0,388000000.0,439000000.0,0.0,924000000.0,-2200000000.0,114000000.0,1183000000.0,0.0,1001000000.0,1001000000.0,1001000000.0,0.0,0.0,0.311,1431000000.0,1234000000.0,442000000.0,0.0,4.956,22.555,23.392,5122000000.0,0.0,72.75,6.726,6.824,1794000000.0,-5517000000.0,3217000000.0,3217000000.0,655000000.0,,,,,0.0,689000000.0,1.0,1184633787.0,1202000000,1218000000.0,2.676,17177000000.0,0.0,313000000.0,1160000000.0,14.29,5774000000.0
62,AMGN,MRQ,2005-12-31,2005-12-31,2005-12-31,2021-08-04,22000000.0,29297000000.0,,9235000000.0,20062000000.0,,16.627,-265000000.0,1840000000.0,1840000000.0,511000000.0,824000000.0,2.569,0.433,3957000000.0,0.0,3957000000.0,3957000000.0,0.0,218000000.0,0.0,0.0,0.0,1210000000.0,1428000000.0,0.437,1428000000.0,1210000000.0,1111000000.0,0.67,0.67,0.67,20451000000.0,,20451000000.0,99139464790.0,20.0,17.069,864000000.0,0.702,1.0,2760000000.0,0.844,14237000000.0,99000000.0,13582000000.0,,1258000000.0,3415000000.0,3415000000.0,0.0,8846000000.0,3595000000.0,5251000000.0,97338464790.0,-311000000.0,0.0,-149000000.0,0.0,0.0,-1078000000.0,-362000000.0,-23000000.0,1129000000.0,0.0,824000000.0,824000000.0,824000000.0,0.0,0.0,0.252,1659000000.0,1101000000.0,596000000.0,0.0,4.76,26.494,26.552,5038000000.0,0.0,78.86,7.831,7.842,1769000000.0,-3132000000.0,3271000000.0,3271000000.0,661000000.0,,,,,98000000.0,911000000.0,1.0,1234319868.0,1230000000,1243000000.0,2.659,15060000000.0,0.0,287000000.0,1163000000.0,12.244,5640000000.0
63,AMGN,MRQ,2005-09-30,2005-09-30,2005-09-30,2021-08-04,17000000.0,29132000000.0,,9193000000.0,19939000000.0,,16.65,-199000000.0,2151000000.0,2151000000.0,552000000.0,967000000.0,1.8,0.419,3952000000.0,1754000000.0,2198000000.0,3952000000.0,0.0,204000000.0,0.0,0.0,0.0,1312000000.0,1516000000.0,0.481,1516000000.0,1312000000.0,1312000000.0,0.78,0.77,0.78,20530000000.0,,20530000000.0,100623386402.0,21.0,18.193,1243000000.0,1.008,1.0,2602000000.0,0.825,14275000000.0,0.0,11552000000.0,,1059000000.0,3400000000.0,3400000000.0,0.0,8602000000.0,5106000000.0,3496000000.0,98297386402.0,530000000.0,0.0,-769000000.0,0.0,0.0,-111000000.0,-801000000.0,-599000000.0,1442000000.0,0.0,967000000.0,967000000.0,967000000.0,0.0,0.0,0.307,1304000000.0,1298000000.0,497000000.0,0.0,4.788,27.775,28.152,4894000000.0,0.0,79.67,8.145,8.14,1664000000.0,-2720000000.0,3154000000.0,3154000000.0,562000000.0,,,,,149000000.0,656000000.0,1.0,1233806783.0,1233000000,1249000000.0,2.558,14857000000.0,0.0,345000000.0,1180000000.0,12.049,4087000000.0
64,AMGN,MRQ,2005-06-30,2005-06-30,2005-06-30,2021-08-04,31000000.0,28038000000.0,,8025000000.0,20013000000.0,,15.881,-205000000.0,1621000000.0,1621000000.0,530000000.0,1029000000.0,1.629,0.432,3947000000.0,1749000000.0,2198000000.0,3947000000.0,0.0,217000000.0,0.0,0.0,0.0,1299000000.0,1516000000.0,0.478,1516000000.0,1299000000.0,1299000000.0,0.83,0.82,0.83,19581000000.0,,19581000000.0,77577081006.0,20.0,16.471,1012000000.0,0.821,1.0,2642000000.0,0.833,14391000000.0,0.0,11046000000.0,,984000000.0,2819000000.0,2819000000.0,0.0,8457000000.0,4927000000.0,3530000000.0,74818081006.0,438000000.0,0.0,-750000000.0,0.0,0.0,-617000000.0,-162000000.0,53000000.0,1217000000.0,0.0,1029000000.0,1029000000.0,1029000000.0,0.0,0.0,0.324,1349000000.0,1293000000.0,503000000.0,0.0,3.821,26.645,26.991,4863000000.0,0.0,60.46,6.435,6.412,1707000000.0,-2918000000.0,3172000000.0,3172000000.0,567000000.0,,,,,113000000.0,646000000.0,1.0,1237480665.0,1233000000,1250000000.0,2.573,13647000000.0,0.0,270000000.0,1209000000.0,11.068,3098000000.0
65,AMGN,MRQ,2005-03-31,2005-03-31,2005-03-31,2021-08-04,0.0,27420000000.0,,7424000000.0,19996000000.0,,15.244,-198000000.0,1183000000.0,1183000000.0,489000000.0,854000000.0,1.554,0.44,3942000000.0,1744000000.0,2198000000.0,3942000000.0,0.0,202000000.0,0.0,0.0,0.0,1146000000.0,1348000000.0,0.476,1348000000.0,1146000000.0,1146000000.0,0.68,0.67,0.68,19040000000.0,,19040000000.0,76504673742.0,21.0,17.427,925000000.0,0.741,1.0,2344000000.0,0.827,14484000000.0,0.0,10917000000.0,,932000000.0,2852000000.0,2852000000.0,0.0,8380000000.0,4778000000.0,3602000000.0,72920673742.0,-343000000.0,0.0,-1675000000.0,-1175000000.0,0.0,-2732000000.0,1266000000.0,1410000000.0,1123000000.0,0.0,854000000.0,854000000.0,854000000.0,0.0,0.0,0.301,1188000000.0,1156000000.0,549000000.0,0.0,3.83,28.857,29.105,4790000000.0,0.0,58.21,6.605,6.586,1584000000.0,-3197000000.0,2833000000.0,2833000000.0,524000000.0,,,,,61000000.0,577000000.0,1.0,1252717295.0,1249000000,1290000000.0,2.268,12936000000.0,0.0,292000000.0,1280000000.0,10.357,2646000000.0
66,AMGN,MRQ,2004-12-31,2004-12-31,2004-12-31,2021-08-04,3000000.0,29221000000.0,,9170000000.0,20051000000.0,,15.577,-296000000.0,1526000000.0,1526000000.0,476000000.0,689000000.0,2.206,0.483,5110000000.0,1173000000.0,3937000000.0,5110000000.0,0.0,193000000.0,0.0,0.0,0.0,958000000.0,1151000000.0,0.396,1151000000.0,958000000.0,920000000.0,0.54,0.53,0.54,19705000000.0,,19705000000.0,83597238128.0,24.0,20.062,814000000.0,0.643,1.0,2433000000.0,0.836,14558000000.0,38000000.0,14090000000.0,,888000000.0,4282000000.0,4282000000.0,0.0,9516000000.0,4157000000.0,5359000000.0,81479238128.0,540000000.0,115000000.0,-1024000000.0,1989000000.0,0.0,1143000000.0,-1713000000.0,-1437000000.0,1110000000.0,0.0,689000000.0,689000000.0,689000000.0,0.0,0.0,0.237,1514000000.0,919000000.0,507000000.0,0.0,4.135,34.481,34.489,4712000000.0,0.0,64.15,7.723,7.728,1461000000.0,-2376000000.0,2909000000.0,2909000000.0,617000000.0,,,,,110000000.0,816000000.0,1.0,1270136214.0,1265000000,1311000000.0,2.3,14663000000.0,0.0,231000000.0,1294000000.0,11.591,5013000000.0
67,AMGN,MRQ,2004-09-30,2004-09-30,2004-09-30,2021-08-04,37000000.0,26811000000.0,,6775000000.0,20036000000.0,,15.572,-298000000.0,986000000.0,986000000.0,447000000.0,236000000.0,1.305,0.354,3104000000.0,2904000000.0,200000000.0,3104000000.0,0.0,186000000.0,0.0,0.0,0.0,509000000.0,695000000.0,0.256,695000000.0,509000000.0,509000000.0,0.19,0.18,0.19,19808000000.0,,19808000000.0,73301209750.0,22.0,18.353,775000000.0,0.609,1.0,2266000000.0,0.835,14715000000.0,0.0,9023000000.0,,716000000.0,2852000000.0,2852000000.0,0.0,7003000000.0,5191000000.0,1812000000.0,71922409750.0,-731000000.0,0.0,-1398000000.0,0.0,0.0,-1296000000.0,-508000000.0,-296000000.0,1073000000.0,0.0,236000000.0,236000000.0,236000000.0,0.0,0.0,0.087,1772000000.0,494000000.0,337000000.0,0.0,3.631,32.397,32.649,4549000000.0,0.0,56.81,7.202,7.236,1413000000.0,-2041000000.0,2713000000.0,2713000000.0,502000000.0,,,,,46000000.0,632000000.0,1.0,1266016718.0,1272000000,1320000000.0,2.133,12096000000.0,0.0,273000000.0,1484000000.0,9.509,1584000000.0
68,AMGN,MRQ,2004-06-30,2004-06-30,2004-06-30,2021-08-04,39800000.0,26060000000.0,,6836100000.0,19223900000.0,,15.308,-356000000.0,1716900000.0,1716900000.0,435000000.0,748000000.0,1.369,0.343,3095700000.0,2895700000.0,200000000.0,3095700000.0,0.0,179000000.0,0.0,0.0,0.0,1017000000.0,1196000000.0,0.463,1196000000.0,1017000000.0,1017000000.0,0.59,0.57,0.59,19410800000.0,,19410800000.0,71720125575.0,20.0,16.549,759000000.0,0.599,1.0,2150000000.0,0.832,14039200000.0,0.0,8405200000.0,,725100000.0,2544900000.0,2544900000.0,0.0,6649200000.0,4994400000.0,1654800000.0,69394025575.0,956000000.0,0.0,-1000000000.0,0.0,0.0,-912000000.0,753000000.0,1139000000.0,1115000000.0,0.0,748000000.0,748000000.0,748000000.0,0.0,0.0,0.289,1143000000.0,1007000000.0,311900000.0,0.0,3.575,26.731,27.015,4351200000.0,0.0,54.57,7.319,7.297,1281200000.0,-884400000.0,2585000000.0,2585000000.0,468000000.0,,,,,45000000.0,591000000.0,1.0,1271651559.0,1268000000,1318000000.0,2.039,12020800000.0,0.0,269000000.0,1454800000.0,9.48,1841700000.0
69,AMGN,MRQ,2004-03-31,2004-03-31,2004-03-31,2021-08-04,75400000.0,25979400000.0,,6935400000.0,19044000000.0,,15.302,-386000000.0,761500000.0,761500000.0,373000000.0,690000000.0,1.452,0.327,3087600000.0,2887600000.0,200000000.0,3087600000.0,0.0,176000000.0,0.0,0.0,0.0,949000000.0,1125000000.0,0.48,1125000000.0,949000000.0,949000000.0,0.54,0.52,0.54,19571300000.0,,19571300000.0,76678854956.0,22.0,18.442,13000000.0,0.01,1.0,1970000000.0,0.841,14115000000.0,0.0,9414400000.0,,736700000.0,3747600000.0,3747600000.0,0.0,6408100000.0,4776100000.0,1632000000.0,74435954956.0,-76000000.0,0.0,-650000000.0,0.0,0.0,-544000000.0,69000000.0,539000000.0,399000000.0,0.0,690000000.0,690000000.0,690000000.0,0.0,0.0,0.294,1042000000.0,928000000.0,311000000.0,0.0,3.803,30.318,30.605,4086300000.0,0.0,58.15,8.328,8.321,1195200000.0,-626500000.0,2343000000.0,2343000000.0,441000000.0,,,,,47000000.0,517000000.0,1.0,1280068013.0,1279000000,1332000000.0,1.832,11864400000.0,0.0,259000000.0,1432000000.0,9.276,2159300000.0
70,AMGN,MRQ,2003-12-31,2003-12-31,2003-12-31,2021-08-04,61000000.0,26113000000.0,,7402000000.0,18711000000.0,,15.089,-426000000.0,837000000.0,837000000.0,389000000.0,546000000.0,3.014,0.347,3080000000.0,0.0,3080000000.0,3080000000.0,0.0,177000000.0,0.0,0.0,0.0,801000000.0,978000000.0,0.417,978000000.0,801000000.0,770000000.0,0.42,0.41,0.42,19389000000.0,,19389000000.0,81728052356.0,26.0,21.004,772000000.0,0.601,1.0,1957000000.0,0.834,14108000000.0,31000000.0,11792000000.0,,713000000.0,4286000000.0,4286000000.0,0.0,6724000000.0,2456000000.0,4268000000.0,79705952356.0,-213000000.0,0.0,-577000000.0,0.0,0.0,-507000000.0,-904000000.0,-382000000.0,1198000000.0,0.0,546000000.0,546000000.0,546000000.0,0.0,0.0,0.233,1202000000.0,755000000.0,327000000.0,0.0,4.111,35.284,35.309,3799000000.0,0.0,61.79,9.539,9.524,1008000000.0,-667000000.0,2346000000.0,2346000000.0,502000000.0,,,,,19000000.0,616000000.0,1.0,1289949059.0,1285000000,1340000000.0,1.826,12005000000.0,0.0,224000000.0,1146000000.0,9.342,4946000000.0
71,AMGN,MRQ,2003-09-30,2003-09-30,2003-09-30,2021-08-04,65900000.0,25868800000.0,,7294000000.0,18574800000.0,,15.095,-387000000.0,1049700000.0,1049700000.0,340000000.0,612000000.0,4.711,0.33,3071800000.0,0.0,3071800000.0,3071800000.0,0.0,168800000.0,0.0,0.0,0.0,866000000.0,1034800000.0,0.469,1034800000.0,866000000.0,866000000.0,0.47,0.46,0.47,19457300000.0,,19457300000.0,85297375409.0,28.0,22.693,261500000.0,0.203,1.0,1868000000.0,0.846,14412800000.0,0.0,11929800000.0,,684800000.0,3975300000.0,3975300000.0,0.0,6411500000.0,1548300000.0,4863200000.0,83281175409.0,-20800000.0,0.0,-324400000.0,-23000000.0,0.0,-187200000.0,-482100000.0,-95500000.0,648500000.0,0.0,612000000.0,612000000.0,612000000.0,0.0,0.0,0.277,1011000000.0,857000000.0,253400000.0,0.0,4.28,38.4,36.247,3456700000.0,0.0,64.52,10.709,10.695,1001400000.0,-635700000.0,2208000000.0,2208000000.0,408000000.0,,,,,88100000.0,519000000.0,1.0,1290780772.0,1289000000,1348000000.0,1.713,11456000000.0,0.0,254000000.0,1791400000.0,8.888,5745700000.0
72,AMGN,MRQ,2003-06-30,2003-06-30,2003-06-30,2021-08-04,84100000.0,25381500000.0,,6969300000.0,18412200000.0,,14.71,-275800000.0,1070500000.0,1070500000.0,329100000.0,607200000.0,4.13,0.34,3086700000.0,23000000.0,3063700000.0,3086700000.0,0.0,171400000.0,0.0,0.0,0.0,848700000.0,1020100000.0,0.5,1020100000.0,848700000.0,848700000.0,0.47,0.45,0.47,18944700000.0,,18944700000.0,85769249134.0,-398.0,192.653,663900000.0,0.515,1.0,1712000000.0,0.839,14500600000.0,0.0,11209800000.0,,638700000.0,3914900000.0,3914900000.0,0.0,6436800000.0,1687300000.0,4749500000.0,85030749134.0,-1269700000.0,0.0,-449000000.0,0.0,0.0,-267500000.0,-1941900000.0,-1525700000.0,939700000.0,0.0,607200000.0,607200000.0,607200000.0,0.0,0.0,0.297,894900000.0,817100000.0,270000000.0,0.0,4.488,-81.385,-83.468,3152700000.0,0.0,65.94,12.031,12.016,960700000.0,-924600000.0,2041100000.0,2041100000.0,393700000.0,,,,,85200000.0,441200000.0,1.0,1289516972.0,1287900000,1347000000.0,1.585,10880900000.0,0.0,241500000.0,1685800000.0,8.449,5282000000.0
73,AMGN,MRQ,2003-03-31,2003-03-31,2003-03-31,2021-08-04,44400000.0,24729500000.0,,6655900000.0,18073600000.0,,14.338,-268200000.0,2340200000.0,2340200000.0,283300000.0,493300000.0,4.2,0.336,3078700000.0,23000000.0,3055700000.0,3078700000.0,0.0,169800000.0,0.0,0.0,0.0,688100000.0,857900000.0,0.487,857900000.0,688100000.0,688100000.0,0.38,0.37,0.38,18503400000.0,,18503400000.0,75692674912.0,-167.0,741.358,512600000.0,0.397,1.0,1477900000.0,0.839,14589000000.0,0.0,9294200000.0,,582700000.0,2416800000.0,2416800000.0,0.0,6226100000.0,1584800000.0,4641300000.0,74373774912.0,488500000.0,0.0,-450600000.0,-100000000.0,0.0,-410300000.0,118000000.0,393200000.0,780800000.0,0.0,493300000.0,493300000.0,493300000.0,0.0,0.0,0.28,815700000.0,662200000.0,291800000.0,0.0,4.019,-59.998,-66.919,2954200000.0,0.0,57.55,11.851,11.834,845200000.0,-1082800000.0,1761200000.0,1761200000.0,351300000.0,,,,,76700000.0,380500000.0,1.0,1292333187.0,1290500000,1349900000.0,1.365,10140500000.0,0.0,194800000.0,1585600000.0,7.858,5071100000.0
74,AMGN,MRQ,2002-12-31,2002-12-31,2002-12-31,2021-08-04,67200000.0,24456300000.0,,6403500000.0,18052800000.0,,14.072,-257100000.0,1851700000.0,1851700000.0,274100000.0,456300000.0,4.187,0.337,3170600000.0,122900000.0,3047700000.0,3170600000.0,0.0,163900000.0,0.0,0.0,0.0,682000000.0,845900000.0,0.479,845900000.0,682000000.0,669300000.0,0.46,0.46,0.46,18286000000.0,,18286000000.0,64220756953.0,-100.0,-331.035,563200000.0,0.433,1.0,1492000000.0,0.845,14673000000.0,12700000.0,9573000000.0,,544900000.0,2812200000.0,2812200000.0,0.0,6170300000.0,1529200000.0,4641100000.0,62216756953.0,693400000.0,-389900000.0,-114000000.0,300000.0,0.0,59500000.0,-186400000.0,88000000.0,820300000.0,0.0,456300000.0,456300000.0,456300000.0,0.0,0.0,0.258,834300000.0,657700000.0,254600000.0,0.0,3.402,-44.696,-39.95,2813500000.0,0.0,48.34,11.265,10.1,752400000.0,-1125500000.0,1766100000.0,1766100000.0,367400000.0,,,,,70400000.0,487800000.0,1.0,1287065721.0,1299500000,1299500000.0,1.359,9783300000.0,0.0,213000000.0,1593400000.0,7.529,4874300000.0
75,AMGN,MRQ,2002-09-30,2002-09-30,2002-09-30,2021-08-04,33800000.0,23741100000.0,,5824400000.0,17916700000.0,,14.226,-209300000.0,1158700000.0,1158700000.0,226400000.0,-2601600000.0,3.959,0.344,3162700000.0,123000000.0,3039700000.0,3162700000.0,0.0,155700000.0,0.0,0.0,0.0,-2434400000.0,-2278700000.0,-1.52,-2278700000.0,-2434400000.0,-2446000000.0,-2.1,-2.1,-2.1,17664800000.0,,17664800000.0,53549673814.0,-50.0,-74.468,94800000.0,0.076,1.0,1272900000.0,0.849,14721800000.0,11600000.0,9552300000.0,,526500000.0,2883500000.0,2883500000.0,0.0,6076300000.0,1471000000.0,4605300000.0,53299873814.0,-1746300000.0,-1509100000.0,0.0,0.0,0.0,115200000.0,-2165600000.0,-456400000.0,304100000.0,0.0,-2601600000.0,-2601600000.0,-2601600000.0,0.0,0.0,-1.735,3734400000.0,-2461500000.0,197700000.0,0.0,3.017,-31.626,-34.18,2666200000.0,0.0,41.7,10.919,10.608,622200000.0,-1467500000.0,1499300000.0,1499300000.0,312600000.0,,,,,77900000.0,394900000.0,1.0,1278174432.0,1241700000,1241700000.0,1.207,9019300000.0,0.0,155600000.0,1565600000.0,7.264,4353400000.0
76,AMGN,MRQ,2002-06-30,2002-06-30,2002-06-30,2021-08-04,24500000.0,9137600000.0,,6333700000.0,2803900000.0,,4.699,-110600000.0,2905000000.0,2905000000.0,131900000.0,412400000.0,5.268,0.872,3154800000.0,100000000.0,3054800000.0,3154800000.0,0.0,66700000.0,0.0,0.0,0.0,610300000.0,677000000.0,0.542,677000000.0,610300000.0,597600000.0,0.4,0.38,0.4,4880600000.0,,4880600000.0,43678478920.0,24.0,20.56,527100000.0,0.508,1.0,1117200000.0,0.894,0.0,12700000.0,8185200000.0,,387200000.0,2152800000.0,2152800000.0,0.0,4257000000.0,1202200000.0,3054800000.0,43512878920.0,-76200000.0,0.0,-590700000.0,0.0,0.0,-517400000.0,-196500000.0,57300000.0,637700000.0,0.0,412400000.0,412400000.0,412400000.0,0.0,0.0,0.33,554100000.0,563100000.0,132400000.0,0.0,8.915,34.916,35.193,2013600000.0,0.0,41.88,9.923,9.919,553500000.0,1134100000.0,1249100000.0,1249100000.0,233600000.0,,,,,52500000.0,320500000.0,1.0,1038989468.0,1038600000,1098800000.0,1.203,9137600000.0,0.0,185200000.0,0.0,8.798,5131500000.0
77,AMGN,MRQ,2002-03-31,2002-03-31,2002-03-31,2021-08-04,31300000.0,9064900000.0,,6406000000.0,2658900000.0,,4.743,-82000000.0,2981200000.0,2981200000.0,103600000.0,340900000.0,5.997,0.831,3146800000.0,99900000.0,3046900000.0,3146800000.0,0.0,60700000.0,0.0,0.0,0.0,501100000.0,561800000.0,0.557,561800000.0,501100000.0,494100000.0,0.33,0.32,0.33,4949800000.0,,4949800000.0,62166507103.0,36.0,31.051,404900000.0,0.388,1.0,904900000.0,0.897,0.0,7000000.0,8162300000.0,,371600000.0,2193300000.0,2193300000.0,0.0,4115100000.0,1068200000.0,3046900000.0,62532707103.0,2292100000.0,0.0,-715300000.0,2764700000.0,0.0,2120700000.0,-315500000.0,-241900000.0,486900000.0,0.0,340900000.0,340900000.0,340900000.0,0.0,0.0,0.338,449200000.0,455700000.0,106100000.0,0.0,12.633,54.108,54.255,1967900000.0,0.0,59.68,15.168,15.107,525100000.0,1312400000.0,1008500000.0,1008500000.0,203400000.0,,,,,51200000.0,245800000.0,1.0,1047800052.0,1043600000,1085600000.0,0.966,9064900000.0,0.0,153200000.0,0.0,8.686,5337800000.0
78,AMGN,MRQ,2001-12-31,2001-12-31,2001-12-31,2021-08-04,56300000.0,6443100000.0,,3858600000.0,2584500000.0,,4.982,-131300000.0,689100000.0,689100000.0,152500000.0,163000000.0,3.847,0.235,322900000.0,99900000.0,223000000.0,322900000.0,0.0,76200000.0,0.0,0.0,0.0,244600000.0,320800000.0,0.285,320800000.0,244600000.0,241200000.0,0.15,0.15,0.15,5217200000.0,,5217200000.0,59047652297.0,35.0,30.037,394200000.0,0.376,1.0,971800000.0,0.864,131300000.0,3400000.0,4942700000.0,,355600000.0,1973100000.0,1973100000.0,0.0,1225900000.0,1002900000.0,223000000.0,59008652297.0,405100000.0,0.0,-249900000.0,0.0,0.0,-163400000.0,43000000.0,173300000.0,525500000.0,0.0,163000000.0,163000000.0,163000000.0,0.0,0.0,0.145,761900000.0,209900000.0,136700000.0,0.0,11.31,52.7,52.748,1946100000.0,0.0,56.44,14.694,14.694,497200000.0,1686800000.0,1124300000.0,1124300000.0,232600000.0,,,,,78000000.0,326200000.0,1.0,1045511203.0,1047300000,1081400000.0,1.074,6311800000.0,0.0,78200000.0,0.0,6.027,2855700000.0
79,AMGN,MRQ,2001-09-30,2001-09-30,2001-09-30,2021-08-04,36300000.0,6053700000.0,,3482300000.0,2571400000.0,,4.873,-109300000.0,284000000.0,284000000.0,102700000.0,329900000.0,4.82,0.185,323000000.0,100000000.0,223000000.0,323000000.0,0.0,64200000.0,0.0,0.0,0.0,500600000.0,564800000.0,0.563,564800000.0,500600000.0,498300000.0,0.31,0.3,0.31,5108200000.0,,5108200000.0,61580849301.0,35.0,30.415,177700000.0,0.17,1.0,900400000.0,0.898,0.0,2300000.0,5370200000.0,,384400000.0,2145200000.0,2145200000.0,0.0,945500000.0,722500000.0,223000000.0,61540449301.0,1500000.0,0.0,-319700000.0,0.0,0.0,-265500000.0,-20000000.0,68800000.0,287000000.0,0.0,329900000.0,329900000.0,329900000.0,0.0,0.0,0.329,438700000.0,461700000.0,70300000.0,0.0,12.047,52.711,52.473,1909200000.0,0.0,58.77,16.014,16.032,481500000.0,1773700000.0,1003100000.0,1003100000.0,216900000.0,,,,,45800000.0,221800000.0,1.0,1047140536.0,1048300000,1084600000.0,0.957,6053700000.0,0.0,168400000.0,0.0,5.775,2759800000.0
80,AMGN,MRQ,2001-06-30,2001-06-30,2001-06-30,2021-08-04,58700000.0,5976500000.0,,3431900000.0,2544600000.0,,4.802,-114300000.0,282500000.0,282500000.0,98400000.0,321900000.0,4.664,0.191,322900000.0,99900000.0,223000000.0,322900000.0,0.0,65600000.0,0.0,0.0,0.0,489100000.0,554700000.0,0.562,554700000.0,489100000.0,485500000.0,0.31,0.3,0.31,5017600000.0,,5017600000.0,63142436847.0,35.0,30.855,238000000.0,0.228,1.0,888300000.0,0.9,0.0,3600000.0,5281000000.0,,390100000.0,2187300000.0,2187300000.0,0.0,958900000.0,735900000.0,223000000.0,63299136847.0,-196400000.0,0.0,-92000000.0,0.0,0.0,-41700000.0,-507000000.0,-377900000.0,352300000.0,0.0,321900000.0,321900000.0,321900000.0,0.0,0.0,0.326,435300000.0,453000000.0,97500000.0,0.0,12.615,52.904,52.31,1861900000.0,0.0,60.68,16.705,16.731,377500000.0,1763500000.0,986700000.0,986700000.0,208800000.0,,,,,48700000.0,226500000.0,1.0,1043163099.0,1044800000,1085100000.0,0.944,5976500000.0,0.0,163600000.0,0.0,5.72,2696000000.0
81,AMGN,MRQ,2001-03-31,2001-03-31,2001-03-31,2021-08-04,22300000.0,5692100000.0,,3263900000.0,2428200000.0,,4.466,-86900000.0,478900000.0,478900000.0,89400000.0,304900000.0,3.985,0.224,322200000.0,99200000.0,223000000.0,322200000.0,0.0,59900000.0,0.0,0.0,0.0,465600000.0,525500000.0,0.583,525500000.0,465600000.0,461300000.0,0.29,0.28,0.29,4650000000.0,,4650000000.0,62786351695.0,36.0,31.586,228500000.0,0.219,1.0,812200000.0,0.901,0.0,4300000.0,4716300000.0,,352200000.0,1813500000.0,1813500000.0,0.0,1042100000.0,819100000.0,223000000.0,62690151695.0,252400000.0,0.0,-75900000.0,0.0,0.0,-7400000.0,-55600000.0,9600000.0,315400000.0,0.0,304900000.0,304900000.0,304900000.0,0.0,0.0,0.338,402900000.0,409300000.0,96900000.0,0.0,13.482,53.254,52.798,1810900000.0,0.0,60.19,16.866,16.859,431700000.0,1533600000.0,901600000.0,901600000.0,206700000.0,,,,,72000000.0,196200000.0,1.0,1041537659.0,1041100000,1086200000.0,0.866,5692100000.0,0.0,156400000.0,0.0,5.467,2444800000.0
82,AMGN,MRQ,2000-12-31,2000-12-31,2000-12-31,2021-08-04,62600000.0,5399600000.0,,2937100000.0,2462500000.0,,4.167,-119700000.0,226500000.0,226500000.0,111500000.0,210800000.0,3.407,0.252,322700000.0,99700000.0,223000000.0,322700000.0,0.0,55500000.0,0.0,0.0,0.0,324200000.0,379700000.0,0.399,379700000.0,324200000.0,320000000.0,0.21,0.19,0.21,4314500000.0,,4314500000.0,66211280781.0,39.0,34.811,252000000.0,0.243,1.0,839900000.0,0.883,0.0,4200000.0,4633700000.0,,305200000.0,1801600000.0,1801600000.0,0.0,1085100000.0,862100000.0,223000000.0,66048880781.0,66700000.0,0.0,-154800000.0,0.0,0.0,-93200000.0,-211800000.0,-79400000.0,371700000.0,0.0,210800000.0,210800000.0,210800000.0,0.0,0.0,0.222,553800000.0,286100000.0,143200000.0,0.0,15.309,58.014,57.604,1781500000.0,0.0,63.94,18.198,18.139,389200000.0,1304600000.0,951400000.0,951400000.0,249500000.0,,,,,72100000.0,249200000.0,1.0,1032982183.0,1035300000,1083800000.0,0.919,5399600000.0,0.0,109200000.0,0.0,5.215,2075000000.0
83,AMGN,MRQ,2000-09-30,2000-09-30,2000-09-30,2021-08-04,60200000.0,4897800000.0,,2622000000.0,2275800000.0,,3.829,-129300000.0,159800000.0,159800000.0,109500000.0,358900000.0,3.626,0.239,322200000.0,99200000.0,223000000.0,322200000.0,0.0,52500000.0,0.0,0.0,0.0,534000000.0,586500000.0,0.618,586500000.0,534000000.0,529900000.0,0.35,0.33,0.35,3951700000.0,,3951700000.0,71990394386.0,41.0,36.719,316100000.0,0.306,1.0,840000000.0,0.885,0.0,4100000.0,4337100000.0,,293600000.0,2117300000.0,1706900000.0,410400000.0,946100000.0,723100000.0,223000000.0,71803894386.0,23600000.0,0.0,-160000000.0,0.0,0.0,-79300000.0,-342500000.0,-209800000.0,445400000.0,0.0,358900000.0,358900000.0,358900000.0,0.0,0.0,0.378,331900000.0,508100000.0,121600000.0,0.0,18.17,59.376,59.684,1715300000.0,0.0,69.83,19.918,19.993,303300000.0,1248600000.0,949500000.0,949500000.0,202900000.0,,,,,143300000.0,202900000.0,1.0,1028267140.0,1032100000,1085600000.0,0.92,4897800000.0,0.0,171000000.0,0.0,4.745,1898900000.0
84,AMGN,MRQ,2000-06-30,2000-06-30,2000-06-30,2021-08-04,25500000.0,4543200000.0,,2382600000.0,2160600000.0,,3.391,-96200000.0,136200000.0,136200000.0,101700000.0,302600000.0,2.85,0.304,322700000.0,99700000.0,223000000.0,322700000.0,0.0,53000000.0,0.0,0.0,0.0,443100000.0,496100000.0,0.543,496100000.0,443100000.0,439700000.0,0.29,0.28,0.29,3484300000.0,,3484300000.0,72327544449.0,43.0,38.653,359200000.0,0.35,1.0,812700000.0,0.889,0.0,3400000.0,3893800000.0,,272600000.0,1844200000.0,1484900000.0,359300000.0,1058900000.0,835900000.0,223000000.0,72130544449.0,10400000.0,0.0,-260000000.0,0.0,0.0,-225100000.0,-219900000.0,-128400000.0,455400000.0,0.0,302600000.0,302600000.0,302600000.0,0.0,0.0,0.331,407900000.0,404800000.0,120100000.0,0.0,20.702,62.7,63.288,1638500000.0,0.0,70.25,20.593,20.608,312300000.0,1049700000.0,914400000.0,914400000.0,202800000.0,,,,,93400000.0,205100000.0,1.0,1026769316.0,1027500000,1083300000.0,0.89,4543200000.0,0.0,137100000.0,0.0,4.422,1546700000.0
85,AMGN,MRQ,2000-03-31,2000-03-31,2000-03-31,2021-08-04,37100000.0,4264700000.0,,2153600000.0,2111100000.0,,3.236,-92500000.0,125800000.0,125800000.0,85700000.0,266200000.0,2.947,0.288,322800000.0,99800000.0,223000000.0,322800000.0,0.0,50800000.0,0.0,0.0,0.0,388900000.0,439700000.0,0.54,439700000.0,388900000.0,384700000.0,0.26,0.25,0.26,3311000000.0,,3311000000.0,63016741462.0,39.0,34.901,269600000.0,0.264,1.0,728400000.0,0.895,0.0,4200000.0,3731000000.0,,237600000.0,1713800000.0,1353800000.0,360000000.0,953700000.0,730700000.0,223000000.0,62825141462.0,-5100000.0,0.0,-225100000.0,0.0,0.0,-105100000.0,-262100000.0,-153300000.0,362100000.0,0.0,266200000.0,266200000.0,266200000.0,0.0,0.0,0.327,359500000.0,368900000.0,108700000.0,0.0,18.975,56.325,56.833,1595300000.0,0.0,61.38,18.431,18.423,259100000.0,1007100000.0,814100000.0,814100000.0,189800000.0,,,,,67800000.0,169700000.0,1.0,1023544175.0,1023100000,1085700000.0,0.796,4264700000.0,0.0,118500000.0,0.0,4.168,1422900000.0
86,AMGN,MRQ,1999-12-31,1999-12-31,1999-12-31,2021-08-04,-14800000.0,4077600000.0,,2065300000.0,2012300000.0,,2.963,-92900000.0,130900000.0,130900000.0,112000000.0,281600000.0,2.485,0.349,322500000.0,99500000.0,223000000.0,322500000.0,0.0,48200000.0,0.0,0.0,0.0,390100000.0,438300000.0,0.473,438300000.0,390100000.0,385300000.0,0.27,0.26,0.27,3023500000.0,,3023500000.0,61486628498.0,39.0,34.971,139600000.0,0.137,1.0,814900000.0,0.879,0.0,4800000.0,3438100000.0,,184300000.0,1202100000.0,1202100000.0,0.0,1054100000.0,831100000.0,223000000.0,61352228498.0,-57400000.0,0.0,-351900000.0,0.0,0.0,-317200000.0,27300000.0,127300000.0,232500000.0,0.0,281600000.0,281600000.0,281600000.0,0.0,0.0,0.304,446600000.0,368300000.0,83400000.0,0.0,20.292,55.958,56.131,1553600000.0,0.0,60.06,18.368,18.372,412200000.0,966000000.0,926900000.0,926900000.0,242300000.0,,,,,41200000.0,204300000.0,1.0,1021515626.0,1020500000,1079200000.0,0.908,4077600000.0,0.0,103700000.0,0.0,3.996,1234200000.0
87,AMGN,MRQ,1999-09-30,1999-09-30,1999-09-30,2021-08-04,-24800000.0,4036800000.0,,2126400000.0,1910400000.0,,2.932,-64300000.0,188300000.0,188300000.0,98900000.0,300000000.0,2.599,0.348,322700000.0,99700000.0,223000000.0,322700000.0,0.0,39400000.0,0.0,0.0,0.0,457700000.0,497100000.0,0.587,497100000.0,457700000.0,452800000.0,0.29,0.28,0.29,2995500000.0,,2995500000.0,41684609518.0,27.0,24.775,365000000.0,0.357,1.0,748300000.0,0.883,0.0,4900000.0,3352900000.0,,146900000.0,1462800000.0,1335700000.0,127100000.0,1041300000.0,818300000.0,223000000.0,41561409518.0,-11300000.0,0.0,-202100000.0,6000000.0,0.0,-209000000.0,-231600000.0,-166300000.0,429300000.0,0.0,300000000.0,300000000.0,300000000.0,0.0,0.0,0.354,309300000.0,439000000.0,100800000.0,0.0,13.875,39.455,39.563,1508900000.0,0.0,40.75,13.118,13.139,300400000.0,1036300000.0,847200000.0,847200000.0,198400000.0,,,,,110400000.0,159900000.0,1.0,1019911890.0,1021500000,1078800000.0,0.829,4036800000.0,0.0,152800000.0,0.0,3.952,1308100000.0
88,AMGN,MRQ,1999-06-30,1999-06-30,1999-06-30,2021-08-04,-23400000.0,3889600000.0,,2010800000.0,1878800000.0,,2.728,-70700000.0,199600000.0,199600000.0,98800000.0,267600000.0,2.282,0.396,322800000.0,99800000.0,223000000.0,322800000.0,0.0,44800000.0,0.0,0.0,0.0,385700000.0,430500000.0,0.525,430500000.0,385700000.0,382400000.0,0.26,0.25,0.26,2785400000.0,,2785400000.0,31379180465.0,23.0,20.294,293700000.0,0.288,1.0,721700000.0,0.88,0.0,3300000.0,3131600000.0,,121800000.0,1293300000.0,1168700000.0,124600000.0,1104200000.0,881200000.0,223000000.0,31170380465.0,85500000.0,0.0,-268200000.0,0.0,0.0,-233200000.0,-45700000.0,26100000.0,364400000.0,0.0,267600000.0,267600000.0,267600000.0,0.0,0.0,0.326,351300000.0,370400000.0,144000000.0,0.0,11.191,31.989,31.708,1484000000.0,0.0,30.44,10.315,10.286,363600000.0,938300000.0,820500000.0,820500000.0,194100000.0,,,,,0.0,157200000.0,1.0,1023994102.0,1021100000,1073800000.0,0.804,3889600000.0,0.0,114800000.0,0.0,3.809,1129600000.0
89,AMGN,MRQ,1999-03-31,1999-03-31,1999-03-31,2021-08-04,-16500000.0,3818300000.0,,1973000000.0,1845300000.0,,2.68,-76300000.0,114100000.0,114100000.0,92400000.0,247200000.0,2.316,0.392,322900000.0,99900000.0,223000000.0,322900000.0,0.0,44400000.0,0.0,0.0,0.0,347900000.0,392300000.0,0.526,392300000.0,347900000.0,345700000.0,0.24,0.23,0.24,2743400000.0,,2743400000.0,38473917418.0,29.0,26.269,124400000.0,0.122,1.0,653100000.0,0.876,0.0,2200000.0,3175200000.0,,117200000.0,1331200000.0,1203900000.0,127300000.0,1074900000.0,851900000.0,223000000.0,38346317418.0,-87000000.0,0.0,-202500000.0,-6000000.0,0.0,-74200000.0,-213500000.0,-136300000.0,200700000.0,0.0,247200000.0,247200000.0,247200000.0,0.0,0.0,0.332,320900000.0,332200000.0,95100000.0,0.0,13.978,41.541,40.918,1482100000.0,0.0,37.44,13.416,13.407,369600000.0,938900000.0,745500000.0,745500000.0,188000000.0,,,,,0.0,132900000.0,1.0,1024207196.0,1023500000,1080900000.0,0.728,3818300000.0,0.0,98500000.0,0.0,3.731,1121100000.0
90,AMGN,MRQ,1998-12-31,1998-12-31,1998-12-31,2021-08-04,-4000000.0,3672200000.0,,1863300000.0,1808900000.0,,2.514,-87800000.0,201100000.0,201100000.0,95100000.0,238600000.0,2.101,0.433,328700000.0,105700000.0,223000000.0,328700000.0,0.0,35600000.0,0.0,0.0,0.0,327000000.0,362600000.0,0.48,362600000.0,327000000.0,325700000.0,0.24,0.23,0.24,2562200000.0,,2562200000.0,26821002955.0,22.0,19.461,309100000.0,0.303,1.0,659900000.0,0.874,0.0,1300000.0,2912800000.0,,110800000.0,1195800000.0,1074900000.0,120900000.0,1110000000.0,887000000.0,223000000.0,26596502955.0,97000000.0,0.0,-442600000.0,30100000.0,0.0,-152600000.0,-147300000.0,-58300000.0,396900000.0,0.0,238600000.0,238600000.0,238600000.0,0.0,0.0,0.316,315500000.0,344400000.0,121600000.0,0.0,10.38,30.812,30.735,1450200000.0,0.0,26.125,9.785,9.805,319900000.0,894300000.0,755000000.0,755000000.0,192400000.0,,,,,108200000.0,146100000.0,1.0,1018047960.0,1019000000,1061500000.0,0.741,3672200000.0,0.0,87100000.0,0.0,3.604,976300000.0
91,AMGN,MRQ,1998-09-30,1998-09-30,1998-09-30,2021-08-04,0.0,3444000000.0,,1696400000.0,1747600000.0,,2.299,-84000000.0,104100000.0,104100000.0,87200000.0,221000000.0,1.939,0.468,328600000.0,105600000.0,223000000.0,328600000.0,0.0,35500000.0,0.0,0.0,0.0,325300000.0,360800000.0,0.515,360800000.0,325300000.0,322100000.0,0.22,0.21,0.22,2346000000.0,,2346000000.0,19362242557.0,17.0,15.076,167000000.0,0.164,1.0,613700000.0,0.876,0.0,3200000.0,2793500000.0,,109100000.0,1139200000.0,1020800000.0,118400000.0,1098000000.0,875000000.0,223000000.0,19186742557.0,-53900000.0,0.0,-104300000.0,-4900000.0,0.0,-83900000.0,-221000000.0,-145300000.0,251000000.0,0.0,221000000.0,221000000.0,221000000.0,0.0,0.0,0.315,300200000.0,313500000.0,87300000.0,0.0,8.178,23.855,23.851,1398000000.0,0.0,18.89,7.466,7.5,296300000.0,874900000.0,700900000.0,700900000.0,166000000.0,,,,,0.0,134200000.0,1.0,1015708976.0,1020400000,1059900000.0,0.687,3444000000.0,0.0,101100000.0,0.0,3.375,821400000.0
92,AMGN,MRQ,1998-06-30,1998-06-30,1998-06-30,2021-08-04,0.0,3286800000.0,,1567500000.0,1719300000.0,,2.162,-108600000.0,158000000.0,158000000.0,83900000.0,216300000.0,1.807,0.496,333500000.0,110500000.0,223000000.0,333500000.0,0.0,36600000.0,0.0,0.0,0.0,312300000.0,348900000.0,0.531,348900000.0,312300000.0,309000000.0,0.215,0.205,0.215,2196500000.0,,2196500000.0,16765514906.0,18.0,16.082,100400000.0,0.099,1.0,573000000.0,0.872,0.0,3300000.0,2595000000.0,,113300000.0,980400000.0,863300000.0,117100000.0,1090300000.0,867300000.0,223000000.0,16611114906.0,53400000.0,400000.0,-61800000.0,74500000.0,0.0,20800000.0,-176400000.0,-87500000.0,209000000.0,0.0,216300000.0,216300000.0,216300000.0,0.0,0.0,0.329,274400000.0,298600000.0,85000000.0,0.0,7.563,24.9,25.069,1349500000.0,0.0,16.345,6.733,6.729,291200000.0,889800000.0,656900000.0,656900000.0,152400000.0,,,,,0.0,122000000.0,1.0,1016281120.0,1015800000,1050000000.0,0.647,3286800000.0,0.0,92700000.0,0.0,3.236,700200000.0
93,AMGN,MRQ,1998-03-31,1998-03-31,1998-03-31,2021-08-04,0.0,3081500000.0,,1411700000.0,1669800000.0,,1.98,-127400000.0,104600000.0,104600000.0,79000000.0,187300000.0,1.711,0.518,259000000.0,36000000.0,223000000.0,259000000.0,0.0,36100000.0,0.0,0.0,0.0,269800000.0,305900000.0,0.505,305900000.0,269800000.0,267600000.0,0.185,0.175,0.185,2029900000.0,,2029900000.0,15590246319.0,18.0,15.575,165400000.0,0.161,1.0,526400000.0,0.87,0.0,2200000.0,2411000000.0,,118100000.0,895100000.0,775500000.0,119600000.0,1051600000.0,824900000.0,226700000.0,15570346319.0,-134500000.0,-400000.0,-303400000.0,0.0,0.0,-298300000.0,-129000000.0,11100000.0,292800000.0,0.0,187300000.0,187300000.0,187300000.0,0.0,0.0,0.309,265600000.0,260800000.0,114800000.0,0.0,7.67,23.907,24.274,1277500000.0,0.0,15.22,6.405,6.418,289200000.0,789000000.0,605400000.0,605400000.0,152500000.0,,,,,0.0,113100000.0,1.0,1023018812.0,1025000000,1056200000.0,0.591,3081500000.0,0.0,80300000.0,0.0,3.006,586800000.0
94,AMGN,MRQ,1997-12-31,1997-12-31,1997-12-31,2021-08-04,-22100000.0,3110200000.0,,1543500000.0,1566700000.0,,2.052,-95800000.0,239100000.0,239100000.0,77700000.0,179700000.0,2.08,0.454,259000000.0,30000000.0,229000000.0,259000000.0,0.0,21400000.0,0.0,0.0,0.0,247300000.0,268700000.0,0.443,268700000.0,247300000.0,244400000.0,0.172,0.17,0.172,2139300000.0,,2139300000.0,,,,141500000.0,0.136,1.0,529000000.0,0.872,0.0,2900000.0,2388200000.0,,109200000.0,904300000.0,787400000.0,116900000.0,970900000.0,741900000.0,229000000.0,13844002073.0,-800000.0,0.0,-412200000.0,100000000.0,0.0,-190200000.0,-47900000.0,78000000.0,237300000.0,0.0,179700000.0,179700000.0,179700000.0,0.0,0.0,0.296,291500000.0,237500000.0,103900000.0,0.0,6.471,21.487,22.184,1186200000.0,0.0,13.533,5.766,5.955,269000000.0,943200000.0,606700000.0,606700000.0,165100000.0,,,,,0.0,126400000.0,1.0,1023018812.0,1042400000,1080800000.0,0.582,3110200000.0,0.0,64700000.0,0.0,2.984,801600000.0
95,AMGN,MRQ,1997-09-30,1997-09-30,1997-09-30,2021-08-04,,,,,,,,-97000000.0,,,74300000.0,83800000.0,,,,,,,,30600000.0,,0.0,0.0,88400000.0,119000000.0,0.199,119000000.0,88400000.0,88300000.0,0.08,0.077,0.08,,,,,,,98700000.0,0.093,1.0,524000000.0,0.876,,100000.0,,,,,,,,,,,-91100000.0,0.0,-173800000.0,-40000000.0,0.0,-213300000.0,-73500000.0,32200000.0,195700000.0,0.0,83800000.0,83800000.0,83800000.0,0.0,0.0,0.14,449000000.0,75000000.0,,0.0,,,,,0.0,12.0,,,,,598300000.0,598300000.0,172600000.0,,,,,0.0,119400000.0,1.0,,1058800000,1095600000.0,0.565,,,4500000.0,,,
96,AMGN,MRQ,1997-06-30,1997-06-30,1997-06-30,2021-08-04,,,,,,,,-92500000.0,,,76800000.0,200500000.0,,,,,,,,28700000.0,,0.0,0.0,278700000.0,307400000.0,0.495,307400000.0,278700000.0,278300000.0,0.19,0.18,0.19,,,,,,,145300000.0,0.137,1.0,543700000.0,0.876,,400000.0,,,,,,,,,,,66200000.0,0.0,-74500000.0,100000000.0,0.0,31500000.0,-203100000.0,-114500000.0,237800000.0,0.0,200500000.0,200500000.0,200500000.0,0.0,0.0,0.323,270900000.0,272800000.0,,0.0,,,,,0.0,14.533,,,,,620500000.0,620500000.0,145400000.0,,,,,0.0,125500000.0,1.0,,1061200000,1110000000.0,0.585,,,77800000.0,,,
97,AMGN,MRQ,1997-03-31,1997-03-31,1997-03-31,2021-08-04,,,,,,,,-102500000.0,,,72000000.0,180300000.0,,,,,,,,36400000.0,,0.0,0.0,250700000.0,287100000.0,0.499,287100000.0,250700000.0,250400000.0,0.17,0.163,0.17,,,,,,,129600000.0,0.122,1.0,503500000.0,0.875,,300000.0,,,,,,,,,,,95500000.0,0.0,-77400000.0,-78200000.0,0.0,-158900000.0,22300000.0,128200000.0,232100000.0,0.0,180300000.0,180300000.0,180300000.0,0.0,0.0,0.313,260200000.0,243300000.0,,0.0,,,,,0.0,13.97,,,,,575500000.0,575500000.0,147700000.0,,,,,0.0,112500000.0,1.0,,1060800000,1112400000.0,0.543,,,70100000.0,,,
98,AMGN,MRQ,1996-12-31,1996-12-31,1996-12-31,2021-08-04,0.0,2765600000.0,,1502600000.0,1263000000.0,,1.799,,169300000.0,169300000.0,,,2.337,0.451,177200000.0,118200000.0,59000000.0,177200000.0,0.0,,0.0,0.0,0.0,,,,,,,,,,1906300000.0,,1906300000.0,,,,,,1.0,,,0.0,,2130600000.0,,97400000.0,1017300000.0,907700000.0,109600000.0,859300000.0,642900000.0,216400000.0,,,,,,,,,,,,,,,,,,,,75000000.0,,,,21.242,910500000.0,,13.595,,6.43,225400000.0,879400000.0,,,,,,,,,,1.0,,1059400000,,,2765600000.0,0.0,,0.0,2.611,859700000.0
0,AMGN,MRT,2021-06-30,2021-06-30,2021-06-30,2021-08-04,-868000000.0,59773000000.0,62474250000.0,19099000000.0,40674000000.0,0.408,14.393,-659000000.0,6630000000.0,6630000000.0,6285000000.0,5746000000.0,1.309,6.248,32782000000.0,4324000000.0,28458000000.0,32782000000.0,0.0,3470000000.0,0.0,0.028,6.72,7684000000.0,11154000000.0,0.438,11154000000.0,7684000000.0,6498000000.0,9.9,9.84,9.9,8247000000.0,9487250000.0,8247000000.0,166620534088.0,22.0,14.938,8897000000.0,15.527,1.0,19199000000.0,0.753,29984000000.0,1186000000.0,41356000000.0,45418500000.0,4115000000.0,1452000000.0,1452000000.0,0.0,51526000000.0,14585000000.0,36941000000.0,140047534088.0,-2515000000.0,-1626000000.0,-4422000000.0,-1538000000.0,-3892000000.0,-9949000000.0,-2122000000.0,252000000.0,9556000000.0,0.0,5746000000.0,5746000000.0,5746000000.0,0.0,0.0,0.225,11781000000.0,7418000000.0,1277000000.0,0.679,16.982,24.373,24.621,4906000000.0,0.0,243.75,5.496,5.481,4479000000.0,-22762000000.0,25484000000.0,25484000000.0,4340000000.0,0.092,0.606,0.169,0.302,330000000.0,5757000000.0,1.0,574553986.0,573000000,576000000.0,44.475,29789000000.0,0.0,752000000.0,6428000000.0,51.988,4514000000.0
1,AMGN,MRT,2021-03-31,2021-03-31,2021-03-31,2021-08-04,-833000000.0,62539000000.0,63783750000.0,21299000000.0,41240000000.0,0.395,16.177,-632000000.0,6112000000.0,6112000000.0,6136000000.0,7085000000.0,1.655,5.7,32685000000.0,1556000000.0,31129000000.0,32685000000.0,0.0,3545000000.0,0.0,0.026,6.56,9171000000.0,12716000000.0,0.505,12716000000.0,9171000000.0,7970000000.0,12.16,12.08,12.16,9334000000.0,10090250000.0,9334000000.0,170424291754.0,19.0,13.402,9835000000.0,17.045,1.0,19028000000.0,0.756,30620000000.0,1201000000.0,45623000000.0,46814750000.0,4017000000.0,4454000000.0,4454000000.0,0.0,53205000000.0,12869000000.0,40336000000.0,143704291754.0,-1575000000.0,0.0,-3396000000.0,751000000.0,-3826000000.0,-6552000000.0,-5490000000.0,-4705000000.0,10467000000.0,0.0,7085000000.0,7085000000.0,7085000000.0,0.0,0.0,0.282,10115000000.0,8913000000.0,1396000000.0,0.539,15.396,20.283,20.461,4855000000.0,0.0,248.81,5.711,5.705,4423000000.0,-21639000000.0,25164000000.0,25164000000.0,4222000000.0,0.111,0.702,0.196,0.364,330000000.0,5668000000.0,1.0,577566383.0,577000000,581000000.0,43.612,31919000000.0,0.0,885000000.0,7037000000.0,55.319,8430000000.0
2,AMGN,MRT,2020-12-31,2020-12-31,2020-12-31,2021-08-04,-985000000.0,62948000000.0,63566250000.0,21144000000.0,41804000000.0,0.4,16.056,-608000000.0,6266000000.0,6266000000.0,6159000000.0,7264000000.0,1.814,5.69,32986000000.0,91000000.0,32895000000.0,32986000000.0,0.0,3601000000.0,0.0,0.028,6.4,9395000000.0,12996000000.0,0.511,12996000000.0,9395000000.0,8133000000.0,12.4,12.31,12.4,9409000000.0,10128000000.0,9409000000.0,159052207271.0,17.0,12.239,9889000000.0,16.875,1.0,19265000000.0,0.758,31276000000.0,1262000000.0,46739000000.0,45575750000.0,3893000000.0,4381000000.0,4381000000.0,0.0,53539000000.0,11653000000.0,41886000000.0,133852207271.0,229000000.0,0.0,-3486000000.0,2464000000.0,-3755000000.0,-4867000000.0,-5401000000.0,-4718000000.0,10497000000.0,0.0,7264000000.0,7264000000.0,7264000000.0,0.0,0.0,0.286,10126000000.0,9139000000.0,1421000000.0,0.516,14.226,18.427,18.542,4889000000.0,0.0,229.92,5.265,5.299,4525000000.0,-21408000000.0,25424000000.0,25424000000.0,4207000000.0,0.114,0.717,0.206,0.37,330000000.0,5730000000.0,1.0,582168612.0,586000000,590000000.0,43.386,31672000000.0,0.0,869000000.0,6968000000.0,54.048,9491000000.0
3,AMGN,MRT,2020-09-30,2020-09-30,2020-09-30,2021-08-04,-903000000.0,64637000000.0,62756000000.0,22661000000.0,41976000000.0,0.398,18.733,-623000000.0,9087000000.0,9087000000.0,5815000000.0,7352000000.0,2.277,4.898,34287000000.0,91000000.0,34196000000.0,34287000000.0,0.0,3430000000.0,0.0,0.025,6.25,9484000000.0,12914000000.0,0.517,12914000000.0,9484000000.0,8239000000.0,12.49,12.42,12.49,10959000000.0,10194000000.0,10959000000.0,173938929854.0,18.0,13.469,10235000000.0,17.496,1.0,19172000000.0,0.767,31928000000.0,1245000000.0,47956000000.0,43046500000.0,3942000000.0,3273000000.0,3273000000.0,0.0,53678000000.0,9953000000.0,43725000000.0,148859929854.0,-2328000000.0,-13617000000.0,-3375000000.0,3914000000.0,-3683000000.0,-3206000000.0,-9980000000.0,4040000000.0,10858000000.0,0.0,7352000000.0,7352000000.0,7352000000.0,0.0,0.0,0.294,9993000000.0,9179000000.0,1161000000.0,0.5,13.583,20.248,20.349,4816000000.0,0.0,254.16,5.957,5.95,4094000000.0,-19851000000.0,24987000000.0,24987000000.0,4290000000.0,0.117,0.721,0.22,0.38,308000000.0,5470000000.0,1.0,585693775.0,585000000,589000000.0,42.713,32709000000.0,0.0,887000000.0,7770000000.0,55.913,12708000000.0
4,AMGN,MRT,2020-06-30,2020-06-30,2020-06-30,2021-08-04,-783000000.0,65011000000.0,61480500000.0,22895000000.0,42116000000.0,0.395,18.128,-658000000.0,9145000000.0,9145000000.0,5290000000.0,7299000000.0,2.176,5.099,34224000000.0,91000000.0,34133000000.0,34224000000.0,0.0,3037000000.0,0.0,0.026,6.1,9566000000.0,12603000000.0,0.519,12603000000.0,9566000000.0,8310000000.0,12.33,12.26,12.33,10659000000.0,10186000000.0,10659000000.0,162905031528.0,17.0,12.926,10209000000.0,17.362,1.0,19011000000.0,0.782,32626000000.0,1256000000.0,46941000000.0,42499250000.0,3840000000.0,2276000000.0,2276000000.0,0.0,54352000000.0,10523000000.0,43829000000.0,138744031528.0,3620000000.0,-13617000000.0,-3771000000.0,3138000000.0,-3615000000.0,-4267000000.0,-2980000000.0,11359000000.0,10867000000.0,0.0,7299000000.0,7299000000.0,7299000000.0,0.0,0.0,0.3,9809000000.0,9202000000.0,1150000000.0,0.495,13.017,19.009,19.129,4843000000.0,0.0,235.86,5.709,5.707,5366000000.0,-20168000000.0,24301000000.0,24301000000.0,4229000000.0,0.119,0.717,0.225,0.394,308000000.0,5347000000.0,1.0,588247399.0,588000000,592000000.0,41.328,32385000000.0,0.0,1011000000.0,7815000000.0,55.077,12372000000.0
5,AMGN,MRT,2020-03-31,2020-03-31,2020-03-31,2021-08-04,-662000000.0,61669000000.0,60071000000.0,18813000000.0,42856000000.0,0.399,16.076,-644000000.0,7687000000.0,7687000000.0,4814000000.0,7675000000.0,1.591,5.502,31848000000.0,1840000000.0,30008000000.0,31848000000.0,0.0,2608000000.0,0.0,0.029,5.95,10136000000.0,12744000000.0,0.532,12744000000.0,10136000000.0,8844000000.0,12.85,12.78,12.85,9485000000.0,10219750000.0,9485000000.0,143437536416.0,14.0,11.255,8795000000.0,14.907,1.0,19152000000.0,0.799,33336000000.0,1292000000.0,40667000000.0,43848500000.0,3682000000.0,325000000.0,325000000.0,0.0,52184000000.0,11827000000.0,40357000000.0,119571536416.0,329000000.0,-13617000000.0,-5631000000.0,-1801000000.0,-3553000000.0,-11034000000.0,1924000000.0,16208000000.0,9439000000.0,0.0,7675000000.0,7675000000.0,7675000000.0,0.0,0.0,0.32,9595000000.0,9557000000.0,1338000000.0,0.463,12.606,15.579,15.777,4879000000.0,0.0,202.73,4.989,4.991,5009000000.0,-21378000000.0,23966000000.0,23966000000.0,4189000000.0,0.128,0.751,0.231,0.423,308000000.0,5312000000.0,1.0,589806819.0,590000000,594000000.0,40.62,28333000000.0,0.0,1169000000.0,8538000000.0,48.022,6986000000.0
6,AMGN,MRT,2019-12-31,2019-12-31,2019-12-31,2021-08-04,-528000000.0,59707000000.0,60653000000.0,18440000000.0,41267000000.0,0.385,15.988,-618000000.0,6037000000.0,6037000000.0,4356000000.0,7842000000.0,1.437,5.173,29903000000.0,2953000000.0,26950000000.0,29903000000.0,0.0,2206000000.0,0.0,0.024,5.8,10427000000.0,12633000000.0,0.541,12633000000.0,10427000000.0,9138000000.0,12.96,12.88,12.96,9673000000.0,10556500000.0,9673000000.0,161615826229.0,15.0,12.793,8532000000.0,14.102,1.0,19006000000.0,0.814,34116000000.0,1289000000.0,36622000000.0,47467000000.0,3584000000.0,2874000000.0,2874000000.0,0.0,50034000000.0,12835000000.0,37199000000.0,143239826229.0,-908000000.0,-13617000000.0,-7702000000.0,-4514000000.0,-3509000000.0,-15767000000.0,5709000000.0,19972000000.0,9150000000.0,0.0,7842000000.0,7842000000.0,7842000000.0,0.0,0.0,0.336,9332000000.0,9674000000.0,1371000000.0,0.448,14.808,18.266,18.601,4928000000.0,0.0,241.07,6.131,6.243,4057000000.0,-21330000000.0,23362000000.0,23362000000.0,4116000000.0,0.129,0.743,0.22,0.446,308000000.0,5150000000.0,1.0,594183541.0,605000000,609000000.0,38.615,25591000000.0,0.0,1296000000.0,8037000000.0,42.299,5605000000.0
7,AMGN,MRT,2019-09-30,2019-09-30,2019-09-30,2021-08-04,-388000000.0,59535000000.0,62330250000.0,31051000000.0,28484000000.0,0.375,18.242,-655000000.0,11415000000.0,11415000000.0,4199000000.0,8067000000.0,2.892,4.448,29791000000.0,2049000000.0,27742000000.0,29791000000.0,0.0,1994000000.0,0.0,0.029,5.67,10680000000.0,12674000000.0,0.542,12674000000.0,10680000000.0,9340000000.0,13.11,13.03,13.11,10927000000.0,11263250000.0,10927000000.0,141137183469.0,13.0,11.136,9175000000.0,15.317,1.0,19196000000.0,0.821,21407000000.0,1340000000.0,45767000000.0,52754000000.0,3243000000.0,9438000000.0,9438000000.0,0.0,48608000000.0,10737000000.0,37871000000.0,116048183469.0,-541000000.0,-2000000.0,-8732000000.0,-5135000000.0,-3489000000.0,-17406000000.0,7035000000.0,8048000000.0,9830000000.0,0.0,8067000000.0,8067000000.0,8067000000.0,0.0,0.0,0.345,9188000000.0,10008000000.0,1005000000.0,0.432,10.62,14.386,14.76,4901000000.0,0.0,193.51,4.96,4.955,3606000000.0,-20136000000.0,23395000000.0,23395000000.0,3986000000.0,0.129,0.716,0.202,0.457,311000000.0,5196000000.0,1.0,599701222.0,599000000,602000000.0,39.057,38128000000.0,0.0,1273000000.0,8586000000.0,63.653,20314000000.0
8,AMGN,MRT,2019-06-30,2019-06-30,2019-06-30,2021-08-04,-465000000.0,59373000000.0,64279750000.0,30746000000.0,28627000000.0,0.367,17.783,-656000000.0,5525000000.0,5525000000.0,4200000000.0,7958000000.0,2.895,4.501,30614000000.0,2816000000.0,27798000000.0,30614000000.0,0.0,1987000000.0,0.0,0.03,5.54,10539000000.0,12526000000.0,0.532,12526000000.0,10539000000.0,9157000000.0,12.7,12.62,12.7,10794000000.0,12118750000.0,10794000000.0,138064947479.0,13.0,11.022,9070000000.0,14.942,1.0,19362000000.0,0.822,21502000000.0,1382000000.0,52338000000.0,55038750000.0,3176000000.0,16233000000.0,16233000000.0,0.0,48579000000.0,10622000000.0,37957000000.0,112398947479.0,-4606000000.0,-2000000.0,-9300000000.0,-4271000000.0,-3472000000.0,-17127000000.0,2795000000.0,3576000000.0,9726000000.0,0.0,7958000000.0,7958000000.0,7958000000.0,0.0,0.0,0.338,9507000000.0,9855000000.0,1001000000.0,0.436,10.413,14.124,14.51,4882000000.0,0.0,184.28,4.77,4.747,3801000000.0,-20054000000.0,23562000000.0,23562000000.0,3911000000.0,0.124,0.657,0.191,0.447,311000000.0,5266000000.0,1.0,609935682.0,607000000,610000000.0,38.817,37871000000.0,0.0,1199000000.0,8624000000.0,62.39,20124000000.0
9,AMGN,MRT,2019-03-31,2019-03-31,2019-03-31,2021-08-04,-516000000.0,63997000000.0,66357500000.0,35151000000.0,28846000000.0,0.358,17.415,-699000000.0,7358000000.0,7358000000.0,4212000000.0,8075000000.0,2.766,4.908,33024000000.0,3705000000.0,29319000000.0,33024000000.0,0.0,1970000000.0,0.0,0.028,5.41,10637000000.0,12607000000.0,0.531,12607000000.0,10637000000.0,9240000000.0,12.61,12.53,12.61,10832000000.0,13147500000.0,10832000000.0,145204380899.0,14.0,11.518,9715000000.0,15.619,1.0,19538000000.0,0.823,21816000000.0,1397000000.0,55141000000.0,56373750000.0,3016000000.0,18943000000.0,18943000000.0,0.0,53165000000.0,12706000000.0,40459000000.0,118220380899.0,-2383000000.0,-2000000.0,-10129000000.0,-2121000000.0,-3457000000.0,-15785000000.0,2988000000.0,3802000000.0,10414000000.0,0.0,8075000000.0,8075000000.0,8075000000.0,0.0,0.0,0.34,9529000000.0,10009000000.0,1091000000.0,0.429,10.914,14.64,15.066,4892000000.0,0.0,189.98,4.978,4.975,3771000000.0,-19895000000.0,23750000000.0,23750000000.0,3856000000.0,0.122,0.614,0.189,0.448,311000000.0,5359000000.0,1.0,622278034.0,622000000,626000000.0,38.183,42181000000.0,0.0,1165000000.0,9680000000.0,67.815,22445000000.0
10,AMGN,MRT,2018-12-31,2018-12-31,2018-12-31,2021-08-04,-769000000.0,66416000000.0,68149250000.0,37618000000.0,28798000000.0,0.348,18.911,-738000000.0,6945000000.0,6945000000.0,4101000000.0,8394000000.0,2.789,4.313,33929000000.0,4419000000.0,29510000000.0,33929000000.0,0.0,1946000000.0,0.0,0.027,5.28,10937000000.0,12883000000.0,0.543,12883000000.0,10937000000.0,9545000000.0,12.7,12.62,12.7,12500000000.0,14344500000.0,12500000000.0,146518470229.0,13.0,11.373,10558000000.0,15.973,1.0,19646000000.0,0.827,22142000000.0,1392000000.0,57770000000.0,58322250000.0,2940000000.0,22359000000.0,22359000000.0,0.0,53916000000.0,13488000000.0,40428000000.0,124047470229.0,3145000000.0,195000000.0,-17794000000.0,-1121000000.0,-3507000000.0,-22490000000.0,14339000000.0,14987000000.0,11296000000.0,0.0,8394000000.0,8394000000.0,8394000000.0,0.0,0.0,0.353,9383000000.0,10263000000.0,1207000000.0,0.416,9.924,14.778,15.328,4958000000.0,0.0,194.67,5.224,5.419,3580000000.0,-17977000000.0,23747000000.0,23747000000.0,3737000000.0,0.123,0.585,0.188,0.461,311000000.0,5332000000.0,1.0,637219244.0,661000000,665000000.0,35.926,44274000000.0,0.0,1151000000.0,9634000000.0,66.98,24130000000.0
11,AMGN,MRT,2018-09-30,2018-09-30,2018-09-30,2021-08-04,-809000000.0,67333000000.0,71533750000.0,38320000000.0,29013000000.0,0.326,22.247,-666000000.0,11956000000.0,11956000000.0,4064000000.0,2202000000.0,3.082,3.693,34427000000.0,5077000000.0,29350000000.0,34427000000.0,0.0,1905000000.0,0.0,0.025,5.11,10946000000.0,12851000000.0,0.551,12851000000.0,10946000000.0,9574000000.0,3.84,3.82,3.84,14349000000.0,17529750000.0,14349000000.0,158539026768.0,14.0,12.337,10448000000.0,16.198,1.0,19255000000.0,0.826,22466000000.0,1372000000.0,54906000000.0,63656250000.0,3017000000.0,17965000000.0,17965000000.0,0.0,52984000000.0,12432000000.0,40552000000.0,134173026768.0,8956000000.0,178000000.0,-16459000000.0,-1008000000.0,-3501000000.0,-21056000000.0,18898000000.0,19446000000.0,11114000000.0,0.0,2202000000.0,2202000000.0,2202000000.0,0.0,0.0,0.094,9129000000.0,10126000000.0,1042000000.0,1.331,9.351,60.932,53.982,4899000000.0,0.0,207.29,5.754,5.734,3441000000.0,-15987000000.0,23319000000.0,23319000000.0,3598000000.0,0.031,0.126,0.172,0.469,85000000.0,5200000000.0,1.0,647272067.0,645000000,649000000.0,36.153,44867000000.0,0.0,7372000000.0,9810000000.0,69.561,25888000000.0
12,AMGN,MRT,2018-06-30,2018-06-30,2018-06-30,2021-08-04,-873000000.0,67684000000.0,74783250000.0,37970000000.0,29714000000.0,0.31,22.727,-653000000.0,10131000000.0,10131000000.0,4017000000.0,2364000000.0,3.389,3.54,34497000000.0,4288000000.0,30209000000.0,34497000000.0,0.0,1868000000.0,0.0,0.027,4.94,11203000000.0,13071000000.0,0.564,13071000000.0,11203000000.0,9861000000.0,3.74,3.72,3.74,14909000000.0,21999750000.0,14909000000.0,147944311832.0,13.0,11.319,10642000000.0,16.223,1.0,19171000000.0,0.827,23167000000.0,1342000000.0,57678000000.0,70246000000.0,3063000000.0,19264000000.0,19264000000.0,0.0,52775000000.0,11205000000.0,41570000000.0,122144311832.0,7502000000.0,178000000.0,-15539000000.0,-468000000.0,-3488000000.0,-19583000000.0,15790000000.0,16325000000.0,11295000000.0,0.0,2364000000.0,2364000000.0,2364000000.0,0.0,0.0,0.102,8929000000.0,10242000000.0,1026000000.0,1.321,8.193,51.668,49.356,4922000000.0,0.0,184.59,5.268,5.222,3504000000.0,-15266000000.0,23188000000.0,23188000000.0,3549000000.0,0.032,0.107,0.159,0.483,173000000.0,5077000000.0,1.0,661706007.0,656000000,660000000.0,35.348,44517000000.0,0.0,7497000000.0,9918000000.0,67.861,26765000000.0
13,AMGN,MRT,2018-03-31,2018-03-31,2018-03-31,2021-08-04,-994000000.0,71164000000.0,77759000000.0,40689000000.0,30475000000.0,0.295,22.093,-651000000.0,9741000000.0,9741000000.0,4017000000.0,2219000000.0,3.883,3.556,35541000000.0,2183000000.0,33358000000.0,35541000000.0,0.0,1902000000.0,0.0,0.028,4.77,11072000000.0,12974000000.0,0.566,12974000000.0,11072000000.0,9756000000.0,3.17,3.15,3.17,15620000000.0,26203000000.0,15620000000.0,154383451698.0,14.0,11.899,10868000000.0,15.372,1.0,18922000000.0,0.825,23550000000.0,1316000000.0,62935000000.0,75796000000.0,2952000000.0,22431000000.0,22431000000.0,0.0,55544000000.0,10479000000.0,45065000000.0,122841451698.0,6383000000.0,178000000.0,-13271000000.0,676000000.0,-3469000000.0,-16175000000.0,11039000000.0,11606000000.0,11519000000.0,0.0,2219000000.0,2219000000.0,2219000000.0,0.0,0.0,0.097,8814000000.0,10108000000.0,1089000000.0,1.505,7.864,55.359,53.779,4943000000.0,0.0,170.48,5.355,5.254,3633000000.0,-14387000000.0,22939000000.0,22939000000.0,3553000000.0,0.029,0.085,0.146,0.483,269000000.0,4933000000.0,1.0,720562246.0,707000000,711000000.0,32.446,47614000000.0,0.0,7537000000.0,10381000000.0,67.347,30210000000.0
14,AMGN,MRT,2017-12-31,2017-12-31,2017-12-31,2021-08-04,-679000000.0,79954000000.0,79433500000.0,49476000000.0,30478000000.0,0.288,34.529,-664000000.0,3800000000.0,3800000000.0,4069000000.0,1979000000.0,5.485,2.168,35342000000.0,1152000000.0,34190000000.0,35342000000.0,0.0,1955000000.0,0.0,0.026,4.6,10901000000.0,12856000000.0,0.563,12856000000.0,10901000000.0,9597000000.0,2.71,2.69,2.71,25241000000.0,29957250000.0,25241000000.0,159011848992.0,15.0,12.369,10513000000.0,14.382,1.0,18780000000.0,0.822,23370000000.0,1304000000.0,79106000000.0,78410750000.0,2834000000.0,37878000000.0,37878000000.0,0.0,54713000000.0,9020000000.0,45693000000.0,126235848992.0,559000000.0,-19000000.0,-3160000000.0,71000000.0,-3365000000.0,-6594000000.0,-4024000000.0,-3193000000.0,11177000000.0,0.0,1979000000.0,1979000000.0,1979000000.0,0.0,0.0,0.087,8807000000.0,9973000000.0,1352000000.0,1.697,5.001,63.788,64.17,4989000000.0,0.0,173.9,5.525,5.564,3237000000.0,-5072000000.0,22849000000.0,22849000000.0,3562000000.0,0.025,0.066,0.139,0.477,329000000.0,4870000000.0,1.0,725910575.0,731000000,735000000.0,31.257,56584000000.0,0.0,7618000000.0,10265000000.0,77.406,40456000000.0
15,AMGN,MRT,2017-09-30,2017-09-30,2017-09-30,2021-08-04,-443000000.0,80331000000.0,78851500000.0,49752000000.0,30579000000.0,0.292,44.271,-738000000.0,3000000000.0,3000000000.0,4077000000.0,8178000000.0,6.073,1.493,35776000000.0,1999000000.0,33777000000.0,35776000000.0,0.0,2065000000.0,0.0,0.024,4.45,10966000000.0,13031000000.0,0.566,13031000000.0,10966000000.0,9666000000.0,11.14,11.07,11.14,32229000000.0,31115750000.0,32229000000.0,168480861426.0,15.0,12.929,10527000000.0,14.46,1.0,18935000000.0,0.823,23649000000.0,1300000000.0,81265000000.0,76821000000.0,2927000000.0,38351000000.0,38351000000.0,0.0,48102000000.0,8193000000.0,39909000000.0,136047861426.0,-485000000.0,0.0,-3354000000.0,184000000.0,-3278000000.0,-6582000000.0,-5168000000.0,-4315000000.0,11265000000.0,0.0,8178000000.0,8178000000.0,8178000000.0,0.0,0.0,0.355,8722000000.0,10213000000.0,879000000.0,0.399,4.221,16.636,16.737,4914000000.0,0.0,186.45,5.912,5.898,3404000000.0,1774000000.0,23012000000.0,23012000000.0,3597000000.0,0.104,0.263,0.143,0.477,333000000.0,4766000000.0,1.0,729674773.0,728000000,733000000.0,31.61,56682000000.0,0.0,1488000000.0,4864000000.0,77.86,41559000000.0
16,AMGN,MRT,2017-06-30,2017-06-30,2017-06-30,2021-08-04,-449000000.0,79587000000.0,78306250000.0,48442000000.0,31145000000.0,0.294,43.218,-747000000.0,2629000000.0,2629000000.0,4114000000.0,8174000000.0,6.199,1.509,35062000000.0,1459000000.0,33603000000.0,35062000000.0,0.0,2104000000.0,0.0,0.025,4.3,11003000000.0,13107000000.0,0.569,13107000000.0,11003000000.0,9703000000.0,11.06,10.99,11.06,31722000000.0,30751750000.0,31722000000.0,157391791815.0,14.0,12.008,9726000000.0,13.251,1.0,18936000000.0,0.822,24327000000.0,1300000000.0,79878000000.0,74993250000.0,2961000000.0,36598000000.0,36598000000.0,0.0,47865000000.0,7815000000.0,40050000000.0,126657791815.0,-1000000.0,0.0,-3309000000.0,1724000000.0,-3187000000.0,-4893000000.0,-5581000000.0,-4645000000.0,10473000000.0,0.0,8174000000.0,8174000000.0,8174000000.0,0.0,0.0,0.355,8635000000.0,10301000000.0,883000000.0,0.389,3.993,15.495,15.572,4980000000.0,0.0,172.23,5.495,5.484,3560000000.0,1378000000.0,23050000000.0,23050000000.0,3710000000.0,0.104,0.266,0.147,0.477,328000000.0,4840000000.0,1.0,735399128.0,734000000,738000000.0,31.403,55260000000.0,0.0,1529000000.0,4904000000.0,75.286,40627000000.0
17,AMGN,MRT,2017-03-31,2017-03-31,2017-03-31,2021-08-04,-362000000.0,77862000000.0,77277250000.0,46456000000.0,31406000000.0,0.297,41.57,-750000000.0,3358000000.0,3358000000.0,4140000000.0,7893000000.0,4.415,1.541,34092000000.0,3799000000.0,30293000000.0,34092000000.0,0.0,2108000000.0,0.0,0.025,4.15,10657000000.0,12765000000.0,0.557,12765000000.0,10657000000.0,9365000000.0,10.62,10.55,10.62,30637000000.0,30354500000.0,30637000000.0,152184809419.0,14.0,11.922,10074000000.0,13.669,1.0,18788000000.0,0.819,24679000000.0,1292000000.0,73394000000.0,72365250000.0,2871000000.0,35040000000.0,35040000000.0,0.0,47225000000.0,10523000000.0,36702000000.0,120829809419.0,462000000.0,0.0,-2875000000.0,204000000.0,-3093000000.0,-5937000000.0,-4425000000.0,-3375000000.0,10824000000.0,0.0,7893000000.0,7893000000.0,7893000000.0,0.0,0.0,0.344,8805000000.0,9983000000.0,902000000.0,0.391,3.944,15.308,15.449,4960000000.0,0.0,164.07,5.27,5.274,3248000000.0,233000000.0,22928000000.0,22928000000.0,3737000000.0,0.102,0.26,0.147,0.465,319000000.0,4923000000.0,1.0,736452791.0,737000000,741000000.0,31.11,53183000000.0,0.0,1472000000.0,4912000000.0,72.161,35933000000.0
18,AMGN,MRT,2016-12-31,2016-12-31,2016-12-31,2021-08-04,-471000000.0,77626000000.0,76590750000.0,46010000000.0,31616000000.0,0.3,39.94,-738000000.0,3241000000.0,3241000000.0,4162000000.0,7722000000.0,4.107,1.598,34596000000.0,4403000000.0,30193000000.0,34596000000.0,0.0,2105000000.0,0.0,0.027,4.0,10423000000.0,12528000000.0,0.545,12528000000.0,10423000000.0,9163000000.0,10.32,10.24,10.32,29875000000.0,29865750000.0,29875000000.0,140606904777.0,13.0,11.223,9616000000.0,12.856,1.0,18829000000.0,0.819,25030000000.0,1260000000.0,72747000000.0,71954750000.0,2745000000.0,34844000000.0,34844000000.0,0.0,47751000000.0,11204000000.0,36547000000.0,108768904777.0,-903000000.0,0.0,-2965000000.0,3593000000.0,-2998000000.0,-2599000000.0,-8658000000.0,-7677000000.0,10354000000.0,0.0,7722000000.0,7722000000.0,7722000000.0,0.0,0.0,0.336,9035000000.0,9794000000.0,917000000.0,0.388,3.641,14.086,14.168,4961000000.0,0.0,146.21,4.731,4.757,3165000000.0,-438000000.0,22991000000.0,22991000000.0,3840000000.0,0.101,0.259,0.145,0.453,311000000.0,5062000000.0,1.0,743922473.0,748000000,754000000.0,30.737,52596000000.0,0.0,1441000000.0,4855000000.0,70.316,34806000000.0
19,AMGN,MRT,2016-09-30,2016-09-30,2016-09-30,2021-08-04,-139000000.0,78150000000.0,75046500000.0,45844000000.0,32306000000.0,0.301,41.195,-713000000.0,3485000000.0,3485000000.0,4166000000.0,7587000000.0,4.349,1.54,35323000000.0,4797000000.0,30526000000.0,35323000000.0,0.0,2088000000.0,0.0,0.023,3.79,10009000000.0,12097000000.0,0.536,12097000000.0,10009000000.0,8793000000.0,10.1,10.01,10.1,30773000000.0,29417750000.0,30773000000.0,155426082730.0,16.0,12.848,8614000000.0,11.531,1.0,18396000000.0,0.815,25492000000.0,1216000000.0,73954000000.0,69678500000.0,2681000000.0,34495000000.0,34495000000.0,0.0,47377000000.0,10542000000.0,36835000000.0,124834082730.0,259000000.0,-359000000.0,-2165000000.0,3864000000.0,-2847000000.0,-1399000000.0,-7669000000.0,-6270000000.0,9327000000.0,0.0,7587000000.0,7587000000.0,7587000000.0,0.0,0.0,0.336,9054000000.0,9342000000.0,825000000.0,0.375,4.057,16.454,16.516,4912000000.0,0.0,166.81,5.533,5.523,3186000000.0,221000000.0,22562000000.0,22562000000.0,3855000000.0,0.101,0.258,0.144,0.444,302000000.0,5155000000.0,1.0,748360906.0,747000000,753000000.0,30.203,52658000000.0,0.0,1206000000.0,2412000000.0,70.493,35302000000.0
20,AMGN,MRT,2016-06-30,2016-06-30,2016-06-30,2021-08-04,-106000000.0,75471000000.0,73476250000.0,42947000000.0,32524000000.0,0.306,40.124,-639000000.0,2630000000.0,2630000000.0,4173000000.0,7433000000.0,3.966,1.505,33222000000.0,5294000000.0,27928000000.0,33222000000.0,0.0,2108000000.0,0.0,0.024,3.58,9740000000.0,11848000000.0,0.527,11848000000.0,9740000000.0,8567000000.0,9.86,9.77,9.86,30133000000.0,28716250000.0,30133000000.0,145708678418.0,15.0,12.298,8918000000.0,11.875,1.0,18301000000.0,0.814,25867000000.0,1173000000.0,69366000000.0,67928000000.0,2671000000.0,32404000000.0,32404000000.0,0.0,45338000000.0,10830000000.0,34508000000.0,114297678418.0,-1165000000.0,-359000000.0,-2145000000.0,1659000000.0,-2699000000.0,-3439000000.0,-7283000000.0,-5979000000.0,9557000000.0,0.0,7433000000.0,7433000000.0,7433000000.0,0.0,0.0,0.331,9147000000.0,9154000000.0,870000000.0,0.363,3.793,15.377,15.431,4884000000.0,0.0,152.15,5.086,5.084,3078000000.0,-356000000.0,22474000000.0,22474000000.0,3984000000.0,0.101,0.259,0.143,0.433,301000000.0,5155000000.0,1.0,751217078.0,751000000,756000000.0,29.925,49604000000.0,0.0,1134000000.0,2598000000.0,66.051,32117000000.0
21,AMGN,MRT,2016-03-31,2016-03-31,2016-03-31,2021-08-04,-268000000.0,75116000000.0,72410750000.0,42206000000.0,32910000000.0,0.306,38.09,-358000000.0,2896000000.0,2896000000.0,4212000000.0,7216000000.0,4.952,1.619,34307000000.0,2247000000.0,32060000000.0,34307000000.0,0.0,2105000000.0,0.0,0.022,3.37,9497000000.0,11602000000.0,0.524,11602000000.0,9497000000.0,8360000000.0,9.55,9.45,9.55,28682000000.0,28054000000.0,28682000000.0,140173009327.0,15.0,12.082,9806000000.0,13.023,1.0,17944000000.0,0.81,26252000000.0,1137000000.0,71752000000.0,67027500000.0,2572000000.0,31844000000.0,31844000000.0,0.0,46434000000.0,8523000000.0,37911000000.0,112761009327.0,32000000.0,-359000000.0,-2079000000.0,3974000000.0,-2549000000.0,-1147000000.0,-8985000000.0,-7929000000.0,10164000000.0,0.0,7216000000.0,7216000000.0,7216000000.0,0.0,0.0,0.326,9094000000.0,8850000000.0,818000000.0,0.353,3.931,15.627,15.699,4885000000.0,0.0,149.93,5.089,5.096,3078000000.0,-1638000000.0,22156000000.0,22156000000.0,4048000000.0,0.1,0.257,0.142,0.429,304000000.0,5023000000.0,1.0,752091038.0,753000000,760000000.0,29.424,48864000000.0,0.0,1144000000.0,2202000000.0,64.892,33683000000.0
22,AMGN,MRT,2015-12-31,2015-12-31,2015-12-31,2021-08-04,-480000000.0,71449000000.0,70869750000.0,38515000000.0,32934000000.0,0.306,37.049,-320000000.0,4144000000.0,4144000000.0,4227000000.0,6939000000.0,4.445,1.544,31429000000.0,2247000000.0,29182000000.0,31429000000.0,0.0,2108000000.0,0.0,0.019,3.16,9073000000.0,11181000000.0,0.516,11181000000.0,9073000000.0,7978000000.0,9.15,9.06,9.15,28083000000.0,27510000000.0,28083000000.0,150985042488.0,17.0,13.504,9411000000.0,12.416,1.0,17435000000.0,0.805,26428000000.0,1095000000.0,63642000000.0,64866250000.0,2435000000.0,27238000000.0,27238000000.0,0.0,43366000000.0,8664000000.0,34702000000.0,122450042488.0,413000000.0,-359000000.0,-1867000000.0,1065000000.0,-2396000000.0,-3771000000.0,-5547000000.0,-4421000000.0,9731000000.0,0.0,6939000000.0,6939000000.0,6939000000.0,0.0,0.0,0.32,8965000000.0,8470000000.0,965000000.0,0.345,4.36,17.647,17.741,4907000000.0,0.0,162.33,5.653,5.68,2995000000.0,-2086000000.0,21662000000.0,21662000000.0,4070000000.0,0.098,0.252,0.14,0.419,322000000.0,4846000000.0,1.0,754327866.0,758000000,766000000.0,28.578,45021000000.0,0.0,1039000000.0,4212000000.0,59.394,29851000000.0
23,AMGN,MRT,2015-09-30,2015-09-30,2015-09-30,2021-08-04,-237000000.0,71869000000.0,70259750000.0,38844000000.0,33025000000.0,0.305,36.945,-318000000.0,3226000000.0,3226000000.0,4339000000.0,6433000000.0,5.421,1.57,31761000000.0,1250000000.0,30511000000.0,31761000000.0,0.0,2091000000.0,0.0,0.022,2.98,8423000000.0,10514000000.0,0.49,10514000000.0,8423000000.0,7351000000.0,8.47,8.38,8.47,27967000000.0,26933750000.0,27967000000.0,132932032810.0,16.0,12.643,10182000000.0,13.45,1.0,17118000000.0,0.798,26287000000.0,1072000000.0,66952000000.0,64331750000.0,2531000000.0,27894000000.0,27894000000.0,0.0,43902000000.0,7165000000.0,36737000000.0,104775032810.0,-451000000.0,-50000000.0,-1789000000.0,-936000000.0,-2264000000.0,-6011000000.0,-4940000000.0,-4002000000.0,10500000000.0,0.0,6433000000.0,6433000000.0,6433000000.0,0.0,0.0,0.3,9222000000.0,7896000000.0,1067000000.0,0.352,3.746,16.287,16.314,4988000000.0,0.0,138.18,4.883,4.875,2901000000.0,-2352000000.0,21457000000.0,21457000000.0,4211000000.0,0.092,0.239,0.131,0.393,348000000.0,4757000000.0,1.0,758250346.0,757000000,764000000.0,28.345,45582000000.0,0.0,918000000.0,3109000000.0,60.214,31679000000.0
24,AMGN,MRT,2015-06-30,2015-06-30,2015-06-30,2021-08-04,-68000000.0,71209000000.0,69986250000.0,37736000000.0,33473000000.0,0.297,36.163,-395000000.0,3795000000.0,3795000000.0,4373000000.0,5814000000.0,5.476,1.591,31952000000.0,1250000000.0,30702000000.0,31952000000.0,0.0,2111000000.0,0.0,0.018,2.8,7555000000.0,9666000000.0,0.465,9666000000.0,7555000000.0,6496000000.0,7.64,7.55,7.64,27484000000.0,26273250000.0,27484000000.0,144201888897.0,19.0,14.918,9954000000.0,13.097,1.0,16392000000.0,0.789,26711000000.0,1059000000.0,65764000000.0,63496750000.0,2567000000.0,26198000000.0,26198000000.0,0.0,43725000000.0,6891000000.0,36834000000.0,116724888897.0,-557000000.0,-50000000.0,-991000000.0,-936000000.0,-2129000000.0,-5066000000.0,-5840000000.0,-4830000000.0,10349000000.0,0.0,5814000000.0,5814000000.0,5814000000.0,0.0,0.0,0.28,9369000000.0,7023000000.0,934000000.0,0.366,4.247,20.077,20.094,5050000000.0,0.0,153.52,5.621,5.619,2779000000.0,-2912000000.0,20765000000.0,20765000000.0,4110000000.0,0.083,0.221,0.119,0.364,369000000.0,4726000000.0,1.0,760323664.0,760000000,768000000.0,27.322,44498000000.0,0.0,682000000.0,3227000000.0,58.55,30845000000.0
25,AMGN,MRT,2015-03-31,2015-03-31,2015-03-31,2021-08-04,137000000.0,68952000000.0,69567500000.0,35064000000.0,33888000000.0,0.296,34.83,-661000000.0,2864000000.0,2864000000.0,4365000000.0,5708000000.0,5.534,1.601,30341000000.0,500000000.0,29841000000.0,30341000000.0,0.0,2098000000.0,0.0,0.016,2.62,7321000000.0,9419000000.0,0.458,9419000000.0,7321000000.0,6257000000.0,7.5,7.41,7.5,26506000000.0,25497750000.0,26506000000.0,148287979764.0,20.0,15.743,8631000000.0,11.342,1.0,16210000000.0,0.788,26986000000.0,1064000000.0,63107000000.0,62631000000.0,2686000000.0,24254000000.0,24254000000.0,0.0,42446000000.0,6336000000.0,36110000000.0,121303979764.0,-823000000.0,-61000000.0,-454000000.0,-1129000000.0,-1990000000.0,-4176000000.0,-5939000000.0,-4735000000.0,9292000000.0,0.0,5708000000.0,5708000000.0,5708000000.0,0.0,0.0,0.277,9361000000.0,6849000000.0,888000000.0,0.349,4.576,21.252,21.313,5123000000.0,0.0,159.85,5.896,5.912,2548000000.0,-4051000000.0,20575000000.0,20575000000.0,4164000000.0,0.082,0.224,0.117,0.356,391000000.0,4702000000.0,1.0,758861306.0,761000000,770000000.0,27.037,41966000000.0,0.0,549000000.0,3330000000.0,55.146,28728000000.0
26,AMGN,MRT,2014-12-31,2014-12-31,2014-12-31,2021-08-04,-8000000.0,69009000000.0,69080500000.0,34713000000.0,34296000000.0,0.29,33.963,-715000000.0,3731000000.0,3731000000.0,4422000000.0,5158000000.0,4.953,1.677,30715000000.0,500000000.0,30215000000.0,30715000000.0,0.0,2092000000.0,0.0,0.015,2.44,6656000000.0,8748000000.0,0.436,8748000000.0,6656000000.0,5585000000.0,6.8,6.7,6.8,25778000000.0,24556500000.0,25778000000.0,150470124300.0,23.0,17.201,8237000000.0,10.852,1.0,15641000000.0,0.78,27481000000.0,1071000000.0,61504000000.0,61539250000.0,2647000000.0,23295000000.0,23295000000.0,0.0,43231000000.0,7008000000.0,36223000000.0,121167124300.0,-74000000.0,-165000000.0,48000000.0,-1129000000.0,-1851000000.0,-3274000000.0,-5752000000.0,-4449000000.0,8952000000.0,0.0,5158000000.0,5158000000.0,5158000000.0,0.0,0.0,0.257,9450000000.0,6191000000.0,995000000.0,0.359,4.7,23.491,23.425,5223000000.0,0.0,159.29,6.039,6.026,2546000000.0,-4624000000.0,20063000000.0,20063000000.0,4297000000.0,0.075,0.21,0.108,0.332,408000000.0,4699000000.0,1.0,760670000.0,759000000,770000000.0,26.433,41528000000.0,0.0,427000000.0,3461000000.0,54.714,27705000000.0
27,AMGN,MRT,2014-09-30,2014-09-30,2014-09-30,2021-08-04,-104000000.0,70775000000.0,68359500000.0,36048000000.0,34727000000.0,0.289,33.279,-696000000.0,3677000000.0,3677000000.0,4268000000.0,4885000000.0,4.216,1.795,32980000000.0,2500000000.0,30480000000.0,32980000000.0,0.0,2011000000.0,0.0,0.016,2.3,6384000000.0,8395000000.0,0.425,8395000000.0,6384000000.0,5313000000.0,6.44,6.35,6.44,25325000000.0,23636000000.0,25325000000.0,135670431526.0,21.0,16.161,7249000000.0,9.526,1.0,15475000000.0,0.784,27915000000.0,1071000000.0,63612000000.0,60731000000.0,2885000000.0,24398000000.0,24398000000.0,0.0,45450000000.0,8551000000.0,36899000000.0,106694431526.0,-4604000000.0,-9549000000.0,181000000.0,5105000000.0,-1741000000.0,3695000000.0,-16244000000.0,-5733000000.0,7945000000.0,0.0,4885000000.0,4885000000.0,4885000000.0,0.0,0.0,0.247,9556000000.0,5919000000.0,955000000.0,0.357,4.213,21.841,21.811,5267000000.0,0.0,140.46,5.404,5.414,2355000000.0,-4698000000.0,19743000000.0,19743000000.0,4312000000.0,0.071,0.207,0.105,0.323,401000000.0,4893000000.0,1.0,759607230.0,761000000,771000000.0,25.943,42860000000.0,0.0,428000000.0,0.0,56.321,27497000000.0
28,AMGN,MRT,2014-06-30,2014-06-30,2014-06-30,2021-08-04,-123000000.0,69534000000.0,64934000000.0,34328000000.0,35206000000.0,0.3,32.124,-701000000.0,4352000000.0,4352000000.0,3988000000.0,5009000000.0,4.364,1.852,33328000000.0,2500000000.0,30828000000.0,33328000000.0,0.0,1756000000.0,0.0,0.018,2.16,6538000000.0,8294000000.0,0.426,8294000000.0,6538000000.0,5479000000.0,6.62,6.53,6.62,24382000000.0,22736750000.0,24382000000.0,117945652474.0,18.0,14.221,6310000000.0,8.314,1.0,15472000000.0,0.795,28343000000.0,1059000000.0,62301000000.0,58549000000.0,2954000000.0,21836000000.0,21836000000.0,0.0,45152000000.0,7866000000.0,37286000000.0,89608652474.0,-1454000000.0,-9549000000.0,183000000.0,8304000000.0,-1631000000.0,6995000000.0,-15460000000.0,-5035000000.0,7011000000.0,0.0,5009000000.0,5009000000.0,5009000000.0,0.0,0.0,0.257,9331000000.0,6141000000.0,982000000.0,0.326,3.675,17.89,17.881,5371000000.0,0.0,118.37,4.605,4.617,2697000000.0,-5476000000.0,19460000000.0,19460000000.0,4283000000.0,0.077,0.22,0.112,0.336,398000000.0,4929000000.0,1.0,757021648.0,759000000,768000000.0,25.639,41191000000.0,0.0,470000000.0,0.0,54.27,26462000000.0
29,AMGN,MRT,2014-03-31,2014-03-31,2014-03-31,2021-08-04,-126000000.0,67004000000.0,60703000000.0,28302000000.0,38702000000.0,0.312,30.041,-687000000.0,3687000000.0,3687000000.0,3692000000.0,4720000000.0,3.45,1.946,32024000000.0,2505000000.0,29519000000.0,32024000000.0,0.0,1527000000.0,0.0,0.016,2.02,6144000000.0,7671000000.0,0.405,7671000000.0,6144000000.0,5126000000.0,6.25,6.17,6.25,22741000000.0,21789750000.0,22741000000.0,121445599149.0,20.0,15.832,5697000000.0,7.526,1.0,15267000000.0,0.805,28398000000.0,1018000000.0,58740000000.0,55369000000.0,2966000000.0,19529000000.0,16115000000.0,3414000000.0,44263000000.0,8203000000.0,36060000000.0,93122599149.0,1157000000.0,-9538000000.0,241000000.0,7058000000.0,-1522000000.0,5816000000.0,-11043000000.0,-690000000.0,6384000000.0,0.0,4720000000.0,4720000000.0,4720000000.0,0.0,0.0,0.249,9478000000.0,5789000000.0,949000000.0,0.323,4.095,19.729,19.734,5365000000.0,0.0,123.34,4.912,4.925,2514000000.0,-7023000000.0,18959000000.0,18959000000.0,4232000000.0,0.078,0.217,0.111,0.324,398000000.0,5049000000.0,1.0,755007290.0,757000000,768000000.0,25.045,38606000000.0,0.0,406000000.0,0.0,50.999,20099000000.0
30,AMGN,MRT,2013-12-31,2013-12-31,2013-12-31,2021-08-04,-161000000.0,66125000000.0,56862000000.0,27367000000.0,38758000000.0,0.328,29.344,-673000000.0,3805000000.0,3805000000.0,3346000000.0,5081000000.0,3.444,1.993,32128000000.0,2505000000.0,29623000000.0,32128000000.0,0.0,1286000000.0,0.0,0.016,1.88,6287000000.0,7573000000.0,0.405,7573000000.0,6287000000.0,5265000000.0,6.75,6.64,6.75,22096000000.0,20977250000.0,22096000000.0,104938716554.0,17.0,13.857,5618000000.0,7.461,1.0,15330000000.0,0.821,28230000000.0,1022000000.0,58271000000.0,53523750000.0,3019000000.0,19008000000.0,15596000000.0,3412000000.0,44029000000.0,7947000000.0,36082000000.0,86030716554.0,548000000.0,-9434000000.0,-536000000.0,4683000000.0,-1415000000.0,2726000000.0,-8469000000.0,1728000000.0,6291000000.0,0.0,5081000000.0,5081000000.0,5081000000.0,0.0,0.0,0.272,9463000000.0,5867000000.0,787000000.0,0.279,3.893,16.932,16.901,5349000000.0,0.0,114.08,4.606,4.6,2697000000.0,-7634000000.0,18676000000.0,18676000000.0,4083000000.0,0.089,0.242,0.117,0.337,403000000.0,5184000000.0,1.0,754126197.0,753000000,765000000.0,24.802,37895000000.0,0.0,184000000.0,3498000000.0,50.325,19420000000.0
31,AMGN,MRT,2013-09-30,2013-09-30,2013-09-30,2021-08-04,-97000000.0,57073000000.0,53905250000.0,30675000000.0,26398000000.0,0.336,28.817,-692000000.0,8281000000.0,8281000000.0,3239000000.0,4848000000.0,6.334,1.627,27189000000.0,11000000.0,27178000000.0,27189000000.0,0.0,1115000000.0,0.0,0.016,1.77,6226000000.0,7341000000.0,0.406,7341000000.0,6226000000.0,5174000000.0,6.43,6.33,6.43,21728000000.0,20218250000.0,21728000000.0,102428393692.0,16.0,13.953,4576000000.0,6.069,1.0,14847000000.0,0.821,16254000000.0,1052000000.0,54884000000.0,52143250000.0,2838000000.0,17688000000.0,14277000000.0,3411000000.0,35345000000.0,4843000000.0,30502000000.0,84319393692.0,2458000000.0,-400000000.0,-1622000000.0,553000000.0,-1335000000.0,-2428000000.0,-382000000.0,752000000.0,5268000000.0,0.0,4848000000.0,4848000000.0,4848000000.0,0.0,0.0,0.268,9079000000.0,5768000000.0,895000000.0,0.275,3.881,17.393,17.407,5283000000.0,0.0,111.925,4.662,4.666,3230000000.0,-7840000000.0,18086000000.0,18086000000.0,3772000000.0,0.09,0.24,0.119,0.344,395000000.0,5036000000.0,1.0,753356209.0,754000000,766000000.0,23.987,40819000000.0,0.0,326000000.0,0.0,54.137,25832000000.0
32,AMGN,MRT,2013-06-30,2013-06-30,2013-06-30,2021-08-04,-71000000.0,52610000000.0,53499000000.0,29673000000.0,22937000000.0,0.33,27.386,-690000000.0,5806000000.0,5806000000.0,3226000000.0,4587000000.0,6.203,1.555,23915000000.0,7000000.0,23908000000.0,23915000000.0,0.0,1114000000.0,0.0,0.017,1.66,6000000000.0,7114000000.0,0.403,7114000000.0,6000000000.0,4934000000.0,6.06,5.95,6.06,20594000000.0,19761750000.0,20594000000.0,95354687015.0,16.0,13.404,4494000000.0,5.976,1.0,14431000000.0,0.817,16354000000.0,1066000000.0,49581000000.0,51289000000.0,2773000000.0,16212000000.0,16212000000.0,0.0,32016000000.0,4784000000.0,27232000000.0,73992687015.0,-43000000.0,-719000000.0,-1943000000.0,-567000000.0,-1260000000.0,-3791000000.0,-1436000000.0,-40000000.0,5184000000.0,0.0,4587000000.0,4587000000.0,4587000000.0,0.0,0.0,0.26,8928000000.0,5503000000.0,1006000000.0,0.274,3.593,16.131,16.281,5293000000.0,0.0,98.66,4.191,4.202,2674000000.0,-8854000000.0,17657000000.0,17657000000.0,3663000000.0,0.086,0.232,0.117,0.34,386000000.0,4918000000.0,1.0,749976556.0,752000000,764000000.0,23.48,36256000000.0,0.0,347000000.0,0.0,48.213,24889000000.0
33,AMGN,MRT,2013-03-31,2013-03-31,2013-03-31,2021-08-04,137000000.0,51640000000.0,53403000000.0,28695000000.0,22945000000.0,0.327,25.953,-703000000.0,2530000000.0,2530000000.0,3193000000.0,4595000000.0,5.581,1.649,23892000000.0,7000000.0,23885000000.0,23892000000.0,0.0,1106000000.0,0.0,0.015,1.55,6067000000.0,7173000000.0,0.411,7173000000.0,6067000000.0,4986000000.0,6.02,5.91,6.02,19491000000.0,19423000000.0,19491000000.0,99993561145.0,16.0,13.94,5256000000.0,6.999,1.0,14262000000.0,0.817,16501000000.0,1081000000.0,51359000000.0,50600000000.0,2737000000.0,18741000000.0,18741000000.0,0.0,32149000000.0,5142000000.0,27007000000.0,76721561145.0,-1677000000.0,-1421000000.0,-3057000000.0,2394000000.0,-1186000000.0,-1801000000.0,-5835000000.0,-3669000000.0,5959000000.0,0.0,4595000000.0,4595000000.0,4595000000.0,0.0,0.0,0.263,8720000000.0,5542000000.0,940000000.0,0.257,3.936,16.697,17.028,5296000000.0,0.0,102.51,4.395,4.41,2528000000.0,-10111000000.0,17455000000.0,17455000000.0,3522000000.0,0.086,0.237,0.12,0.348,379000000.0,4893000000.0,1.0,748430018.0,751000000,764000000.0,23.242,35139000000.0,0.0,391000000.0,0.0,46.79,23553000000.0
34,AMGN,MRT,2012-12-31,2012-12-31,2012-12-31,2021-08-04,146000000.0,54298000000.0,52805500000.0,31209000000.0,23089000000.0,0.327,24.594,-689000000.0,3257000000.0,3257000000.0,3199000000.0,4345000000.0,3.81,1.849,26529000000.0,2495000000.0,24034000000.0,26529000000.0,0.0,1088000000.0,0.0,0.017,1.44,6062000000.0,7150000000.0,0.414,7150000000.0,6062000000.0,5009000000.0,5.61,5.52,5.61,19060000000.0,19268750000.0,19060000000.0,86801023326.0,14.0,12.14,5193000000.0,6.701,1.0,14066000000.0,0.815,16630000000.0,1053000000.0,52749000000.0,48407250000.0,2744000000.0,20804000000.0,20804000000.0,0.0,35238000000.0,8191000000.0,27047000000.0,66146023326.0,-3689000000.0,-2390000000.0,-3319000000.0,4810000000.0,-1118000000.0,419000000.0,-9990000000.0,-6875000000.0,5882000000.0,0.0,4345000000.0,4345000000.0,4345000000.0,0.0,0.0,0.252,8489000000.0,5577000000.0,905000000.0,0.257,3.47,15.223,15.365,5326000000.0,0.0,86.2,3.831,3.869,2518000000.0,-10423000000.0,17265000000.0,17265000000.0,3380000000.0,0.082,0.225,0.125,0.351,362000000.0,4814000000.0,1.0,767355259.0,775000000,787000000.0,22.277,37668000000.0,0.0,664000000.0,0.0,48.604,23018000000.0
35,AMGN,MRT,2012-09-30,2012-09-30,2012-09-30,2021-08-04,147000000.0,55448000000.0,51448750000.0,32605000000.0,22843000000.0,0.327,25.813,-713000000.0,5823000000.0,5823000000.0,3214000000.0,4491000000.0,3.897,1.786,26478000000.0,2458000000.0,24020000000.0,26478000000.0,0.0,1076000000.0,0.0,0.016,1.36,6094000000.0,7170000000.0,0.426,7170000000.0,6094000000.0,5137000000.0,5.66,5.58,5.66,19902000000.0,19261000000.0,19902000000.0,83497108811.0,14.0,11.645,5941000000.0,7.706,1.0,13603000000.0,0.809,16269000000.0,957000000.0,51467000000.0,46036250000.0,2769000000.0,19551000000.0,19551000000.0,0.0,35546000000.0,8367000000.0,27179000000.0,64968108811.0,1932000000.0,-1990000000.0,-7443000000.0,11945000000.0,-1089000000.0,3457000000.0,-8179000000.0,-5472000000.0,6654000000.0,0.0,4491000000.0,4491000000.0,4491000000.0,0.0,0.0,0.267,7952000000.0,5651000000.0,878000000.0,0.24,3.264,14.466,14.892,5381000000.0,0.0,84.29,3.863,3.864,2696000000.0,-9348000000.0,16817000000.0,16817000000.0,3293000000.0,0.087,0.233,0.132,0.362,367000000.0,4662000000.0,1.0,770768879.0,771000000,783000000.0,21.812,39179000000.0,0.0,646000000.0,0.0,50.816,24238000000.0
36,AMGN,MRT,2012-06-30,2012-06-30,2012-06-30,2021-08-04,151000000.0,52226000000.0,49028000000.0,29562000000.0,22664000000.0,0.335,24.793,-660000000.0,5849000000.0,5849000000.0,3044000000.0,3838000000.0,3.681,1.715,24378000000.0,2416000000.0,21962000000.0,24378000000.0,0.0,1054000000.0,0.0,0.018,1.28,5172000000.0,6226000000.0,0.379,6226000000.0,5172000000.0,4328000000.0,4.72,4.67,4.72,19239000000.0,20173750000.0,19239000000.0,73904681312.0,14.0,11.87,5240000000.0,6.753,1.0,13398000000.0,0.815,15898000000.0,844000000.0,46825000000.0,42262750000.0,2592000000.0,16626000000.0,16626000000.0,0.0,32987000000.0,8032000000.0,24955000000.0,56702681312.0,-149000000.0,-1671000000.0,-9437000000.0,10291000000.0,-1065000000.0,-186000000.0,-5863000000.0,-3483000000.0,5900000000.0,0.0,3838000000.0,3838000000.0,3838000000.0,0.0,0.0,0.233,8645000000.0,4753000000.0,884000000.0,0.271,2.947,14.774,15.447,5437000000.0,0.0,72.91,3.449,3.441,2708000000.0,-9380000000.0,16442000000.0,16442000000.0,3174000000.0,0.078,0.19,0.122,0.315,347000000.0,4656000000.0,1.0,777707877.0,776000000,785000000.0,21.188,36328000000.0,0.0,490000000.0,0.0,46.814,21530000000.0
37,AMGN,MRT,2012-03-31,2012-03-31,2012-03-31,2021-08-04,106000000.0,49250000000.0,47705500000.0,26855000000.0,22395000000.0,0.334,23.861,-611000000.0,4207000000.0,4207000000.0,2894000000.0,3742000000.0,3.236,1.609,21409000000.0,2381000000.0,19028000000.0,21409000000.0,0.0,1046000000.0,0.0,0.014,0.92,4920000000.0,5966000000.0,0.375,5966000000.0,4920000000.0,4210000000.0,4.35,4.31,4.35,18874000000.0,21767500000.0,18874000000.0,68275642148.0,14.0,11.444,4450000000.0,5.626,1.0,13030000000.0,0.818,15566000000.0,710000000.0,42588000000.0,39484000000.0,2499000000.0,15167000000.0,15167000000.0,0.0,30376000000.0,8298000000.0,22078000000.0,53793642148.0,2941000000.0,-1267000000.0,-9076000000.0,10303000000.0,-785000000.0,457000000.0,-2577000000.0,-750000000.0,5061000000.0,0.0,3742000000.0,3742000000.0,3742000000.0,0.0,0.0,0.235,8534000000.0,4496000000.0,891000000.0,0.211,2.85,14.376,15.625,5392000000.0,0.0,67.97,3.378,3.376,2988000000.0,-9444000000.0,15924000000.0,15924000000.0,3167000000.0,0.078,0.172,0.125,0.309,339000000.0,4555000000.0,1.0,791432134.0,791000000,800000000.0,20.131,33684000000.0,0.0,468000000.0,0.0,42.584,18557000000.0
38,AMGN,MRT,2011-12-31,2011-12-31,2011-12-31,2021-08-04,171000000.0,48871000000.0,46071500000.0,27593000000.0,21278000000.0,0.338,21.027,-567000000.0,6946000000.0,6946000000.0,2708000000.0,3683000000.0,4.795,1.568,21428000000.0,84000000.0,21344000000.0,21428000000.0,0.0,1060000000.0,0.0,0.009,0.56,4760000000.0,5820000000.0,0.374,5820000000.0,4760000000.0,4150000000.0,4.07,4.04,4.07,19029000000.0,23295000000.0,19029000000.0,66656907898.0,14.0,11.453,4552000000.0,5.03,1.0,12874000000.0,0.826,14334000000.0,610000000.0,43265000000.0,37285500000.0,2484000000.0,13695000000.0,13695000000.0,0.0,29842000000.0,5754000000.0,24088000000.0,56282907898.0,3659000000.0,-701000000.0,-8073000000.0,7887000000.0,-500000000.0,-674000000.0,-786000000.0,437000000.0,5119000000.0,0.0,3683000000.0,3683000000.0,3683000000.0,0.0,0.0,0.236,8562000000.0,4312000000.0,642000000.0,0.138,2.958,15.282,15.776,5420000000.0,0.0,64.21,3.612,3.729,2896000000.0,-8919000000.0,15582000000.0,15582000000.0,3167000000.0,0.08,0.158,0.128,0.305,341000000.0,4499000000.0,1.0,876544275.0,905000000,912000000.0,17.218,34537000000.0,0.0,467000000.0,0.0,38.162,21839000000.0
39,AMGN,MRT,2011-09-30,2011-09-30,2011-09-30,2021-08-04,118000000.0,45765000000.0,44725250000.0,24430000000.0,21335000000.0,0.345,25.968,-525000000.0,3891000000.0,3891000000.0,2343000000.0,3771000000.0,4.596,0.943,14265000000.0,384000000.0,13881000000.0,14265000000.0,0.0,1060000000.0,0.0,0.005,0.28,4675000000.0,5735000000.0,0.371,5735000000.0,4675000000.0,4098000000.0,4.06,4.03,4.06,23553000000.0,24523750000.0,23553000000.0,58720060926.0,13.0,10.239,5018000000.0,5.533,1.0,13107000000.0,0.848,14451000000.0,577000000.0,36373000000.0,34826000000.0,2357000000.0,13785000000.0,13785000000.0,0.0,22212000000.0,5315000000.0,16897000000.0,50788060926.0,940000000.0,-701000000.0,-4003000000.0,773000000.0,-255000000.0,-3546000000.0,-1057000000.0,181000000.0,5543000000.0,0.0,3771000000.0,3771000000.0,3771000000.0,0.0,0.0,0.244,8889000000.0,4218000000.0,734000000.0,0.069,2.156,13.468,13.537,5391000000.0,0.0,54.96,3.287,3.226,2725000000.0,-4167000000.0,15450000000.0,15450000000.0,3170000000.0,0.084,0.154,0.134,0.303,350000000.0,4434000000.0,1.0,924091356.0,907000000,914000000.0,17.034,31314000000.0,0.0,327000000.0,0.0,34.525,19115000000.0
40,AMGN,MRT,2011-06-30,2011-06-30,2011-06-30,2021-08-04,45000000.0,46936000000.0,44167500000.0,25481000000.0,21455000000.0,0.347,27.631,-532000000.0,5998000000.0,5998000000.0,2325000000.0,4553000000.0,5.561,0.832,13930000000.0,83000000.0,13847000000.0,13930000000.0,0.0,1048000000.0,0.0,0.0,0.0,5647000000.0,6695000000.0,0.437,6695000000.0,5647000000.0,5078000000.0,4.85,4.81,4.85,25614000000.0,24653250000.0,25614000000.0,63890775083.0,11.0,9.543,5344000000.0,5.765,1.0,12997000000.0,0.848,14576000000.0,569000000.0,35710000000.0,34224250000.0,2230000000.0,13174000000.0,13174000000.0,0.0,21322000000.0,4582000000.0,16740000000.0,54249775083.0,4286000000.0,-701000000.0,-2038000000.0,1955000000.0,0.0,-119000000.0,-1471000000.0,-184000000.0,5876000000.0,0.0,4553000000.0,4553000000.0,4553000000.0,0.0,0.0,0.297,7825000000.0,5172000000.0,870000000.0,0.0,2.118,11.915,12.031,5516000000.0,0.0,58.35,3.541,3.53,2713000000.0,-1945000000.0,15322000000.0,15322000000.0,3128000000.0,0.103,0.185,0.165,0.369,361000000.0,4266000000.0,1.0,929730507.0,927000000,935000000.0,16.529,32360000000.0,0.0,525000000.0,0.0,34.908,20899000000.0
41,AMGN,MRT,2011-03-31,2011-03-31,2011-03-31,2021-08-04,-9000000.0,42714000000.0,42633500000.0,21689000000.0,21025000000.0,0.356,26.778,-586000000.0,1266000000.0,1266000000.0,2276000000.0,4585000000.0,5.104,0.71,10907000000.0,83000000.0,10824000000.0,10907000000.0,0.0,1038000000.0,0.0,0.0,0.0,5797000000.0,6835000000.0,0.451,6835000000.0,5797000000.0,5203000000.0,4.84,4.81,4.84,24984000000.0,24042250000.0,24984000000.0,59914607612.0,10.0,8.766,5318000000.0,5.7,1.0,12891000000.0,0.85,14312000000.0,594000000.0,33794000000.0,33065000000.0,2098000000.0,14092000000.0,14092000000.0,0.0,17730000000.0,4249000000.0,13481000000.0,49839607612.0,-1000000000.0,-403000000.0,-2143000000.0,-1018000000.0,0.0,-3152000000.0,-3752000000.0,-2672000000.0,5904000000.0,0.0,4585000000.0,4585000000.0,4585000000.0,0.0,0.0,0.302,7534000000.0,5357000000.0,832000000.0,0.0,1.995,10.87,11.043,5455000000.0,0.0,53.45,3.286,3.288,2517000000.0,-2383000000.0,15167000000.0,15167000000.0,2984000000.0,0.108,0.191,0.175,0.382,362000000.0,4122000000.0,1.0,932452902.0,933000000,941000000.0,16.256,28402000000.0,0.0,618000000.0,0.0,30.442,17440000000.0
42,AMGN,MRT,2010-12-31,2010-12-31,2010-12-31,2021-08-04,153000000.0,43486000000.0,42046500000.0,23129000000.0,20357000000.0,0.358,24.942,-580000000.0,3287000000.0,3287000000.0,2220000000.0,4627000000.0,3.52,0.816,13362000000.0,2488000000.0,10874000000.0,13362000000.0,0.0,1017000000.0,0.0,0.0,0.0,5921000000.0,6938000000.0,0.461,6938000000.0,5921000000.0,5317000000.0,4.82,4.79,4.82,23944000000.0,23381000000.0,23944000000.0,62211365240.0,11.0,8.967,5207000000.0,5.424,1.0,12833000000.0,0.853,13564000000.0,604000000.0,33427000000.0,31967750000.0,2022000000.0,14135000000.0,14135000000.0,0.0,19542000000.0,6570000000.0,12972000000.0,51870365240.0,403000000.0,0.0,-3706000000.0,2471000000.0,0.0,-1232000000.0,-4152000000.0,-3475000000.0,5787000000.0,0.0,4627000000.0,4627000000.0,4627000000.0,0.0,0.0,0.307,7288000000.0,5545000000.0,716000000.0,0.0,2.166,11.21,11.39,5522000000.0,0.0,54.9,3.446,3.501,2335000000.0,-3508000000.0,15053000000.0,15053000000.0,2894000000.0,0.11,0.198,0.185,0.393,353000000.0,3983000000.0,1.0,944815396.0,960000000,965000000.0,15.68,29922000000.0,0.0,690000000.0,0.0,31.169,16559000000.0
43,AMGN,MRT,2010-09-30,2010-09-30,2010-09-30,2021-08-04,255000000.0,43534000000.0,41082250000.0,22930000000.0,20604000000.0,0.366,25.126,-542000000.0,2951000000.0,2951000000.0,2186000000.0,4536000000.0,3.663,0.809,13292000000.0,2451000000.0,10841000000.0,13292000000.0,0.0,1013000000.0,0.0,0.0,0.0,5977000000.0,6990000000.0,0.465,6990000000.0,5977000000.0,5393000000.0,4.66,4.64,4.66,24071000000.0,23061750000.0,24071000000.0,62841528427.0,11.0,8.99,5060000000.0,5.282,1.0,12835000000.0,0.854,13649000000.0,584000000.0,33966000000.0,31003750000.0,2044000000.0,14098000000.0,14098000000.0,0.0,19463000000.0,6260000000.0,13203000000.0,52821528427.0,-626000000.0,0.0,-3951000000.0,1471000000.0,0.0,-2228000000.0,-4000000000.0,-3389000000.0,5602000000.0,0.0,4536000000.0,4536000000.0,4536000000.0,0.0,0.0,0.302,7235000000.0,5600000000.0,759000000.0,0.0,2.194,11.645,11.826,5643000000.0,0.0,55.11,3.517,3.515,2443000000.0,-3394000000.0,15021000000.0,15021000000.0,2931000000.0,0.11,0.197,0.193,0.398,323000000.0,4007000000.0,1.0,958474477.0,958000000,962000000.0,15.68,29885000000.0,0.0,857000000.0,0.0,31.195,16670000000.0
44,AMGN,MRT,2010-06-30,2010-06-30,2010-06-30,2021-08-04,317000000.0,40800000000.0,40433750000.0,20164000000.0,20636000000.0,0.371,24.161,-545000000.0,1712000000.0,1712000000.0,2144000000.0,4686000000.0,3.365,0.761,11732000000.0,2414000000.0,9318000000.0,11732000000.0,0.0,1032000000.0,0.0,0.0,0.0,6072000000.0,7104000000.0,0.473,7104000000.0,6072000000.0,5499000000.0,4.73,4.72,4.73,23170000000.0,22758500000.0,23170000000.0,59785558946.0,10.0,8.416,5730000000.0,5.975,1.0,12873000000.0,0.857,13755000000.0,573000000.0,31073000000.0,30009000000.0,2112000000.0,12811000000.0,12811000000.0,0.0,17630000000.0,5992000000.0,11638000000.0,50387558946.0,-1256000000.0,0.0,-3608000000.0,-11000000.0,0.0,-3381000000.0,-4150000000.0,-3640000000.0,6275000000.0,0.0,4686000000.0,4686000000.0,4686000000.0,0.0,0.0,0.312,7147000000.0,5726000000.0,722000000.0,0.0,2.175,10.753,11.121,5630000000.0,0.0,52.6,3.355,3.359,2208000000.0,-4266000000.0,15017000000.0,15017000000.0,2859000000.0,0.116,0.206,0.202,0.404,327000000.0,3982000000.0,1.0,957938383.0,959000000,964000000.0,15.659,27045000000.0,0.0,813000000.0,0.0,28.201,14172000000.0
45,AMGN,MRT,2010-03-31,2010-03-31,2010-03-31,2021-08-04,160000000.0,40366000000.0,39943750000.0,19809000000.0,20557000000.0,0.374,22.748,-507000000.0,2266000000.0,2266000000.0,2122000000.0,4753000000.0,3.019,0.807,11664000000.0,2378000000.0,9286000000.0,11664000000.0,0.0,1034000000.0,0.0,0.0,0.0,5968000000.0,7002000000.0,0.469,7002000000.0,5968000000.0,5392000000.0,4.73,4.72,4.73,22339000000.0,22306000000.0,22339000000.0,66315961106.0,11.0,9.471,5883000000.0,5.991,1.0,12804000000.0,0.858,13797000000.0,576000000.0,29405000000.0,29409750000.0,2202000000.0,11851000000.0,11851000000.0,0.0,18027000000.0,6562000000.0,11465000000.0,58598961106.0,-511000000.0,0.0,-2793000000.0,-11000000.0,0.0,-2605000000.0,-4296000000.0,-3843000000.0,6390000000.0,0.0,4753000000.0,4753000000.0,4753000000.0,0.0,0.0,0.318,7138000000.0,5666000000.0,882000000.0,0.0,2.623,12.329,12.651,5619000000.0,0.0,59.837,3.926,3.937,2271000000.0,-4852000000.0,14926000000.0,14926000000.0,2877000000.0,0.119,0.213,0.203,0.4,293000000.0,3906000000.0,1.0,979301627.0,982000000,988000000.0,15.2,26569000000.0,0.0,639000000.0,0.0,27.056,13247000000.0
46,AMGN,MRT,2009-12-31,2009-12-31,2009-12-31,2021-08-04,45000000.0,39629000000.0,39197250000.0,18932000000.0,20697000000.0,0.374,22.31,-530000000.0,2884000000.0,2884000000.0,2091000000.0,4605000000.0,4.888,0.748,10601000000.0,0.0,10601000000.0,10601000000.0,0.0,1049000000.0,0.0,0.0,0.0,5782000000.0,6831000000.0,0.467,6831000000.0,5782000000.0,5204000000.0,4.53,4.51,4.53,22667000000.0,21713000000.0,22667000000.0,65215671211.0,11.0,9.547,5806000000.0,5.715,1.0,12551000000.0,0.857,13902000000.0,578000000.0,29571000000.0,28838500000.0,2220000000.0,10558000000.0,10558000000.0,0.0,16962000000.0,3873000000.0,13089000000.0,57256671211.0,1110000000.0,0.0,-3208000000.0,980000000.0,0.0,-2024000000.0,-3202000000.0,-2723000000.0,6336000000.0,0.0,4605000000.0,4605000000.0,4605000000.0,0.0,0.0,0.315,7045000000.0,5506000000.0,574000000.0,0.0,2.526,12.434,12.488,5738000000.0,0.0,56.57,3.91,3.925,2109000000.0,-4322000000.0,14642000000.0,14642000000.0,2864000000.0,0.117,0.212,0.2,0.395,284000000.0,3820000000.0,1.0,1012138434.0,1016000000,1021000000.0,14.411,25727000000.0,0.0,599000000.0,0.0,25.322,15059000000.0
47,AMGN,MRT,2009-09-30,2009-09-30,2009-09-30,2021-08-04,47000000.0,40940000000.0,38396750000.0,19974000000.0,20966000000.0,0.38,22.498,-564000000.0,3577000000.0,3577000000.0,2111000000.0,4599000000.0,4.074,0.791,11536000000.0,1000000000.0,10536000000.0,11536000000.0,0.0,1066000000.0,0.0,0.0,0.0,5790000000.0,6856000000.0,0.47,6856000000.0,5790000000.0,5222000000.0,4.48,4.46,4.48,22858000000.0,21267500000.0,22858000000.0,69665156341.0,12.0,10.161,5346000000.0,5.262,1.0,12473000000.0,0.855,14009000000.0,568000000.0,29987000000.0,27643750000.0,2155000000.0,10436000000.0,10436000000.0,0.0,18082000000.0,4903000000.0,13179000000.0,61162156341.0,1055000000.0,-6000000.0,-2510000000.0,979000000.0,0.0,-1445000000.0,-3410000000.0,-2921000000.0,5910000000.0,0.0,4599000000.0,4599000000.0,4599000000.0,0.0,0.0,0.315,6953000000.0,5520000000.0,613000000.0,0.0,2.676,13.299,13.444,5743000000.0,0.0,60.23,4.194,4.196,2331000000.0,-4042000000.0,14584000000.0,14584000000.0,2771000000.0,0.12,0.216,0.209,0.397,276000000.0,3751000000.0,1.0,1015476612.0,1016000000,1022000000.0,14.354,26931000000.0,0.0,623000000.0,0.0,26.507,15071000000.0
48,AMGN,MRT,2009-06-30,2009-06-30,2009-06-30,2021-08-04,63000000.0,38840000000.0,37411250000.0,17696000000.0,21144000000.0,0.392,21.086,-593000000.0,2968000000.0,2968000000.0,2243000000.0,4334000000.0,3.891,0.818,11471000000.0,1000000000.0,10471000000.0,11471000000.0,0.0,1062000000.0,0.0,0.0,0.0,5656000000.0,6718000000.0,0.459,6718000000.0,5656000000.0,5094000000.0,4.18,4.15,4.18,21360000000.0,20511000000.0,21360000000.0,62225977280.0,11.0,9.263,4732000000.0,4.671,1.0,12404000000.0,0.847,14119000000.0,562000000.0,28676000000.0,26713500000.0,2061000000.0,8997000000.0,8997000000.0,0.0,17480000000.0,4548000000.0,12932000000.0,53594977280.0,-424000000.0,-8000000.0,-2497000000.0,979000000.0,0.0,-1435000000.0,-4314000000.0,-3748000000.0,5325000000.0,0.0,4334000000.0,4334000000.0,4334000000.0,0.0,0.0,0.296,7006000000.0,5398000000.0,635000000.0,0.0,2.509,12.366,12.665,5800000000.0,0.0,52.94,3.659,3.661,2182000000.0,-5423000000.0,14647000000.0,14647000000.0,2853000000.0,0.116,0.211,0.212,0.386,252000000.0,3719000000.0,1.0,1012372068.0,1013000000,1017000000.0,14.459,24721000000.0,0.0,760000000.0,0.0,24.404,13148000000.0
49,AMGN,MRT,2009-03-31,2009-03-31,2009-03-31,2021-08-04,100000000.0,37380000000.0,36716500000.0,16076000000.0,21304000000.0,0.4,19.348,-619000000.0,2777000000.0,2777000000.0,2227000000.0,3971000000.0,3.44,0.872,11408000000.0,1000000000.0,10408000000.0,11408000000.0,0.0,1074000000.0,0.0,0.0,0.0,5416000000.0,6490000000.0,0.442,6490000000.0,5416000000.0,4867000000.0,3.77,3.74,3.77,19967000000.0,19804250000.0,19967000000.0,59603901687.0,11.0,9.184,4646000000.0,4.502,1.0,12471000000.0,0.848,14218000000.0,549000000.0,27120000000.0,25519750000.0,2080000000.0,7601000000.0,7601000000.0,0.0,17413000000.0,4673000000.0,12740000000.0,51201901687.0,-1547000000.0,-8000000.0,-4117000000.0,971000000.0,0.0,-3089000000.0,-3723000000.0,-3160000000.0,5265000000.0,0.0,3971000000.0,3971000000.0,3971000000.0,0.0,0.0,0.27,7351000000.0,5120000000.0,687000000.0,0.0,2.564,12.894,13.135,5804000000.0,0.0,49.52,3.484,3.477,2009000000.0,-6659000000.0,14698000000.0,14698000000.0,2969000000.0,0.108,0.201,0.212,0.368,262000000.0,3713000000.0,1.0,1033964089.0,1032000000,1037000000.0,14.242,23162000000.0,0.0,896000000.0,0.0,22.444,11403000000.0
50,AMGN,MRT,2008-12-31,2008-12-31,2008-12-31,2021-08-04,117000000.0,36427000000.0,36403500000.0,15221000000.0,21206000000.0,0.412,19.519,-672000000.0,1774000000.0,1774000000.0,2296000000.0,4052000000.0,3.115,0.744,9352000000.0,1000000000.0,8352000000.0,9352000000.0,0.0,1073000000.0,0.0,0.0,0.0,5566000000.0,6639000000.0,0.443,6639000000.0,5566000000.0,5015000000.0,3.79,3.77,3.79,20885000000.0,19584250000.0,20885000000.0,69841333708.0,13.0,10.52,5316000000.0,4.968,1.0,12707000000.0,0.847,14327000000.0,551000000.0,24792000000.0,24342000000.0,2075000000.0,7778000000.0,7778000000.0,0.0,15542000000.0,4886000000.0,10656000000.0,61187333708.0,-250000000.0,-56000000.0,-2113000000.0,-1009000000.0,0.0,-3073000000.0,-3165000000.0,-2565000000.0,5988000000.0,0.0,4052000000.0,4052000000.0,4052000000.0,0.0,0.0,0.27,7493000000.0,5214000000.0,504000000.0,0.0,2.93,15.101,15.237,5879000000.0,0.0,57.75,4.078,4.119,2073000000.0,-5673000000.0,15003000000.0,15003000000.0,3030000000.0,0.111,0.207,0.229,0.371,262000000.0,3789000000.0,1.0,1059520930.0,1070000000,1075000000.0,14.021,22100000000.0,0.0,963000000.0,0.0,20.654,10335000000.0
51,AMGN,MRT,2008-09-30,2008-09-30,2008-09-30,2021-08-04,3000000.0,36998000000.0,35956500000.0,15620000000.0,21378000000.0,0.417,18.745,-728000000.0,2522000000.0,2522000000.0,2344000000.0,3874000000.0,3.155,0.866,11176000000.0,1000000000.0,10176000000.0,11176000000.0,0.0,1101000000.0,0.0,0.0,0.0,5578000000.0,6679000000.0,0.445,6679000000.0,5578000000.0,4812000000.0,3.6,3.58,3.6,19832000000.0,18830250000.0,19832000000.0,70492802314.0,13.0,10.554,5393000000.0,5.097,1.0,12653000000.0,0.844,14435000000.0,766000000.0,26266000000.0,23904250000.0,2004000000.0,7235000000.0,7235000000.0,0.0,17166000000.0,4951000000.0,12215000000.0,62709802314.0,1133000000.0,-49000000.0,-1521000000.0,-146000000.0,0.0,-1673000000.0,-3315000000.0,-2692000000.0,6121000000.0,0.0,3874000000.0,3874000000.0,3874000000.0,0.0,0.0,0.258,7519000000.0,5134000000.0,538000000.0,0.0,3.162,16.187,16.464,5972000000.0,0.0,59.27,4.181,4.181,2114000000.0,-5519000000.0,14997000000.0,14997000000.0,3054000000.0,0.108,0.206,0.233,0.372,458000000.0,3679000000.0,1.0,1058036145.0,1058000000,1064000000.0,14.175,22563000000.0,0.0,938000000.0,346000000.0,21.326,10669000000.0
52,AMGN,MRT,2008-06-30,2008-06-30,2008-06-30,2021-08-04,-13000000.0,36061000000.0,35070000000.0,14527000000.0,21534000000.0,0.42,17.192,-875000000.0,3392000000.0,3392000000.0,2459000000.0,2954000000.0,2.676,0.946,11175000000.0,1000000000.0,10175000000.0,11175000000.0,0.0,1207000000.0,0.0,0.0,0.0,4405000000.0,5612000000.0,0.381,5612000000.0,4405000000.0,3772000000.0,2.73,2.71,2.73,18533000000.0,18098500000.0,18533000000.0,58195907463.0,13.0,10.37,5444000000.0,5.05,1.0,12274000000.0,0.833,14514000000.0,633000000.0,23901000000.0,23435000000.0,2134000000.0,5091000000.0,5091000000.0,0.0,17528000000.0,5429000000.0,12099000000.0,51342907463.0,1665000000.0,-745000000.0,-1544000000.0,-145000000.0,0.0,-1709000000.0,-2945000000.0,-1435000000.0,6319000000.0,0.0,2954000000.0,2954000000.0,2954000000.0,0.0,0.0,0.201,8230000000.0,4044000000.0,764000000.0,0.0,2.77,17.381,17.275,5968000000.0,0.0,47.16,3.485,3.451,2331000000.0,-6653000000.0,14733000000.0,14733000000.0,3101000000.0,0.084,0.163,0.188,0.299,396000000.0,3509000000.0,1.0,1088696087.0,1078000000,1081000000.0,13.667,21547000000.0,0.0,818000000.0,381000000.0,19.988,9098000000.0
53,AMGN,MRT,2008-03-31,2008-03-31,2008-03-31,2021-08-04,30000000.0,36128000000.0,34297500000.0,14527000000.0,21601000000.0,0.429,17.527,-1112000000.0,4324000000.0,4324000000.0,2502000000.0,3067000000.0,2.44,0.893,11177000000.0,2000000000.0,9177000000.0,11177000000.0,0.0,1224000000.0,0.0,0.0,0.0,4275000000.0,5499000000.0,0.374,5499000000.0,4275000000.0,3779000000.0,2.79,2.77,2.79,19087000000.0,17582500000.0,19087000000.0,54594078454.0,13.0,9.928,4978000000.0,4.571,1.0,12195000000.0,0.83,14618000000.0,496000000.0,22409000000.0,23340500000.0,2091000000.0,4323000000.0,4323000000.0,0.0,17041000000.0,5954000000.0,11087000000.0,45441078454.0,3257000000.0,-745000000.0,-4396000000.0,3844000000.0,0.0,-611000000.0,-2222000000.0,-426000000.0,6090000000.0,0.0,3067000000.0,3067000000.0,3067000000.0,0.0,0.0,0.209,8200000000.0,3995000000.0,522000000.0,0.0,2.381,14.816,14.975,5949000000.0,0.0,41.78,3.092,3.096,2224000000.0,-6031000000.0,14697000000.0,14697000000.0,3109000000.0,0.089,0.174,0.183,0.291,322000000.0,3465000000.0,1.0,1087627536.0,1089000000,1092000000.0,13.496,21510000000.0,0.0,712000000.0,381000000.0,19.752,8573000000.0
54,AMGN,MRT,2007-12-31,2007-12-31,2007-12-31,2021-08-04,53000000.0,34639000000.0,33408000000.0,13041000000.0,21598000000.0,0.442,15.997,-1267000000.0,2024000000.0,2024000000.0,2548000000.0,3078000000.0,2.111,0.938,11177000000.0,2000000000.0,9177000000.0,11177000000.0,0.0,1202000000.0,0.0,0.0,0.0,4289000000.0,5491000000.0,0.372,5491000000.0,4289000000.0,3793000000.0,2.76,2.74,2.76,17869000000.0,17739500000.0,17869000000.0,60434088861.0,14.0,11.006,4134000000.0,3.701,1.0,12223000000.0,0.827,14572000000.0,496000000.0,23041000000.0,22562750000.0,2091000000.0,5127000000.0,5127000000.0,0.0,16770000000.0,6179000000.0,10591000000.0,50510088861.0,741000000.0,-697000000.0,-4823000000.0,2142000000.0,0.0,-2668000000.0,-1992000000.0,-52000000.0,5401000000.0,0.0,3078000000.0,3078000000.0,3078000000.0,0.0,0.0,0.208,8243000000.0,3980000000.0,378000000.0,0.0,2.827,16.41,16.826,5941000000.0,0.0,46.44,3.42,3.512,2101000000.0,-7160000000.0,14771000000.0,14771000000.0,3266000000.0,0.092,0.174,0.19,0.29,263000000.0,3361000000.0,1.0,1087641879.0,1117000000,1123000000.0,13.224,20067000000.0,0.0,715000000.0,0.0,17.965,6862000000.0
55,AMGN,MRT,2007-09-30,2007-09-30,2007-09-30,2021-08-04,-7000000.0,33452000000.0,33195250000.0,11706000000.0,21746000000.0,0.448,15.566,-1417000000.0,1389000000.0,1389000000.0,2503000000.0,3164000000.0,2.769,0.979,11313000000.0,136000000.0,11177000000.0,11313000000.0,0.0,1100000000.0,0.0,0.0,0.0,4061000000.0,5161000000.0,0.347,5161000000.0,4061000000.0,3932000000.0,2.76,2.73,2.76,16905000000.0,18013250000.0,16905000000.0,71061966655.0,17.0,13.769,3696000000.0,3.403,1.0,12358000000.0,0.832,14759000000.0,129000000.0,24389000000.0,21684000000.0,2076000000.0,4561000000.0,4561000000.0,0.0,16547000000.0,4228000000.0,12319000000.0,61476966655.0,98000000.0,-977000000.0,-4840000000.0,1626000000.0,0.0,-2518000000.0,-2497000000.0,8000000.0,5113000000.0,0.0,3164000000.0,3164000000.0,3164000000.0,0.0,0.0,0.213,8446000000.0,3912000000.0,438000000.0,0.0,3.637,19.43,20.496,5922000000.0,0.0,56.57,4.137,4.134,2154000000.0,-7894000000.0,14861000000.0,14861000000.0,3495000000.0,0.095,0.176,0.187,0.273,403000000.0,3390000000.0,1.0,1086741500.0,1086000000,1090000000.0,13.684,18693000000.0,0.0,768000000.0,294000000.0,17.213,7478000000.0
56,AMGN,MRT,2007-06-30,2007-06-30,2007-06-30,2021-08-04,-14000000.0,32971000000.0,32978750000.0,11196000000.0,21775000000.0,0.451,14.587,-1487000000.0,1727000000.0,1727000000.0,2200000000.0,4065000000.0,2.647,1.002,11312000000.0,100000000.0,11212000000.0,11312000000.0,0.0,1013000000.0,0.0,0.0,0.0,5050000000.0,6063000000.0,0.408,6063000000.0,5050000000.0,4921000000.0,3.51,3.49,3.51,16469000000.0,18217250000.0,16469000000.0,70363745732.0,14.0,11.605,3611000000.0,3.198,1.0,12662000000.0,0.852,14804000000.0,129000000.0,23523000000.0,20333750000.0,2206000000.0,3579000000.0,3579000000.0,0.0,16502000000.0,4229000000.0,12273000000.0,64116745732.0,-220000000.0,-279000000.0,-5242000000.0,1626000000.0,0.0,-2889000000.0,-2429000000.0,-519000000.0,5098000000.0,0.0,4065000000.0,4065000000.0,4065000000.0,0.0,0.0,0.274,7821000000.0,4841000000.0,542000000.0,0.0,3.893,15.773,15.752,5970000000.0,0.0,55.29,4.314,4.2,2163000000.0,-8093000000.0,14862000000.0,14862000000.0,3591000000.0,0.123,0.223,0.248,0.34,403000000.0,3467000000.0,1.0,1159644524.0,1129000000,1134000000.0,13.164,18167000000.0,0.0,856000000.0,413000000.0,16.091,6967000000.0
57,AMGN,MRT,2007-03-31,2007-03-31,2007-03-31,2021-08-04,18000000.0,32570000000.0,32558000000.0,10527000000.0,22043000000.0,0.453,16.894,-1318000000.0,1067000000.0,1067000000.0,2135000000.0,3060000000.0,2.285,0.652,7314000000.0,100000000.0,7214000000.0,7314000000.0,0.0,988000000.0,0.0,0.0,0.0,4229000000.0,5217000000.0,0.354,5217000000.0,4229000000.0,4100000000.0,2.62,2.6,2.62,19715000000.0,18309750000.0,19715000000.0,72966605679.0,17.0,13.986,3781000000.0,3.24,1.0,12603000000.0,0.855,14912000000.0,129000000.0,19298000000.0,18766250000.0,2115000000.0,3770000000.0,3770000000.0,0.0,12855000000.0,4607000000.0,8248000000.0,65237605679.0,-680000000.0,-67000000.0,-1485000000.0,-2355000000.0,0.0,-3775000000.0,-2004000000.0,-410000000.0,5099000000.0,0.0,3060000000.0,3060000000.0,3060000000.0,0.0,0.0,0.208,8597000000.0,4006000000.0,601000000.0,0.0,3.309,21.319,21.328,6027000000.0,0.0,55.88,4.426,4.425,2157000000.0,-4638000000.0,14738000000.0,14738000000.0,3562000000.0,0.094,0.167,0.225,0.287,403000000.0,3447000000.0,1.0,1167458942.0,1167000000,1177000000.0,12.629,17658000000.0,0.0,1040000000.0,466000000.0,15.131,5920000000.0
58,AMGN,MRT,2006-12-31,2006-12-31,2006-12-31,2021-08-04,12000000.0,33788000000.0,32244250000.0,11712000000.0,22076000000.0,0.442,16.126,-1218000000.0,1283000000.0,1283000000.0,2095000000.0,2950000000.0,1.687,0.782,9012000000.0,1798000000.0,7214000000.0,9012000000.0,0.0,963000000.0,0.0,0.0,0.0,4149000000.0,5112000000.0,0.358,5112000000.0,4149000000.0,4020000000.0,2.51,2.48,2.51,18964000000.0,17728750000.0,18964000000.0,87399875729.0,21.0,17.097,4171000000.0,3.547,1.0,12173000000.0,0.853,15049000000.0,129000000.0,19526000000.0,18168750000.0,1903000000.0,4994000000.0,4994000000.0,0.0,14824000000.0,6942000000.0,7882000000.0,79684875729.0,-557000000.0,-2167000000.0,-698000000.0,-214000000.0,0.0,-815000000.0,-5131000000.0,-1536000000.0,5389000000.0,0.0,2950000000.0,2950000000.0,2950000000.0,0.0,0.0,0.207,8333000000.0,3840000000.0,555000000.0,0.0,4.202,27.012,27.215,5921000000.0,0.0,68.31,5.585,5.63,2124000000.0,-5203000000.0,14268000000.0,14268000000.0,3366000000.0,0.091,0.166,0.228,0.291,403000000.0,3366000000.0,1.0,1166518456.0,1176000000,1190000000.0,12.133,18739000000.0,0.0,1070000000.0,367000000.0,15.935,4770000000.0
59,AMGN,MRT,2006-09-30,2006-09-30,2006-09-30,2021-08-04,10000000.0,32586000000.0,31121500000.0,10656000000.0,21930000000.0,0.44,15.185,-1099000000.0,1291000000.0,1291000000.0,2045000000.0,2941000000.0,1.695,0.839,9006000000.0,1773000000.0,7233000000.0,9006000000.0,0.0,981000000.0,0.0,0.0,0.0,4201000000.0,5182000000.0,0.378,5182000000.0,4201000000.0,4102000000.0,2.45,2.44,2.45,17721000000.0,18100500000.0,17721000000.0,90783973315.0,22.0,17.519,4177000000.0,3.579,1.0,11659000000.0,0.851,15025000000.0,99000000.0,18988000000.0,16682750000.0,1711000000.0,4490000000.0,4490000000.0,0.0,14865000000.0,6288000000.0,8577000000.0,83730973315.0,-860000000.0,-1888000000.0,-763000000.0,440000000.0,0.0,-1845000000.0,-4291000000.0,-1094000000.0,5276000000.0,0.0,2941000000.0,2941000000.0,2941000000.0,0.0,0.0,0.215,7707000000.0,3952000000.0,569000000.0,0.0,4.725,28.47,29.196,5673000000.0,0.0,71.53,6.11,6.091,2124000000.0,-5789000000.0,13704000000.0,13704000000.0,2976000000.0,0.095,0.162,0.252,0.307,98000000.0,3247000000.0,1.0,1170571415.0,1167000000,1178000000.0,11.743,17561000000.0,0.0,1161000000.0,1079000000.0,15.048,4368000000.0
60,AMGN,MRT,2006-06-30,2006-06-30,2006-06-30,2021-08-04,-16000000.0,31288000000.0,30258000000.0,9503000000.0,21785000000.0,0.438,14.355,-922000000.0,1947000000.0,1947000000.0,2108000000.0,2806000000.0,1.607,0.858,9000000000.0,1768000000.0,7232000000.0,9000000000.0,0.0,898000000.0,0.0,0.0,0.0,4152000000.0,5050000000.0,0.381,5050000000.0,4152000000.0,4053000000.0,2.29,2.27,2.29,16839000000.0,18802750000.0,16839000000.0,82034279706.0,20.0,16.244,4223000000.0,3.6,1.0,11138000000.0,0.841,15175000000.0,99000000.0,17253000000.0,14823750000.0,1520000000.0,3023000000.0,3023000000.0,0.0,14449000000.0,5913000000.0,8536000000.0,76920279706.0,326000000.0,-1888000000.0,-1169000000.0,439000000.0,0.0,-1614000000.0,-3205000000.0,-227000000.0,5145000000.0,0.0,2806000000.0,2806000000.0,2806000000.0,0.0,0.0,0.212,7210000000.0,3928000000.0,668000000.0,0.0,4.568,27.413,28.485,5438000000.0,0.0,65.23,5.807,5.776,2018000000.0,-6385000000.0,13246000000.0,13246000000.0,2666000000.0,0.093,0.149,0.28,0.313,247000000.0,3096000000.0,1.0,1179216307.0,1173000000,1185000000.0,11.292,16113000000.0,0.0,1247000000.0,1064000000.0,13.737,3590000000.0
61,AMGN,MRT,2006-03-31,2006-03-31,2006-03-31,2021-08-04,-7000000.0,31315000000.0,29445500000.0,11157000000.0,20158000000.0,0.435,14.468,-894000000.0,3847000000.0,3847000000.0,2145000000.0,3821000000.0,2.073,0.801,8961000000.0,1763000000.0,7198000000.0,8961000000.0,0.0,858000000.0,0.0,0.0,0.0,5135000000.0,5993000000.0,0.468,5993000000.0,5135000000.0,5036000000.0,3.11,3.08,3.11,17391000000.0,19488250000.0,17391000000.0,88299108004.0,17.0,14.734,4077000000.0,3.392,1.0,10669000000.0,0.833,14138000000.0,99000000.0,16908000000.0,13272000000.0,1273000000.0,3300000000.0,3300000000.0,0.0,13924000000.0,5383000000.0,8541000000.0,86182108004.0,564000000.0,-2100000000.0,-1280000000.0,439000000.0,0.0,-882000000.0,-3525000000.0,-455000000.0,4971000000.0,0.0,3821000000.0,3821000000.0,3821000000.0,0.0,0.0,0.298,5743000000.0,4926000000.0,442000000.0,0.0,4.956,22.555,23.392,5122000000.0,0.0,72.75,6.726,6.824,1794000000.0,-5517000000.0,12814000000.0,12814000000.0,2445000000.0,0.13,0.196,0.387,0.401,360000000.0,2902000000.0,1.0,1184633787.0,1202000000,1218000000.0,10.661,17177000000.0,0.0,1215000000.0,1160000000.0,14.29,5774000000.0
62,AMGN,MRT,2005-12-31,2005-12-31,2005-12-31,2021-08-04,22000000.0,29297000000.0,28471750000.0,9235000000.0,20062000000.0,0.437,16.546,-867000000.0,1840000000.0,1840000000.0,2082000000.0,3674000000.0,2.569,0.433,3957000000.0,0.0,3957000000.0,3957000000.0,0.0,841000000.0,0.0,0.0,0.0,4967000000.0,5808000000.0,0.467,5808000000.0,4967000000.0,4868000000.0,2.97,2.93,2.97,20451000000.0,19900500000.0,20451000000.0,99139464790.0,20.0,17.069,4044000000.0,3.272,1.0,10348000000.0,0.833,14237000000.0,99000000.0,13582000000.0,11774250000.0,1258000000.0,3415000000.0,3415000000.0,0.0,8846000000.0,3595000000.0,5251000000.0,97338464790.0,314000000.0,0.0,-3343000000.0,-1175000000.0,0.0,-4538000000.0,-59000000.0,841000000.0,4911000000.0,0.0,3674000000.0,3674000000.0,3674000000.0,0.0,0.0,0.296,5500000000.0,4848000000.0,596000000.0,0.0,4.76,26.494,26.552,5038000000.0,0.0,78.86,7.831,7.842,1769000000.0,-3132000000.0,12430000000.0,12430000000.0,2314000000.0,0.129,0.185,0.422,0.4,421000000.0,2790000000.0,1.0,1234319868.0,1236000000,1258000000.0,10.057,15060000000.0,0.0,1194000000.0,1163000000.0,12.184,5640000000.0
63,AMGN,MRT,2005-09-30,2005-09-30,2005-09-30,2021-08-04,17000000.0,29132000000.0,28452750000.0,9193000000.0,19939000000.0,0.424,16.65,-898000000.0,2151000000.0,2151000000.0,2047000000.0,3539000000.0,1.8,0.419,3952000000.0,1754000000.0,2198000000.0,3952000000.0,0.0,816000000.0,0.0,0.0,0.0,4715000000.0,5531000000.0,0.458,5531000000.0,4715000000.0,4677000000.0,2.83,2.79,2.83,20530000000.0,19714000000.0,20530000000.0,100623386402.0,21.0,18.193,3994000000.0,3.239,1.0,10021000000.0,0.83,14275000000.0,38000000.0,11552000000.0,11901250000.0,1059000000.0,3400000000.0,3400000000.0,0.0,8602000000.0,5106000000.0,3496000000.0,98297386402.0,1165000000.0,115000000.0,-4218000000.0,814000000.0,0.0,-2317000000.0,-1410000000.0,-573000000.0,4892000000.0,0.0,3539000000.0,3539000000.0,3539000000.0,0.0,0.0,0.293,5355000000.0,4666000000.0,497000000.0,0.0,4.788,27.775,28.152,4894000000.0,0.0,79.67,8.145,8.14,1664000000.0,-2720000000.0,12068000000.0,12068000000.0,2270000000.0,0.124,0.18,0.396,0.391,433000000.0,2695000000.0,1.0,1233806783.0,1233000000,1249000000.0,9.788,14857000000.0,0.0,1138000000.0,1180000000.0,12.049,4087000000.0
64,AMGN,MRT,2005-06-30,2005-06-30,2005-06-30,2021-08-04,31000000.0,28038000000.0,27872500000.0,8025000000.0,20013000000.0,0.417,15.881,-997000000.0,1621000000.0,1621000000.0,1942000000.0,2808000000.0,1.629,0.432,3947000000.0,1749000000.0,2198000000.0,3947000000.0,0.0,798000000.0,0.0,0.0,0.0,3912000000.0,4710000000.0,0.405,4710000000.0,3912000000.0,3874000000.0,2.24,2.2,2.24,19581000000.0,19533500000.0,19581000000.0,77577081006.0,20.0,16.471,3526000000.0,2.86,1.0,9685000000.0,0.833,14391000000.0,38000000.0,11046000000.0,11269000000.0,984000000.0,2819000000.0,2819000000.0,0.0,8457000000.0,4927000000.0,3530000000.0,74818081006.0,-96000000.0,115000000.0,-4847000000.0,814000000.0,0.0,-3502000000.0,-1117000000.0,-270000000.0,4523000000.0,0.0,2808000000.0,2808000000.0,2808000000.0,0.0,0.0,0.242,5823000000.0,3862000000.0,503000000.0,0.0,3.821,26.645,26.991,4863000000.0,0.0,60.46,6.435,6.412,1707000000.0,-2918000000.0,11627000000.0,11627000000.0,2210000000.0,0.101,0.144,0.347,0.336,330000000.0,2671000000.0,1.0,1237480665.0,1233000000,1250000000.0,9.43,13647000000.0,0.0,1066000000.0,1209000000.0,11.068,3098000000.0
65,AMGN,MRT,2005-03-31,2005-03-31,2005-03-31,2021-08-04,0.0,27420000000.0,27378000000.0,7424000000.0,19996000000.0,0.403,15.244,-1148000000.0,1183000000.0,1183000000.0,1847000000.0,2527000000.0,1.554,0.44,3942000000.0,1744000000.0,2198000000.0,3942000000.0,0.0,760000000.0,0.0,0.0,0.0,3630000000.0,4390000000.0,0.398,4390000000.0,3630000000.0,3592000000.0,2.0,1.95,2.0,19040000000.0,19490950000.0,19040000000.0,76504673742.0,21.0,17.427,3273000000.0,2.62,1.0,9193000000.0,0.833,14484000000.0,38000000.0,10917000000.0,10608800000.0,932000000.0,2852000000.0,2852000000.0,0.0,8380000000.0,4778000000.0,3602000000.0,72920673742.0,422000000.0,115000000.0,-5097000000.0,814000000.0,0.0,-3797000000.0,-202000000.0,816000000.0,4421000000.0,0.0,2527000000.0,2527000000.0,2527000000.0,0.0,0.0,0.229,5617000000.0,3576000000.0,549000000.0,0.0,3.83,28.857,29.105,4790000000.0,0.0,58.21,6.605,6.586,1584000000.0,-3197000000.0,11040000000.0,11040000000.0,2111000000.0,0.092,0.13,0.342,0.329,262000000.0,2616000000.0,1.0,1252717295.0,1249000000,1290000000.0,8.839,12936000000.0,0.0,1065000000.0,1280000000.0,10.357,2646000000.0
66,AMGN,MRT,2004-12-31,2004-12-31,2004-12-31,2021-08-04,3000000.0,29221000000.0,27017850000.0,9170000000.0,20051000000.0,0.39,15.504,-1336000000.0,1526000000.0,1526000000.0,1731000000.0,2363000000.0,2.206,0.483,5110000000.0,1173000000.0,3937000000.0,5110000000.0,0.0,734000000.0,0.0,0.0,0.0,3433000000.0,4167000000.0,0.395,4167000000.0,3433000000.0,3395000000.0,1.86,1.81,1.86,19705000000.0,19623775000.0,19705000000.0,83597238128.0,24.0,20.062,2361000000.0,1.858,1.0,8819000000.0,0.836,14558000000.0,38000000.0,14090000000.0,10233150000.0,888000000.0,4282000000.0,4282000000.0,0.0,9516000000.0,4157000000.0,5359000000.0,81479238128.0,689000000.0,115000000.0,-4072000000.0,1989000000.0,0.0,-1609000000.0,-1399000000.0,-55000000.0,3697000000.0,0.0,2363000000.0,2363000000.0,2363000000.0,0.0,0.0,0.224,5471000000.0,3348000000.0,507000000.0,0.0,4.135,34.481,34.489,4712000000.0,0.0,64.15,7.723,7.728,1461000000.0,-2376000000.0,10550000000.0,10550000000.0,2028000000.0,0.087,0.12,0.335,0.325,248000000.0,2556000000.0,1.0,1270136214.0,1271000000,1320000000.0,8.301,14663000000.0,0.0,1032000000.0,1294000000.0,11.537,5013000000.0
67,AMGN,MRT,2004-09-30,2004-09-30,2004-09-30,2021-08-04,37000000.0,26811000000.0,26240850000.0,6775000000.0,20036000000.0,0.381,15.572,-1466000000.0,986000000.0,986000000.0,1644000000.0,2220000000.0,1.305,0.354,3104000000.0,2904000000.0,200000000.0,3104000000.0,0.0,718000000.0,0.0,0.0,0.0,3276000000.0,3994000000.0,0.4,3994000000.0,3276000000.0,3245000000.0,1.74,1.68,1.74,19808000000.0,19544775000.0,19808000000.0,73301209750.0,22.0,18.353,2319000000.0,1.823,1.0,8343000000.0,0.835,14715000000.0,31000000.0,9023000000.0,9658650000.0,716000000.0,2852000000.0,2852000000.0,0.0,7003000000.0,5191000000.0,1812000000.0,71922409750.0,-64000000.0,0.0,-3625000000.0,0.0,0.0,-3259000000.0,-590000000.0,1000000000.0,3785000000.0,0.0,2220000000.0,2220000000.0,2220000000.0,0.0,0.0,0.222,5159000000.0,3184000000.0,337000000.0,0.0,3.631,32.397,32.649,4549000000.0,0.0,56.81,7.202,7.236,1413000000.0,-2041000000.0,9987000000.0,9987000000.0,1913000000.0,0.085,0.114,0.339,0.328,157000000.0,2356000000.0,1.0,1266016718.0,1272000000,1320000000.0,7.851,12096000000.0,0.0,1025000000.0,1484000000.0,9.509,1584000000.0
68,AMGN,MRT,2004-06-30,2004-06-30,2004-06-30,2021-08-04,39800000.0,26060000000.0,26005300000.0,6836100000.0,19223900000.0,0.365,15.308,-1555000000.0,1716900000.0,1716900000.0,1537000000.0,2596000000.0,1.369,0.343,3095700000.0,2895700000.0,200000000.0,3095700000.0,0.0,700800000.0,0.0,0.0,0.0,3633000000.0,4333800000.0,0.457,4333800000.0,3633000000.0,3602000000.0,2.02,1.96,2.02,19410800000.0,19457100000.0,19410800000.0,71720125575.0,20.0,16.549,1805500000.0,1.424,1.0,7945000000.0,0.838,14039200000.0,31000000.0,8405200000.0,10385350000.0,725100000.0,2544900000.0,2544900000.0,0.0,6649200000.0,4994400000.0,1654800000.0,69394025575.0,646200000.0,0.0,-2551400000.0,-23000000.0,0.0,-2150200000.0,-564100000.0,1200500000.0,3360500000.0,0.0,2596000000.0,2596000000.0,2596000000.0,0.0,0.0,0.274,4398000000.0,3547000000.0,311900000.0,0.0,3.575,26.731,27.015,4351200000.0,0.0,54.57,7.319,7.297,1281200000.0,-884400000.0,9482000000.0,9482000000.0,1819000000.0,0.1,0.133,0.35,0.383,199100000.0,2243000000.0,1.0,1271651559.0,1268000000,1318000000.0,7.478,12020800000.0,0.0,1006000000.0,1454800000.0,9.48,1841700000.0
69,AMGN,MRT,2004-03-31,2004-03-31,2004-03-31,2021-08-04,75400000.0,25979400000.0,25835675000.0,6935400000.0,19044000000.0,0.346,15.302,-1474800000.0,761500000.0,761500000.0,1431100000.0,2455200000.0,1.452,0.327,3087600000.0,2887600000.0,200000000.0,3087600000.0,0.0,693200000.0,0.0,0.0,0.0,3464700000.0,4157900000.0,0.465,4157900000.0,3464700000.0,3433700000.0,1.9,1.84,1.9,19571300000.0,19340575000.0,19571300000.0,76678854956.0,22.0,18.442,1710400000.0,1.337,1.0,7507000000.0,0.84,14115000000.0,31000000.0,9414400000.0,11086500000.0,736700000.0,3747600000.0,3747600000.0,0.0,6408100000.0,4776100000.0,1632000000.0,74435954956.0,-1579500000.0,0.0,-2000400000.0,-23000000.0,0.0,-1505700000.0,-3259000000.0,-1464200000.0,3185200000.0,0.0,2455200000.0,2455200000.0,2455200000.0,0.0,0.0,0.275,4149900000.0,3357100000.0,311000000.0,0.0,3.803,30.318,30.605,4086300000.0,0.0,58.15,8.328,8.321,1195200000.0,-626500000.0,8938100000.0,8938100000.0,1744700000.0,0.095,0.127,0.313,0.388,239300000.0,2093200000.0,1.0,1280068013.0,1279000000,1332000000.0,6.988,11864400000.0,0.0,978500000.0,1432000000.0,9.276,2159300000.0
70,AMGN,MRT,2003-12-31,2003-12-31,2003-12-31,2021-08-04,61000000.0,26113000000.0,25523200000.0,7402000000.0,18711000000.0,0.327,15.054,-1357000000.0,837000000.0,837000000.0,1341000000.0,2259000000.0,3.014,0.347,3080000000.0,0.0,3080000000.0,3080000000.0,0.0,687000000.0,0.0,0.0,0.0,3204000000.0,3891000000.0,0.466,3891000000.0,3204000000.0,3173000000.0,1.75,1.69,1.75,19389000000.0,19073600000.0,19389000000.0,81728052356.0,26.0,21.004,2210000000.0,1.716,1.0,7015000000.0,0.84,14108000000.0,31000000.0,11792000000.0,11056450000.0,713000000.0,4286000000.0,4286000000.0,0.0,6724000000.0,2456000000.0,4268000000.0,79705952356.0,-1015000000.0,0.0,-1801000000.0,-123000000.0,0.0,-1372000000.0,-3210000000.0,-1610000000.0,3567000000.0,0.0,2259000000.0,2259000000.0,2259000000.0,0.0,0.0,0.27,3924000000.0,3091000000.0,327000000.0,0.0,4.111,35.284,35.309,3799000000.0,0.0,61.79,9.539,9.524,1008000000.0,-667000000.0,8356000000.0,8356000000.0,1655000000.0,0.089,0.118,0.29,0.383,269000000.0,1957000000.0,1.0,1289949059.0,1288000000,1346000000.0,6.488,12005000000.0,0.0,914000000.0,1146000000.0,9.321,4946000000.0
71,AMGN,MRT,2003-09-30,2003-09-30,2003-09-30,2021-08-04,65900000.0,25868800000.0,25109025000.0,7294000000.0,18574800000.0,0.31,15.095,-1188100000.0,1049700000.0,1049700000.0,1226500000.0,2168800000.0,4.711,0.33,3071800000.0,0.0,3071800000.0,3071800000.0,0.0,673900000.0,0.0,0.0,0.0,3084800000.0,3758700000.0,0.483,3758700000.0,3084800000.0,3072100000.0,1.78,1.74,1.78,19457300000.0,18797850000.0,19457300000.0,85297375409.0,28.0,22.693,2001200000.0,1.553,1.0,6549900000.0,0.842,14412800000.0,12700000.0,11929800000.0,10501700000.0,684800000.0,3975300000.0,3975300000.0,0.0,6411500000.0,1548300000.0,4863200000.0,83281175409.0,-108600000.0,-389900000.0,-1338000000.0,-122700000.0,0.0,-805500000.0,-2492400000.0,-1140000000.0,3189300000.0,0.0,2168800000.0,2168800000.0,2168800000.0,0.0,0.0,0.279,3555900000.0,2994000000.0,253400000.0,0.0,4.28,38.4,36.247,3456700000.0,0.0,64.52,10.709,10.695,1001400000.0,-635700000.0,7776400000.0,7776400000.0,1520400000.0,0.086,0.115,0.294,0.397,320400000.0,1828500000.0,1.0,1290780772.0,1289000000,1348000000.0,6.033,11456000000.0,0.0,903300000.0,1791400000.0,8.888,5745700000.0
72,AMGN,MRT,2003-06-30,2003-06-30,2003-06-30,2021-08-04,84100000.0,25381500000.0,24577100000.0,6969300000.0,18412200000.0,0.288,14.71,-1010400000.0,1070500000.0,1070500000.0,1112900000.0,-1044800000.0,4.13,0.34,3086700000.0,23000000.0,3063700000.0,3086700000.0,0.0,660800000.0,0.0,0.0,0.0,-215600000.0,445200000.0,0.063,445200000.0,-215600000.0,-239900000.0,-0.79,-0.82,-0.79,18944700000.0,18349725000.0,18944700000.0,85769249134.0,-398.0,192.653,1834500000.0,1.424,1.0,5954800000.0,0.843,14500600000.0,24300000.0,11209800000.0,9907325000.0,638700000.0,3914900000.0,3914900000.0,0.0,6436800000.0,1687300000.0,4749500000.0,85030749134.0,-1834100000.0,-1899000000.0,-1013600000.0,-99700000.0,0.0,-503100000.0,-4175900000.0,-1500900000.0,2844900000.0,0.0,-1044800000.0,-1044800000.0,-1044800000.0,0.0,0.0,-0.148,6279300000.0,-324500000.0,270000000.0,0.0,4.488,-81.385,-83.468,3152700000.0,0.0,65.94,12.031,12.016,960700000.0,-924600000.0,7067700000.0,7067700000.0,1425000000.0,-0.043,-0.057,-0.022,-0.031,310200000.0,1704400000.0,1.0,1289516972.0,1287900000,1347000000.0,5.488,10880900000.0,0.0,804900000.0,1685800000.0,8.449,5282000000.0
73,AMGN,MRT,2003-03-31,2003-03-31,2003-03-31,2021-08-04,44400000.0,24729500000.0,20516125000.0,6655900000.0,18073600000.0,0.306,14.338,-845200000.0,2340200000.0,2340200000.0,915700000.0,-1239600000.0,4.2,0.336,3078700000.0,23000000.0,3055700000.0,3078700000.0,0.0,556100000.0,0.0,0.0,0.0,-454000000.0,102100000.0,0.016,102100000.0,-454000000.0,-491000000.0,-0.86,-0.89,-0.86,18503400000.0,14833700000.0,18503400000.0,75692674912.0,-167.0,741.358,1697700000.0,1.316,1.0,5360000000.0,0.854,14589000000.0,37000000.0,9294200000.0,9151175000.0,582700000.0,2416800000.0,2416800000.0,0.0,6226100000.0,1584800000.0,4641300000.0,74373774912.0,-640600000.0,-1899000000.0,-1155300000.0,-99700000.0,0.0,-753000000.0,-2430500000.0,82100000.0,2542900000.0,0.0,-1239600000.0,-1239600000.0,-1239600000.0,0.0,0.0,-0.198,5938500000.0,-578500000.0,291800000.0,0.0,4.019,-59.998,-66.919,2954200000.0,0.0,57.55,11.851,11.834,845200000.0,-1082800000.0,6275700000.0,6275700000.0,1264900000.0,-0.06,-0.084,-0.05,-0.072,277500000.0,1583700000.0,1.0,1292333187.0,1290500000,1349900000.0,4.863,10140500000.0,0.0,748600000.0,1585600000.0,7.858,5071100000.0
74,AMGN,MRT,2002-12-31,2002-12-31,2002-12-31,2021-08-04,67200000.0,24456300000.0,16599975000.0,6403500000.0,18052800000.0,0.333,15.846,-659000000.0,1851700000.0,1851700000.0,736000000.0,-1392000000.0,4.187,0.337,3170600000.0,122900000.0,3047700000.0,3170600000.0,0.0,447000000.0,0.0,0.0,0.0,-641000000.0,-194000000.0,-0.035,-194000000.0,-641000000.0,-685000000.0,-1.21,-1.21,-1.21,18286000000.0,11445300000.0,18286000000.0,64220756953.0,-100.0,-331.035,1590000000.0,1.378,1.0,4787000000.0,0.867,14673000000.0,44000000.0,9573000000.0,8868200000.0,544900000.0,2812200000.0,2812200000.0,0.0,6170300000.0,1529200000.0,4641100000.0,62216756953.0,1163000000.0,-1899000000.0,-1420000000.0,2765000000.0,0.0,1778000000.0,-2864000000.0,-553000000.0,2249000000.0,0.0,-1392000000.0,-1392000000.0,-1392000000.0,0.0,0.0,-0.252,5572000000.0,-785000000.0,254600000.0,0.0,3.402,-44.696,-39.95,2813500000.0,0.0,48.34,11.265,10.1,752400000.0,-1125500000.0,5523000000.0,5523000000.0,1117000000.0,-0.084,-0.122,-0.072,-0.116,252000000.0,1449000000.0,1.0,1287065721.0,1154000000,1154000000.0,4.786,9783300000.0,0.0,707000000.0,1593400000.0,8.478,4874300000.0
75,AMGN,MRT,2002-09-30,2002-09-30,2002-09-30,2021-08-04,33800000.0,23741100000.0,12096675000.0,5824400000.0,17916700000.0,0.404,14.226,-533200000.0,1158700000.0,1158700000.0,614400000.0,-1685300000.0,3.959,0.344,3162700000.0,123000000.0,3039700000.0,3162700000.0,0.0,359300000.0,0.0,0.0,0.0,-1078400000.0,-719100000.0,-0.147,-719100000.0,-1078400000.0,-1113100000.0,-1.22,-1.25,-1.22,17664800000.0,8178100000.0,17664800000.0,53549673814.0,-50.0,-74.468,1421000000.0,1.144,1.0,4266800000.0,0.874,14721800000.0,34700000.0,9552300000.0,7710625000.0,526500000.0,2883500000.0,2883500000.0,0.0,6076300000.0,1471000000.0,4605300000.0,53299873814.0,874700000.0,-1509100000.0,-1555900000.0,2764700000.0,0.0,1555100000.0,-2634600000.0,-467700000.0,1954200000.0,0.0,-1685300000.0,-1685300000.0,-1685300000.0,0.0,0.0,-0.345,5499600000.0,-1232800000.0,197700000.0,0.0,3.017,-31.626,-34.18,2666200000.0,0.0,41.7,10.919,10.608,622200000.0,-1467500000.0,4881200000.0,4881200000.0,982200000.0,-0.139,-0.206,-0.14,-0.221,259600000.0,1287400000.0,1.0,1278174432.0,1241700000,1241700000.0,3.931,9019300000.0,0.0,572200000.0,1565600000.0,7.264,4353400000.0
76,AMGN,MRT,2002-06-30,2002-06-30,2002-06-30,2021-08-04,24500000.0,9137600000.0,7674825000.0,6333700000.0,2803900000.0,0.571,4.699,-433200000.0,2905000000.0,2905000000.0,490700000.0,1246200000.0,5.268,0.872,3154800000.0,100000000.0,3054800000.0,3154800000.0,0.0,267800000.0,0.0,0.0,0.0,1856600000.0,2124400000.0,0.484,2124400000.0,1856600000.0,1831200000.0,1.19,1.15,1.19,4880600000.0,5038950000.0,4880600000.0,43678478920.0,24.0,20.56,1503900000.0,1.448,1.0,3894300000.0,0.888,0.0,25400000.0,8185200000.0,6665100000.0,387200000.0,2152800000.0,2152800000.0,0.0,4257000000.0,1202200000.0,3054800000.0,43512878920.0,2622500000.0,0.0,-1875600000.0,2764700000.0,0.0,1174400000.0,-489000000.0,57500000.0,1937100000.0,0.0,1246200000.0,1246200000.0,1246200000.0,0.0,0.0,0.284,2203900000.0,1690400000.0,132400000.0,0.0,8.915,34.916,35.193,2013600000.0,0.0,41.88,9.923,9.919,553500000.0,1134100000.0,4385000000.0,4385000000.0,886500000.0,0.162,0.247,0.279,0.423,227500000.0,1114300000.0,1.0,1038989468.0,1038600000,1098800000.0,4.222,9137600000.0,0.0,585000000.0,0.0,8.798,5131500000.0
77,AMGN,MRT,2002-03-31,2002-03-31,2002-03-31,2021-08-04,31300000.0,9064900000.0,6884550000.0,6406000000.0,2658900000.0,0.599,4.743,-436900000.0,2981200000.0,2981200000.0,457200000.0,1155700000.0,5.997,0.831,3146800000.0,99900000.0,3046900000.0,3146800000.0,0.0,266700000.0,0.0,0.0,0.0,1735400000.0,2002100000.0,0.486,2002100000.0,1735400000.0,1719100000.0,1.1,1.07,1.1,4949800000.0,5073200000.0,4949800000.0,62166507103.0,36.0,31.051,1214800000.0,1.164,1.0,3665400000.0,0.889,0.0,16300000.0,8162300000.0,5939050000.0,371600000.0,2193300000.0,2193300000.0,0.0,4115100000.0,1068200000.0,3046900000.0,62532707103.0,2502300000.0,0.0,-1376900000.0,2764700000.0,0.0,1650100000.0,-799500000.0,-377700000.0,1651700000.0,0.0,1155700000.0,1155700000.0,1155700000.0,0.0,0.0,0.28,2085100000.0,1580300000.0,106100000.0,0.0,12.633,54.108,54.255,1967900000.0,0.0,59.68,15.168,15.107,525100000.0,1312400000.0,4122600000.0,4122600000.0,861700000.0,0.168,0.228,0.292,0.421,223700000.0,1020300000.0,1.0,1047800052.0,1043600000,1085600000.0,3.95,9064900000.0,0.0,563400000.0,0.0,8.686,5337800000.0
78,AMGN,MRT,2001-12-31,2001-12-31,2001-12-31,2021-08-04,56300000.0,6443100000.0,6041350000.0,3858600000.0,2584500000.0,0.665,4.99,-441800000.0,689100000.0,689100000.0,443000000.0,1119700000.0,3.847,0.235,322900000.0,99900000.0,223000000.0,322900000.0,0.0,265900000.0,0.0,0.0,0.0,1699900000.0,1965800000.0,0.49,1965800000.0,1699900000.0,1686300000.0,1.07,1.03,1.07,5217200000.0,4998250000.0,5217200000.0,59047652297.0,35.0,30.037,1038400000.0,0.993,1.0,3572700000.0,0.89,131300000.0,13600000.0,4942700000.0,5077550000.0,355600000.0,1973100000.0,1973100000.0,0.0,1225900000.0,1002900000.0,223000000.0,59008652297.0,462600000.0,0.0,-737500000.0,0.0,0.0,-478000000.0,-539600000.0,-126200000.0,1480200000.0,0.0,1119700000.0,1119700000.0,1119700000.0,0.0,0.0,0.279,2038800000.0,1533900000.0,136700000.0,0.0,11.31,52.7,52.748,1946100000.0,0.0,56.44,14.694,14.694,497200000.0,1686800000.0,4015700000.0,4015700000.0,865000000.0,0.185,0.224,0.335,0.423,244500000.0,970700000.0,1.0,1045511203.0,1045500000,1084400000.0,3.841,6311800000.0,0.0,566600000.0,0.0,6.037,2855700000.0
79,AMGN,MRT,2001-09-30,2001-09-30,2001-09-30,2021-08-04,36300000.0,6053700000.0,5780475000.0,3482300000.0,2571400000.0,0.665,4.873,-430200000.0,284000000.0,284000000.0,402000000.0,1167500000.0,4.82,0.185,323000000.0,100000000.0,223000000.0,323000000.0,0.0,245200000.0,0.0,0.0,0.0,1779500000.0,2024700000.0,0.527,2024700000.0,1779500000.0,1765100000.0,1.12,1.07,1.12,5108200000.0,4772575000.0,5108200000.0,61580849301.0,35.0,30.415,896200000.0,0.855,1.0,3440800000.0,0.895,0.0,14400000.0,5370200000.0,5000300000.0,384400000.0,2145200000.0,2145200000.0,0.0,945500000.0,722500000.0,223000000.0,61540449301.0,124200000.0,0.0,-642400000.0,0.0,0.0,-407800000.0,-794400000.0,-378900000.0,1326400000.0,0.0,1167500000.0,1167500000.0,1167500000.0,0.0,0.0,0.304,1830700000.0,1610100000.0,70300000.0,0.0,12.047,52.711,52.473,1909200000.0,0.0,58.77,16.014,16.032,481500000.0,1773700000.0,3842800000.0,3842800000.0,881900000.0,0.202,0.245,0.356,0.463,238600000.0,893700000.0,1.0,1047140536.0,1048300000,1084600000.0,3.666,6053700000.0,0.0,597600000.0,0.0,5.775,2759800000.0
80,AMGN,MRT,2001-06-30,2001-06-30,2001-06-30,2021-08-04,58700000.0,5976500000.0,5491500000.0,3431900000.0,2544600000.0,0.69,4.802,-450200000.0,282500000.0,282500000.0,408800000.0,1196500000.0,4.664,0.191,322900000.0,99900000.0,223000000.0,322900000.0,0.0,233500000.0,0.0,0.0,0.0,1812900000.0,2046400000.0,0.54,2046400000.0,1812900000.0,1796700000.0,1.16,1.1,1.16,5017600000.0,4483450000.0,5017600000.0,63142436847.0,35.0,30.855,1034600000.0,0.99,1.0,3380400000.0,0.892,0.0,16200000.0,5281000000.0,4742025000.0,390100000.0,2187300000.0,2187300000.0,0.0,958900000.0,735900000.0,223000000.0,63299136847.0,146300000.0,0.0,-482700000.0,0.0,0.0,-221600000.0,-1116900000.0,-657500000.0,1484800000.0,0.0,1196500000.0,1196500000.0,1196500000.0,0.0,0.0,0.316,1723900000.0,1656500000.0,97500000.0,0.0,12.615,52.904,52.31,1861900000.0,0.0,60.68,16.705,16.731,377500000.0,1763500000.0,3789200000.0,3789200000.0,867900000.0,0.218,0.267,0.382,0.478,336100000.0,874800000.0,1.0,1043163099.0,1044800000,1085100000.0,3.627,5976500000.0,0.0,600200000.0,0.0,5.72,2696000000.0
81,AMGN,MRT,2001-03-31,2001-03-31,2001-03-31,2021-08-04,22300000.0,5692100000.0,5133175000.0,3263900000.0,2428200000.0,0.724,4.466,-432100000.0,478900000.0,478900000.0,412100000.0,1177200000.0,3.985,0.224,322200000.0,99200000.0,223000000.0,322200000.0,0.0,220900000.0,0.0,0.0,0.0,1766900000.0,1987800000.0,0.535,1987800000.0,1766900000.0,1750900000.0,1.14,1.08,1.14,4650000000.0,4100125000.0,4650000000.0,62786351695.0,36.0,31.586,1155800000.0,1.11,1.0,3304800000.0,0.889,0.0,16000000.0,4716300000.0,4395225000.0,352200000.0,1813500000.0,1813500000.0,0.0,1042100000.0,819100000.0,223000000.0,62690151695.0,353100000.0,0.0,-650700000.0,0.0,0.0,-405000000.0,-829800000.0,-408000000.0,1587900000.0,0.0,1177200000.0,1177200000.0,1177200000.0,0.0,0.0,0.317,1696500000.0,1608300000.0,96900000.0,0.0,13.482,53.254,52.798,1810900000.0,0.0,60.19,16.866,16.859,431700000.0,1533600000.0,3716900000.0,3716900000.0,861900000.0,0.229,0.287,0.402,0.475,380800000.0,853400000.0,1.0,1041537659.0,1041100000,1086200000.0,3.57,5692100000.0,0.0,573700000.0,0.0,5.467,2444800000.0
82,AMGN,MRT,2000-12-31,2000-12-31,2000-12-31,2021-08-04,62600000.0,5399600000.0,4776325000.0,2937100000.0,2462500000.0,0.76,4.19,-437700000.0,226500000.0,226500000.0,408400000.0,1138500000.0,3.407,0.252,322700000.0,99700000.0,223000000.0,322700000.0,0.0,211800000.0,0.0,0.0,0.0,1690200000.0,1902000000.0,0.524,1902000000.0,1690200000.0,1674300000.0,1.11,1.05,1.11,4314500000.0,3765375000.0,4314500000.0,66211280781.0,39.0,34.811,1196900000.0,1.162,1.0,3221000000.0,0.887,0.0,15900000.0,4633700000.0,4148900000.0,305200000.0,1801600000.0,1801600000.0,0.0,1085100000.0,862100000.0,223000000.0,66048880781.0,95600000.0,0.0,-799900000.0,0.0,0.0,-502700000.0,-1036300000.0,-570900000.0,1634600000.0,0.0,1138500000.0,1138500000.0,1138500000.0,0.0,0.0,0.314,1653100000.0,1567900000.0,143200000.0,0.0,15.309,58.014,57.604,1781500000.0,0.0,63.94,18.198,18.139,389200000.0,1304600000.0,3629400000.0,3629400000.0,845000000.0,0.238,0.302,0.407,0.466,376600000.0,826900000.0,1.0,1032982183.0,1029600000,1084700000.0,3.525,5399600000.0,0.0,535800000.0,0.0,5.244,2075000000.0
83,AMGN,MRT,2000-09-30,2000-09-30,2000-09-30,2021-08-04,60200000.0,4897800000.0,4445825000.0,2622000000.0,2275800000.0,0.811,3.829,-410900000.0,159800000.0,159800000.0,408900000.0,1209300000.0,3.626,0.239,322200000.0,99200000.0,223000000.0,322200000.0,0.0,204500000.0,0.0,0.0,0.0,1756100000.0,1960600000.0,0.544,1960600000.0,1756100000.0,1739600000.0,1.17,1.12,1.17,3951700000.0,3442625000.0,3951700000.0,71990394386.0,41.0,36.719,1084500000.0,1.051,1.0,3196000000.0,0.887,0.0,16500000.0,4337100000.0,3850000000.0,293600000.0,2117300000.0,1706900000.0,410400000.0,946100000.0,723100000.0,223000000.0,71803894386.0,-28500000.0,0.0,-997000000.0,0.0,0.0,-726700000.0,-797200000.0,-364200000.0,1495400000.0,0.0,1209300000.0,1209300000.0,1209300000.0,0.0,0.0,0.335,1545900000.0,1650100000.0,121600000.0,0.0,18.17,59.376,59.684,1715300000.0,0.0,69.83,19.918,19.993,303300000.0,1248600000.0,3604900000.0,3604900000.0,837800000.0,0.272,0.351,0.456,0.487,345700000.0,782000000.0,1.0,1028267140.0,1032100000,1085600000.0,3.493,4897800000.0,0.0,530300000.0,0.0,4.745,1898900000.0
84,AMGN,MRT,2000-06-30,2000-06-30,2000-06-30,2021-08-04,25500000.0,4543200000.0,4230575000.0,2382600000.0,2160600000.0,0.828,3.391,-345900000.0,136200000.0,136200000.0,398300000.0,1150400000.0,2.85,0.304,322700000.0,99700000.0,223000000.0,322700000.0,0.0,191400000.0,0.0,0.0,0.0,1679800000.0,1871200000.0,0.534,1871200000.0,1679800000.0,1662500000.0,1.11,1.07,1.11,3484300000.0,3203575000.0,3484300000.0,72327544449.0,43.0,38.653,1133400000.0,1.103,1.0,3104300000.0,0.886,0.0,17300000.0,3893800000.0,3603950000.0,272600000.0,1844200000.0,1484900000.0,359300000.0,1058900000.0,835900000.0,223000000.0,72130544449.0,-63400000.0,0.0,-1039100000.0,6000000.0,0.0,-856400000.0,-686300000.0,-320700000.0,1479300000.0,0.0,1150400000.0,1150400000.0,1150400000.0,0.0,0.0,0.328,1523300000.0,1581000000.0,120100000.0,0.0,20.702,62.7,63.288,1638500000.0,0.0,70.25,20.593,20.608,312300000.0,1049700000.0,3502600000.0,3502600000.0,833300000.0,0.272,0.359,0.466,0.48,312800000.0,739000000.0,1.0,1026769316.0,1027500000,1083300000.0,3.409,4543200000.0,0.0,512100000.0,0.0,4.422,1546700000.0
85,AMGN,MRT,2000-03-31,2000-03-31,2000-03-31,2021-08-04,37100000.0,4264700000.0,4067175000.0,2153600000.0,2111100000.0,0.838,3.236,-320400000.0,125800000.0,125800000.0,395400000.0,1115400000.0,2.947,0.288,322800000.0,99800000.0,223000000.0,322800000.0,0.0,183200000.0,0.0,0.0,0.0,1622400000.0,1805600000.0,0.53,1805600000.0,1622400000.0,1605200000.0,1.08,1.04,1.08,3311000000.0,3028850000.0,3311000000.0,63016741462.0,39.0,34.901,1067900000.0,1.044,1.0,3013300000.0,0.884,0.0,17200000.0,3731000000.0,3413400000.0,237600000.0,1713800000.0,1353800000.0,360000000.0,953700000.0,730700000.0,223000000.0,62825141462.0,11700000.0,0.0,-1047300000.0,6000000.0,0.0,-864500000.0,-512100000.0,-166200000.0,1388300000.0,0.0,1115400000.0,1115400000.0,1115400000.0,0.0,0.0,0.327,1466700000.0,1546600000.0,108700000.0,0.0,18.975,56.325,56.833,1595300000.0,0.0,61.38,18.431,18.423,259100000.0,1007100000.0,3408700000.0,3408700000.0,824600000.0,0.274,0.368,0.475,0.476,219400000.0,691100000.0,1.0,1023544175.0,1023100000,1085700000.0,3.332,4264700000.0,0.0,489800000.0,0.0,4.168,1422900000.0
86,AMGN,MRT,1999-12-31,1999-12-31,1999-12-31,2021-08-04,-14800000.0,4077600000.0,3955575000.0,2065300000.0,2012300000.0,0.844,2.959,-304200000.0,130900000.0,130900000.0,402100000.0,1096400000.0,2.485,0.349,322500000.0,99500000.0,223000000.0,322500000.0,0.0,176800000.0,0.0,0.0,0.0,1581400000.0,1758200000.0,0.526,1758200000.0,1581400000.0,1566200000.0,1.07,1.02,1.07,3023500000.0,2886950000.0,3023500000.0,61486628498.0,39.0,34.971,922700000.0,0.903,1.0,2938000000.0,0.88,0.0,15200000.0,3438100000.0,3274450000.0,184300000.0,1202100000.0,1202100000.0,0.0,1054100000.0,831100000.0,223000000.0,61352228498.0,-70200000.0,0.0,-1024700000.0,0.0,0.0,-833600000.0,-463500000.0,-149200000.0,1226900000.0,0.0,1096400000.0,1096400000.0,1096400000.0,0.0,0.0,0.328,1428100000.0,1509900000.0,83400000.0,0.0,20.292,55.958,56.131,1553600000.0,0.0,60.06,18.368,18.372,412200000.0,966000000.0,3340100000.0,3340100000.0,822800000.0,0.277,0.38,0.483,0.473,151600000.0,654300000.0,1.0,1021515626.0,1021700000,1078300000.0,3.269,4077600000.0,0.0,469800000.0,0.0,3.991,1234200000.0
87,AMGN,MRT,1999-09-30,1999-09-30,1999-09-30,2021-08-04,-24800000.0,4036800000.0,3854225000.0,2126400000.0,1910400000.0,0.822,2.932,-299100000.0,188300000.0,188300000.0,385200000.0,1053400000.0,2.599,0.348,322700000.0,99700000.0,223000000.0,322700000.0,0.0,164200000.0,0.0,0.0,0.0,1518300000.0,1682500000.0,0.531,1682500000.0,1518300000.0,1506600000.0,1.03,0.99,1.03,2995500000.0,2771625000.0,2995500000.0,41684609518.0,27.0,24.775,1092200000.0,1.069,1.0,2783000000.0,0.878,0.0,11700000.0,3352900000.0,3143125000.0,146900000.0,1462800000.0,1335700000.0,127100000.0,1041300000.0,818300000.0,223000000.0,41561409518.0,84200000.0,0.0,-1115400000.0,30100000.0,0.0,-669000000.0,-638100000.0,-334800000.0,1391300000.0,0.0,1053400000.0,1053400000.0,1053400000.0,0.0,0.0,0.332,1297000000.0,1486000000.0,100800000.0,0.0,13.875,39.455,39.563,1508900000.0,0.0,40.75,13.118,13.139,300400000.0,1036300000.0,3168200000.0,3168200000.0,772900000.0,0.273,0.38,0.483,0.479,218600000.0,596100000.0,1.0,1019911890.0,1021500000,1078800000.0,3.102,4036800000.0,0.0,453200000.0,0.0,3.952,1308100000.0
88,AMGN,MRT,1999-06-30,1999-06-30,1999-06-30,2021-08-04,-23400000.0,3889600000.0,3706025000.0,2010800000.0,1878800000.0,0.815,2.728,-318800000.0,199600000.0,199600000.0,373500000.0,974400000.0,2.282,0.396,322800000.0,99800000.0,223000000.0,322800000.0,0.0,160300000.0,0.0,0.0,0.0,1385900000.0,1546200000.0,0.512,1546200000.0,1385900000.0,1375900000.0,0.96,0.92,0.96,2785400000.0,2609250000.0,2785400000.0,31379180465.0,23.0,20.294,894200000.0,0.876,1.0,2648400000.0,0.876,0.0,10000000.0,3131600000.0,3003275000.0,121800000.0,1293300000.0,1168700000.0,124600000.0,1104200000.0,881200000.0,223000000.0,31170380465.0,41600000.0,0.0,-1017600000.0,19200000.0,0.0,-543900000.0,-627500000.0,-313800000.0,1213000000.0,0.0,974400000.0,974400000.0,974400000.0,0.0,0.0,0.322,1287900000.0,1360500000.0,144000000.0,0.0,11.191,31.989,31.708,1484000000.0,0.0,30.44,10.315,10.286,363600000.0,938300000.0,3021900000.0,3021900000.0,740500000.0,0.263,0.373,0.461,0.459,108200000.0,570400000.0,1.0,1023994102.0,1021100000,1073800000.0,2.959,3889600000.0,0.0,401500000.0,0.0,3.809,1129600000.0
89,AMGN,MRT,1999-03-31,1999-03-31,1999-03-31,2021-08-04,-16500000.0,3818300000.0,3555325000.0,1973000000.0,1845300000.0,0.804,2.68,-356700000.0,114100000.0,114100000.0,358600000.0,923100000.0,2.316,0.392,322900000.0,99900000.0,223000000.0,322900000.0,0.0,152100000.0,0.0,0.0,0.0,1312500000.0,1464600000.0,0.512,1464600000.0,1312500000.0,1302500000.0,0.915,0.875,0.915,2743400000.0,2462025000.0,2743400000.0,38473917418.0,29.0,26.269,700900000.0,0.685,1.0,2499700000.0,0.875,0.0,10000000.0,3175200000.0,2869125000.0,117200000.0,1331200000.0,1203900000.0,127300000.0,1074900000.0,851900000.0,223000000.0,38346317418.0,9500000.0,400000.0,-811200000.0,93700000.0,0.0,-289900000.0,-758200000.0,-427400000.0,1057600000.0,0.0,923100000.0,923100000.0,923100000.0,0.0,0.0,0.323,1211000000.0,1288700000.0,95100000.0,0.0,13.978,41.541,40.918,1482100000.0,0.0,37.44,13.416,13.407,369600000.0,938900000.0,2858300000.0,2858300000.0,698800000.0,0.26,0.375,0.457,0.459,108200000.0,535200000.0,1.0,1024207196.0,1023500000,1080900000.0,2.793,3818300000.0,0.0,379400000.0,0.0,3.731,1121100000.0
90,AMGN,MRT,1998-12-31,1998-12-31,1998-12-31,2021-08-04,-4000000.0,3672200000.0,3371125000.0,1863300000.0,1808900000.0,0.806,2.511,-407800000.0,201100000.0,201100000.0,345200000.0,863200000.0,2.101,0.433,328700000.0,105700000.0,223000000.0,328700000.0,0.0,143800000.0,0.0,0.0,0.0,1234400000.0,1378200000.0,0.507,1378200000.0,1234400000.0,1224400000.0,0.85,0.82,0.85,2562200000.0,2283650000.0,2562200000.0,26821002955.0,22.0,19.461,741900000.0,0.727,1.0,2373000000.0,0.873,0.0,10000000.0,2912800000.0,2678075000.0,110800000.0,1195800000.0,1074900000.0,120900000.0,1110000000.0,887000000.0,223000000.0,26596502955.0,-38000000.0,0.0,-912100000.0,99700000.0,0.0,-514000000.0,-673700000.0,-280000000.0,1149700000.0,0.0,863200000.0,863200000.0,863200000.0,0.0,0.0,0.318,1155700000.0,1217300000.0,121600000.0,0.0,10.38,30.812,30.735,1450200000.0,0.0,26.125,9.785,9.805,319900000.0,894300000.0,2718200000.0,2718200000.0,663300000.0,0.256,0.378,0.461,0.454,108200000.0,515400000.0,1.0,1018047960.0,1020200000,1057300000.0,2.664,3672200000.0,0.0,361200000.0,0.0,3.599,976300000.0
91,AMGN,MRT,1998-09-30,1998-09-30,1998-09-30,2021-08-04,0.0,3444000000.0,3230625000.0,1696400000.0,1747600000.0,0.795,2.299,-415800000.0,104100000.0,104100000.0,327800000.0,804300000.0,1.939,0.468,328600000.0,105600000.0,223000000.0,328600000.0,0.0,129600000.0,0.0,0.0,0.0,1154700000.0,1284300000.0,0.5,1284300000.0,1154700000.0,1143100000.0,0.792,0.76,0.792,2346000000.0,2177925000.0,2346000000.0,19362242557.0,17.0,15.076,574300000.0,0.563,1.0,2242100000.0,0.872,0.0,11600000.0,2793500000.0,2546925000.0,109100000.0,1139200000.0,1020800000.0,118400000.0,1098000000.0,875000000.0,223000000.0,19186742557.0,-135800000.0,0.0,-881700000.0,169600000.0,0.0,-551600000.0,-574300000.0,-143700000.0,990100000.0,0.0,804300000.0,804300000.0,804300000.0,0.0,0.0,0.313,1131700000.0,1110400000.0,87300000.0,0.0,8.178,23.855,23.851,1398000000.0,0.0,18.89,7.466,7.5,296300000.0,874900000.0,2569900000.0,2569900000.0,636000000.0,0.249,0.369,0.453,0.449,0.0,495700000.0,1.0,1015708976.0,1020400000,1059900000.0,2.519,3444000000.0,0.0,338800000.0,0.0,3.375,821400000.0
92,AMGN,MRT,1998-06-30,1998-06-30,1998-06-30,2021-08-04,0.0,3286800000.0,,1567500000.0,1719300000.0,,2.162,-428800000.0,158000000.0,158000000.0,314900000.0,667100000.0,1.807,0.496,333500000.0,110500000.0,223000000.0,333500000.0,0.0,124700000.0,0.0,0.0,0.0,917800000.0,1042500000.0,0.423,1042500000.0,917800000.0,909300000.0,0.652,0.628,0.652,2196500000.0,,2196500000.0,16765514906.0,18.0,16.082,506000000.0,0.498,1.0,2152400000.0,0.872,0.0,8500000.0,2595000000.0,,113300000.0,980400000.0,863300000.0,117100000.0,1090300000.0,867300000.0,223000000.0,16611114906.0,-173000000.0,0.0,-951200000.0,134500000.0,0.0,-681000000.0,-426800000.0,33800000.0,934800000.0,0.0,667100000.0,667100000.0,667100000.0,0.0,0.0,0.27,1280500000.0,871900000.0,85000000.0,0.0,7.563,24.9,25.069,1349500000.0,0.0,16.345,6.733,6.729,291200000.0,889800000.0,2467300000.0,2467300000.0,642600000.0,,,,0.372,0.0,480900000.0,1.0,1016281120.0,1015800000,1050000000.0,2.429,3286800000.0,0.0,242200000.0,0.0,3.236,700200000.0
93,AMGN,MRT,1998-03-31,1998-03-31,1998-03-31,2021-08-04,0.0,3081500000.0,,1411700000.0,1669800000.0,,1.98,-412700000.0,104600000.0,104600000.0,307800000.0,651300000.0,1.711,0.518,259000000.0,36000000.0,223000000.0,259000000.0,0.0,116800000.0,0.0,0.0,0.0,884200000.0,1001000000.0,0.412,1001000000.0,884200000.0,878600000.0,0.627,0.603,0.627,2029900000.0,,2029900000.0,15590246319.0,18.0,15.575,550900000.0,0.537,1.0,2123100000.0,0.873,0.0,5600000.0,2411000000.0,,118100000.0,895100000.0,775500000.0,119600000.0,1051600000.0,824900000.0,226700000.0,15570346319.0,-160200000.0,-400000.0,-963900000.0,160000000.0,0.0,-670300000.0,-453500000.0,6800000.0,963600000.0,0.0,651300000.0,651300000.0,651300000.0,0.0,0.0,0.268,1277000000.0,846100000.0,114800000.0,0.0,7.67,23.907,24.274,1277500000.0,0.0,15.22,6.405,6.418,289200000.0,789000000.0,2430900000.0,2430900000.0,635600000.0,,,,0.364,0.0,484400000.0,1.0,1023018812.0,1025000000,1056200000.0,2.372,3081500000.0,0.0,227300000.0,0.0,3.006,586800000.0
94,AMGN,MRT,1997-12-31,1997-12-31,1997-12-31,2021-08-04,-22100000.0,3110200000.0,2937900000.0,1543500000.0,1566700000.0,0.817,2.025,-387800000.0,239100000.0,239100000.0,300800000.0,644300000.0,2.08,0.454,259000000.0,30000000.0,229000000.0,259000000.0,0.0,117100000.0,0.0,0.0,0.0,865100000.0,982200000.0,0.409,982200000.0,865100000.0,861400000.0,0.61,0.59,0.61,2139300000.0,2022800000.0,2139300000.0,,,,515100000.0,0.488,1.0,2100200000.0,0.875,0.0,3700000.0,2388200000.0,2259400000.0,109200000.0,904300000.0,787400000.0,116900000.0,970900000.0,741900000.0,229000000.0,13844002073.0,69800000.0,0.0,-737900000.0,81800000.0,0.0,-530900000.0,-302200000.0,123900000.0,902900000.0,0.0,644300000.0,644300000.0,644300000.0,0.0,0.0,0.268,1271600000.0,828600000.0,103900000.0,0.0,6.471,21.487,22.184,1186200000.0,0.0,13.533,5.766,5.955,269000000.0,943200000.0,2401000000.0,2401000000.0,630800000.0,0.219,0.319,0.383,0.36,0.0,483800000.0,1.0,1023018812.0,1056500000,1098500000.0,2.273,3110200000.0,0.0,217100000.0,0.0,2.944,801600000.0
95,AMGN,MRT,1997-09-30,1997-09-30,1997-09-30,2021-08-04,,,,,,,,,,,,,,,,,,,,,,0.0,0.0,,,,,,,,,,,,,,,,,,1.0,,,,,,,,,,,,,,,,,,,,,,,,,,,,,,,,,,,,,,,,12.0,,,,,,,,,,,,,,1.0,,1058800000,,,,,,,,
96,AMGN,MRT,1997-06-30,1997-06-30,1997-06-30,2021-08-04,,,,,,,,,,,,,,,,,,,,,,0.0,0.0,,,,,,,,,,,,,,,,,,1.0,,,,,,,,,,,,,,,,,,,,,,,,,,,,,,,,,,,,,,,,14.533,,,,,,,,,,,,,,1.0,,1061200000,,,,,,,,
97,AMGN,MRT,1997-03-31,1997-03-31,1997-03-31,2021-08-04,,,,,,,,,,,,,,,,,,,,,,0.0,0.0,,,,,,,,,,,,,,,,,,1.0,,,,,,,,,,,,,,,,,,,,,,,,,,,,,,,,,,,,,,,,13.97,,,,,,,,,,,,,,1.0,,1060800000,,,,,,,,
98,AMGN,MRT,1996-12-31,1996-12-31,1996-12-31,2021-08-04,0.0,2765600000.0,,1502600000.0,1263000000.0,,1.799,-266900000.0,169300000.0,169300000.0,283200000.0,679800000.0,2.337,0.451,177200000.0,118200000.0,59000000.0,177200000.0,0.0,100300000.0,0.0,0.0,0.0,968500000.0,1068800000.0,0.477,1068800000.0,968500000.0,962300000.0,0.64,0.605,0.64,1906300000.0,,1906300000.0,,,,555700000.0,0.525,1.0,1956600000.0,0.874,0.0,6200000.0,2130600000.0,,97400000.0,1017300000.0,907700000.0,109600000.0,859300000.0,642900000.0,216400000.0,,102600000.0,-14600000.0,-337400000.0,-69700000.0,0.0,-409800000.0,-310200000.0,75900000.0,822600000.0,0.0,679800000.0,679800000.0,679800000.0,0.0,0.0,0.304,998900000.0,957700000.0,75000000.0,0.0,,,21.242,910500000.0,0.0,13.595,,6.43,225400000.0,879400000.0,2239800000.0,2239800000.0,528300000.0,,,,0.432,0.0,470600000.0,1.0,,1059400000,1122800000.0,2.114,2765600000.0,0.0,282500000.0,0.0,2.611,859700000.0
99,AMGN,MRT,1995-12-31,1995-12-31,1995-12-31,2021-08-04,,,,,,,,-162700000.0,,,272900000.0,537700000.0,,,,,,,,84300000.0,,0.0,0.0,809700000.0,894000000.0,0.461,894000000.0,809700000.0,794400000.0,0.507,0.48,0.507,,,,,,,610500000.0,0.576,1.0,1667000000.0,0.859,,15300000.0,,,,,,,,,,,-144600000.0,-19500000.0,-183000000.0,-36200000.0,0.0,-223700000.0,-694100000.0,-498200000.0,773200000.0,0.0,537700000.0,537700000.0,537700000.0,0.0,0.0,0.277,870100000.0,796900000.0,,0.0,,,29.28,,0.0,14.845,,8.112,,,1939900000.0,1939900000.0,451700000.0,,,,0.417,0.0,418400000.0,1.0,,1060000000,1122800000.0,1.83,,,256700000.0,,,
