None,ticker,dimension,calendardate,datekey,reportperiod,lastupdated,accoci,assets,assetsavg,assetsc,assetsnc,assetturnover,bvps,capex,cashneq,cashnequsd,cor,consolinc,currentratio,de,debt,debtc,debtnc,debtusd,deferredrev,depamor,deposits,divyield,dps,ebit,ebitda,ebitdamargin,ebitdausd,ebitusd,ebt,eps,epsdil,epsusd,equity,equityavg,equityusd,ev,evebit,evebitda,fcf,fcfps,fxusd,gp,grossmargin,intangibles,intexp,invcap,invcapavg,inventory,investments,investmentsc,investmentsnc,liabilities,liabilitiesc,liabilitiesnc,marketcap,ncf,ncfbus,ncfcommon,ncfdebt,ncfdiv,ncff,ncfi,ncfinv,ncfo,ncfx,netinc,netinccmn,netinccmnusd,netincdis,netincnci,netmargin,opex,opinc,payables,payoutratio,pb,pe,pe1,ppnenet,prefdivis,price,ps,ps1,receivables,retearn,revenue,revenueusd,rnd,roa,roe,roic,ros,sbcomp,sgna,sharefactor,sharesbas,shareswa,shareswadil,sps,tangibles,taxassets,taxexp,taxliabilities,tbvps,workingcapital
0,CBE,MRY,2011-12-31,2011-12-31,2011-12-31,2019-04-18,-215900000.0,6447600000.0,6530625000.0,2291400000.0,4156200000.0,0.828,22.365,-108900000.0,676600000.0,676600000.0,3612500000.0,827600000.0,1.571,0.823,1427600000.0,331400000.0,1096200000.0,1427600000.0,0.0,132300000.0,0.0,0.0,0.0,1010700000.0,1143000000.0,0.211,1143000000.0,1010700000.0,947500000.0,5.08,5.02,5.08,3536000000.0,3570850000.0,3536000000.0,9558383283.0,9.0,8.363,452400000.0,2.861,1.0,1796900000.0,0.332,2893900000.0,63200000.0,2846100000.0,3232725000.0,466300000.0,521900000.0,0.0,521900000.0,2911600000.0,1458600000.0,1453000000.0,8561183283.0,-358700000.0,-304700000.0,-324800000.0,-6100000.0,-187700000.0,-502300000.0,-413600000.0,0.0,561300000.0,-4100000.0,827600000.0,827600000.0,827600000.0,-190300000.0,0.0,0.153,1043300000.0,753600000.0,502600000.0,0.0,2.421,10.345,10.659,625400000.0,0.0,54.15,1.583,1.583,878800000.0,4421800000.0,5409400000.0,5409400000.0,0.0,0.127,0.232,0.313,0.187,-16300000.0,1039300000.0,1.0,158101261.0,158101261.0,,34.215,3553700000.0,0.0,119900000.0,0.0,22.477,832800000.0
1,CBE,MRY,2010-12-31,2010-12-31,2010-12-31,2019-04-18,-165700000.0,6668600000.0,6172425000.0,2490600000.0,4178000000.0,0.821,19.705,-93900000.0,1035300000.0,1035300000.0,3380600000.0,443800000.0,2.427,1.08,1428700000.0,8300000.0,1420400000.0,1428700000.0,0.0,140100000.0,0.0,0.0,0.0,579500000.0,719600000.0,0.142,719600000.0,579500000.0,530100000.0,2.67,2.64,2.67,3206100000.0,3067125000.0,3206100000.0,10085725985.0,17.0,14.016,606600000.0,3.728,1.0,1685300000.0,0.333,2690100000.0,49400000.0,3345500000.0,3008350000.0,438900000.0,511300000.0,0.0,511300000.0,3462500000.0,1026400000.0,2436100000.0,9483925985.0,653700000.0,-93200000.0,-194700000.0,490000000.0,-177400000.0,131400000.0,-187100000.0,0.0,700500000.0,8900000.0,443800000.0,443800000.0,443800000.0,0.0,0.0,0.088,994100000.0,691200000.0,462600000.0,0.0,2.958,21.37,21.831,608300000.0,0.0,58.29,1.872,1.872,795900000.0,3658700000.0,5065900000.0,5065900000.0,0.0,0.072,0.145,0.193,0.114,-13800000.0,986100000.0,1.0,162702453.0,162702453.0,,31.136,3978500000.0,0.0,86300000.0,0.0,24.453,1464200000.0
2,CBE,MRY,2009-12-31,2009-12-31,2009-12-31,2019-04-18,-280000000.0,5984400000.0,6096475000.0,1726000000.0,4258400000.0,0.832,17.762,-119300000.0,381600000.0,381600000.0,3483800000.0,439100000.0,2.0,1.02,934400000.0,11700000.0,922700000.0,934400000.0,0.0,145600000.0,0.0,0.0,0.0,569600000.0,715200000.0,0.141,715200000.0,569600000.0,508200000.0,2.62,2.61,2.62,2963300000.0,2809350000.0,2963300000.0,7664559982.0,13.0,10.717,632600000.0,3.792,1.0,1585800000.0,0.313,2645100000.0,61400000.0,3028900000.0,2977575000.0,423900000.0,0.0,0.0,0.0,3021100000.0,863200000.0,2157900000.0,7113659982.0,122800000.0,-61400000.0,-18400000.0,-301400000.0,-167400000.0,-484500000.0,-157800000.0,22900000.0,751900000.0,13200000.0,439100000.0,439100000.0,439100000.0,-25500000.0,0.0,0.087,1041700000.0,544100000.0,347500000.0,0.0,2.401,16.201,16.275,639000000.0,0.0,42.64,1.403,1.403,697700000.0,3254100000.0,5069600000.0,5069600000.0,0.0,0.072,0.156,0.191,0.112,-2700000.0,1011800000.0,1.0,166830675.0,166830675.0,,30.388,3339300000.0,0.0,69100000.0,0.0,20.016,862800000.0
3,CBE,MRY,2008-12-31,2008-12-31,2008-12-31,2019-04-18,-329700000.0,6164900000.0,6322325000.0,2197900000.0,3967000000.0,1.031,15.044,-135200000.0,258800000.0,258800000.0,4396700000.0,632200000.0,1.503,1.364,1233100000.0,300600000.0,932500000.0,1233100000.0,0.0,143100000.0,0.0,0.0,0.0,894200000.0,1037300000.0,0.159,1037300000.0,894200000.0,823800000.0,3.64,3.6,3.64,2607400000.0,2786075000.0,2607400000.0,6045663514.0,7.0,5.828,761200000.0,4.392,1.0,2124600000.0,0.326,2567300000.0,70400000.0,3109700000.0,3331275000.0,641800000.0,21900000.0,21900000.0,0.0,3557500000.0,1462200000.0,2095300000.0,5065963514.0,26000000.0,-6900000.0,-500100000.0,-100200000.0,-170300000.0,-759900000.0,-76400000.0,65700000.0,896400000.0,-34100000.0,632200000.0,632200000.0,632200000.0,-16600000.0,0.0,0.097,1247000000.0,877600000.0,492500000.0,0.0,1.943,8.013,8.03,728200000.0,0.0,29.23,0.777,0.777,1011400000.0,2935400000.0,6521300000.0,6521300000.0,0.0,0.1,0.227,0.268,0.137,-10200000.0,1194600000.0,1.0,173313839.0,173313839.0,,37.627,3597600000.0,743200000.0,191600000.0,0.0,20.758,735700000.0
4,CBE,MRY,2007-12-31,2007-12-31,2007-12-31,2019-04-18,-80700000.0,6133500000.0,5830900000.0,2303000000.0,3830500000.0,1.012,15.782,-113700000.0,522900000.0,522900000.0,3970000000.0,692300000.0,1.408,1.158,1266100000.0,356200000.0,909900000.0,1266100000.0,0.0,118200000.0,0.0,0.0,0.0,877200000.0,995400000.0,0.169,995400000.0,877200000.0,826200000.0,3.8,3.73,3.8,2841900000.0,2714050000.0,2841900000.0,10240075526.0,12.0,10.287,681600000.0,3.785,1.0,1933100000.0,0.327,2540300000.0,51000000.0,2701300000.0,2552650000.0,643700000.0,93700000.0,93700000.0,0.0,3291600000.0,1635100000.0,1656500000.0,9522175526.0,-190700000.0,-626200000.0,-275600000.0,241300000.0,-154300000.0,-152800000.0,-833600000.0,-93700000.0,795300000.0,400000.0,692300000.0,692300000.0,692300000.0,0.0,0.0,0.117,1089000000.0,844100000.0,533100000.0,0.0,3.351,13.754,13.916,719800000.0,0.0,52.88,1.613,1.613,1048600000.0,2835100000.0,5903100000.0,5903100000.0,0.0,0.119,0.255,0.344,0.149,-25800000.0,1089000000.0,1.0,180071398.0,180071398.0,,32.782,3593200000.0,564500000.0,133900000.0,335200000.0,19.954,667900000.0
5,CBE,MRY,2006-12-31,2006-12-31,2006-12-31,2019-04-18,-128400000.0,5374800000.0,5357450000.0,2193700000.0,3181100000.0,0.968,13.614,-66400000.0,423500000.0,423500000.0,3521500000.0,464000000.0,1.463,1.171,1008500000.0,305700000.0,702800000.0,1008500000.0,0.0,111700000.0,0.0,0.0,0.0,678900000.0,790600000.0,0.152,790600000.0,678900000.0,627400000.0,2.53,2.47,2.53,2475300000.0,2349800000.0,2475300000.0,8987170682.0,13.0,11.368,535000000.0,2.942,1.0,1663100000.0,0.321,2336900000.0,51500000.0,2123600000.0,2452200000.0,607600000.0,0.0,0.0,0.0,2899500000.0,1499300000.0,1400200000.0,8220970682.0,-29300000.0,-280400000.0,-175000000.0,-14800000.0,-137000000.0,-300000000.0,-346800000.0,0.0,601400000.0,16100000.0,464000000.0,464000000.0,464000000.0,20300000.0,0.0,0.089,969000000.0,694100000.0,471700000.0,0.0,3.321,17.718,17.872,665400000.0,0.0,45.215,1.586,1.586,896000000.0,2324400000.0,5184600000.0,5184600000.0,0.0,0.087,0.197,0.277,0.131,-26800000.0,969000000.0,1.0,181819544.0,181819544.0,,28.515,3037900000.0,266600000.0,163400000.0,0.0,16.708,694400000.0
6,CBE,MRY,2005-12-31,2005-12-31,2005-12-31,2019-04-18,-176300000.0,5215100000.0,5199975000.0,2131100000.0,3084000000.0,0.91,12.034,-83100000.0,452800000.0,452800000.0,3243800000.0,163900000.0,1.835,1.365,1021900000.0,19000000.0,1002900000.0,1021900000.0,0.0,111000000.0,0.0,0.0,0.0,332600000.0,443600000.0,0.094,443600000.0,332600000.0,267800000.0,0.89,0.87,0.89,2205200000.0,2332625000.0,2205200000.0,7450222216.0,22.0,16.795,490400000.0,2.676,1.0,1486600000.0,0.314,2084000000.0,64800000.0,2539100000.0,2326125000.0,538700000.0,0.0,0.0,0.0,3009900000.0,1161100000.0,1848800000.0,6688522216.0,-200000000.0,-7100000.0,-138300000.0,-387800000.0,-138100000.0,-664200000.0,-90200000.0,0.0,573500000.0,-19100000.0,163900000.0,163900000.0,163900000.0,227200000.0,0.0,0.035,926800000.0,559800000.0,427800000.0,0.0,3.033,40.809,41.011,673700000.0,0.0,36.5,1.414,1.414,842400000.0,1997400000.0,4730400000.0,4730400000.0,0.0,0.032,0.07,0.143,0.07,0.0,926800000.0,1.0,183247184.0,183247184.0,,25.814,3131100000.0,623500000.0,103900000.0,0.0,17.087,970000000.0
7,CBE,MRY,2004-12-31,2004-12-31,2004-12-31,2019-04-18,-132200000.0,5407800000.0,5061200000.0,2285600000.0,3122200000.0,0.882,12.457,-91000000.0,652800000.0,652800000.0,3119700000.0,339800000.0,1.251,1.365,1461600000.0,763000000.0,698600000.0,1461600000.0,0.0,117600000.0,0.0,0.0,0.0,496600000.0,614200000.0,0.138,614200000.0,496600000.0,428500000.0,1.835,1.79,1.835,2286500000.0,2158525000.0,2286500000.0,7071674745.0,14.0,11.514,382600000.0,2.084,1.0,1343200000.0,0.301,2142300000.0,68100000.0,2246700000.0,2584875000.0,523000000.0,0.0,0.0,0.0,3121300000.0,1827600000.0,1293700000.0,6230674745.0,189100000.0,-48600000.0,78400000.0,89600000.0,-131000000.0,-165900000.0,-139600000.0,0.0,473600000.0,21000000.0,339800000.0,339800000.0,339800000.0,0.0,0.0,0.076,846600000.0,496600000.0,350700000.0,0.0,2.725,18.336,18.499,696400000.0,0.0,33.945,1.396,1.396,820900000.0,1971600000.0,4462900000.0,4462900000.0,0.0,0.067,0.157,0.192,0.111,0.0,846600000.0,1.0,183552062.0,183552062.0,,24.314,3265500000.0,572400000.0,88700000.0,0.0,17.791,458000000.0
8,CBE,MRY,2003-12-31,2003-12-31,2003-12-31,2019-04-18,-163500000.0,4965300000.0,4716925000.0,1960800000.0,3004500000.0,0.861,11.345,-61800000.0,463700000.0,463700000.0,2871900000.0,148300000.0,1.919,1.344,1343300000.0,6600000.0,1336700000.0,1343300000.0,0.0,121400000.0,0.0,0.0,0.0,294600000.0,416000000.0,0.102,416000000.0,294600000.0,220500000.0,0.8,0.79,0.8,2118200000.0,2100800000.0,2118200000.0,6430877363.0,22.0,15.459,383500000.0,2.054,1.0,1189500000.0,0.293,2056600000.0,74100000.0,2766400000.0,2920925000.0,552000000.0,0.0,0.0,0.0,2847100000.0,1021900000.0,1825200000.0,5407877363.0,161700000.0,0.0,63200000.0,-170100000.0,-129700000.0,-242100000.0,-61800000.0,0.0,445300000.0,20300000.0,148300000.0,148300000.0,148300000.0,126000000.0,0.0,0.037,797500000.0,392000000.0,329100000.0,0.0,2.553,36.466,36.206,711400000.0,0.0,28.965,1.332,1.332,738600000.0,1762800000.0,4061400000.0,4061400000.0,0.0,0.031,0.071,0.101,0.073,0.0,794900000.0,1.0,186703862.0,186703862.0,,21.753,2908700000.0,443000000.0,72200000.0,0.0,15.579,938900000.0
9,CBE,MRY,2002-12-31,2002-12-31,2002-12-31,2019-04-18,-165400000.0,4687900000.0,4577875000.0,1689000000.0,2998900000.0,0.865,10.866,-51800000.0,302000000.0,302000000.0,2830900000.0,213700000.0,1.76,1.341,1438600000.0,157900000.0,1280700000.0,1438600000.0,0.0,121700000.0,0.0,0.0,0.0,354700000.0,476400000.0,0.12,476400000.0,354700000.0,280200000.0,1.145,1.14,1.145,2002400000.0,2028325000.0,2002400000.0,4580243515.0,13.0,9.614,428000000.0,2.322,1.0,1129600000.0,0.285,1996200000.0,74500000.0,2868800000.0,2779975000.0,580500000.0,0.0,0.0,0.0,2685500000.0,959500000.0,1726000000.0,3358643515.0,290500000.0,-1100000.0,-34700000.0,88300000.0,-129700000.0,-132500000.0,-52900000.0,0.0,479800000.0,-3900000.0,213700000.0,213700000.0,213700000.0,0.0,0.0,0.054,774900000.0,354700000.0,312200000.0,0.0,1.677,15.717,15.917,750200000.0,0.0,18.225,0.848,0.848,706700000.0,1744200000.0,3960500000.0,3960500000.0,0.0,0.047,0.105,0.128,0.09,0.0,735800000.0,1.0,184287710.0,184287710.0,,21.491,2691700000.0,352300000.0,66500000.0,0.0,14.606,729500000.0
10,CBE,MRY,2001-12-31,2001-12-31,2001-12-31,2019-04-18,-127800000.0,4611400000.0,4706275000.0,1651200000.0,2960200000.0,0.894,10.8,-108400000.0,11500000.0,11500000.0,2943900000.0,231300000.0,1.493,1.279,1300800000.0,193800000.0,1107000000.0,1300800000.0,0.0,186400000.0,0.0,0.0,0.0,371100000.0,557500000.0,0.132,557500000.0,371100000.0,286400000.0,1.23,1.22,1.23,2023200000.0,1981400000.0,2023200000.0,4661606499.0,13.0,8.362,314000000.0,1.676,1.0,1265600000.0,0.301,1958700000.0,84700000.0,2835900000.0,3080950000.0,670900000.0,0.0,0.0,0.0,2588200000.0,1106100000.0,1482100000.0,3270906499.0,-14900000.0,9800000.0,-1000000.0,-206300000.0,-131300000.0,-338600000.0,-98600000.0,0.0,422400000.0,-100000.0,231300000.0,231300000.0,231300000.0,30000000.0,0.0,0.055,864500000.0,401100000.0,401400000.0,0.0,1.617,14.141,14.195,826800000.0,0.0,17.46,0.777,0.777,777100000.0,2325000000.0,4209500000.0,4209500000.0,0.0,0.049,0.117,0.12,0.088,0.0,729700000.0,1.0,187337142.0,187337142.0,,22.47,2652700000.0,366400000.0,55100000.0,0.0,14.16,545100000.0
11,CBE,MRY,2000-12-31,2000-12-31,2000-12-31,2019-04-18,-120500000.0,4789300000.0,4704075000.0,1735100000.0,3054200000.0,0.948,10.201,-158500000.0,26400000.0,26400000.0,3018300000.0,357400000.0,1.478,1.515,1518000000.0,217200000.0,1300800000.0,1518000000.0,0.0,174400000.0,0.0,0.0,0.0,650200000.0,824600000.0,0.185,824600000.0,650200000.0,549900000.0,1.91,1.9,1.91,1904200000.0,1823425000.0,1904200000.0,5901389092.0,9.0,7.157,344100000.0,1.843,1.0,1441600000.0,0.323,2013500000.0,100300000.0,3093800000.0,3138275000.0,706900000.0,0.0,0.0,0.0,2885100000.0,1173600000.0,1711500000.0,4287389092.0,-500000.0,-580400000.0,-37400000.0,403600000.0,-130600000.0,235600000.0,-738900000.0,0.0,502600000.0,200000.0,357400000.0,357400000.0,357400000.0,0.0,0.0,0.08,791400000.0,650200000.0,470100000.0,0.0,2.252,11.996,12.026,870400000.0,0.0,22.969,0.961,0.961,828800000.0,2225000000.0,4459900000.0,4459900000.0,0.0,0.076,0.196,0.207,0.146,0.0,732900000.0,1.0,186661838.0,186661838.0,,23.893,2775800000.0,343300000.0,192500000.0,0.0,14.871,561500000.0
12,CBE,MRY,1999-12-31,1999-12-31,1999-12-31,2019-04-18,-69400000.0,4143400000.0,3899400000.0,1466600000.0,2676800000.0,0.992,9.256,-154600000.0,26900000.0,26900000.0,2603400000.0,331900000.0,1.351,1.377,1087800000.0,193300000.0,894500000.0,1087800000.0,0.0,147600000.0,0.0,0.0,0.0,573800000.0,721400000.0,0.186,721400000.0,573800000.0,518600000.0,1.765,1.75,1.765,1743100000.0,1670325000.0,1743100000.0,4635202481.0,8.0,6.425,247300000.0,1.313,1.0,1265500000.0,0.327,1739000000.0,55200000.0,2379500000.0,2245550000.0,569300000.0,0.0,0.0,0.0,2400300000.0,1085800000.0,1314500000.0,3807602481.0,6500000.0,-285500000.0,-13300000.0,181900000.0,-124400000.0,44200000.0,-440100000.0,0.0,401900000.0,500000.0,331900000.0,331900000.0,331900000.0,0.0,0.0,0.086,691700000.0,573800000.0,393400000.0,0.0,2.184,11.472,11.455,768000000.0,0.0,20.219,0.984,0.984,740300000.0,1998100000.0,3868900000.0,3868900000.0,0.0,0.085,0.199,0.256,0.148,0.0,640900000.0,1.0,188320370.0,188320370.0,,20.544,2404400000.0,299900000.0,186700000.0,6600000.0,12.768,380800000.0
13,CBE,MRY,1998-12-31,1998-12-31,1998-12-31,2019-04-18,-30000000.0,3779100000.0,5644450000.0,1417300000.0,2361800000.0,0.647,7.557,-136500000.0,20400000.0,20400000.0,2447100000.0,423000000.0,1.46,1.417,898900000.0,124400000.0,774500000.0,898900000.0,0.0,137500000.0,0.0,0.0,0.0,712600000.0,850100000.0,0.233,850100000.0,712600000.0,610700000.0,1.87,1.845,1.87,1563600000.0,2224675000.0,1563600000.0,7284368730.0,10.0,8.569,196400000.0,0.949,1.0,1204100000.0,0.33,1470700000.0,101900000.0,2216200000.0,3987850000.0,533300000.0,0.0,0.0,0.0,2215500000.0,970700000.0,1244800000.0,4933568730.0,-9900000.0,1563900000.0,-1306400000.0,-347100000.0,-148800000.0,-1802300000.0,1472300000.0,44900000.0,332900000.0,-600000.0,423000000.0,423000000.0,423000000.0,-87100000.0,0.0,0.116,713800000.0,490300000.0,378700000.0,0.0,3.155,11.663,12.751,710500000.0,0.0,23.844,1.351,1.351,626400000.0,1790000000.0,3651200000.0,3651200000.0,0.0,0.075,0.19,0.179,0.195,0.0,616400000.0,1.0,206912450.0,206912450.0,,17.646,2308400000.0,417800000.0,187700000.0,0.0,11.156,446600000.0
14,CBE,MRY,1997-12-31,1997-12-31,1997-12-31,2019-04-18,90400000.0,5507300000.0,5728850000.0,1218100000.0,4289200000.0,0.596,11.136,-112100000.0,30300000.0,30300000.0,2281600000.0,394600000.0,1.186,1.052,1469500000.0,197300000.0,1272200000.0,1469500000.0,0.0,122000000.0,0.0,0.0,0.0,658200000.0,780200000.0,0.228,780200000.0,658200000.0,567800000.0,1.68,1.63,1.68,2683500000.0,2286850000.0,2683500000.0,,,,212600000.0,0.882,1.0,1134000000.0,0.332,1279000000.0,90400000.0,4640600000.0,4476200000.0,484800000.0,274800000.0,0.0,274800000.0,2823800000.0,1026900000.0,1796900000.0,5903780386.0,14200000.0,-150400000.0,-175900000.0,212900000.0,-157400000.0,-120400000.0,-262500000.0,0.0,324700000.0,-1800000.0,394600000.0,394600000.0,394600000.0,-84600000.0,0.0,0.116,653400000.0,480600000.0,397300000.0,0.0,2.2,14.961,14.583,673300000.0,0.0,24.5,1.728,1.728,596400000.0,1514500000.0,3415600000.0,3415600000.0,0.0,0.069,0.173,0.147,0.193,0.0,580500000.0,1.0,240970628.0,240970628.0,,14.174,4228300000.0,195000000.0,173200000.0,288300000.0,17.547,191200000.0
15,CBE,MRY,1996-12-31,1996-12-31,1996-12-31,2019-04-18,0.0,5950400000.0,,2098100000.0,3852300000.0,,,-97100000.0,16100000.0,16100000.0,2275500000.0,315400000.0,1.519,2.148,1913700000.0,176000000.0,1737700000.0,1913700000.0,0.0,132700000.0,0.0,0.0,0.0,643100000.0,775800000.0,0.229,775800000.0,643100000.0,501000000.0,1.47,1.385,1.47,1890200000.0,,1890200000.0,,,,253200000.0,,1.0,1105000000.0,0.327,2154900000.0,142100000.0,4311800000.0,,971100000.0,367100000.0,0.0,367100000.0,4060200000.0,1381300000.0,2678900000.0,,-1600000.0,-199500000.0,1700000.0,-226700000.0,-142600000.0,-367600000.0,-65200000.0,231400000.0,350300000.0,2400000.0,315400000.0,315400000.0,315400000.0,-30300000.0,0.0,0.093,642600000.0,462400000.0,586200000.0,0.0,,,14.328,1241300000.0,0.0,21.063,,,959400000.0,1275300000.0,3380500000.0,3380500000.0,0.0,,,,0.19,0.0,595200000.0,1.0,,,,,3795500000.0,89000000.0,185600000.0,37300000.0,,716800000.0
16,CBE,MRY,1995-12-31,1995-12-31,1995-12-31,2019-04-18,,,,,,,,-163000000.0,,,3297500000.0,94000000.0,,,,,,,,218800000.0,,0.0,0.0,442400000.0,661200000.0,0.137,661200000.0,442400000.0,291400000.0,0.425,0.48,0.425,,,,,,,387300000.0,,1.0,1513400000.0,0.315,,151000000.0,,,,,,,,,,,-7600000.0,-11900000.0,-5800000.0,-185600000.0,-164000000.0,-355400000.0,-160500000.0,14400000.0,550300000.0,5700000.0,94000000.0,94000000.0,94000000.0,186600000.0,0.0,0.02,901900000.0,611500000.0,,0.0,,,43.235,,0.0,18.375,,,,,4810900000.0,4810900000.0,0.0,,,,0.092,0.0,841100000.0,,,,,,,,197400000.0,,,
0,CBE,MRQ,2012-09-30,2012-09-30,2012-09-30,2019-04-18,-176500000.0,7135700000.0,,2740700000.0,4395000000.0,,25.876,-37300000.0,965800000.0,965800000.0,981900000.0,188400000.0,1.757,0.725,1426400000.0,329700000.0,1096700000.0,1426400000.0,0.0,35400000.0,0.0,0.0,0.0,254900000.0,290300000.0,0.194,290300000.0,254900000.0,240300000.0,1.17,1.16,1.17,4136900000.0,,4136900000.0,12720776687.0,14.0,12.092,251700000.0,1.574,1.0,515600000.0,0.344,3055800000.0,14600000.0,2980500000.0,,542800000.0,560600000.0,0.0,560600000.0,2998800000.0,1560000000.0,1438800000.0,12000076687.0,259600000.0,-35700000.0,72600000.0,-900000.0,-49500000.0,33000000.0,-73000000.0,0.0,289000000.0,10600000.0,188400000.0,188400000.0,188400000.0,0.0,0.0,0.126,279200000.0,236400000.0,561700000.0,0.0,2.901,17.192,17.176,664400000.0,0.0,75.06,2.089,2.089,1008900000.0,4855000000.0,1497500000.0,1497500000.0,0.0,,,,,-10800000.0,279200000.0,1.0,159873124.0,159873124.0,,9.367,4079900000.0,0.0,51900000.0,0.0,25.52,1180700000.0
1,CBE,MRQ,2012-06-30,2012-06-30,2012-06-30,2019-04-18,-227600000.0,6793900000.0,,2509000000.0,4284900000.0,,24.205,-41700000.0,706200000.0,706200000.0,949300000.0,189000000.0,1.66,0.765,1426900000.0,330400000.0,1096500000.0,1426900000.0,0.0,34700000.0,0.0,0.0,0.0,244800000.0,279500000.0,0.19,279500000.0,244800000.0,230000000.0,1.18,1.17,1.18,3850300000.0,,3850300000.0,11657268396.0,14.0,11.656,162800000.0,1.023,1.0,520400000.0,0.354,2977100000.0,14800000.0,3026500000.0,,544400000.0,552500000.0,0.0,552500000.0,2943600000.0,1511000000.0,1432600000.0,10845368396.0,89700000.0,-43900000.0,30600000.0,-1600000.0,-49300000.0,-13400000.0,-85600000.0,0.0,204500000.0,-15800000.0,189000000.0,189000000.0,189000000.0,0.0,0.0,0.129,293700000.0,226700000.0,558300000.0,0.0,2.817,16.192,16.272,643300000.0,0.0,68.18,1.924,1.924,995400000.0,4716900000.0,1469700000.0,1469700000.0,0.0,,,,,-6900000.0,293700000.0,1.0,159069645.0,159069645.0,,9.239,3816800000.0,0.0,41000000.0,0.0,23.995,998000000.0
2,CBE,MRQ,2012-03-31,2012-03-31,2012-03-31,2019-04-18,-170600000.0,6641500000.0,,2347000000.0,4294500000.0,,23.442,-33500000.0,616500000.0,616500000.0,922300000.0,160700000.0,1.621,0.787,1428400000.0,332000000.0,1096400000.0,1428400000.0,0.0,34100000.0,0.0,0.0,0.0,211500000.0,245600000.0,0.175,245600000.0,211500000.0,196900000.0,1.01,1.0,1.01,3715700000.0,,3715700000.0,10887541387.0,13.0,11.235,18200000.0,0.115,1.0,481300000.0,0.343,2986800000.0,14600000.0,3018800000.0,,534100000.0,549900000.0,0.0,549900000.0,2925800000.0,1447800000.0,1478000000.0,10136541387.0,-60100000.0,-57300000.0,9600000.0,100000.0,-45800000.0,-29200000.0,-90800000.0,0.0,51700000.0,8200000.0,160700000.0,160700000.0,160700000.0,0.0,0.0,0.114,284100000.0,197200000.0,557300000.0,0.0,2.728,15.784,16.028,640300000.0,0.0,63.95,1.831,1.831,961400000.0,4556200000.0,1403600000.0,1403600000.0,0.0,,,,,-6900000.0,284100000.0,1.0,158507293.0,158507293.0,,8.855,3654700000.0,0.0,36200000.0,0.0,23.057,899200000.0
3,CBE,MRQ,2011-12-31,2011-12-31,2011-12-31,2019-04-18,-215900000.0,6447600000.0,,2291400000.0,4156200000.0,,22.365,-39900000.0,676600000.0,676600000.0,930500000.0,159900000.0,1.571,0.823,1427600000.0,331400000.0,1096200000.0,1427600000.0,0.0,35600000.0,0.0,0.0,0.0,201000000.0,236600000.0,0.172,236600000.0,201000000.0,187600000.0,1.01,1.01,1.01,3536000000.0,,3536000000.0,9558383283.0,9.0,8.363,344400000.0,2.178,1.0,442600000.0,0.322,2893900000.0,13400000.0,2846100000.0,,466300000.0,521900000.0,0.0,521900000.0,2911600000.0,1458600000.0,1453000000.0,8561183283.0,246000000.0,-54600000.0,3400000.0,-500000.0,-46300000.0,-40400000.0,-94500000.0,0.0,384300000.0,-3400000.0,159900000.0,159900000.0,159900000.0,0.0,0.0,0.116,263500000.0,179100000.0,502600000.0,0.0,2.421,10.345,10.659,625400000.0,0.0,54.15,1.583,1.583,878800000.0,4421800000.0,1373100000.0,1373100000.0,0.0,,,,,-3000000.0,259500000.0,1.0,158101261.0,158101261.0,,8.685,3553700000.0,0.0,27700000.0,0.0,22.477,832800000.0
4,CBE,MRQ,2011-09-30,2011-09-30,2011-09-30,2019-04-18,-166000000.0,6322000000.0,,2108800000.0,4213200000.0,,20.93,-32700000.0,430600000.0,430600000.0,931200000.0,160200000.0,2.089,0.831,1427800000.0,6900000.0,1420900000.0,1427800000.0,0.0,33100000.0,0.0,0.0,0.0,205300000.0,238400000.0,0.172,238400000.0,205300000.0,188900000.0,0.99,0.98,0.99,3453000000.0,,3453000000.0,8138784368.0,8.0,7.273,166300000.0,1.008,1.0,458500000.0,0.33,2886200000.0,16400000.0,3423600000.0,,506300000.0,531200000.0,0.0,531200000.0,2869000000.0,1009400000.0,1859600000.0,7608984368.0,-474500000.0,-240300000.0,-336200000.0,-9800000.0,-48400000.0,-391700000.0,-273000000.0,0.0,199000000.0,-8800000.0,160200000.0,160200000.0,160200000.0,0.0,0.0,0.115,269200000.0,189300000.0,465400000.0,0.0,2.204,9.398,9.355,615700000.0,0.0,46.12,1.437,1.437,942300000.0,4288900000.0,1389700000.0,1389700000.0,0.0,,,,,-2700000.0,269200000.0,1.0,164982315.0,164982315.0,,8.423,3435800000.0,0.0,28700000.0,0.0,20.825,1099400000.0
5,CBE,MRQ,2011-06-30,2011-06-30,2011-06-30,2019-04-18,-118600000.0,6639600000.0,,2582200000.0,4057400000.0,,22.473,-10700000.0,905100000.0,905100000.0,907100000.0,161400000.0,2.588,0.79,1434900000.0,15800000.0,1419100000.0,1434900000.0,0.0,32000000.0,0.0,0.0,0.0,216500000.0,248500000.0,0.182,248500000.0,216500000.0,199400000.0,0.98,0.96,0.98,3708500000.0,,3708500000.0,10274575383.0,11.0,9.292,-32700000.0,-0.198,1.0,461800000.0,0.337,2731600000.0,17100000.0,3439900000.0,,505400000.0,533100000.0,0.0,533100000.0,2931100000.0,997900000.0,1933200000.0,9846775383.0,-103300000.0,-8000000.0,-17500000.0,-2800000.0,-48200000.0,-65200000.0,-18700000.0,0.0,-22000000.0,2600000.0,161400000.0,161400000.0,161400000.0,0.0,0.0,0.118,259700000.0,202100000.0,491900000.0,0.0,2.655,12.447,12.431,611100000.0,0.0,59.67,1.913,1.913,916100000.0,4154500000.0,1368900000.0,1368900000.0,0.0,,,,,-3300000.0,259700000.0,1.0,165020536.0,165020536.0,,8.295,3908000000.0,0.0,38000000.0,0.0,23.682,1584300000.0
6,CBE,MRQ,2011-03-31,2011-03-31,2011-03-31,2019-04-18,-129600000.0,6713300000.0,,2679400000.0,4033900000.0,,21.812,-25600000.0,1008400000.0,1008400000.0,843700000.0,346100000.0,2.233,0.872,1436200000.0,17400000.0,1418800000.0,1436200000.0,0.0,31600000.0,0.0,0.0,0.0,387900000.0,419500000.0,0.328,419500000.0,387900000.0,371600000.0,2.1,2.07,2.1,3585900000.0,,3585900000.0,11062985246.0,14.0,11.728,-25600000.0,-0.156,1.0,434000000.0,0.34,2720000000.0,16300000.0,3221300000.0,,489800000.0,523200000.0,0.0,523200000.0,3127400000.0,1199800000.0,1927600000.0,10669585246.0,-26900000.0,-1800000.0,25500000.0,7000000.0,-44800000.0,-5000000.0,-27400000.0,0.0,0.0,5500000.0,346100000.0,346100000.0,346100000.0,-190300000.0,0.0,0.271,250900000.0,183100000.0,479500000.0,0.0,2.975,15.894,15.946,614300000.0,0.0,64.9,2.086,2.086,885000000.0,4010300000.0,1277700000.0,1277700000.0,0.0,,,,,-7300000.0,250900000.0,1.0,164400389.0,164400389.0,,7.772,3993300000.0,0.0,25500000.0,0.0,24.29,1479600000.0
7,CBE,MRQ,2010-12-31,2010-12-31,2010-12-31,2019-04-18,-165700000.0,6668600000.0,,2490600000.0,4178000000.0,,19.705,-31400000.0,1035300000.0,1035300000.0,842900000.0,141900000.0,2.427,1.08,1428700000.0,8300000.0,1420400000.0,1428700000.0,0.0,32400000.0,0.0,0.0,0.0,180300000.0,212700000.0,0.169,212700000.0,180300000.0,167100000.0,0.86,0.85,0.86,3206100000.0,,3206100000.0,10085725985.0,17.0,14.016,272100000.0,1.672,1.0,417000000.0,0.331,2690100000.0,13200000.0,3345500000.0,,438900000.0,511300000.0,0.0,511300000.0,3462500000.0,1026400000.0,2436100000.0,9483925985.0,739300000.0,-36700000.0,46800000.0,492300000.0,-44700000.0,503100000.0,-68100000.0,0.0,303500000.0,800000.0,141900000.0,141900000.0,141900000.0,0.0,0.0,0.113,249000000.0,168000000.0,462600000.0,0.0,2.958,21.37,21.831,608300000.0,0.0,58.29,1.872,1.872,795900000.0,3658700000.0,1259900000.0,1259900000.0,0.0,,,,,-9000000.0,249000000.0,1.0,162702453.0,162702453.0,,7.744,3978500000.0,0.0,25200000.0,0.0,24.453,1464200000.0
8,CBE,MRQ,2010-09-30,2010-09-30,2010-09-30,2019-04-18,-178900000.0,5958900000.0,,1803200000.0,4155700000.0,,18.16,-33200000.0,330900000.0,330900000.0,821600000.0,141700000.0,1.892,0.968,932700000.0,9600000.0,923100000.0,932700000.0,0.0,33700000.0,0.0,0.0,0.0,191400000.0,225100000.0,0.181,225100000.0,191400000.0,179100000.0,0.86,0.85,0.86,3028100000.0,,3028100000.0,8662049033.0,15.0,12.288,112000000.0,0.672,1.0,419100000.0,0.338,2635200000.0,12300000.0,2972200000.0,,477800000.0,498500000.0,0.0,498500000.0,2930800000.0,953300000.0,1977500000.0,8158749033.0,-136000000.0,-35900000.0,-180800000.0,-3000000.0,-45700000.0,-229300000.0,-69100000.0,0.0,145200000.0,17200000.0,141700000.0,141700000.0,141700000.0,0.0,0.0,0.114,238200000.0,180900000.0,417800000.0,0.0,2.694,18.943,18.965,589800000.0,0.0,48.93,1.612,1.612,833200000.0,3493800000.0,1240700000.0,1240700000.0,0.0,,,,,-200000.0,236700000.0,1.0,166743287.0,166743287.0,,7.441,3323700000.0,0.0,37400000.0,0.0,19.933,849900000.0
9,CBE,MRQ,2010-06-30,2010-06-30,2010-06-30,2019-04-18,-245800000.0,6063900000.0,,1876300000.0,4187600000.0,,18.111,-15500000.0,432000000.0,432000000.0,895000000.0,41600000.0,2.013,0.999,935300000.0,12300000.0,923000000.0,935300000.0,0.0,37400000.0,0.0,0.0,0.0,48600000.0,86000000.0,0.064,86000000.0,48600000.0,37100000.0,0.25,0.25,0.25,3034000000.0,,3034000000.0,7916253548.0,15.0,11.717,152700000.0,0.911,1.0,441700000.0,0.33,2599900000.0,11500000.0,3035400000.0,,448700000.0,0.0,0.0,0.0,3029900000.0,931900000.0,2098000000.0,7371153548.0,42600000.0,-14400000.0,-47300000.0,700000.0,-45100000.0,-89700000.0,-29900000.0,0.0,168200000.0,-6000000.0,41600000.0,41600000.0,41600000.0,0.0,0.0,0.031,258600000.0,183100000.0,417000000.0,0.0,2.43,17.983,18.033,584600000.0,0.0,44.0,1.443,1.443,777200000.0,3382000000.0,1336700000.0,1336700000.0,0.0,,,,,-2000000.0,255600000.0,1.0,167526217.0,167526217.0,,7.979,3464000000.0,0.0,-4500000.0,0.0,20.677,944400000.0
10,CBE,MRQ,2010-03-31,2010-03-31,2010-03-31,2019-04-18,-313600000.0,5998300000.0,,1973100000.0,4025200000.0,,17.948,-13800000.0,389400000.0,389400000.0,821100000.0,118600000.0,2.062,0.999,934500000.0,11700000.0,922800000.0,934500000.0,0.0,36600000.0,0.0,0.0,0.0,159200000.0,195800000.0,0.159,195800000.0,159200000.0,146800000.0,0.71,0.7,0.71,3000300000.0,,3000300000.0,8566783727.0,14.0,11.413,69800000.0,0.418,1.0,407500000.0,0.332,2906100000.0,12400000.0,2680300000.0,,502900000.0,0.0,0.0,0.0,2998000000.0,957000000.0,2041000000.0,8013983727.0,7800000.0,-6200000.0,-13400000.0,0.0,-41900000.0,-52700000.0,-20000000.0,0.0,83600000.0,-3100000.0,118600000.0,118600000.0,118600000.0,0.0,0.0,0.097,248300000.0,159200000.0,432600000.0,0.0,2.671,17.513,17.625,691900000.0,0.0,47.94,1.59,1.59,829800000.0,3351800000.0,1228600000.0,1228600000.0,0.0,,,,,-2600000.0,244800000.0,1.0,167166953.0,167166953.0,,7.35,3092200000.0,0.0,28200000.0,0.0,18.498,1016100000.0
11,CBE,MRQ,2009-12-31,2009-12-31,2009-12-31,2019-04-18,-280000000.0,5984400000.0,,1726000000.0,4258400000.0,,17.762,-49900000.0,381600000.0,381600000.0,837500000.0,128800000.0,2.0,1.02,934400000.0,11700000.0,922700000.0,934400000.0,0.0,37500000.0,0.0,0.0,0.0,160500000.0,198000000.0,0.158,198000000.0,160500000.0,146500000.0,0.76,0.77,0.76,2963300000.0,,2963300000.0,7664559982.0,13.0,10.717,63600000.0,0.381,1.0,419100000.0,0.334,2645100000.0,14000000.0,3028900000.0,,423900000.0,0.0,0.0,0.0,3021100000.0,863200000.0,2157900000.0,7113659982.0,-276800000.0,-39600000.0,3100000.0,-275100000.0,-41700000.0,-309400000.0,-85700000.0,3800000.0,113500000.0,4800000.0,128800000.0,128800000.0,128800000.0,0.0,0.0,0.102,258600000.0,160500000.0,347500000.0,0.0,2.401,16.201,16.275,639000000.0,0.0,42.64,1.403,1.403,697700000.0,3254100000.0,1256600000.0,1256600000.0,0.0,,,,,-4300000.0,254400000.0,1.0,166830675.0,166830675.0,,7.532,3339300000.0,0.0,17700000.0,0.0,20.016,862800000.0
12,CBE,MRQ,2009-09-30,2009-09-30,2009-09-30,2019-04-18,-265600000.0,6246600000.0,,2277800000.0,3968800000.0,,17.223,-14600000.0,658400000.0,658400000.0,876500000.0,120900000.0,1.744,1.175,1209300000.0,286700000.0,922600000.0,1209300000.0,0.0,36900000.0,0.0,0.0,0.0,158900000.0,195800000.0,0.152,195800000.0,158900000.0,143000000.0,0.72,0.72,0.72,2871800000.0,,2871800000.0,7025702188.0,12.0,9.862,247700000.0,1.486,1.0,409900000.0,0.319,2635800000.0,15900000.0,2855500000.0,,502700000.0,3600000.0,3600000.0,0.0,3374800000.0,1306200000.0,2068600000.0,6264402188.0,208200000.0,400000.0,1000000.0,-4400000.0,-41700000.0,-44600000.0,-4400000.0,9800000.0,262300000.0,-5100000.0,120900000.0,120900000.0,120900000.0,-6600000.0,0.0,0.094,257600000.0,152300000.0,428000000.0,0.0,2.181,14.866,14.968,709600000.0,0.0,37.57,1.174,1.174,875800000.0,3135700000.0,1286400000.0,1286400000.0,0.0,,,,,-500000.0,251100000.0,1.0,166739478.0,166739478.0,,7.715,3610800000.0,680700000.0,22100000.0,0.0,21.655,971600000.0
13,CBE,MRQ,2009-06-30,2009-06-30,2009-06-30,2019-04-18,-274300000.0,6130700000.0,,2121200000.0,4009500000.0,,16.64,-26900000.0,450200000.0,450200000.0,885000000.0,89300000.0,1.651,1.213,1211500000.0,286800000.0,924700000.0,1211500000.0,0.0,36000000.0,0.0,0.0,0.0,125000000.0,161000000.0,0.127,161000000.0,125000000.0,108700000.0,0.53,0.53,0.53,2770100000.0,,2770100000.0,6084217774.0,9.0,7.423,184000000.0,1.105,1.0,384800000.0,0.303,2645900000.0,16300000.0,2961500000.0,,547200000.0,12600000.0,12600000.0,0.0,3360600000.0,1284600000.0,2076000000.0,5169117774.0,146300000.0,-5600000.0,1000000.0,-8000000.0,-41900000.0,-48800000.0,-29500000.0,3000000.0,210900000.0,13700000.0,89300000.0,89300000.0,89300000.0,0.0,0.0,0.07,259800000.0,125000000.0,409800000.0,0.0,1.866,10.21,10.419,728900000.0,0.0,31.05,0.895,0.895,901500000.0,3042700000.0,1269800000.0,1269800000.0,0.0,,,,,-100000.0,249400000.0,1.0,166477223.0,166477223.0,,7.627,3484800000.0,664400000.0,19400000.0,0.0,20.933,836600000.0
14,CBE,MRQ,2009-03-31,2009-03-31,2009-03-31,2019-04-18,-350200000.0,6024200000.0,,2052900000.0,3971300000.0,,15.751,-27900000.0,303900000.0,303900000.0,884800000.0,100100000.0,1.555,1.289,1219000000.0,294400000.0,924600000.0,1219000000.0,0.0,35200000.0,0.0,0.0,0.0,125200000.0,160400000.0,0.128,160400000.0,125200000.0,110000000.0,0.6,0.59,0.6,2632200000.0,,2632200000.0,5295730930.0,7.0,5.623,137300000.0,0.822,1.0,372000000.0,0.296,2554700000.0,15200000.0,3064400000.0,,610400000.0,15600000.0,15600000.0,0.0,3392000000.0,1320200000.0,2071800000.0,4321430930.0,45100000.0,-16600000.0,-23500000.0,-13900000.0,-42100000.0,-81700000.0,-38200000.0,6300000.0,165200000.0,-200000.0,100100000.0,100100000.0,100100000.0,-18900000.0,0.0,0.08,265700000.0,106300000.0,451800000.0,0.0,1.642,7.465,7.651,715300000.0,0.0,25.86,0.693,0.693,900100000.0,2980700000.0,1256800000.0,1256800000.0,0.0,,,,,2200000.0,256900000.0,1.0,167108698.0,167108698.0,,7.521,3469500000.0,740900000.0,9900000.0,0.0,20.762,732700000.0
15,CBE,MRQ,2008-12-31,2008-12-31,2008-12-31,2019-04-18,-329700000.0,6164900000.0,,2197900000.0,3967000000.0,,15.044,-38800000.0,258800000.0,258800000.0,1048600000.0,111100000.0,1.503,1.364,1233100000.0,300600000.0,932500000.0,1233100000.0,0.0,36300000.0,0.0,0.0,0.0,158900000.0,195200000.0,0.128,195200000.0,158900000.0,139000000.0,0.66,0.66,0.66,2607400000.0,,2607400000.0,6045663514.0,7.0,5.828,287800000.0,1.661,1.0,474600000.0,0.312,2567300000.0,19900000.0,3109700000.0,,641800000.0,21900000.0,21900000.0,0.0,3557500000.0,1462200000.0,2095300000.0,5065963514.0,-1900000.0,-26200000.0,-191900000.0,-17200000.0,-43400000.0,-250900000.0,-55700000.0,9300000.0,326600000.0,-21900000.0,111100000.0,111100000.0,111100000.0,0.0,0.0,0.073,315700000.0,158900000.0,492500000.0,0.0,1.943,8.013,8.03,728200000.0,0.0,29.23,0.777,0.777,1011400000.0,2935400000.0,1523200000.0,1523200000.0,0.0,,,,,-1600000.0,270900000.0,1.0,173313839.0,173313839.0,,8.789,3597600000.0,743200000.0,27900000.0,0.0,20.758,735700000.0
16,CBE,MRQ,2008-09-30,2008-09-30,2008-09-30,2019-04-18,-110100000.0,6507500000.0,,2536900000.0,3970600000.0,,16.939,-39500000.0,260700000.0,260700000.0,1170000000.0,205800000.0,2.005,1.208,1240400000.0,32900000.0,1207500000.0,1240400000.0,0.0,36500000.0,0.0,0.0,0.0,266500000.0,303000000.0,0.175,303000000.0,266500000.0,249200000.0,1.19,1.17,1.19,2947200000.0,,2947200000.0,8118252909.0,8.0,7.361,265000000.0,1.523,1.0,557700000.0,0.323,2654400000.0,17300000.0,3567800000.0,,716100000.0,35600000.0,35600000.0,0.0,3560300000.0,1265000000.0,2295300000.0,6951052909.0,106000000.0,-1200000.0,-36100000.0,-81000000.0,-44100000.0,-156000000.0,-25600000.0,15100000.0,304500000.0,-16900000.0,205800000.0,205800000.0,205800000.0,-16600000.0,0.0,0.119,307800000.0,249900000.0,588700000.0,0.0,2.359,9.924,10.013,749100000.0,0.0,39.95,1.062,1.062,1197600000.0,3055600000.0,1727700000.0,1727700000.0,0.0,,,,,-5200000.0,307800000.0,1.0,173993815.0,173993815.0,,9.93,3853100000.0,168400000.0,43400000.0,235400000.0,22.145,1271900000.0
17,CBE,MRQ,2008-06-30,2008-06-30,2008-06-30,2019-04-18,-46100000.0,6348700000.0,,2456400000.0,3892300000.0,,16.452,-33600000.0,154700000.0,154700000.0,1155900000.0,161900000.0,1.7,1.218,1321900000.0,114400000.0,1207500000.0,1321900000.0,0.0,36800000.0,0.0,0.0,0.0,246400000.0,283200000.0,0.164,283200000.0,246400000.0,228100000.0,0.93,0.92,0.93,2862900000.0,,2862900000.0,8156949366.0,9.0,7.625,166500000.0,0.957,1.0,568400000.0,0.33,2741800000.0,18300000.0,3329400000.0,,749500000.0,51300000.0,51300000.0,0.0,3485800000.0,1444700000.0,2041100000.0,6873549366.0,15500000.0,3100000.0,-11700000.0,-106800000.0,-44600000.0,-162400000.0,-19000000.0,11500000.0,200100000.0,-3200000.0,161900000.0,161900000.0,161900000.0,0.0,0.0,0.094,322000000.0,246400000.0,573600000.0,0.0,2.401,10.313,10.561,768500000.0,0.0,39.5,1.088,1.088,1230900000.0,2907300000.0,1724300000.0,1724300000.0,0.0,,,,,-700000.0,314400000.0,1.0,174013908.0,174013908.0,,9.909,3606900000.0,270000000.0,66200000.0,0.0,20.728,1011700000.0
18,CBE,MRQ,2008-03-31,2008-03-31,2008-03-31,2019-04-18,-60000000.0,6268200000.0,,2376100000.0,3892100000.0,,15.47,-23300000.0,144800000.0,144800000.0,1022200000.0,153400000.0,1.587,1.299,1428200000.0,220800000.0,1207400000.0,1428200000.0,0.0,33500000.0,0.0,0.0,0.0,222400000.0,255900000.0,0.166,255900000.0,222400000.0,207500000.0,0.87,0.86,0.87,2726800000.0,,2726800000.0,7819964321.0,9.0,7.602,41900000.0,0.238,1.0,523900000.0,0.339,2736500000.0,14900000.0,3318200000.0,,742100000.0,65000000.0,65000000.0,0.0,3541400000.0,1496900000.0,2044500000.0,7076764321.0,-93600000.0,17400000.0,-260400000.0,104800000.0,-38200000.0,-190600000.0,23900000.0,29800000.0,65200000.0,7900000.0,153400000.0,153400000.0,153400000.0,0.0,0.0,0.099,301500000.0,222400000.0,558000000.0,0.0,2.595,9.914,10.165,763100000.0,0.0,40.15,1.169,1.169,1139200000.0,2785100000.0,1546100000.0,1546100000.0,0.0,,,,,-2700000.0,301500000.0,1.0,176258140.0,176258140.0,,8.772,3531700000.0,290600000.0,54100000.0,0.0,20.037,879200000.0
19,CBE,MRQ,2007-12-31,2007-12-31,2007-12-31,2019-04-18,-80700000.0,6133500000.0,,2303000000.0,3830500000.0,,15.782,-23500000.0,522900000.0,522900000.0,1032400000.0,179300000.0,1.408,1.158,1266100000.0,356200000.0,909900000.0,1266100000.0,0.0,30500000.0,0.0,0.0,0.0,230200000.0,260700000.0,0.169,260700000.0,230200000.0,217300000.0,1.0,0.98,1.0,2841900000.0,,2841900000.0,10240075526.0,12.0,10.287,308500000.0,1.713,1.0,511700000.0,0.331,2540300000.0,12900000.0,2701300000.0,,643700000.0,93700000.0,93700000.0,0.0,3291600000.0,1635100000.0,1656500000.0,9522175526.0,-74600000.0,-431700000.0,-55500000.0,240300000.0,-38100000.0,152900000.0,-548900000.0,-93700000.0,332000000.0,-10600000.0,179300000.0,179300000.0,179300000.0,0.0,0.0,0.116,287800000.0,223900000.0,533100000.0,0.0,3.351,13.754,13.916,719800000.0,0.0,52.88,1.613,1.613,1048600000.0,2835100000.0,1544100000.0,1544100000.0,0.0,,,,,-6200000.0,287800000.0,1.0,180071398.0,180071398.0,,8.575,3593200000.0,564500000.0,38000000.0,335200000.0,19.954,667900000.0
20,CBE,MRQ,2007-09-30,2007-09-30,2007-09-30,2019-04-18,-100400000.0,5768200000.0,,2352900000.0,3415300000.0,,14.777,-34900000.0,307400000.0,307400000.0,1008100000.0,171900000.0,1.684,1.125,1025300000.0,115300000.0,910000000.0,1025300000.0,0.0,29900000.0,0.0,0.0,0.0,240000000.0,269900000.0,0.18,269900000.0,240000000.0,227700000.0,0.94,0.93,0.94,2714500000.0,,2714500000.0,10060661525.0,12.0,10.655,219100000.0,1.193,1.0,493200000.0,0.329,2463400000.0,12300000.0,2625900000.0,,665900000.0,0.0,0.0,0.0,3053700000.0,1396800000.0,1656900000.0,9384861525.0,-332600000.0,-24000000.0,-195600000.0,-300000000.0,-38300000.0,-535100000.0,-58900000.0,0.0,254000000.0,7400000.0,171900000.0,171900000.0,171900000.0,0.0,0.0,0.115,276700000.0,216500000.0,544800000.0,0.0,3.457,14.627,14.556,701800000.0,0.0,51.09,1.646,1.646,1117300000.0,2694000000.0,1501300000.0,1501300000.0,0.0,,,,,1200000.0,276700000.0,1.0,183692729.0,183692729.0,,8.173,3304800000.0,262300000.0,55800000.0,0.0,17.991,956100000.0
21,CBE,MRQ,2007-06-30,2007-06-30,2007-06-30,2019-04-18,-106400000.0,5935300000.0,,2605000000.0,3330300000.0,,15.05,-33200000.0,640000000.0,640000000.0,984600000.0,209200000.0,1.629,1.154,1315800000.0,408800000.0,907000000.0,1315800000.0,0.0,28900000.0,0.0,0.0,0.0,213300000.0,242200000.0,0.165,242200000.0,213300000.0,200400000.0,1.14,1.12,1.14,2754900000.0,,2754900000.0,11156493892.0,14.0,12.517,102400000.0,0.559,1.0,479100000.0,0.327,2414100000.0,12900000.0,2598100000.0,,665900000.0,0.0,0.0,0.0,3180400000.0,1598900000.0,1581500000.0,10449993892.0,335200000.0,-46200000.0,-6700000.0,302000000.0,-39000000.0,276700000.0,-79400000.0,0.0,135600000.0,2300000.0,209200000.0,209200000.0,209200000.0,0.0,0.0,0.143,269100000.0,210000000.0,482300000.0,0.0,3.793,17.478,17.459,680600000.0,0.0,57.09,1.895,1.895,1062800000.0,2560300000.0,1463700000.0,1463700000.0,0.0,,,,,-10400000.0,269100000.0,1.0,183044209.0,183044209.0,,7.996,3521200000.0,236300000.0,-8800000.0,0.0,19.237,1006100000.0
22,CBE,MRQ,2007-03-31,2007-03-31,2007-03-31,2019-04-18,-124200000.0,5486600000.0,,2220400000.0,3266200000.0,,13.946,-22100000.0,304800000.0,304800000.0,944900000.0,131900000.0,1.461,1.156,1011300000.0,304900000.0,706400000.0,1011300000.0,0.0,28900000.0,0.0,0.0,0.0,193700000.0,222600000.0,0.16,222600000.0,193700000.0,180800000.0,0.72,0.71,0.72,2544900000.0,,2544900000.0,8795141059.0,12.0,10.602,51600000.0,0.283,1.0,449100000.0,0.322,2387800000.0,12900000.0,2285300000.0,,672400000.0,0.0,0.0,0.0,2941700000.0,1520000000.0,1421700000.0,8210141059.0,-118700000.0,-124300000.0,-17800000.0,-1000000.0,-38900000.0,-47300000.0,-146400000.0,0.0,73700000.0,1300000.0,131900000.0,131900000.0,131900000.0,0.0,0.0,0.095,255400000.0,193700000.0,512600000.0,0.0,3.226,16.817,16.85,670200000.0,0.0,44.99,1.538,1.538,1007400000.0,2390200000.0,1394000000.0,1394000000.0,0.0,,,,,-10400000.0,255400000.0,1.0,182488132.0,182488132.0,,7.639,3098800000.0,235800000.0,48900000.0,0.0,16.981,700400000.0
23,CBE,MRQ,2006-12-31,2006-12-31,2006-12-31,2019-04-18,-128400000.0,5374800000.0,,2193700000.0,3181100000.0,,13.614,-26700000.0,423500000.0,423500000.0,917200000.0,128600000.0,1.463,1.171,1008500000.0,305700000.0,702800000.0,1008500000.0,0.0,26700000.0,0.0,0.0,0.0,182800000.0,209500000.0,0.156,209500000.0,182800000.0,169800000.0,0.71,0.69,0.71,2475300000.0,,2475300000.0,8987170682.0,13.0,11.368,200000000.0,1.1,1.0,424100000.0,0.316,2336900000.0,13000000.0,2123600000.0,,607600000.0,0.0,0.0,0.0,2899500000.0,1499300000.0,1400200000.0,8220970682.0,179600000.0,-1000000.0,5600000.0,-1500000.0,-34000000.0,-24500000.0,-27700000.0,0.0,226700000.0,5100000.0,128600000.0,128600000.0,128600000.0,0.0,0.0,0.096,246400000.0,177700000.0,471700000.0,0.0,3.321,17.718,17.872,665400000.0,0.0,45.215,1.586,1.586,896000000.0,2324400000.0,1341300000.0,1341300000.0,0.0,,,,,-5400000.0,246400000.0,1.0,181819544.0,181819544.0,,7.377,3037900000.0,266600000.0,41200000.0,0.0,16.708,694400000.0
24,CBE,MRQ,2006-09-30,2006-09-30,2006-09-30,2019-04-18,-138400000.0,5422300000.0,,2109300000.0,3313000000.0,,12.824,-4300000.0,243900000.0,243900000.0,887200000.0,128200000.0,1.409,1.31,1010100000.0,306800000.0,703300000.0,1010100000.0,0.0,30400000.0,0.0,0.0,0.0,186600000.0,217000000.0,0.165,217000000.0,186600000.0,172600000.0,0.7,0.69,0.7,2347700000.0,,2347700000.0,8469396349.0,21.0,16.197,194400000.0,1.062,1.0,427400000.0,0.325,2315800000.0,14000000.0,2376200000.0,,642200000.0,0.0,0.0,0.0,3074600000.0,1496500000.0,1578100000.0,7800796349.0,-106300000.0,-195200000.0,-65100000.0,-11200000.0,-34100000.0,-108800000.0,-199500000.0,0.0,198700000.0,3300000.0,128200000.0,128200000.0,128200000.0,0.0,0.0,0.098,240800000.0,186600000.0,455300000.0,0.0,3.323,36.762,36.264,662800000.0,0.0,42.61,1.551,1.551,960800000.0,2229800000.0,1314600000.0,1314600000.0,0.0,,,,,-1600000.0,240800000.0,1.0,183074310.0,183074310.0,,7.181,3106500000.0,596800000.0,44400000.0,0.0,16.969,612800000.0
25,CBE,MRQ,2006-06-30,2006-06-30,2006-06-30,2019-04-18,-158100000.0,5346700000.0,,2216300000.0,3130400000.0,,12.366,-18900000.0,350200000.0,350200000.0,870300000.0,99500000.0,1.868,1.34,1018800000.0,18000000.0,1000800000.0,1018800000.0,0.0,27600000.0,0.0,0.0,0.0,152900000.0,180500000.0,0.14,180500000.0,152900000.0,140500000.0,0.54,0.53,0.54,2285300000.0,,2285300000.0,9262182189.0,25.0,19.341,131500000.0,0.712,1.0,417500000.0,0.324,2181200000.0,12400000.0,2647900000.0,,631100000.0,0.0,0.0,0.0,3061400000.0,1186200000.0,1875200000.0,8586182189.0,6600000.0,-1000000.0,-168700000.0,-100000.0,-34300000.0,-127900000.0,-19900000.0,0.0,150400000.0,4000000.0,99500000.0,99500000.0,99500000.0,20300000.0,0.0,0.077,244300000.0,173200000.0,469600000.0,0.0,3.757,46.162,45.107,664800000.0,0.0,46.46,1.743,1.743,961600000.0,2135700000.0,1287800000.0,1287800000.0,0.0,,,,,-5900000.0,244300000.0,1.0,184808054.0,184808054.0,,6.968,3165500000.0,557800000.0,41000000.0,0.0,17.129,1030100000.0
26,CBE,MRQ,2006-03-31,2006-03-31,2006-03-31,2019-04-18,-168300000.0,5286000000.0,,2171100000.0,3114900000.0,,12.477,-16500000.0,343600000.0,343600000.0,846800000.0,107700000.0,1.893,1.307,1019600000.0,17500000.0,1002100000.0,1019600000.0,0.0,27000000.0,0.0,0.0,0.0,156600000.0,183600000.0,0.148,183600000.0,156600000.0,144500000.0,0.59,0.57,0.59,2290900000.0,,2290900000.0,8547241009.0,24.0,18.256,9100000.0,0.05,1.0,394100000.0,0.318,2154200000.0,12100000.0,2661100000.0,,609900000.0,0.0,0.0,0.0,2995100000.0,1146700000.0,1848400000.0,7978141009.0,-109200000.0,-83200000.0,53200000.0,-2000000.0,-34600000.0,-38800000.0,-99700000.0,0.0,25600000.0,3700000.0,107700000.0,107700000.0,107700000.0,0.0,0.0,0.087,237500000.0,156600000.0,478000000.0,0.0,3.483,43.407,42.808,671700000.0,0.0,43.45,1.653,1.653,930600000.0,2070500000.0,1240900000.0,1240900000.0,0.0,,,,,-13900000.0,237500000.0,1.0,183616594.0,183616594.0,,6.758,3131800000.0,576000000.0,36800000.0,0.0,17.056,1024400000.0
27,CBE,MRQ,2005-12-31,2005-12-31,2005-12-31,2019-04-18,-176300000.0,5215100000.0,,2131100000.0,3084000000.0,,12.034,-17900000.0,452800000.0,452800000.0,813400000.0,-123200000.0,1.835,1.365,1021900000.0,19000000.0,1002900000.0,1021900000.0,0.0,26900000.0,0.0,0.0,0.0,-85100000.0,-58200000.0,-0.049,-58200000.0,-85100000.0,-97900000.0,-0.655,-0.64,-0.655,2205200000.0,,2205200000.0,7450222216.0,22.0,16.795,255100000.0,1.392,1.0,372600000.0,0.314,2084000000.0,12800000.0,2539100000.0,,538700000.0,0.0,0.0,0.0,3009900000.0,1161100000.0,1848800000.0,6688522216.0,76800000.0,-4700000.0,-193000000.0,-119100000.0,-34300000.0,-180200000.0,-22600000.0,0.0,273000000.0,6600000.0,-123200000.0,-123200000.0,-123200000.0,227200000.0,0.0,-0.104,230500000.0,142100000.0,427800000.0,0.0,3.033,40.809,41.011,673700000.0,0.0,36.5,1.414,1.414,842400000.0,1997400000.0,1186000000.0,1186000000.0,0.0,,,,,0.0,230500000.0,1.0,183247184.0,183247184.0,,6.472,3131100000.0,623500000.0,25300000.0,0.0,17.087,970000000.0
28,CBE,MRQ,2005-09-30,2005-09-30,2005-09-30,2019-04-18,-152500000.0,5089400000.0,,2045800000.0,3043600000.0,,12.921,-21600000.0,376000000.0,376000000.0,828100000.0,102000000.0,1.36,1.126,1137700000.0,457200000.0,680500000.0,1137700000.0,0.0,26600000.0,0.0,0.0,0.0,146400000.0,173000000.0,0.143,173000000.0,146400000.0,129900000.0,0.555,0.54,0.555,2393400000.0,,2393400000.0,7159393586.0,13.0,10.836,97500000.0,0.526,1.0,382300000.0,0.316,2090000000.0,16500000.0,2256800000.0,,576100000.0,0.0,0.0,0.0,2696000000.0,1504300000.0,1191700000.0,6403593586.0,-161000000.0,0.0,13500000.0,-150800000.0,-34400000.0,-260700000.0,-21600000.0,0.0,119100000.0,2200000.0,102000000.0,102000000.0,102000000.0,0.0,0.0,0.084,235900000.0,146400000.0,385100000.0,0.0,2.676,17.031,17.03,679700000.0,0.0,34.57,1.364,1.364,919200000.0,2154900000.0,1210400000.0,1210400000.0,0.0,,,,,0.0,235900000.0,1.0,185235568.0,185235568.0,,6.534,2999400000.0,448400000.0,27900000.0,0.0,16.192,541500000.0
29,CBE,MRQ,2005-06-30,2005-06-30,2005-06-30,2019-04-18,-146800000.0,5255200000.0,,2188200000.0,3067000000.0,,12.856,-24200000.0,537000000.0,537000000.0,814700000.0,97300000.0,1.319,1.201,1292800000.0,597900000.0,694900000.0,1292800000.0,0.0,28200000.0,0.0,0.0,0.0,141600000.0,169800000.0,0.143,169800000.0,141600000.0,123900000.0,0.525,0.51,0.525,2387300000.0,,2387300000.0,6752453848.0,13.0,10.401,137000000.0,0.738,1.0,374500000.0,0.315,2100500000.0,17700000.0,2252100000.0,,590500000.0,0.0,0.0,0.0,2867900000.0,1658400000.0,1209500000.0,5933053848.0,12200000.0,0.0,15800000.0,-27800000.0,-34800000.0,-96000000.0,-24200000.0,0.0,161200000.0,-28800000.0,97300000.0,97300000.0,97300000.0,0.0,0.0,0.082,232900000.0,141600000.0,408200000.0,0.0,2.485,16.331,16.301,685900000.0,0.0,31.95,1.283,1.283,879200000.0,2087300000.0,1189200000.0,1189200000.0,0.0,,,,,0.0,232900000.0,1.0,185698086.0,185698086.0,,6.404,3154700000.0,462100000.0,26600000.0,0.0,16.988,529800000.0
30,CBE,MRQ,2005-03-31,2005-03-31,2005-03-31,2019-04-18,-141600000.0,5240200000.0,,2144000000.0,3096200000.0,,12.652,-19400000.0,524800000.0,524800000.0,787600000.0,87800000.0,1.277,1.235,1344200000.0,650300000.0,693900000.0,1344200000.0,0.0,29300000.0,0.0,0.0,0.0,129700000.0,159000000.0,0.139,159000000.0,129700000.0,111900000.0,0.47,0.46,0.47,2344600000.0,,2344600000.0,7435816380.0,15.0,11.81,800000.0,0.004,1.0,357200000.0,0.312,2124600000.0,17800000.0,2256500000.0,,579700000.0,0.0,0.0,0.0,2895600000.0,1678500000.0,1217100000.0,6627016380.0,-128000000.0,-2400000.0,25400000.0,-90100000.0,-34600000.0,-127300000.0,-21800000.0,0.0,20200000.0,900000.0,87800000.0,87800000.0,87800000.0,0.0,0.0,0.077,227500000.0,129700000.0,377600000.0,0.0,2.827,18.94,18.921,688100000.0,0.0,35.76,1.459,1.459,841000000.0,2024800000.0,1144800000.0,1144800000.0,0.0,,,,,0.0,227500000.0,1.0,185319250.0,185319250.0,,6.177,3115600000.0,482000000.0,24100000.0,0.0,16.812,465500000.0
31,CBE,MRQ,2004-12-31,2004-12-31,2004-12-31,2019-04-18,-132200000.0,5407800000.0,,2285600000.0,3122200000.0,,12.457,-35400000.0,652800000.0,652800000.0,804100000.0,88900000.0,1.251,1.365,1461600000.0,763000000.0,698600000.0,1461600000.0,0.0,28800000.0,0.0,0.0,0.0,130100000.0,158900000.0,0.138,158900000.0,130100000.0,113300000.0,0.48,0.465,0.48,2286500000.0,,2286500000.0,7071674745.0,14.0,11.514,77700000.0,0.423,1.0,344700000.0,0.3,2142300000.0,16800000.0,2246700000.0,,523000000.0,0.0,0.0,0.0,3121300000.0,1827600000.0,1293700000.0,6230674745.0,157200000.0,-38500000.0,41200000.0,89100000.0,-33100000.0,97200000.0,-73900000.0,0.0,113100000.0,20800000.0,88900000.0,88900000.0,88900000.0,0.0,0.0,0.077,214600000.0,130100000.0,350700000.0,0.0,2.725,18.336,18.499,696400000.0,0.0,33.945,1.396,1.396,820900000.0,1971600000.0,1148800000.0,1148800000.0,0.0,,,,,0.0,214600000.0,1.0,183552062.0,183552062.0,,6.259,3265500000.0,572400000.0,24400000.0,0.0,17.791,458000000.0
32,CBE,MRQ,2004-09-30,2004-09-30,2004-09-30,2019-04-18,-157400000.0,4977000000.0,,2006300000.0,2970700000.0,,11.721,-24500000.0,495600000.0,495600000.0,798400000.0,89300000.0,1.705,1.316,1336600000.0,189700000.0,1146900000.0,1336600000.0,0.0,31300000.0,0.0,0.0,0.0,130200000.0,161500000.0,0.142,161500000.0,130200000.0,113200000.0,0.485,0.475,0.485,2149200000.0,,2149200000.0,6302337700.0,18.0,13.446,116700000.0,0.636,1.0,341800000.0,0.3,2069100000.0,17000000.0,2572500000.0,,543400000.0,0.0,0.0,0.0,2827800000.0,1176400000.0,1651400000.0,5409137700.0,61700000.0,0.0,13100000.0,0.0,-32800000.0,-57700000.0,-24500000.0,0.0,141200000.0,2700000.0,89300000.0,89300000.0,89300000.0,0.0,0.0,0.078,211600000.0,130200000.0,339700000.0,0.0,2.517,27.1,27.442,674600000.0,0.0,29.5,1.241,1.241,836900000.0,1915800000.0,1140200000.0,1140200000.0,0.0,,,,,0.0,211600000.0,1.0,183360600.0,183360600.0,,6.218,2907900000.0,357400000.0,23900000.0,0.0,15.859,829900000.0
33,CBE,MRQ,2004-06-30,2004-06-30,2004-06-30,2019-04-18,-160400000.0,4941500000.0,,1979900000.0,2961600000.0,,11.367,-17700000.0,433900000.0,433900000.0,775200000.0,83900000.0,1.869,1.35,1327100000.0,37700000.0,1289400000.0,1327100000.0,0.0,28100000.0,0.0,0.0,0.0,122100000.0,150200000.0,0.135,150200000.0,122100000.0,104900000.0,0.455,0.445,0.455,2102900000.0,,2102900000.0,6464579691.0,20.0,14.573,138800000.0,0.75,1.0,334100000.0,0.301,2066800000.0,17200000.0,2708400000.0,,576200000.0,0.0,0.0,0.0,2838600000.0,1059500000.0,1779100000.0,5495679691.0,59200000.0,0.0,11900000.0,300000.0,-32200000.0,-75400000.0,-17700000.0,0.0,156500000.0,-4200000.0,83900000.0,83900000.0,83900000.0,0.0,0.0,0.076,212000000.0,122100000.0,365300000.0,0.0,2.613,30.38,30.624,678500000.0,0.0,29.705,1.288,1.288,817900000.0,1859300000.0,1109300000.0,1109300000.0,0.0,,,,,0.0,212000000.0,1.0,185008574.0,185008574.0,,5.996,2874700000.0,368200000.0,21000000.0,0.0,15.538,920400000.0
34,CBE,MRQ,2004-03-31,2004-03-31,2004-03-31,2019-04-18,-147200000.0,4918500000.0,,1911300000.0,3007200000.0,,11.256,-13400000.0,374700000.0,374700000.0,742000000.0,77700000.0,1.92,1.347,1343600000.0,6900000.0,1336700000.0,1343600000.0,0.0,29400000.0,0.0,0.0,0.0,114200000.0,143600000.0,0.135,143600000.0,114200000.0,97100000.0,0.415,0.405,0.415,2095500000.0,,2095500000.0,6202157186.0,20.0,14.157,49400000.0,0.265,1.0,322600000.0,0.303,2079900000.0,17100000.0,2811900000.0,,570000000.0,0.0,0.0,0.0,2823000000.0,995600000.0,1827400000.0,5322557186.0,-89000000.0,-10100000.0,12200000.0,200000.0,-32900000.0,-130000000.0,-23500000.0,0.0,62800000.0,1700000.0,77700000.0,77700000.0,77700000.0,0.0,0.0,0.073,208400000.0,114200000.0,355900000.0,0.0,2.54,31.42,31.418,699400000.0,0.0,28.59,1.277,1.277,784800000.0,1807600000.0,1064600000.0,1064600000.0,0.0,,,,,0.0,208400000.0,1.0,186168492.0,186168492.0,,5.718,2838600000.0,409700000.0,19400000.0,0.0,15.247,915700000.0
35,CBE,MRQ,2003-12-31,2003-12-31,2003-12-31,2019-04-18,-163500000.0,4965300000.0,,1960800000.0,3004500000.0,,11.345,-17800000.0,463700000.0,463700000.0,735700000.0,-51300000.0,1.919,1.344,1343300000.0,6600000.0,1336700000.0,1343300000.0,0.0,29800000.0,0.0,0.0,0.0,-16400000.0,13400000.0,0.013,13400000.0,-16400000.0,-32600000.0,-0.28,-0.28,-0.28,2118200000.0,,2118200000.0,6430877363.0,22.0,15.459,171900000.0,0.921,1.0,308300000.0,0.295,2056600000.0,16200000.0,2766400000.0,,552000000.0,0.0,0.0,0.0,2847100000.0,1021900000.0,1825200000.0,5407877363.0,169800000.0,0.0,21800000.0,-3600000.0,-32600000.0,-14500000.0,-17800000.0,0.0,189700000.0,12400000.0,-51300000.0,-51300000.0,-51300000.0,126000000.0,0.0,-0.049,227300000.0,81000000.0,329100000.0,0.0,2.553,36.466,36.206,711400000.0,0.0,28.965,1.332,1.332,738600000.0,1762800000.0,1044000000.0,1044000000.0,0.0,,,,,0.0,210400000.0,1.0,186703862.0,186703862.0,,5.592,2908700000.0,443000000.0,18700000.0,0.0,15.579,938900000.0
36,CBE,MRQ,2003-09-30,2003-09-30,2003-09-30,2019-04-18,-155200000.0,4737200000.0,,1787400000.0,2949800000.0,,11.812,-16000000.0,293900000.0,293900000.0,744800000.0,70600000.0,2.328,1.179,1316900000.0,8500000.0,1308400000.0,1316900000.0,0.0,29800000.0,0.0,0.0,0.0,106600000.0,136400000.0,0.13,136400000.0,106600000.0,88300000.0,0.38,0.375,0.38,2174400000.0,,2174400000.0,5565937008.0,15.0,11.368,121500000.0,0.66,1.0,303900000.0,0.29,2022400000.0,18300000.0,2970000000.0,,568300000.0,0.0,0.0,0.0,2562800000.0,767800000.0,1795000000.0,4420937008.0,125000000.0,0.0,39300000.0,-3600000.0,-32600000.0,3100000.0,-16000000.0,0.0,137500000.0,400000.0,70600000.0,70600000.0,70600000.0,0.0,0.0,0.067,197300000.0,106600000.0,328400000.0,0.0,2.033,19.441,19.445,716300000.0,0.0,24.015,1.105,1.105,805700000.0,1846700000.0,1048700000.0,1048700000.0,0.0,,,,,0.0,197300000.0,1.0,184090652.0,184090652.0,,5.697,2714800000.0,330600000.0,17700000.0,0.0,14.747,1019600000.0
37,CBE,MRQ,2003-06-30,2003-06-30,2003-06-30,2019-04-18,-154900000.0,4627800000.0,,1681600000.0,2946200000.0,,11.379,-12500000.0,168900000.0,168900000.0,716700000.0,72400000.0,2.219,1.214,1313900000.0,12000000.0,1301900000.0,1313900000.0,0.0,31100000.0,0.0,0.0,0.0,113600000.0,144700000.0,0.143,144700000.0,113600000.0,94100000.0,0.395,0.39,0.395,2089900000.0,,2089900000.0,5004786145.0,14.0,10.283,115900000.0,0.631,1.0,294200000.0,0.291,2024600000.0,19500000.0,2990400000.0,,611300000.0,0.0,0.0,0.0,2537900000.0,757800000.0,1780100000.0,3792586145.0,97600000.0,0.0,1700000.0,3500000.0,-32400000.0,-27200000.0,-12500000.0,0.0,128400000.0,8900000.0,72400000.0,72400000.0,72400000.0,0.0,0.0,0.072,180600000.0,113600000.0,312500000.0,0.0,1.815,17.239,17.28,729500000.0,0.0,20.65,0.959,0.959,764600000.0,1808700000.0,1010900000.0,1010900000.0,0.0,,,,,0.0,194900000.0,1.0,183660346.0,183660346.0,,5.504,2603200000.0,328900000.0,21700000.0,0.0,14.174,923800000.0
38,CBE,MRQ,2003-03-31,2003-03-31,2003-03-31,2019-04-18,-174000000.0,4537400000.0,,1567900000.0,2969500000.0,,10.835,-15500000.0,71300000.0,71300000.0,674700000.0,56600000.0,1.963,1.245,1283500000.0,7900000.0,1275600000.0,1283500000.0,0.0,30700000.0,0.0,0.0,0.0,90800000.0,121500000.0,0.127,121500000.0,90800000.0,70700000.0,0.31,0.305,0.31,2020700000.0,,2020700000.0,4466443335.0,13.0,9.315,-25800000.0,-0.138,1.0,283100000.0,0.296,1994100000.0,20100000.0,2956900000.0,,630100000.0,0.0,0.0,0.0,2516700000.0,798600000.0,1718100000.0,3329843335.0,-230700000.0,0.0,400000.0,-166400000.0,-32100000.0,-203500000.0,-15500000.0,0.0,-10300000.0,-1400000.0,56600000.0,56600000.0,56600000.0,0.0,0.0,0.059,192300000.0,90800000.0,342400000.0,0.0,1.648,15.033,14.941,735500000.0,0.0,17.855,0.844,0.844,712100000.0,1768700000.0,957800000.0,957800000.0,0.0,,,,,0.0,192300000.0,1.0,186493606.0,186493606.0,,5.136,2543300000.0,394300000.0,14100000.0,0.0,13.637,769300000.0
39,CBE,MRQ,2002-12-31,2002-12-31,2002-12-31,2019-04-18,-165400000.0,4687900000.0,,1689000000.0,2998900000.0,,10.866,-13800000.0,302000000.0,302000000.0,702600000.0,27800000.0,1.76,1.341,1438600000.0,157900000.0,1280700000.0,1438600000.0,0.0,30000000.0,0.0,0.0,0.0,57000000.0,87000000.0,0.088,87000000.0,57000000.0,36400000.0,0.15,0.15,0.15,2002400000.0,,2002400000.0,4580243515.0,13.0,9.614,161000000.0,0.874,1.0,282400000.0,0.287,1996200000.0,20600000.0,2868800000.0,,580500000.0,0.0,0.0,0.0,2685500000.0,959500000.0,1726000000.0,3358643515.0,258400000.0,0.0,500000.0,153700000.0,-32200000.0,101000000.0,-13800000.0,0.0,174800000.0,-3600000.0,27800000.0,27800000.0,27800000.0,0.0,0.0,0.028,225400000.0,57000000.0,312200000.0,0.0,1.677,15.717,15.917,750200000.0,0.0,18.225,0.848,0.848,706700000.0,1744200000.0,985000000.0,985000000.0,0.0,,,,,0.0,186300000.0,1.0,184287710.0,184287710.0,,5.345,2691700000.0,352300000.0,8600000.0,0.0,14.606,729500000.0
40,CBE,MRQ,2002-09-30,2002-09-30,2002-09-30,2019-04-18,-136400000.0,4507400000.0,,1542500000.0,2964900000.0,,10.996,-14300000.0,43600000.0,43600000.0,710300000.0,63200000.0,1.408,1.199,1265200000.0,274300000.0,990900000.0,1265200000.0,0.0,31000000.0,0.0,0.0,0.0,102500000.0,133500000.0,0.134,133500000.0,102500000.0,82900000.0,0.34,0.34,0.34,2050200000.0,,2050200000.0,4083287157.0,14.0,9.337,103700000.0,0.556,1.0,289000000.0,0.289,1983800000.0,19600000.0,2649600000.0,,607500000.0,0.0,0.0,0.0,2457200000.0,1095600000.0,1361600000.0,2829387157.0,-24600000.0,0.0,400000.0,-62600000.0,-32200000.0,-129800000.0,-14300000.0,0.0,118000000.0,1500000.0,63200000.0,63200000.0,63200000.0,0.0,0.0,0.063,186500000.0,102500000.0,366700000.0,0.0,1.38,12.949,12.97,764900000.0,0.0,15.175,0.714,0.714,781800000.0,1748600000.0,999300000.0,999300000.0,0.0,,,,,0.0,186500000.0,1.0,186450554.0,186450554.0,,5.36,2523600000.0,325800000.0,19700000.0,0.0,13.535,446900000.0
41,CBE,MRQ,2002-06-30,2002-06-30,2002-06-30,2019-04-18,-130500000.0,4573500000.0,,1653400000.0,2920100000.0,,11.039,-9000000.0,68200000.0,68200000.0,716600000.0,73900000.0,1.57,1.226,1322100000.0,228100000.0,1094000000.0,1322100000.0,0.0,30700000.0,0.0,0.0,0.0,106800000.0,137500000.0,0.137,137500000.0,106800000.0,89400000.0,0.395,0.39,0.395,2054600000.0,,2054600000.0,4975229468.0,15.0,10.328,132200000.0,0.71,1.0,284600000.0,0.284,1974300000.0,17400000.0,2800100000.0,,616300000.0,0.0,0.0,0.0,2518900000.0,1053000000.0,1465900000.0,3657229468.0,60700000.0,0.0,-1600000.0,-35700000.0,-32600000.0,-69900000.0,-9000000.0,0.0,141200000.0,-1600000.0,73900000.0,73900000.0,73900000.0,0.0,0.0,0.074,177800000.0,106800000.0,378000000.0,0.0,1.78,15.929,16.041,785800000.0,0.0,19.65,0.91,0.91,798300000.0,1717700000.0,1001200000.0,1001200000.0,0.0,,,,,0.0,177800000.0,1.0,186118548.0,186118548.0,,5.379,2599200000.0,330600000.0,15500000.0,0.0,13.965,600400000.0
42,CBE,MRQ,2002-03-31,2002-03-31,2002-03-31,2019-04-18,-132700000.0,4542700000.0,,1623100000.0,2919600000.0,,10.688,-14700000.0,7500000.0,7500000.0,701400000.0,48800000.0,1.466,1.264,1325500000.0,265700000.0,1059800000.0,1325500000.0,0.0,30000000.0,0.0,0.0,0.0,88400000.0,118400000.0,0.121,118400000.0,88400000.0,71500000.0,0.26,0.26,0.26,2006100000.0,,2006100000.0,5226355113.0,15.0,10.091,31100000.0,0.166,1.0,273600000.0,0.281,1952400000.0,16900000.0,2801400000.0,,657400000.0,0.0,0.0,0.0,2536600000.0,1106900000.0,1429700000.0,3937055113.0,-4000000.0,-1100000.0,-34000000.0,32900000.0,-32700000.0,-33800000.0,-15800000.0,0.0,45800000.0,-200000.0,48800000.0,48800000.0,48800000.0,0.0,0.0,0.05,185200000.0,88400000.0,351900000.0,0.0,1.963,17.6,17.626,806900000.0,0.0,20.975,0.963,0.963,774300000.0,2341100000.0,975000000.0,975000000.0,0.0,,,,,0.0,185200000.0,1.0,187702270.0,187702270.0,,5.194,2590300000.0,344200000.0,22700000.0,0.0,13.8,516200000.0
43,CBE,MRQ,2001-12-31,2001-12-31,2001-12-31,2019-04-18,-127800000.0,4611400000.0,,1651200000.0,2960200000.0,,10.8,-19800000.0,11500000.0,11500000.0,699800000.0,32600000.0,1.493,1.279,1300800000.0,193800000.0,1107000000.0,1300800000.0,0.0,46400000.0,0.0,0.0,0.0,1500000.0,47900000.0,0.048,47900000.0,1500000.0,-16900000.0,0.175,0.175,0.175,2023200000.0,,2023200000.0,4661606499.0,13.0,8.362,125400000.0,0.669,1.0,289800000.0,0.293,1958700000.0,18400000.0,2835900000.0,,670900000.0,0.0,0.0,0.0,2588200000.0,1106100000.0,1482100000.0,3270906499.0,-4400000.0,1400000.0,41000000.0,-98600000.0,-32800000.0,-131000000.0,-18400000.0,0.0,145200000.0,-200000.0,32600000.0,32600000.0,32600000.0,30000000.0,0.0,0.033,258300000.0,31500000.0,401400000.0,0.0,1.617,14.141,14.195,826800000.0,0.0,17.46,0.777,0.777,777100000.0,2325000000.0,989600000.0,989600000.0,0.0,,,,,0.0,168900000.0,1.0,187337142.0,187337142.0,,5.282,2652700000.0,366400000.0,-49500000.0,0.0,14.16,545100000.0
44,CBE,MRQ,2001-09-30,2001-09-30,2001-09-30,2019-04-18,-134300000.0,4668500000.0,,1676900000.0,2991600000.0,,10.723,-22800000.0,15900000.0,15900000.0,730500000.0,74300000.0,1.608,1.324,1406600000.0,181900000.0,1224700000.0,1406600000.0,0.0,47200000.0,0.0,0.0,0.0,130700000.0,177900000.0,0.169,177900000.0,130700000.0,111900000.0,0.395,0.39,0.395,2008400000.0,,2008400000.0,5329186235.0,10.0,7.413,114300000.0,0.61,1.0,321300000.0,0.305,1976900000.0,18800000.0,3039300000.0,,700400000.0,0.0,0.0,0.0,2660100000.0,1043000000.0,1617100000.0,3883686235.0,-400000.0,-3400000.0,-42000000.0,-74700000.0,-33000000.0,-111200000.0,-26200000.0,0.0,137100000.0,-100000.0,74300000.0,74300000.0,74300000.0,0.0,0.0,0.071,190600000.0,130700000.0,379300000.0,0.0,1.934,13.49,13.552,854300000.0,0.0,20.735,0.898,0.898,824600000.0,2325200000.0,1051800000.0,1051800000.0,0.0,,,,,0.0,175300000.0,1.0,187301000.0,187301000.0,,5.616,2691600000.0,296400000.0,37600000.0,0.0,14.37,633900000.0
45,CBE,MRQ,2001-06-30,2001-06-30,2001-06-30,2019-04-18,-132600000.0,4723000000.0,,1714300000.0,3008700000.0,,10.513,-27000000.0,16300000.0,16300000.0,744700000.0,68000000.0,1.588,1.4,1461800000.0,185500000.0,1276300000.0,1461800000.0,0.0,46700000.0,0.0,0.0,0.0,127000000.0,173700000.0,0.162,173700000.0,127000000.0,104600000.0,0.36,0.36,0.36,1968200000.0,,1968200000.0,5277672238.0,9.0,6.987,147600000.0,0.788,1.0,328300000.0,0.306,1969600000.0,22400000.0,3119400000.0,,734600000.0,0.0,0.0,0.0,2754800000.0,1079500000.0,1675300000.0,3706072238.0,-1500000.0,500000.0,0.0,-117800000.0,-32800000.0,-149900000.0,-26500000.0,0.0,174600000.0,300000.0,68000000.0,68000000.0,68000000.0,0.0,0.0,0.063,201300000.0,127000000.0,411000000.0,0.0,1.883,12.151,12.182,865000000.0,0.0,19.795,0.838,0.838,821300000.0,2283900000.0,1073000000.0,1073000000.0,0.0,,,,,0.0,186000000.0,1.0,187222644.0,187222644.0,,5.731,2753400000.0,316200000.0,36600000.0,1900000.0,14.707,634800000.0
46,CBE,MRQ,2001-03-31,2001-03-31,2001-03-31,2019-04-18,-133400000.0,4822200000.0,,1791200000.0,3031000000.0,,10.294,-38800000.0,17800000.0,17800000.0,768900000.0,56400000.0,1.663,1.504,1589400000.0,175300000.0,1414100000.0,1589400000.0,0.0,46100000.0,0.0,0.0,0.0,111900000.0,158000000.0,0.144,158000000.0,111900000.0,86800000.0,0.3,0.3,0.3,1925800000.0,,1925800000.0,4620487545.0,8.0,5.81,-73300000.0,-0.392,1.0,326200000.0,0.298,1987700000.0,25100000.0,3329200000.0,,737300000.0,0.0,0.0,0.0,2896400000.0,1076900000.0,1819500000.0,3128887545.0,-8600000.0,11300000.0,0.0,84800000.0,-32700000.0,53500000.0,-27500000.0,0.0,-34500000.0,-100000.0,56400000.0,56400000.0,56400000.0,0.0,0.0,0.052,214300000.0,111900000.0,406300000.0,0.0,1.625,9.484,9.476,869100000.0,0.0,16.725,0.693,0.693,842900000.0,2248700000.0,1095100000.0,1095100000.0,0.0,,,,,0.0,199500000.0,1.0,187078478.0,187078478.0,,5.854,2834500000.0,367400000.0,30400000.0,0.0,15.151,714300000.0
47,CBE,MRQ,2000-12-31,2000-12-31,2000-12-31,2019-04-18,-120500000.0,4789300000.0,,1735100000.0,3054200000.0,,10.201,-38600000.0,26400000.0,26400000.0,749000000.0,89200000.0,1.478,1.515,1518000000.0,217200000.0,1300800000.0,1518000000.0,0.0,45200000.0,0.0,0.0,0.0,164100000.0,209300000.0,0.189,209300000.0,164100000.0,137300000.0,0.475,0.475,0.475,1904200000.0,,1904200000.0,5901389092.0,9.0,7.157,206600000.0,1.107,1.0,358000000.0,0.323,2013500000.0,26800000.0,3093800000.0,,706900000.0,0.0,0.0,0.0,2885100000.0,1173600000.0,1711500000.0,4287389092.0,1700000.0,-20200000.0,1900000.0,-152500000.0,-32700000.0,-184700000.0,-58800000.0,0.0,245200000.0,0.0,89200000.0,89200000.0,89200000.0,0.0,0.0,0.081,193900000.0,164100000.0,470100000.0,0.0,2.252,11.996,12.026,870400000.0,0.0,22.969,0.961,0.961,828800000.0,2225000000.0,1107000000.0,1107000000.0,0.0,,,,,0.0,178900000.0,1.0,186661838.0,186661838.0,,5.931,2775800000.0,343300000.0,48100000.0,0.0,14.871,561500000.0
48,CBE,MRQ,2000-09-30,2000-09-30,2000-09-30,2019-04-18,-118000000.0,4774000000.0,,1716200000.0,3057800000.0,,9.886,-32500000.0,24700000.0,24700000.0,773100000.0,91400000.0,1.5,1.59,1638700000.0,263200000.0,1375500000.0,1638700000.0,0.0,45300000.0,0.0,0.0,0.0,169100000.0,214400000.0,0.187,214400000.0,169100000.0,140500000.0,0.49,0.485,0.49,1843200000.0,,1843200000.0,4973781669.0,8.0,6.203,101100000.0,0.542,1.0,372700000.0,0.325,1996700000.0,28600000.0,3247000000.0,,720200000.0,0.0,0.0,0.0,2930800000.0,1144300000.0,1786500000.0,3286081669.0,2200000.0,2500000.0,0.0,-69100000.0,-32600000.0,-101300000.0,-30000000.0,0.0,133600000.0,-100000.0,91400000.0,91400000.0,91400000.0,0.0,0.0,0.08,203600000.0,169100000.0,391600000.0,0.0,1.783,9.333,9.375,853700000.0,0.0,17.625,0.754,0.754,870400000.0,2168500000.0,1145800000.0,1145800000.0,0.0,,,,,0.0,188200000.0,1.0,186444350.0,186444350.0,,6.146,2777300000.0,308300000.0,49100000.0,7100000.0,14.896,571900000.0
49,CBE,MRQ,2000-06-30,2000-06-30,2000-06-30,2019-04-18,-104800000.0,4853300000.0,,1787900000.0,3065400000.0,,9.629,-38800000.0,22500000.0,22500000.0,794500000.0,92900000.0,1.603,1.705,1710200000.0,182500000.0,1527700000.0,1710200000.0,0.0,43900000.0,0.0,0.0,0.0,169600000.0,213500000.0,0.183,213500000.0,169600000.0,143000000.0,0.5,0.495,0.5,1794500000.0,,1794500000.0,4304414519.0,7.0,5.594,39600000.0,0.212,1.0,373700000.0,0.32,2016800000.0,26600000.0,3409000000.0,,727500000.0,0.0,0.0,0.0,3058800000.0,1115200000.0,1943600000.0,3034114519.0,-900000.0,-427500000.0,0.0,419000000.0,-32600000.0,386800000.0,-466300000.0,0.0,78400000.0,200000.0,92900000.0,92900000.0,92900000.0,0.0,0.0,0.08,204100000.0,169600000.0,417600000.0,0.0,1.691,8.792,8.849,856900000.0,0.0,16.281,0.723,0.723,898100000.0,2109800000.0,1168200000.0,1168200000.0,0.0,,,,,0.0,189400000.0,1.0,186356362.0,186356362.0,,6.269,2836500000.0,331500000.0,50100000.0,15500000.0,15.221,672700000.0
50,CBE,MRQ,2000-03-31,2000-03-31,2000-03-31,2019-04-18,-80500000.0,4399700000.0,,1659300000.0,2740400000.0,,9.377,-48600000.0,23400000.0,23400000.0,701700000.0,83900000.0,1.506,1.512,1293700000.0,164000000.0,1129700000.0,1293700000.0,0.0,40000000.0,0.0,0.0,0.0,147400000.0,187400000.0,0.18,187400000.0,147400000.0,129100000.0,0.445,0.445,0.445,1751800000.0,,1751800000.0,4330384505.0,7.0,5.84,-3200000.0,-0.017,1.0,337200000.0,0.325,1764800000.0,18300000.0,2803300000.0,,661800000.0,0.0,0.0,0.0,2647900000.0,1101900000.0,1546000000.0,3269484505.0,-3500000.0,-135200000.0,-39300000.0,206200000.0,-32700000.0,134800000.0,-183800000.0,0.0,45400000.0,100000.0,83900000.0,83900000.0,83900000.0,0.0,0.0,0.081,189800000.0,147400000.0,397900000.0,0.0,1.866,9.61,9.695,805000000.0,0.0,17.5,0.821,0.821,809900000.0,2049400000.0,1038900000.0,1038900000.0,0.0,,,,,0.0,176400000.0,1.0,186827686.0,186827686.0,,5.561,2634900000.0,334800000.0,45200000.0,36900000.0,14.103,557400000.0
51,CBE,MRQ,1999-12-31,1999-12-31,1999-12-31,2019-04-18,-69400000.0,4143400000.0,,1466600000.0,2676800000.0,,9.256,-46300000.0,26900000.0,26900000.0,677200000.0,83900000.0,1.351,1.377,1087800000.0,193300000.0,894500000.0,1087800000.0,0.0,39200000.0,0.0,0.0,0.0,147300000.0,186500000.0,0.186,186500000.0,147300000.0,131200000.0,0.445,0.445,0.445,1743100000.0,,1743100000.0,4635202481.0,8.0,6.425,109500000.0,0.581,1.0,327300000.0,0.326,1739000000.0,16100000.0,2379500000.0,,569300000.0,0.0,0.0,0.0,2400300000.0,1085800000.0,1314500000.0,3807602481.0,15000000.0,-310100000.0,30700000.0,244400000.0,-31100000.0,214100000.0,-356400000.0,0.0,155800000.0,1500000.0,83900000.0,83900000.0,83900000.0,0.0,0.0,0.084,180000000.0,147300000.0,393400000.0,0.0,2.184,11.472,11.455,768000000.0,0.0,20.219,0.984,0.984,740300000.0,1998100000.0,1004500000.0,1004500000.0,0.0,,,,,0.0,167200000.0,1.0,188320370.0,188320370.0,,5.334,2404400000.0,299900000.0,47300000.0,6600000.0,12.768,380800000.0
52,CBE,MRQ,1999-09-30,1999-09-30,1999-09-30,2019-04-18,-56900000.0,3822200000.0,,1410100000.0,2412100000.0,,8.966,-38800000.0,11900000.0,11900000.0,664400000.0,84400000.0,1.452,1.256,839500000.0,122500000.0,717000000.0,839500000.0,0.0,36600000.0,0.0,0.0,0.0,145500000.0,182100000.0,0.185,182100000.0,145500000.0,131800000.0,0.45,0.445,0.45,1694200000.0,,1694200000.0,5303649915.0,8.0,6.724,72300000.0,0.383,1.0,317800000.0,0.324,1516100000.0,13700000.0,2162600000.0,,540700000.0,0.0,0.0,0.0,2128000000.0,971100000.0,1156900000.0,4416749915.0,-2800000.0,40300000.0,-44000000.0,-64700000.0,-31000000.0,-116400000.0,1500000.0,0.0,111100000.0,1000000.0,84400000.0,84400000.0,84400000.0,0.0,0.0,0.086,172300000.0,145500000.0,347400000.0,0.0,2.607,11.629,12.018,733900000.0,0.0,23.375,1.179,1.179,738500000.0,1945000000.0,982200000.0,982200000.0,0.0,,,,,0.0,160800000.0,1.0,188951868.0,188951868.0,,5.198,2306100000.0,281100000.0,47400000.0,34600000.0,12.205,439000000.0
53,CBE,MRQ,1999-06-30,1999-06-30,1999-06-30,2019-04-18,-62700000.0,3856500000.0,,1507100000.0,2349400000.0,,8.75,-36600000.0,14700000.0,14700000.0,639800000.0,88000000.0,1.441,1.334,901600000.0,188200000.0,713400000.0,901600000.0,0.0,35900000.0,0.0,0.0,0.0,149600000.0,185500000.0,0.194,185500000.0,149600000.0,137400000.0,0.465,0.46,0.465,1652100000.0,,1652100000.0,5790845760.0,9.0,7.171,66600000.0,0.353,1.0,317700000.0,0.332,1462700000.0,12200000.0,2234600000.0,,534600000.0,0.0,0.0,0.0,2204400000.0,1046100000.0,1158300000.0,4908845760.0,0.0,-44800000.0,0.0,6100000.0,-31200000.0,-20800000.0,-81400000.0,0.0,103200000.0,-1000000.0,88000000.0,88000000.0,88000000.0,0.0,0.0,0.092,168100000.0,149600000.0,350600000.0,0.0,2.971,12.632,13.648,709200000.0,0.0,26.0,1.331,1.331,692900000.0,1891600000.0,957500000.0,957500000.0,0.0,,,,,0.0,156600000.0,1.0,188801760.0,188801760.0,,5.071,2393800000.0,442400000.0,49400000.0,31600000.0,12.679,461000000.0
54,CBE,MRQ,1999-03-31,1999-03-31,1999-03-31,2019-04-18,-55900000.0,3775500000.0,,1441000000.0,2334500000.0,,8.437,-32900000.0,14700000.0,14700000.0,622000000.0,75600000.0,1.444,1.372,896700000.0,172900000.0,723800000.0,896700000.0,0.0,35900000.0,0.0,0.0,0.0,131400000.0,167300000.0,0.181,167300000.0,131400000.0,118200000.0,0.4,0.4,0.4,1591900000.0,,1591900000.0,4899626901.0,7.0,5.891,-1100000.0,-0.006,1.0,302700000.0,0.327,1453900000.0,13200000.0,2205500000.0,,552000000.0,0.0,0.0,0.0,2183600000.0,998100000.0,1185500000.0,4021126901.0,-5700000.0,29100000.0,0.0,-3900000.0,-31100000.0,-32700000.0,-3800000.0,0.0,31800000.0,-1000000.0,75600000.0,75600000.0,75600000.0,0.0,0.0,0.082,171300000.0,131400000.0,346000000.0,0.0,2.526,9.89,11.306,700800000.0,0.0,21.313,1.092,1.092,668900000.0,1834700000.0,924700000.0,924700000.0,0.0,,,,,0.0,156300000.0,1.0,188674576.0,188674576.0,,4.901,2321600000.0,385200000.0,42600000.0,8200000.0,12.305,442900000.0
55,CBE,MRQ,1998-12-31,1998-12-31,1998-12-31,2019-04-18,-30000000.0,3779100000.0,,1417300000.0,2361800000.0,,7.557,-39000000.0,20400000.0,20400000.0,583600000.0,131800000.0,1.46,1.417,898900000.0,124400000.0,774500000.0,898900000.0,0.0,36400000.0,0.0,0.0,0.0,217500000.0,253900000.0,0.288,253900000.0,217500000.0,203100000.0,0.63,0.62,0.63,1563600000.0,,1563600000.0,7284368730.0,10.0,8.569,103600000.0,0.501,1.0,298300000.0,0.338,1470700000.0,14400000.0,2216200000.0,,533300000.0,0.0,0.0,0.0,2215500000.0,970700000.0,1244800000.0,4933568730.0,1200000.0,1875600000.0,-573200000.0,-1292700000.0,-33000000.0,-1938800000.0,1881500000.0,44900000.0,142600000.0,600000.0,131800000.0,131800000.0,131800000.0,-2900000.0,0.0,0.149,218900000.0,79400000.0,378700000.0,0.0,3.155,11.663,12.751,710500000.0,0.0,23.844,1.351,1.351,626400000.0,1790000000.0,881900000.0,881900000.0,0.0,,,,,0.0,153900000.0,1.0,206912450.0,206912450.0,,4.262,2308400000.0,417800000.0,71300000.0,0.0,11.156,446600000.0
56,CBE,MRQ,1998-09-30,1998-09-30,1998-09-30,2019-04-18,64300000.0,5832100000.0,,1290600000.0,4541500000.0,,9.305,-30000000.0,19200000.0,19200000.0,621800000.0,93200000.0,1.072,1.693,2370000000.0,344300000.0,2025700000.0,2370000000.0,0.0,34900000.0,0.0,0.0,0.0,165900000.0,200800000.0,0.217,200800000.0,165900000.0,131100000.0,0.41,0.405,0.41,2166000000.0,,2166000000.0,6664992786.0,10.0,8.382,87800000.0,0.377,1.0,302200000.0,0.327,1454900000.0,34800000.0,5524200000.0,,522000000.0,243600000.0,0.0,243600000.0,3666100000.0,1203800000.0,2462300000.0,4742992786.0,2600000.0,-60200000.0,-519000000.0,477000000.0,-37100000.0,-76800000.0,-90200000.0,0.0,117800000.0,800000.0,93200000.0,93200000.0,93200000.0,-25900000.0,0.0,0.101,162200000.0,140000000.0,358800000.0,0.0,2.19,11.855,12.021,701900000.0,0.0,20.375,1.315,1.315,673500000.0,1691000000.0,924000000.0,924000000.0,0.0,,,,,0.0,151000000.0,1.0,232784922.0,232784922.0,,3.969,4377200000.0,241100000.0,37900000.0,12800000.0,18.804,86800000.0
57,CBE,MRQ,1998-06-30,1998-06-30,1998-06-30,2019-04-18,-35900000.0,6493500000.0,,2306500000.0,4187000000.0,,10.427,-38200000.0,16600000.0,16600000.0,639800000.0,106000000.0,1.418,1.579,1938600000.0,396600000.0,1542000000.0,1938600000.0,0.0,34500000.0,0.0,0.0,0.0,175200000.0,209700000.0,0.22,209700000.0,175200000.0,147800000.0,0.445,0.44,0.445,2517500000.0,,2517500000.0,8387138107.0,13.0,11.246,66200000.0,0.274,1.0,311400000.0,0.327,2562600000.0,27400000.0,4226500000.0,,999500000.0,279100000.0,0.0,279100000.0,3976000000.0,1626400000.0,2349600000.0,6632238107.0,1200000.0,-20200000.0,-211800000.0,203400000.0,-38900000.0,-33800000.0,-58400000.0,0.0,104400000.0,-1000000.0,106000000.0,106000000.0,106000000.0,-31600000.0,0.0,0.111,167800000.0,143600000.0,531600000.0,0.0,2.634,16.2,16.064,1222000000.0,0.0,27.469,1.887,1.887,1131900000.0,1634600000.0,951200000.0,951200000.0,0.0,,,,,0.0,156700000.0,1.0,241446666.0,241446666.0,,3.94,3930900000.0,123300000.0,41800000.0,38000000.0,16.281,680100000.0
58,CBE,MRQ,1998-03-31,1998-03-31,1998-03-31,2019-04-18,-23600000.0,6473100000.0,,2257700000.0,4215400000.0,,11.004,-29300000.0,15400000.0,15400000.0,601900000.0,92000000.0,1.346,1.441,1770300000.0,435600000.0,1334700000.0,1770300000.0,0.0,31700000.0,0.0,0.0,0.0,154000000.0,185700000.0,0.208,185700000.0,154000000.0,128700000.0,0.385,0.38,0.385,2651600000.0,,2651600000.0,8600545851.0,13.0,10.978,-61200000.0,-0.254,1.0,292200000.0,0.327,2566000000.0,25300000.0,3984500000.0,,1005600000.0,320300000.0,0.0,320300000.0,3821500000.0,1677500000.0,2144000000.0,7161345851.0,-14900000.0,-231300000.0,-2400000.0,265200000.0,-39800000.0,247100000.0,-260600000.0,0.0,-31900000.0,-1000000.0,92000000.0,92000000.0,92000000.0,-26700000.0,0.0,0.103,164900000.0,127300000.0,529200000.0,0.0,2.701,17.514,17.379,1205200000.0,0.0,29.719,1.814,1.814,1036000000.0,1567100000.0,894100000.0,894100000.0,0.0,,,,,0.0,154800000.0,1.0,240970628.0,240970628.0,,3.71,3907100000.0,123900000.0,36700000.0,54300000.0,16.214,580200000.0
59,CBE,MRQ,1997-12-31,1997-12-31,1997-12-31,2019-04-18,90400000.0,5507300000.0,,1218100000.0,4289200000.0,,11.136,-33700000.0,30300000.0,30300000.0,547900000.0,108900000.0,1.186,1.052,1469500000.0,197300000.0,1272200000.0,1469500000.0,0.0,30000000.0,0.0,0.0,0.0,169000000.0,199000000.0,0.237,199000000.0,169000000.0,148900000.0,0.455,0.45,0.455,2683500000.0,,2683500000.0,,,,117700000.0,0.488,1.0,290800000.0,0.347,1279000000.0,20100000.0,4640600000.0,,484800000.0,274800000.0,0.0,274800000.0,2823800000.0,1026900000.0,1796900000.0,5903780386.0,15600000.0,-225700000.0,-47700000.0,189300000.0,-39700000.0,101900000.0,-259400000.0,0.0,151400000.0,-300000.0,108900000.0,108900000.0,108900000.0,-24300000.0,0.0,0.13,146100000.0,144700000.0,397300000.0,0.0,2.2,14.961,14.583,673300000.0,0.0,24.5,1.728,1.728,596400000.0,1514500000.0,838700000.0,838700000.0,0.0,,,,,0.0,137600000.0,1.0,240970628.0,240970628.0,,3.481,4228300000.0,195000000.0,40000000.0,288300000.0,17.547,191200000.0
60,CBE,MRQ,1997-09-30,1997-09-30,1997-09-30,2019-04-18,,,,,,,,14900000.0,,,554400000.0,102500000.0,,,,,,,,-18700000.0,,0.0,0.0,170100000.0,151400000.0,0.182,151400000.0,170100000.0,150700000.0,0.425,0.42,0.425,,,,,,,65800000.0,,1.0,275900000.0,0.332,,19400000.0,,,,,,,,,,,-500000.0,-49800000.0,-98100000.0,71000000.0,-40100000.0,-67200000.0,-34900000.0,0.0,50900000.0,-1500000.0,102500000.0,102500000.0,102500000.0,-20900000.0,0.0,0.123,149900000.0,126000000.0,,0.0,,,,,0.0,27.031,,,,,830300000.0,830300000.0,0.0,,,,,0.0,138000000.0,1.0,,,,,,,48200000.0,,,
61,CBE,MRQ,1997-06-30,1997-06-30,1997-06-30,2019-04-18,,,,,,,,-50000000.0,,,938400000.0,105500000.0,,,,,,,,55800000.0,,0.0,0.0,191500000.0,247300000.0,0.179,247300000.0,191500000.0,170200000.0,0.445,0.43,0.445,,,,,,,65500000.0,,1.0,446500000.0,0.322,,21300000.0,,,,,,,,,,,3000000.0,130000000.0,-31500000.0,-120200000.0,-40600000.0,-192300000.0,80000000.0,0.0,115500000.0,-200000.0,105500000.0,105500000.0,105500000.0,0.0,0.0,0.076,325400000.0,121100000.0,,0.0,,,,,0.0,24.875,,,,,1384900000.0,1384900000.0,0.0,,,,,0.0,238800000.0,1.0,,,,,,,64700000.0,,,
62,CBE,MRQ,1997-03-31,1997-03-31,1997-03-31,2019-04-18,,,,,,,,-43300000.0,,,905700000.0,77700000.0,,,,,,,,54900000.0,,0.0,0.0,154900000.0,209800000.0,0.159,209800000.0,154900000.0,125300000.0,0.355,0.335,0.355,,,,,,,-36400000.0,,1.0,413200000.0,0.313,,29600000.0,,,,,,,,,,,-3900000.0,-4900000.0,1400000.0,72800000.0,-37000000.0,37200000.0,-48200000.0,0.0,6900000.0,200000.0,77700000.0,77700000.0,77700000.0,0.0,0.0,0.059,256800000.0,156400000.0,,0.0,,,,,0.0,21.688,,,,,1318900000.0,1318900000.0,0.0,,,,,0.0,240800000.0,1.0,,,,,,,47600000.0,,,
63,CBE,MRQ,1996-12-31,1996-12-31,1996-12-31,2019-04-18,0.0,5950400000.0,,2098100000.0,3852300000.0,,,,16100000.0,16100000.0,,,1.519,2.148,1913700000.0,176000000.0,1737700000.0,1913700000.0,0.0,,0.0,0.0,0.0,,,,,,,,,,1890200000.0,,1890200000.0,,,,,,1.0,,,2154900000.0,,4311800000.0,,971100000.0,367100000.0,0.0,367100000.0,4060200000.0,1381300000.0,2678900000.0,,,,,,,,,,,,,,,,,,,,586200000.0,,,,14.328,1241300000.0,,21.063,,,959400000.0,1275300000.0,,,,,,,,,,1.0,,,,,3795500000.0,89000000.0,,37300000.0,,716800000.0
0,CBE,MRT,2012-09-30,2012-09-30,2012-09-30,2019-04-18,-176500000.0,7135700000.0,6754675000.0,2740700000.0,4395000000.0,0.85,25.876,-152400000.0,965800000.0,965800000.0,3784000000.0,698000000.0,1.757,0.725,1426400000.0,329700000.0,1096700000.0,1426400000.0,0.0,139800000.0,0.0,0.0,0.0,912200000.0,1052000000.0,0.183,1052000000.0,912200000.0,854800000.0,4.37,4.34,4.37,4136900000.0,3809725000.0,4136900000.0,12720776687.0,14.0,12.092,777100000.0,4.861,1.0,1959900000.0,0.341,3055800000.0,57400000.0,2980500000.0,2967975000.0,542800000.0,560600000.0,0.0,560600000.0,2998800000.0,1560000000.0,1438800000.0,12000076687.0,535200000.0,-191500000.0,116200000.0,-2900000.0,-190900000.0,-50000000.0,-343900000.0,0.0,929500000.0,-400000.0,698000000.0,698000000.0,698000000.0,0.0,0.0,0.122,1120500000.0,839400000.0,561700000.0,0.0,2.901,17.192,17.176,664400000.0,0.0,75.06,2.089,2.089,1008900000.0,4855000000.0,5743900000.0,5743900000.0,0.0,0.103,0.183,0.307,0.159,-27600000.0,1116500000.0,1.0,159873124.0,159873124.0,,35.928,4079900000.0,0.0,156800000.0,0.0,25.52,1180700000.0
1,CBE,MRT,2012-06-30,2012-06-30,2012-06-30,2019-04-18,-227600000.0,6793900000.0,6551250000.0,2509000000.0,4284900000.0,0.86,24.205,-147800000.0,706200000.0,706200000.0,3733300000.0,669800000.0,1.66,0.765,1426900000.0,330400000.0,1096500000.0,1426900000.0,0.0,137500000.0,0.0,0.0,0.0,862600000.0,1000100000.0,0.177,1000100000.0,862600000.0,803400000.0,4.19,4.16,4.19,3850300000.0,3638750000.0,3850300000.0,11657268396.0,14.0,11.656,691700000.0,4.348,1.0,1902800000.0,0.338,2977100000.0,59200000.0,3026500000.0,3078750000.0,544400000.0,552500000.0,0.0,552500000.0,2943600000.0,1511000000.0,1432600000.0,10845368396.0,-198900000.0,-396100000.0,-292600000.0,-11800000.0,-189800000.0,-474700000.0,-543900000.0,0.0,839500000.0,-19800000.0,669800000.0,669800000.0,669800000.0,0.0,0.0,0.119,1110500000.0,792300000.0,558300000.0,0.0,2.817,16.192,16.272,643300000.0,0.0,68.18,1.924,1.924,995400000.0,4716900000.0,5636100000.0,5636100000.0,0.0,0.102,0.184,0.28,0.153,-19500000.0,1106500000.0,1.0,159069645.0,159069645.0,,35.432,3816800000.0,0.0,133600000.0,0.0,23.995,998000000.0
2,CBE,MRT,2012-03-31,2012-03-31,2012-03-31,2019-04-18,-170600000.0,6641500000.0,6512675000.0,2347000000.0,4294500000.0,0.85,23.442,-116800000.0,616500000.0,616500000.0,3691100000.0,642200000.0,1.621,0.787,1428400000.0,332000000.0,1096400000.0,1428400000.0,0.0,134800000.0,0.0,0.0,0.0,834300000.0,969100000.0,0.175,969100000.0,834300000.0,772800000.0,3.99,3.95,3.99,3715700000.0,3603300000.0,3715700000.0,10887541387.0,13.0,11.235,496200000.0,3.13,1.0,1844200000.0,0.333,2986800000.0,61500000.0,3018800000.0,3182100000.0,534100000.0,549900000.0,0.0,549900000.0,2925800000.0,1447800000.0,1478000000.0,10136541387.0,-391900000.0,-360200000.0,-340700000.0,-13000000.0,-188700000.0,-526500000.0,-477000000.0,0.0,613000000.0,-1400000.0,642200000.0,642200000.0,642200000.0,0.0,0.0,0.116,1076500000.0,767700000.0,557300000.0,0.0,2.728,15.784,16.028,640300000.0,0.0,63.95,1.831,1.831,961400000.0,4556200000.0,5535300000.0,5535300000.0,0.0,0.099,0.178,0.262,0.151,-15900000.0,1072500000.0,1.0,158507293.0,158507293.0,,34.921,3654700000.0,0.0,130600000.0,0.0,23.057,899200000.0
3,CBE,MRT,2011-12-31,2011-12-31,2011-12-31,2019-04-18,-215900000.0,6447600000.0,6530625000.0,2291400000.0,4156200000.0,0.828,22.365,-108900000.0,676600000.0,676600000.0,3612500000.0,827600000.0,1.571,0.823,1427600000.0,331400000.0,1096200000.0,1427600000.0,0.0,132300000.0,0.0,0.0,0.0,1010700000.0,1143000000.0,0.211,1143000000.0,1010700000.0,947500000.0,5.08,5.02,5.08,3536000000.0,3570850000.0,3536000000.0,9558383283.0,9.0,8.363,452400000.0,2.861,1.0,1796900000.0,0.332,2893900000.0,63200000.0,2846100000.0,3232725000.0,466300000.0,521900000.0,0.0,521900000.0,2911600000.0,1458600000.0,1453000000.0,8561183283.0,-358700000.0,-304700000.0,-324800000.0,-6100000.0,-187700000.0,-502300000.0,-413600000.0,0.0,561300000.0,-4100000.0,827600000.0,827600000.0,827600000.0,-190300000.0,0.0,0.153,1043300000.0,753600000.0,502600000.0,0.0,2.421,10.345,10.659,625400000.0,0.0,54.15,1.583,1.583,878800000.0,4421800000.0,5409400000.0,5409400000.0,0.0,0.127,0.232,0.313,0.187,-16300000.0,1039300000.0,1.0,158101261.0,158101261.0,,34.215,3553700000.0,0.0,119900000.0,0.0,22.477,832800000.0
4,CBE,MRT,2011-09-30,2011-09-30,2011-09-30,2019-04-18,-166000000.0,6322000000.0,6585875000.0,2108800000.0,4213200000.0,0.804,20.93,-100400000.0,430600000.0,430600000.0,3524900000.0,809600000.0,2.089,0.831,1427800000.0,6900000.0,1420900000.0,1427800000.0,0.0,129100000.0,0.0,0.0,0.0,990000000.0,1119100000.0,0.211,1119100000.0,990000000.0,927000000.0,4.93,4.86,4.93,3453000000.0,3488375000.0,3453000000.0,8138784368.0,8.0,7.273,380100000.0,2.304,1.0,1771300000.0,0.334,2886200000.0,63000000.0,3423600000.0,3357575000.0,506300000.0,531200000.0,0.0,531200000.0,2869000000.0,1009400000.0,1859600000.0,7608984368.0,134600000.0,-286800000.0,-281400000.0,486700000.0,-186100000.0,41200000.0,-387200000.0,0.0,480500000.0,100000.0,809600000.0,809600000.0,809600000.0,-190300000.0,0.0,0.153,1028800000.0,742500000.0,465400000.0,0.0,2.204,9.398,9.355,615700000.0,0.0,46.12,1.437,1.437,942300000.0,4288900000.0,5296200000.0,5296200000.0,0.0,0.123,0.232,0.295,0.187,-22300000.0,1028800000.0,1.0,164982315.0,164982315.0,,32.102,3435800000.0,0.0,117400000.0,0.0,20.825,1099400000.0
5,CBE,MRT,2011-06-30,2011-06-30,2011-06-30,2019-04-18,-118600000.0,6639600000.0,6495100000.0,2582200000.0,4057400000.0,0.792,22.473,-100900000.0,905100000.0,905100000.0,3415300000.0,791100000.0,2.588,0.79,1434900000.0,15800000.0,1419100000.0,1434900000.0,0.0,129700000.0,0.0,0.0,0.0,976100000.0,1105800000.0,0.215,1105800000.0,976100000.0,917200000.0,4.8,4.73,4.8,3708500000.0,3382150000.0,3708500000.0,10274575383.0,11.0,9.292,325800000.0,1.974,1.0,1731900000.0,0.336,2731600000.0,58900000.0,3439900000.0,3244725000.0,505400000.0,533100000.0,0.0,533100000.0,2931100000.0,997900000.0,1933200000.0,9846775383.0,473100000.0,-82400000.0,-126000000.0,493500000.0,-183400000.0,203600000.0,-183300000.0,0.0,426700000.0,26100000.0,791100000.0,791100000.0,791100000.0,-190300000.0,0.0,0.154,997800000.0,734100000.0,491900000.0,0.0,2.655,12.447,12.431,611100000.0,0.0,59.67,1.913,1.913,916100000.0,4154500000.0,5147200000.0,5147200000.0,0.0,0.122,0.234,0.301,0.19,-19800000.0,996300000.0,1.0,165020536.0,165020536.0,,31.191,3908000000.0,0.0,126100000.0,0.0,23.682,1584300000.0
6,CBE,MRT,2011-03-31,2011-03-31,2011-03-31,2019-04-18,-129600000.0,6713300000.0,6351175000.0,2679400000.0,4033900000.0,0.805,21.812,-105700000.0,1008400000.0,1008400000.0,3403200000.0,671300000.0,2.233,0.872,1436200000.0,17400000.0,1418800000.0,1436200000.0,0.0,135100000.0,0.0,0.0,0.0,808200000.0,943300000.0,0.184,943300000.0,808200000.0,754900000.0,4.07,4.02,4.07,3585900000.0,3213525000.0,3585900000.0,11062985246.0,14.0,11.728,511200000.0,3.109,1.0,1711800000.0,0.335,2720000000.0,53300000.0,3221300000.0,3143600000.0,489800000.0,523200000.0,0.0,523200000.0,3127400000.0,1199800000.0,1927600000.0,10669585246.0,619000000.0,-88800000.0,-155800000.0,497000000.0,-180300000.0,179100000.0,-194500000.0,0.0,616900000.0,17500000.0,671300000.0,671300000.0,671300000.0,-190300000.0,0.0,0.131,996700000.0,715100000.0,479500000.0,0.0,2.975,15.894,15.946,614300000.0,0.0,64.9,2.086,2.086,885000000.0,4010300000.0,5115000000.0,5115000000.0,0.0,0.106,0.209,0.257,0.158,-18500000.0,992200000.0,1.0,164400389.0,164400389.0,,31.113,3993300000.0,0.0,83600000.0,0.0,24.29,1479600000.0
7,CBE,MRT,2010-12-31,2010-12-31,2010-12-31,2019-04-18,-165700000.0,6668600000.0,6172425000.0,2490600000.0,4178000000.0,0.821,19.705,-93900000.0,1035300000.0,1035300000.0,3380600000.0,443800000.0,2.427,1.08,1428700000.0,8300000.0,1420400000.0,1428700000.0,0.0,140100000.0,0.0,0.0,0.0,579500000.0,719600000.0,0.142,719600000.0,579500000.0,530100000.0,2.67,2.64,2.67,3206100000.0,3067125000.0,3206100000.0,10085725985.0,17.0,14.016,606600000.0,3.728,1.0,1685300000.0,0.333,2690100000.0,49400000.0,3345500000.0,3008350000.0,438900000.0,511300000.0,0.0,511300000.0,3462500000.0,1026400000.0,2436100000.0,9483925985.0,653700000.0,-93200000.0,-194700000.0,490000000.0,-177400000.0,131400000.0,-187100000.0,0.0,700500000.0,8900000.0,443800000.0,443800000.0,443800000.0,0.0,0.0,0.088,994100000.0,691200000.0,462600000.0,0.0,2.958,21.37,21.831,608300000.0,0.0,58.29,1.872,1.872,795900000.0,3658700000.0,5065900000.0,5065900000.0,0.0,0.072,0.145,0.193,0.114,-13800000.0,986100000.0,1.0,162702453.0,162702453.0,,31.136,3978500000.0,0.0,86300000.0,0.0,24.453,1464200000.0
8,CBE,MRT,2010-09-30,2010-09-30,2010-09-30,2019-04-18,-178900000.0,5958900000.0,6001375000.0,1803200000.0,4155700000.0,0.844,18.16,-112400000.0,330900000.0,330900000.0,3375200000.0,430700000.0,1.892,0.968,932700000.0,9600000.0,923100000.0,932700000.0,0.0,145200000.0,0.0,0.0,0.0,559700000.0,704900000.0,0.139,704900000.0,559700000.0,509500000.0,2.58,2.57,2.58,3028100000.0,3006425000.0,3028100000.0,8662049033.0,15.0,12.288,398100000.0,2.388,1.0,1687400000.0,0.333,2635200000.0,50200000.0,2972200000.0,2929200000.0,477800000.0,498500000.0,0.0,498500000.0,2930800000.0,953300000.0,1977500000.0,8158749033.0,-362400000.0,-96100000.0,-238400000.0,-277400000.0,-174400000.0,-681100000.0,-204700000.0,3800000.0,510500000.0,12900000.0,430700000.0,430700000.0,430700000.0,0.0,0.0,0.085,1003700000.0,683700000.0,417800000.0,0.0,2.694,18.943,18.965,589800000.0,0.0,48.93,1.612,1.612,833200000.0,3493800000.0,5062600000.0,5062600000.0,0.0,0.072,0.143,0.191,0.111,-9100000.0,991500000.0,1.0,166743287.0,166743287.0,,30.362,3323700000.0,0.0,78800000.0,0.0,19.933,849900000.0
9,CBE,MRT,2010-06-30,2010-06-30,2010-06-30,2019-04-18,-245800000.0,6063900000.0,6073300000.0,1876300000.0,4187600000.0,0.841,18.111,-93800000.0,432000000.0,432000000.0,3430100000.0,409900000.0,2.013,0.999,935300000.0,12300000.0,923000000.0,935300000.0,0.0,148400000.0,0.0,0.0,0.0,527200000.0,675600000.0,0.132,675600000.0,527200000.0,473400000.0,2.44,2.44,2.44,3034000000.0,2967350000.0,3034000000.0,7916253548.0,15.0,11.717,533800000.0,3.186,1.0,1678200000.0,0.329,2599900000.0,53800000.0,3035400000.0,2900025000.0,448700000.0,0.0,0.0,0.0,3029900000.0,931900000.0,2098000000.0,7371153548.0,-18200000.0,-59800000.0,-56600000.0,-278800000.0,-170400000.0,-496400000.0,-140000000.0,13600000.0,627600000.0,-9400000.0,409900000.0,409900000.0,409900000.0,-6600000.0,0.0,0.08,1023100000.0,655100000.0,417000000.0,0.0,2.43,17.983,18.033,584600000.0,0.0,44.0,1.443,1.443,777200000.0,3382000000.0,5108300000.0,5108300000.0,0.0,0.067,0.138,0.182,0.103,-9400000.0,1005900000.0,1.0,167526217.0,167526217.0,,30.493,3464000000.0,0.0,63500000.0,0.0,20.677,944400000.0
10,CBE,MRT,2010-03-31,2010-03-31,2010-03-31,2019-04-18,-313600000.0,5998300000.0,6090000000.0,1973100000.0,4025200000.0,0.828,17.948,-105200000.0,389400000.0,389400000.0,3420100000.0,457600000.0,2.062,0.999,934500000.0,11700000.0,922800000.0,934500000.0,0.0,147000000.0,0.0,0.0,0.0,603600000.0,750600000.0,0.149,750600000.0,603600000.0,545000000.0,2.72,2.72,2.72,3000300000.0,2901375000.0,3000300000.0,8566783727.0,14.0,11.413,565100000.0,3.38,1.0,1621300000.0,0.322,2906100000.0,58600000.0,2680300000.0,2881550000.0,502900000.0,0.0,0.0,0.0,2998000000.0,957000000.0,2041000000.0,8013983727.0,85500000.0,-51000000.0,-8300000.0,-287500000.0,-167200000.0,-455500000.0,-139600000.0,16600000.0,670300000.0,10300000.0,457600000.0,457600000.0,457600000.0,-6600000.0,0.0,0.091,1024300000.0,597000000.0,432600000.0,0.0,2.671,17.513,17.625,691900000.0,0.0,47.94,1.59,1.59,829800000.0,3351800000.0,5041400000.0,5041400000.0,0.0,0.075,0.158,0.209,0.12,-7500000.0,999700000.0,1.0,167166953.0,167166953.0,,30.158,3092200000.0,0.0,87400000.0,0.0,18.498,1016100000.0
11,CBE,MRT,2009-12-31,2009-12-31,2009-12-31,2019-04-18,-280000000.0,5984400000.0,6096475000.0,1726000000.0,4258400000.0,0.832,17.762,-119300000.0,381600000.0,381600000.0,3483800000.0,439100000.0,2.0,1.02,934400000.0,11700000.0,922700000.0,934400000.0,0.0,145600000.0,0.0,0.0,0.0,569600000.0,715200000.0,0.141,715200000.0,569600000.0,508200000.0,2.62,2.61,2.62,2963300000.0,2809350000.0,2963300000.0,7664559982.0,13.0,10.717,632600000.0,3.792,1.0,1585800000.0,0.313,2645100000.0,61400000.0,3028900000.0,2977575000.0,423900000.0,0.0,0.0,0.0,3021100000.0,863200000.0,2157900000.0,7113659982.0,122800000.0,-61400000.0,-18400000.0,-301400000.0,-167400000.0,-484500000.0,-157800000.0,22900000.0,751900000.0,13200000.0,439100000.0,439100000.0,439100000.0,-25500000.0,0.0,0.087,1041700000.0,544100000.0,347500000.0,0.0,2.401,16.201,16.275,639000000.0,0.0,42.64,1.403,1.403,697700000.0,3254100000.0,5069600000.0,5069600000.0,0.0,0.072,0.156,0.191,0.112,-2700000.0,1011800000.0,1.0,166830675.0,166830675.0,,30.388,3339300000.0,0.0,69100000.0,0.0,20.016,862800000.0
12,CBE,MRT,2009-09-30,2009-09-30,2009-09-30,2019-04-18,-265600000.0,6246600000.0,6141600000.0,2277800000.0,3968800000.0,0.869,17.223,-108200000.0,658400000.0,658400000.0,3694900000.0,421400000.0,1.744,1.175,1209300000.0,286700000.0,922600000.0,1209300000.0,0.0,144400000.0,0.0,0.0,0.0,568000000.0,712400000.0,0.134,712400000.0,568000000.0,500700000.0,2.51,2.5,2.51,2871800000.0,2720375000.0,2871800000.0,7025702188.0,12.0,9.862,856800000.0,5.139,1.0,1641300000.0,0.308,2635800000.0,67300000.0,2855500000.0,2997775000.0,502700000.0,3600000.0,3600000.0,0.0,3374800000.0,1306200000.0,2068600000.0,6264402188.0,397700000.0,-48000000.0,-213400000.0,-43500000.0,-169100000.0,-426000000.0,-127800000.0,28400000.0,965000000.0,-13500000.0,421400000.0,421400000.0,421400000.0,-25500000.0,0.0,0.079,1098800000.0,542500000.0,428000000.0,0.0,2.181,14.866,14.968,709600000.0,0.0,37.57,1.174,1.174,875800000.0,3135700000.0,5336200000.0,5336200000.0,0.0,0.069,0.155,0.189,0.106,0.0,1028300000.0,1.0,166739478.0,166739478.0,,32.003,3610800000.0,680700000.0,79300000.0,0.0,21.655,971600000.0
13,CBE,MRT,2009-06-30,2009-06-30,2009-06-30,2019-04-18,-274300000.0,6130700000.0,6206825000.0,2121200000.0,4009500000.0,0.931,16.64,-133100000.0,450200000.0,450200000.0,3988400000.0,506300000.0,1.651,1.213,1211500000.0,286800000.0,924700000.0,1211500000.0,0.0,144000000.0,0.0,0.0,0.0,675600000.0,819600000.0,0.142,819600000.0,675600000.0,606900000.0,2.98,2.95,2.98,2770100000.0,2739225000.0,2770100000.0,6084217774.0,9.0,7.423,874100000.0,5.251,1.0,1789100000.0,0.31,2645900000.0,68700000.0,2961500000.0,3175850000.0,547200000.0,12600000.0,12600000.0,0.0,3360600000.0,1284600000.0,2076000000.0,5169117774.0,295500000.0,-49600000.0,-250500000.0,-120100000.0,-171500000.0,-537400000.0,-149000000.0,33700000.0,1007200000.0,-25300000.0,506300000.0,506300000.0,506300000.0,-35500000.0,0.0,0.088,1149000000.0,640100000.0,409800000.0,0.0,1.866,10.21,10.419,728900000.0,0.0,31.05,0.895,0.895,901500000.0,3042700000.0,5777500000.0,5777500000.0,0.0,0.082,0.185,0.213,0.117,-4700000.0,1085000000.0,1.0,166477223.0,166477223.0,,34.704,3484800000.0,664400000.0,100600000.0,0.0,20.933,836600000.0
14,CBE,MRT,2009-03-31,2009-03-31,2009-03-31,2019-04-18,-350200000.0,6024200000.0,6261325000.0,2052900000.0,3971300000.0,0.995,15.751,-139800000.0,303900000.0,303900000.0,4259300000.0,578900000.0,1.555,1.289,1219000000.0,294400000.0,924600000.0,1219000000.0,0.0,144800000.0,0.0,0.0,0.0,797000000.0,941800000.0,0.151,941800000.0,797000000.0,726300000.0,3.38,3.34,3.38,2632200000.0,2762425000.0,2632200000.0,5295730930.0,7.0,5.623,856600000.0,5.126,1.0,1972700000.0,0.317,2554700000.0,70700000.0,3064400000.0,3267825000.0,610400000.0,15600000.0,15600000.0,0.0,3392000000.0,1320200000.0,2071800000.0,4321430930.0,164700000.0,-40900000.0,-263200000.0,-218900000.0,-174200000.0,-651000000.0,-138500000.0,42200000.0,996400000.0,-42200000.0,578900000.0,578900000.0,578900000.0,-35500000.0,0.0,0.093,1211200000.0,761500000.0,451800000.0,0.0,1.642,7.465,7.651,715300000.0,0.0,25.86,0.693,0.693,900100000.0,2980700000.0,6232000000.0,6232000000.0,0.0,0.092,0.21,0.244,0.128,-5300000.0,1150000000.0,1.0,167108698.0,167108698.0,,37.293,3469500000.0,740900000.0,147400000.0,0.0,20.762,732700000.0
15,CBE,MRT,2008-12-31,2008-12-31,2008-12-31,2019-04-18,-329700000.0,6164900000.0,6322325000.0,2197900000.0,3967000000.0,1.031,15.044,-135200000.0,258800000.0,258800000.0,4396700000.0,632200000.0,1.503,1.364,1233100000.0,300600000.0,932500000.0,1233100000.0,0.0,143100000.0,0.0,0.0,0.0,894200000.0,1037300000.0,0.159,1037300000.0,894200000.0,823800000.0,3.64,3.6,3.64,2607400000.0,2786075000.0,2607400000.0,6045663514.0,7.0,5.828,761200000.0,4.392,1.0,2124600000.0,0.326,2567300000.0,70400000.0,3109700000.0,3331275000.0,641800000.0,21900000.0,21900000.0,0.0,3557500000.0,1462200000.0,2095300000.0,5065963514.0,26000000.0,-6900000.0,-500100000.0,-100200000.0,-170300000.0,-759900000.0,-76400000.0,65700000.0,896400000.0,-34100000.0,632200000.0,632200000.0,632200000.0,-16600000.0,0.0,0.097,1247000000.0,877600000.0,492500000.0,0.0,1.943,8.013,8.03,728200000.0,0.0,29.23,0.777,0.777,1011400000.0,2935400000.0,6521300000.0,6521300000.0,0.0,0.1,0.227,0.268,0.137,-10200000.0,1194600000.0,1.0,173313839.0,173313839.0,,37.627,3597600000.0,743200000.0,191600000.0,0.0,20.758,735700000.0
16,CBE,MRT,2008-09-30,2008-09-30,2008-09-30,2019-04-18,-110100000.0,6507500000.0,6314475000.0,2536900000.0,3970600000.0,1.036,16.939,-119900000.0,260700000.0,260700000.0,4380500000.0,700400000.0,2.005,1.208,1240400000.0,32900000.0,1207500000.0,1240400000.0,0.0,137300000.0,0.0,0.0,0.0,965500000.0,1102800000.0,0.169,1102800000.0,965500000.0,902100000.0,3.99,3.93,3.99,2947200000.0,2844700000.0,2947200000.0,8118252909.0,8.0,7.361,781900000.0,4.494,1.0,2161700000.0,0.33,2654400000.0,63400000.0,3567800000.0,3229175000.0,716100000.0,35600000.0,35600000.0,0.0,3560300000.0,1265000000.0,2295300000.0,6951052909.0,-46700000.0,-412400000.0,-363700000.0,157300000.0,-165000000.0,-356100000.0,-569600000.0,-37300000.0,901800000.0,-22800000.0,700400000.0,700400000.0,700400000.0,-16600000.0,0.0,0.107,1219100000.0,942600000.0,588700000.0,0.0,2.359,9.924,10.013,749100000.0,0.0,39.95,1.062,1.062,1197600000.0,3055600000.0,6542200000.0,6542200000.0,0.0,0.111,0.246,0.299,0.148,-14800000.0,1211500000.0,1.0,173993815.0,173993815.0,,37.6,3853100000.0,168400000.0,201700000.0,235400000.0,22.145,1271900000.0
17,CBE,MRT,2008-06-30,2008-06-30,2008-06-30,2019-04-18,-46100000.0,6348700000.0,6129650000.0,2456400000.0,3892300000.0,1.03,16.452,-115300000.0,154700000.0,154700000.0,4218600000.0,666500000.0,1.7,1.218,1321900000.0,114400000.0,1207500000.0,1321900000.0,0.0,130700000.0,0.0,0.0,0.0,939000000.0,1069700000.0,0.169,1069700000.0,939000000.0,880600000.0,3.74,3.69,3.74,2862900000.0,2786525000.0,2862900000.0,8156949366.0,9.0,7.625,736000000.0,4.23,1.0,2097200000.0,0.332,2741800000.0,58400000.0,3329400000.0,2993700000.0,749500000.0,51300000.0,51300000.0,0.0,3485800000.0,1444700000.0,2041100000.0,6873549366.0,-485300000.0,-435200000.0,-523200000.0,-61700000.0,-159200000.0,-735200000.0,-602900000.0,-52400000.0,851300000.0,1500000.0,666500000.0,666500000.0,666500000.0,0.0,0.0,0.106,1188000000.0,909200000.0,573600000.0,0.0,2.401,10.313,10.561,768500000.0,0.0,39.5,1.088,1.088,1230900000.0,2907300000.0,6315800000.0,6315800000.0,0.0,0.109,0.239,0.314,0.149,-8400000.0,1180400000.0,1.0,174013908.0,174013908.0,,36.295,3606900000.0,270000000.0,214100000.0,0.0,20.728,1011700000.0
18,CBE,MRT,2008-03-31,2008-03-31,2008-03-31,2019-04-18,-60000000.0,6268200000.0,6026300000.0,2376100000.0,3892100000.0,1.005,15.47,-114900000.0,144800000.0,144800000.0,4047300000.0,713800000.0,1.587,1.299,1428200000.0,220800000.0,1207400000.0,1428200000.0,0.0,122800000.0,0.0,0.0,0.0,905900000.0,1028700000.0,0.17,1028700000.0,905900000.0,852900000.0,3.95,3.89,3.95,2726800000.0,2759525000.0,2726800000.0,7819964321.0,9.0,7.602,671900000.0,3.812,1.0,2007900000.0,0.332,2736500000.0,53000000.0,3318200000.0,2810875000.0,742100000.0,65000000.0,65000000.0,0.0,3541400000.0,1496900000.0,2044500000.0,7076764321.0,-165600000.0,-484500000.0,-518200000.0,347100000.0,-153600000.0,-296100000.0,-663300000.0,-63900000.0,786800000.0,7000000.0,713800000.0,713800000.0,713800000.0,0.0,0.0,0.118,1135100000.0,872800000.0,558000000.0,0.0,2.595,9.914,10.165,763100000.0,0.0,40.15,1.169,1.169,1139200000.0,2785100000.0,6055200000.0,6055200000.0,0.0,0.118,0.259,0.322,0.15,-18100000.0,1135100000.0,1.0,176258140.0,176258140.0,,34.354,3531700000.0,290600000.0,139100000.0,0.0,20.037,879200000.0
19,CBE,MRT,2007-12-31,2007-12-31,2007-12-31,2019-04-18,-80700000.0,6133500000.0,5830900000.0,2303000000.0,3830500000.0,1.012,15.782,-113700000.0,522900000.0,522900000.0,3970000000.0,692300000.0,1.408,1.158,1266100000.0,356200000.0,909900000.0,1266100000.0,0.0,118200000.0,0.0,0.0,0.0,877200000.0,995400000.0,0.169,995400000.0,877200000.0,826200000.0,3.8,3.73,3.8,2841900000.0,2714050000.0,2841900000.0,10240075526.0,12.0,10.287,681600000.0,3.785,1.0,1933100000.0,0.327,2540300000.0,51000000.0,2701300000.0,2552650000.0,643700000.0,93700000.0,93700000.0,0.0,3291600000.0,1635100000.0,1656500000.0,9522175526.0,-190700000.0,-626200000.0,-275600000.0,241300000.0,-154300000.0,-152800000.0,-833600000.0,-93700000.0,795300000.0,400000.0,692300000.0,692300000.0,692300000.0,0.0,0.0,0.117,1089000000.0,844100000.0,533100000.0,0.0,3.351,13.754,13.916,719800000.0,0.0,52.88,1.613,1.613,1048600000.0,2835100000.0,5903100000.0,5903100000.0,0.0,0.119,0.255,0.344,0.149,-25800000.0,1089000000.0,1.0,180071398.0,180071398.0,,32.782,3593200000.0,564500000.0,133900000.0,335200000.0,19.954,667900000.0
20,CBE,MRT,2007-09-30,2007-09-30,2007-09-30,2019-04-18,-100400000.0,5768200000.0,5641225000.0,2352900000.0,3415300000.0,1.01,14.777,-116900000.0,307400000.0,307400000.0,3854800000.0,641600000.0,1.684,1.125,1025300000.0,115300000.0,910000000.0,1025300000.0,0.0,114400000.0,0.0,0.0,0.0,829800000.0,944200000.0,0.166,944200000.0,829800000.0,778700000.0,3.51,3.45,3.51,2714500000.0,2622400000.0,2714500000.0,10060661525.0,12.0,10.655,573100000.0,3.12,1.0,1845500000.0,0.324,2463400000.0,51100000.0,2625900000.0,2408225000.0,665900000.0,0.0,0.0,0.0,3053700000.0,1396800000.0,1656900000.0,9384861525.0,63500000.0,-195500000.0,-214500000.0,-500000.0,-150200000.0,-330200000.0,-312400000.0,0.0,690000000.0,16100000.0,641600000.0,641600000.0,641600000.0,0.0,0.0,0.113,1047600000.0,797900000.0,544800000.0,0.0,3.457,14.627,14.556,701800000.0,0.0,51.09,1.646,1.646,1117300000.0,2694000000.0,5700300000.0,5700300000.0,0.0,0.114,0.245,0.345,0.146,-25000000.0,1047600000.0,1.0,183692729.0,183692729.0,,31.032,3304800000.0,262300000.0,137100000.0,0.0,17.991,956100000.0
21,CBE,MRT,2007-06-30,2007-06-30,2007-06-30,2019-04-18,-106400000.0,5935300000.0,5554750000.0,2605000000.0,3330300000.0,0.993,15.05,-86300000.0,640000000.0,640000000.0,3733900000.0,597900000.0,1.629,1.154,1315800000.0,408800000.0,907000000.0,1315800000.0,0.0,114900000.0,0.0,0.0,0.0,776400000.0,891300000.0,0.162,891300000.0,776400000.0,723600000.0,3.27,3.21,3.27,2754900000.0,2530700000.0,2754900000.0,11156493892.0,14.0,12.517,548400000.0,2.996,1.0,1779700000.0,0.323,2414100000.0,52800000.0,2598100000.0,2345800000.0,665900000.0,0.0,0.0,0.0,3180400000.0,1598900000.0,1581500000.0,10449993892.0,289800000.0,-366700000.0,-84000000.0,288300000.0,-146000000.0,96100000.0,-453000000.0,0.0,634700000.0,12000000.0,597900000.0,597900000.0,597900000.0,0.0,0.0,0.108,1011700000.0,768000000.0,482300000.0,0.0,3.793,17.478,17.459,680600000.0,0.0,57.09,1.895,1.895,1062800000.0,2560300000.0,5513600000.0,5513600000.0,0.0,0.108,0.236,0.331,0.141,-27800000.0,1011700000.0,1.0,183044209.0,183044209.0,,30.122,3521200000.0,236300000.0,125700000.0,0.0,19.237,1006100000.0
22,CBE,MRT,2007-03-31,2007-03-31,2007-03-31,2019-04-18,-124200000.0,5486600000.0,5407600000.0,2220400000.0,3266200000.0,0.987,13.946,-72000000.0,304800000.0,304800000.0,3619600000.0,488200000.0,1.461,1.156,1011300000.0,304900000.0,706400000.0,1011300000.0,0.0,113600000.0,0.0,0.0,0.0,716000000.0,829600000.0,0.155,829600000.0,716000000.0,663700000.0,2.67,2.62,2.67,2544900000.0,2413300000.0,2544900000.0,8795141059.0,12.0,10.602,577500000.0,3.165,1.0,1718100000.0,0.322,2387800000.0,52300000.0,2285300000.0,2358250000.0,672400000.0,0.0,0.0,0.0,2941700000.0,1520000000.0,1421700000.0,8210141059.0,-38800000.0,-321500000.0,-246000000.0,-13800000.0,-141300000.0,-308500000.0,-393500000.0,0.0,649500000.0,13700000.0,488200000.0,488200000.0,488200000.0,20300000.0,0.0,0.091,986900000.0,731200000.0,512600000.0,0.0,3.226,16.817,16.85,670200000.0,0.0,44.99,1.538,1.538,1007400000.0,2390200000.0,5337700000.0,5337700000.0,0.0,0.09,0.202,0.304,0.134,-23300000.0,986900000.0,1.0,182488132.0,182488132.0,,29.25,3098800000.0,235800000.0,175500000.0,0.0,16.981,700400000.0
23,CBE,MRT,2006-12-31,2006-12-31,2006-12-31,2019-04-18,-128400000.0,5374800000.0,5357450000.0,2193700000.0,3181100000.0,0.968,13.614,-66400000.0,423500000.0,423500000.0,3521500000.0,464000000.0,1.463,1.171,1008500000.0,305700000.0,702800000.0,1008500000.0,0.0,111700000.0,0.0,0.0,0.0,678900000.0,790600000.0,0.152,790600000.0,678900000.0,627400000.0,2.53,2.47,2.53,2475300000.0,2349800000.0,2475300000.0,8987170682.0,13.0,11.368,535000000.0,2.942,1.0,1663100000.0,0.321,2336900000.0,51500000.0,2123600000.0,2452200000.0,607600000.0,0.0,0.0,0.0,2899500000.0,1499300000.0,1400200000.0,8220970682.0,-29300000.0,-280400000.0,-175000000.0,-14800000.0,-137000000.0,-300000000.0,-346800000.0,0.0,601400000.0,16100000.0,464000000.0,464000000.0,464000000.0,20300000.0,0.0,0.089,969000000.0,694100000.0,471700000.0,0.0,3.321,17.718,17.872,665400000.0,0.0,45.215,1.586,1.586,896000000.0,2324400000.0,5184600000.0,5184600000.0,0.0,0.087,0.197,0.277,0.131,-26800000.0,969000000.0,1.0,181819544.0,181819544.0,,28.515,3037900000.0,266600000.0,163400000.0,0.0,16.708,694400000.0
24,CBE,MRT,2006-09-30,2006-09-30,2006-09-30,2019-04-18,-138400000.0,5422300000.0,5317525000.0,2109300000.0,3313000000.0,0.946,12.824,-57600000.0,243900000.0,243900000.0,3417700000.0,212200000.0,1.409,1.31,1010100000.0,306800000.0,703300000.0,1010100000.0,0.0,111900000.0,0.0,0.0,0.0,411000000.0,522900000.0,0.104,522900000.0,411000000.0,359700000.0,1.175,1.15,1.175,2347700000.0,2282275000.0,2347700000.0,8469396349.0,21.0,16.197,590100000.0,3.223,1.0,1611600000.0,0.32,2315800000.0,51300000.0,2376200000.0,2556075000.0,642200000.0,0.0,0.0,0.0,3074600000.0,1496500000.0,1578100000.0,7800796349.0,-132100000.0,-284100000.0,-373600000.0,-132400000.0,-137300000.0,-455700000.0,-341700000.0,0.0,647700000.0,17600000.0,212200000.0,212200000.0,212200000.0,247500000.0,0.0,0.042,953100000.0,658500000.0,455300000.0,0.0,3.323,36.762,36.264,662800000.0,0.0,42.61,1.551,1.551,960800000.0,2229800000.0,5029300000.0,5029300000.0,0.0,0.04,0.093,0.161,0.082,-21400000.0,953100000.0,1.0,183074310.0,183074310.0,,27.471,3106500000.0,596800000.0,147500000.0,0.0,16.969,612800000.0
25,CBE,MRT,2006-06-30,2006-06-30,2006-06-30,2019-04-18,-158100000.0,5346700000.0,5234300000.0,2216300000.0,3130400000.0,0.941,12.366,-74900000.0,350200000.0,350200000.0,3358600000.0,186000000.0,1.868,1.34,1018800000.0,18000000.0,1000800000.0,1018800000.0,0.0,108100000.0,0.0,0.0,0.0,370800000.0,478900000.0,0.097,478900000.0,370800000.0,317000000.0,1.03,1.0,1.03,2285300000.0,2293700000.0,2285300000.0,9262182189.0,25.0,19.341,493200000.0,2.669,1.0,1566500000.0,0.318,2181200000.0,53800000.0,2647900000.0,2526225000.0,631100000.0,0.0,0.0,0.0,3061400000.0,1186200000.0,1875200000.0,8586182189.0,-186800000.0,-88900000.0,-295000000.0,-272000000.0,-137600000.0,-607600000.0,-163800000.0,0.0,568100000.0,16500000.0,186000000.0,186000000.0,186000000.0,247500000.0,0.0,0.038,948200000.0,618300000.0,469600000.0,0.0,3.757,46.162,45.107,664800000.0,0.0,46.46,1.743,1.743,961600000.0,2135700000.0,4925100000.0,4925100000.0,0.0,0.036,0.081,0.147,0.075,-19800000.0,948200000.0,1.0,184808054.0,184808054.0,,26.65,3165500000.0,557800000.0,131000000.0,0.0,17.129,1030100000.0
26,CBE,MRT,2006-03-31,2006-03-31,2006-03-31,2019-04-18,-168300000.0,5286000000.0,5211425000.0,2171100000.0,3114900000.0,0.926,12.477,-80200000.0,343600000.0,343600000.0,3303000000.0,183800000.0,1.893,1.307,1019600000.0,17500000.0,1002100000.0,1019600000.0,0.0,108700000.0,0.0,0.0,0.0,359500000.0,468200000.0,0.097,468200000.0,359500000.0,300400000.0,1.015,0.98,1.015,2290900000.0,2319200000.0,2290900000.0,8547241009.0,24.0,18.256,498700000.0,2.716,1.0,1523500000.0,0.316,2154200000.0,59100000.0,2661100000.0,2427275000.0,609900000.0,0.0,0.0,0.0,2995100000.0,1146700000.0,1848400000.0,7978141009.0,-181200000.0,-87900000.0,-110500000.0,-299700000.0,-138100000.0,-575700000.0,-168100000.0,0.0,578900000.0,-16300000.0,183800000.0,183800000.0,183800000.0,227200000.0,0.0,0.038,936800000.0,586700000.0,478000000.0,0.0,3.483,43.407,42.808,671700000.0,0.0,43.45,1.653,1.653,930600000.0,2070500000.0,4826500000.0,4826500000.0,0.0,0.035,0.079,0.148,0.074,-13900000.0,936800000.0,1.0,183616594.0,183616594.0,,26.286,3131800000.0,576000000.0,116600000.0,0.0,17.056,1024400000.0
27,CBE,MRT,2005-12-31,2005-12-31,2005-12-31,2019-04-18,-176300000.0,5215100000.0,5199975000.0,2131100000.0,3084000000.0,0.91,12.034,-83100000.0,452800000.0,452800000.0,3243800000.0,163900000.0,1.835,1.365,1021900000.0,19000000.0,1002900000.0,1021900000.0,0.0,111000000.0,0.0,0.0,0.0,332600000.0,443600000.0,0.094,443600000.0,332600000.0,267800000.0,0.89,0.87,0.89,2205200000.0,2332625000.0,2205200000.0,7450222216.0,22.0,16.795,490400000.0,2.676,1.0,1486600000.0,0.314,2084000000.0,64800000.0,2539100000.0,2326125000.0,538700000.0,0.0,0.0,0.0,3009900000.0,1161100000.0,1848800000.0,6688522216.0,-200000000.0,-7100000.0,-138300000.0,-387800000.0,-138100000.0,-664200000.0,-90200000.0,0.0,573500000.0,-19100000.0,163900000.0,163900000.0,163900000.0,227200000.0,0.0,0.035,926800000.0,559800000.0,427800000.0,0.0,3.033,40.809,41.011,673700000.0,0.0,36.5,1.414,1.414,842400000.0,1997400000.0,4730400000.0,4730400000.0,0.0,0.032,0.07,0.143,0.07,0.0,926800000.0,1.0,183247184.0,183247184.0,,25.814,3131100000.0,623500000.0,103900000.0,0.0,17.087,970000000.0
28,CBE,MRT,2005-09-30,2005-09-30,2005-09-30,2019-04-18,-152500000.0,5089400000.0,5248150000.0,2045800000.0,3043600000.0,0.894,12.921,-100600000.0,376000000.0,376000000.0,3234500000.0,376000000.0,1.36,1.126,1137700000.0,457200000.0,680500000.0,1137700000.0,0.0,112900000.0,0.0,0.0,0.0,547800000.0,660700000.0,0.141,660700000.0,547800000.0,479000000.0,2.03,1.975,2.03,2393400000.0,2352950000.0,2393400000.0,7159393586.0,13.0,10.836,313000000.0,1.69,1.0,1458700000.0,0.311,2090000000.0,68800000.0,2256800000.0,2253025000.0,576100000.0,0.0,0.0,0.0,2696000000.0,1504300000.0,1191700000.0,6403593586.0,-119600000.0,-40900000.0,95900000.0,-179600000.0,-136900000.0,-386800000.0,-141500000.0,0.0,413600000.0,-4900000.0,376000000.0,376000000.0,376000000.0,0.0,0.0,0.08,910900000.0,547800000.0,385100000.0,0.0,2.676,17.031,17.03,679700000.0,0.0,34.57,1.364,1.364,919200000.0,2154900000.0,4693200000.0,4693200000.0,0.0,0.072,0.16,0.243,0.117,0.0,910900000.0,1.0,185235568.0,185235568.0,,25.336,2999400000.0,448400000.0,103000000.0,0.0,16.192,541500000.0
29,CBE,MRT,2005-06-30,2005-06-30,2005-06-30,2019-04-18,-146800000.0,5255200000.0,5220050000.0,2188200000.0,3067000000.0,0.886,12.856,-103500000.0,537000000.0,537000000.0,3204800000.0,363300000.0,1.319,1.201,1292800000.0,597900000.0,694900000.0,1292800000.0,0.0,117600000.0,0.0,0.0,0.0,531600000.0,649200000.0,0.14,649200000.0,531600000.0,462300000.0,1.96,1.91,1.96,2387300000.0,2291900000.0,2387300000.0,6752453848.0,13.0,10.401,332200000.0,1.789,1.0,1418200000.0,0.307,2100500000.0,69300000.0,2252100000.0,2331950000.0,590500000.0,0.0,0.0,0.0,2867900000.0,1658400000.0,1209500000.0,5933053848.0,103100000.0,-40900000.0,95500000.0,-28800000.0,-135300000.0,-183800000.0,-144400000.0,0.0,435700000.0,-4400000.0,363300000.0,363300000.0,363300000.0,0.0,0.0,0.079,886600000.0,531600000.0,408200000.0,0.0,2.485,16.331,16.301,685900000.0,0.0,31.95,1.283,1.283,879200000.0,2087300000.0,4623000000.0,4623000000.0,0.0,0.07,0.159,0.228,0.115,0.0,886600000.0,1.0,185698086.0,185698086.0,,24.895,3154700000.0,462100000.0,99000000.0,0.0,16.988,529800000.0
30,CBE,MRT,2005-03-31,2005-03-31,2005-03-31,2019-04-18,-141600000.0,5240200000.0,5141625000.0,2144000000.0,3096200000.0,0.884,12.652,-97000000.0,524800000.0,524800000.0,3165300000.0,349900000.0,1.277,1.235,1344200000.0,650300000.0,693900000.0,1344200000.0,0.0,117500000.0,0.0,0.0,0.0,512100000.0,629600000.0,0.139,629600000.0,512100000.0,443300000.0,1.89,1.845,1.89,2344600000.0,2220800000.0,2344600000.0,7435816380.0,15.0,11.81,334000000.0,1.802,1.0,1377800000.0,0.303,2124600000.0,68800000.0,2256500000.0,2446025000.0,579700000.0,0.0,0.0,0.0,2895600000.0,1678500000.0,1217100000.0,6627016380.0,150100000.0,-40900000.0,91600000.0,-700000.0,-132700000.0,-163200000.0,-137900000.0,0.0,431000000.0,20200000.0,349900000.0,349900000.0,349900000.0,0.0,0.0,0.077,865700000.0,512100000.0,377600000.0,0.0,2.827,18.94,18.921,688100000.0,0.0,35.76,1.459,1.459,841000000.0,2024800000.0,4543100000.0,4543100000.0,0.0,0.068,0.158,0.209,0.113,0.0,865700000.0,1.0,185319250.0,185319250.0,,24.515,3115600000.0,482000000.0,93400000.0,0.0,16.812,465500000.0
31,CBE,MRT,2004-12-31,2004-12-31,2004-12-31,2019-04-18,-132200000.0,5407800000.0,5061200000.0,2285600000.0,3122200000.0,0.882,12.457,-91000000.0,652800000.0,652800000.0,3119700000.0,339800000.0,1.251,1.365,1461600000.0,763000000.0,698600000.0,1461600000.0,0.0,117600000.0,0.0,0.0,0.0,496600000.0,614200000.0,0.138,614200000.0,496600000.0,428500000.0,1.835,1.79,1.835,2286500000.0,2158525000.0,2286500000.0,7071674745.0,14.0,11.514,382600000.0,2.084,1.0,1343200000.0,0.301,2142300000.0,68100000.0,2246700000.0,2584875000.0,523000000.0,0.0,0.0,0.0,3121300000.0,1827600000.0,1293700000.0,6230674745.0,189100000.0,-48600000.0,78400000.0,89600000.0,-131000000.0,-165900000.0,-139600000.0,0.0,473600000.0,21000000.0,339800000.0,339800000.0,339800000.0,0.0,0.0,0.076,846600000.0,496600000.0,350700000.0,0.0,2.725,18.336,18.499,696400000.0,0.0,33.945,1.396,1.396,820900000.0,1971600000.0,4462900000.0,4462900000.0,0.0,0.067,0.157,0.192,0.111,0.0,846600000.0,1.0,183552062.0,183552062.0,,24.314,3265500000.0,572400000.0,88700000.0,0.0,17.791,458000000.0
32,CBE,MRT,2004-09-30,2004-09-30,2004-09-30,2019-04-18,-157400000.0,4977000000.0,4950575000.0,2006300000.0,2970700000.0,0.88,11.721,-73400000.0,495600000.0,495600000.0,3051300000.0,199600000.0,1.705,1.316,1336600000.0,189700000.0,1146900000.0,1336600000.0,0.0,118600000.0,0.0,0.0,0.0,350100000.0,468700000.0,0.108,468700000.0,350100000.0,282600000.0,1.075,1.045,1.075,2149200000.0,2116450000.0,2149200000.0,6302337700.0,18.0,13.446,476800000.0,2.6,1.0,1306800000.0,0.3,2069100000.0,67500000.0,2572500000.0,2714800000.0,543400000.0,0.0,0.0,0.0,2827800000.0,1176400000.0,1651400000.0,5409137700.0,201700000.0,-10100000.0,59000000.0,-3100000.0,-130500000.0,-277600000.0,-83500000.0,0.0,550200000.0,12600000.0,199600000.0,199600000.0,199600000.0,126000000.0,0.0,0.046,859300000.0,447500000.0,339700000.0,0.0,2.517,27.1,27.442,674600000.0,0.0,29.5,1.241,1.241,836900000.0,1915800000.0,4358100000.0,4358100000.0,0.0,0.04,0.094,0.129,0.08,0.0,842400000.0,1.0,183360600.0,183360600.0,,23.768,2907900000.0,357400000.0,83000000.0,0.0,15.859,829900000.0
33,CBE,MRT,2004-06-30,2004-06-30,2004-06-30,2019-04-18,-160400000.0,4941500000.0,4890625000.0,1979900000.0,2961600000.0,0.872,11.367,-64900000.0,433900000.0,433900000.0,2997700000.0,180900000.0,1.869,1.35,1327100000.0,37700000.0,1289400000.0,1327100000.0,0.0,117100000.0,0.0,0.0,0.0,326500000.0,443600000.0,0.104,443600000.0,326500000.0,257700000.0,0.97,0.945,0.97,2102900000.0,2122750000.0,2102900000.0,6464579691.0,20.0,14.573,481600000.0,2.603,1.0,1268900000.0,0.297,2066800000.0,68800000.0,2708400000.0,2814175000.0,576200000.0,0.0,0.0,0.0,2838600000.0,1059500000.0,1779100000.0,5495679691.0,265000000.0,-10100000.0,85200000.0,-6700000.0,-130300000.0,-216800000.0,-75000000.0,0.0,546500000.0,10300000.0,180900000.0,180900000.0,180900000.0,126000000.0,0.0,0.042,845000000.0,423900000.0,365300000.0,0.0,2.613,30.38,30.624,678500000.0,0.0,29.705,1.288,1.288,817900000.0,1859300000.0,4266600000.0,4266600000.0,0.0,0.037,0.085,0.116,0.077,0.0,828100000.0,1.0,185008574.0,185008574.0,,23.062,2874700000.0,368200000.0,76800000.0,0.0,15.538,920400000.0
34,CBE,MRT,2004-03-31,2004-03-31,2004-03-31,2019-04-18,-147200000.0,4918500000.0,4812200000.0,1911300000.0,3007200000.0,0.866,11.256,-59700000.0,374700000.0,374700000.0,2939200000.0,169400000.0,1.92,1.347,1343600000.0,6900000.0,1336700000.0,1343600000.0,0.0,120100000.0,0.0,0.0,0.0,318000000.0,438100000.0,0.105,438100000.0,318000000.0,246900000.0,0.91,0.89,0.91,2095500000.0,2119500000.0,2095500000.0,6202157186.0,20.0,14.157,458700000.0,2.464,1.0,1229000000.0,0.295,2079900000.0,71100000.0,2811900000.0,2884675000.0,570000000.0,0.0,0.0,0.0,2823000000.0,995600000.0,1827400000.0,5322557186.0,303400000.0,-10100000.0,75000000.0,-3500000.0,-130500000.0,-168600000.0,-69800000.0,0.0,518400000.0,23400000.0,169400000.0,169400000.0,169400000.0,126000000.0,0.0,0.041,813600000.0,415400000.0,355900000.0,0.0,2.54,31.42,31.418,699400000.0,0.0,28.59,1.277,1.277,784800000.0,1807600000.0,4168200000.0,4168200000.0,0.0,0.035,0.08,0.11,0.076,0.0,811000000.0,1.0,186168492.0,186168492.0,,22.389,2838600000.0,409700000.0,77500000.0,0.0,15.247,915700000.0
35,CBE,MRT,2003-12-31,2003-12-31,2003-12-31,2019-04-18,-163500000.0,4965300000.0,4716925000.0,1960800000.0,3004500000.0,0.861,11.345,-61800000.0,463700000.0,463700000.0,2871900000.0,148300000.0,1.919,1.344,1343300000.0,6600000.0,1336700000.0,1343300000.0,0.0,121400000.0,0.0,0.0,0.0,294600000.0,416000000.0,0.102,416000000.0,294600000.0,220500000.0,0.8,0.79,0.8,2118200000.0,2100800000.0,2118200000.0,6430877363.0,22.0,15.459,383500000.0,2.054,1.0,1189500000.0,0.293,2056600000.0,74100000.0,2766400000.0,2920925000.0,552000000.0,0.0,0.0,0.0,2847100000.0,1021900000.0,1825200000.0,5407877363.0,161700000.0,0.0,63200000.0,-170100000.0,-129700000.0,-242100000.0,-61800000.0,0.0,445300000.0,20300000.0,148300000.0,148300000.0,148300000.0,126000000.0,0.0,0.037,797500000.0,392000000.0,329100000.0,0.0,2.553,36.466,36.206,711400000.0,0.0,28.965,1.332,1.332,738600000.0,1762800000.0,4061400000.0,4061400000.0,0.0,0.031,0.071,0.101,0.073,0.0,794900000.0,1.0,186703862.0,186703862.0,,21.753,2908700000.0,443000000.0,72200000.0,0.0,15.579,938900000.0
36,CBE,MRT,2003-09-30,2003-09-30,2003-09-30,2019-04-18,-155200000.0,4737200000.0,4647575000.0,1787400000.0,2949800000.0,0.861,11.812,-57800000.0,293900000.0,293900000.0,2838800000.0,227400000.0,2.328,1.179,1316900000.0,8500000.0,1308400000.0,1316900000.0,0.0,121600000.0,0.0,0.0,0.0,368000000.0,489600000.0,0.122,489600000.0,368000000.0,289500000.0,1.235,1.22,1.235,2174400000.0,2071850000.0,2174400000.0,5565937008.0,15.0,11.368,372600000.0,2.024,1.0,1163600000.0,0.291,2022400000.0,78500000.0,2970000000.0,2946525000.0,568300000.0,0.0,0.0,0.0,2562800000.0,767800000.0,1795000000.0,4420937008.0,250300000.0,0.0,41900000.0,-12800000.0,-129300000.0,-126600000.0,-57800000.0,0.0,430400000.0,4300000.0,227400000.0,227400000.0,227400000.0,0.0,0.0,0.057,795600000.0,368000000.0,328400000.0,0.0,2.033,19.441,19.445,716300000.0,0.0,24.015,1.105,1.105,805700000.0,1846700000.0,4002400000.0,4002400000.0,0.0,0.049,0.11,0.125,0.092,0.0,770800000.0,1.0,184090652.0,184090652.0,,21.741,2714800000.0,330600000.0,62100000.0,0.0,14.747,1019600000.0
37,CBE,MRT,2003-06-30,2003-06-30,2003-06-30,2019-04-18,-154900000.0,4627800000.0,4590125000.0,1681600000.0,2946200000.0,0.861,11.379,-56100000.0,168900000.0,168900000.0,2804300000.0,220000000.0,2.219,1.214,1313900000.0,12000000.0,1301900000.0,1313900000.0,0.0,122800000.0,0.0,0.0,0.0,363900000.0,486700000.0,0.123,486700000.0,363900000.0,284100000.0,1.195,1.185,1.195,2089900000.0,2040800000.0,2089900000.0,5004786145.0,14.0,10.283,354800000.0,1.932,1.0,1148700000.0,0.291,2024600000.0,79800000.0,2990400000.0,2866425000.0,611300000.0,0.0,0.0,0.0,2537900000.0,757800000.0,1780100000.0,3792586145.0,100700000.0,0.0,3000000.0,-71800000.0,-128900000.0,-259500000.0,-56100000.0,0.0,410900000.0,5400000.0,220000000.0,220000000.0,220000000.0,0.0,0.0,0.056,784800000.0,363900000.0,312500000.0,0.0,1.815,17.239,17.28,729500000.0,0.0,20.65,0.959,0.959,764600000.0,1808700000.0,3953000000.0,3953000000.0,0.0,0.048,0.108,0.127,0.092,0.0,760000000.0,1.0,183660346.0,183660346.0,,21.523,2603200000.0,328900000.0,64100000.0,0.0,14.174,923800000.0
38,CBE,MRT,2003-03-31,2003-03-31,2003-03-31,2019-04-18,-174000000.0,4537400000.0,4576550000.0,1567900000.0,2969500000.0,0.862,10.835,-52600000.0,71300000.0,71300000.0,2804200000.0,221500000.0,1.963,1.245,1283500000.0,7900000.0,1275600000.0,1283500000.0,0.0,122400000.0,0.0,0.0,0.0,357100000.0,479500000.0,0.122,479500000.0,357100000.0,279400000.0,1.195,1.185,1.195,2020700000.0,2031975000.0,2020700000.0,4466443335.0,13.0,9.315,371100000.0,1.99,1.0,1139100000.0,0.289,1994100000.0,77700000.0,2956900000.0,2818850000.0,630100000.0,0.0,0.0,0.0,2516700000.0,798600000.0,1718100000.0,3329843335.0,63800000.0,0.0,-300000.0,-111000000.0,-129100000.0,-302200000.0,-52600000.0,0.0,423700000.0,-5100000.0,221500000.0,221500000.0,221500000.0,0.0,0.0,0.056,782000000.0,357100000.0,342400000.0,0.0,1.648,15.033,14.941,735500000.0,0.0,17.855,0.844,0.844,712100000.0,1768700000.0,3943300000.0,3943300000.0,0.0,0.048,0.109,0.127,0.091,0.0,742900000.0,1.0,186493606.0,186493606.0,,21.144,2543300000.0,394300000.0,57900000.0,0.0,13.637,769300000.0
39,CBE,MRT,2002-12-31,2002-12-31,2002-12-31,2019-04-18,-165400000.0,4687900000.0,4577875000.0,1689000000.0,2998900000.0,0.865,10.866,-51800000.0,302000000.0,302000000.0,2830900000.0,213700000.0,1.76,1.341,1438600000.0,157900000.0,1280700000.0,1438600000.0,0.0,121700000.0,0.0,0.0,0.0,354700000.0,476400000.0,0.12,476400000.0,354700000.0,280200000.0,1.145,1.14,1.145,2002400000.0,2028325000.0,2002400000.0,4580243515.0,13.0,9.614,428000000.0,2.322,1.0,1129600000.0,0.285,1996200000.0,74500000.0,2868800000.0,2779975000.0,580500000.0,0.0,0.0,0.0,2685500000.0,959500000.0,1726000000.0,3358643515.0,290500000.0,-1100000.0,-34700000.0,88300000.0,-129700000.0,-132500000.0,-52900000.0,0.0,479800000.0,-3900000.0,213700000.0,213700000.0,213700000.0,0.0,0.0,0.054,774900000.0,354700000.0,312200000.0,0.0,1.677,15.717,15.917,750200000.0,0.0,18.225,0.848,0.848,706700000.0,1744200000.0,3960500000.0,3960500000.0,0.0,0.047,0.105,0.128,0.09,0.0,735800000.0,1.0,184287710.0,184287710.0,,21.491,2691700000.0,352300000.0,66500000.0,0.0,14.606,729500000.0
40,CBE,MRT,2002-09-30,2002-09-30,2002-09-30,2019-04-18,-136400000.0,4507400000.0,4558750000.0,1542500000.0,2964900000.0,0.87,10.996,-57800000.0,43600000.0,43600000.0,2828100000.0,218500000.0,1.408,1.199,1265200000.0,274300000.0,990900000.0,1265200000.0,0.0,138100000.0,0.0,0.0,0.0,299200000.0,437300000.0,0.11,437300000.0,299200000.0,226900000.0,1.17,1.165,1.17,2050200000.0,2033525000.0,2050200000.0,4083287157.0,14.0,9.337,392400000.0,2.105,1.0,1137000000.0,0.287,1983800000.0,72300000.0,2649600000.0,2771750000.0,607500000.0,0.0,0.0,0.0,2457200000.0,1095600000.0,1361600000.0,2829387157.0,27700000.0,300000.0,5800000.0,-164000000.0,-130300000.0,-364500000.0,-57500000.0,0.0,450200000.0,-500000.0,218500000.0,218500000.0,218500000.0,30000000.0,0.0,0.055,807800000.0,329200000.0,366700000.0,0.0,1.38,12.949,12.97,764900000.0,0.0,15.175,0.714,0.714,781800000.0,1748600000.0,3965100000.0,3965100000.0,0.0,0.048,0.107,0.108,0.075,0.0,718400000.0,1.0,186450554.0,186450554.0,,21.266,2523600000.0,325800000.0,8400000.0,0.0,13.535,446900000.0
41,CBE,MRT,2002-06-30,2002-06-30,2002-06-30,2019-04-18,-130500000.0,4573500000.0,4599025000.0,1653400000.0,2920100000.0,0.874,11.039,-66300000.0,68200000.0,68200000.0,2848300000.0,229600000.0,1.57,1.226,1322100000.0,228100000.0,1094000000.0,1322100000.0,0.0,154300000.0,0.0,0.0,0.0,327400000.0,481700000.0,0.12,481700000.0,327400000.0,255900000.0,1.225,1.215,1.225,2054600000.0,2023075000.0,2054600000.0,4975229468.0,15.0,10.328,403000000.0,2.165,1.0,1169300000.0,0.291,1974300000.0,71500000.0,2800100000.0,2869175000.0,616300000.0,0.0,0.0,0.0,2518900000.0,1053000000.0,1465900000.0,3657229468.0,51900000.0,-3100000.0,-36600000.0,-176100000.0,-131100000.0,-345900000.0,-69400000.0,0.0,469300000.0,-2100000.0,229600000.0,229600000.0,229600000.0,30000000.0,0.0,0.057,811900000.0,357400000.0,378000000.0,0.0,1.78,15.929,16.041,785800000.0,0.0,19.65,0.91,0.91,798300000.0,1717700000.0,4017600000.0,4017600000.0,0.0,0.05,0.113,0.114,0.081,0.0,707200000.0,1.0,186118548.0,186118548.0,,21.586,2599200000.0,330600000.0,26300000.0,0.0,13.965,600400000.0
42,CBE,MRT,2002-03-31,2002-03-31,2002-03-31,2019-04-18,-132700000.0,4542700000.0,4636400000.0,1623100000.0,2919600000.0,0.882,10.688,-84300000.0,7500000.0,7500000.0,2876400000.0,223700000.0,1.466,1.264,1325500000.0,265700000.0,1059800000.0,1325500000.0,0.0,170300000.0,0.0,0.0,0.0,347600000.0,517900000.0,0.127,517900000.0,347600000.0,271100000.0,1.19,1.185,1.19,2006100000.0,2001475000.0,2006100000.0,5226355113.0,15.0,10.091,418400000.0,2.229,1.0,1213000000.0,0.297,1952400000.0,76500000.0,2801400000.0,2949000000.0,657400000.0,0.0,0.0,0.0,2536600000.0,1106900000.0,1429700000.0,3937055113.0,-10300000.0,-2600000.0,-35000000.0,-258200000.0,-131300000.0,-425900000.0,-86900000.0,0.0,502700000.0,-200000.0,223700000.0,223700000.0,223700000.0,30000000.0,0.0,0.055,835400000.0,377600000.0,351900000.0,0.0,1.963,17.6,17.626,806900000.0,0.0,20.975,0.963,0.963,774300000.0,2341100000.0,4089400000.0,4089400000.0,0.0,0.048,0.112,0.118,0.085,0.0,715400000.0,1.0,187702270.0,187702270.0,,21.787,2590300000.0,344200000.0,47400000.0,0.0,13.8,516200000.0
43,CBE,MRT,2001-12-31,2001-12-31,2001-12-31,2019-04-18,-127800000.0,4611400000.0,4706275000.0,1651200000.0,2960200000.0,0.894,10.8,-108400000.0,11500000.0,11500000.0,2943900000.0,231300000.0,1.493,1.279,1300800000.0,193800000.0,1107000000.0,1300800000.0,0.0,186400000.0,0.0,0.0,0.0,371100000.0,557500000.0,0.132,557500000.0,371100000.0,286400000.0,1.23,1.22,1.23,2023200000.0,1981400000.0,2023200000.0,4661606499.0,13.0,8.362,314000000.0,1.676,1.0,1265600000.0,0.301,1958700000.0,84700000.0,2835900000.0,3080950000.0,670900000.0,0.0,0.0,0.0,2588200000.0,1106100000.0,1482100000.0,3270906499.0,-14900000.0,9800000.0,-1000000.0,-206300000.0,-131300000.0,-338600000.0,-98600000.0,0.0,422400000.0,-100000.0,231300000.0,231300000.0,231300000.0,30000000.0,0.0,0.055,864500000.0,401100000.0,401400000.0,0.0,1.617,14.141,14.195,826800000.0,0.0,17.46,0.777,0.777,777100000.0,2325000000.0,4209500000.0,4209500000.0,0.0,0.049,0.117,0.12,0.088,0.0,729700000.0,1.0,187337142.0,187337142.0,,22.47,2652700000.0,366400000.0,55100000.0,0.0,14.16,545100000.0
44,CBE,MRT,2001-09-30,2001-09-30,2001-09-30,2019-04-18,-134300000.0,4668500000.0,4750750000.0,1676900000.0,2991600000.0,0.911,10.723,-127200000.0,15900000.0,15900000.0,2993100000.0,287900000.0,1.608,1.324,1406600000.0,181900000.0,1224700000.0,1406600000.0,0.0,185200000.0,0.0,0.0,0.0,533700000.0,718900000.0,0.166,718900000.0,533700000.0,440600000.0,1.53,1.525,1.53,2008400000.0,1951650000.0,2008400000.0,5329186235.0,10.0,7.413,395200000.0,2.11,1.0,1333800000.0,0.308,1976900000.0,93100000.0,3039300000.0,3145425000.0,700400000.0,0.0,0.0,0.0,2660100000.0,1043000000.0,1617100000.0,3883686235.0,-8800000.0,-11800000.0,-40100000.0,-260200000.0,-131200000.0,-392300000.0,-139000000.0,0.0,522400000.0,100000.0,287900000.0,287900000.0,287900000.0,0.0,0.0,0.067,800100000.0,533700000.0,379300000.0,0.0,1.934,13.49,13.552,854300000.0,0.0,20.735,0.898,0.898,824600000.0,2325200000.0,4326900000.0,4326900000.0,0.0,0.061,0.148,0.17,0.123,0.0,739700000.0,1.0,187301000.0,187301000.0,,23.101,2691600000.0,296400000.0,152700000.0,0.0,14.37,633900000.0
45,CBE,MRT,2001-06-30,2001-06-30,2001-06-30,2019-04-18,-132600000.0,4723000000.0,4777125000.0,1714300000.0,3008700000.0,0.925,10.513,-136900000.0,16300000.0,16300000.0,3035700000.0,305000000.0,1.588,1.4,1461800000.0,185500000.0,1276300000.0,1461800000.0,0.0,183300000.0,0.0,0.0,0.0,572100000.0,755400000.0,0.171,755400000.0,572100000.0,469200000.0,1.625,1.62,1.625,1968200000.0,1910350000.0,1968200000.0,5277672238.0,9.0,6.987,382000000.0,2.04,1.0,1385200000.0,0.313,1969600000.0,102900000.0,3119400000.0,3197350000.0,734600000.0,0.0,0.0,0.0,2754800000.0,1079500000.0,1675300000.0,3706072238.0,-6200000.0,-5900000.0,1900000.0,-254600000.0,-130800000.0,-382400000.0,-142800000.0,0.0,518900000.0,100000.0,305000000.0,305000000.0,305000000.0,0.0,0.0,0.069,813100000.0,572100000.0,411000000.0,0.0,1.883,12.151,12.182,865000000.0,0.0,19.795,0.838,0.838,821300000.0,2283900000.0,4420900000.0,4420900000.0,0.0,0.064,0.16,0.179,0.129,0.0,752600000.0,1.0,187222644.0,187222644.0,,23.613,2753400000.0,316200000.0,164200000.0,1900000.0,14.707,634800000.0
46,CBE,MRT,2001-03-31,2001-03-31,2001-03-31,2019-04-18,-133400000.0,4822200000.0,4809700000.0,1791200000.0,3031000000.0,0.939,10.294,-148700000.0,17800000.0,17800000.0,3085500000.0,329900000.0,1.663,1.504,1589400000.0,175300000.0,1414100000.0,1589400000.0,0.0,180500000.0,0.0,0.0,0.0,614700000.0,795200000.0,0.176,795200000.0,614700000.0,507600000.0,1.765,1.755,1.765,1925800000.0,1866925000.0,1925800000.0,4620487545.0,8.0,5.81,274000000.0,1.465,1.0,1430600000.0,0.317,1987700000.0,107100000.0,3329200000.0,3269750000.0,737300000.0,0.0,0.0,0.0,2896400000.0,1076900000.0,1819500000.0,3128887545.0,-5600000.0,-433900000.0,1900000.0,282200000.0,-130600000.0,154300000.0,-582600000.0,0.0,422700000.0,0.0,329900000.0,329900000.0,329900000.0,0.0,0.0,0.073,815900000.0,614700000.0,406300000.0,0.0,1.625,9.484,9.476,869100000.0,0.0,16.725,0.693,0.693,842900000.0,2248700000.0,4516100000.0,4516100000.0,0.0,0.069,0.177,0.188,0.136,0.0,756000000.0,1.0,187078478.0,187078478.0,,24.14,2834500000.0,367400000.0,177700000.0,0.0,15.151,714300000.0
47,CBE,MRT,2000-12-31,2000-12-31,2000-12-31,2019-04-18,-120500000.0,4789300000.0,4704075000.0,1735100000.0,3054200000.0,0.948,10.201,-158500000.0,26400000.0,26400000.0,3018300000.0,357400000.0,1.478,1.515,1518000000.0,217200000.0,1300800000.0,1518000000.0,0.0,174400000.0,0.0,0.0,0.0,650200000.0,824600000.0,0.185,824600000.0,650200000.0,549900000.0,1.91,1.9,1.91,1904200000.0,1823425000.0,1904200000.0,5901389092.0,9.0,7.157,344100000.0,1.843,1.0,1441600000.0,0.323,2013500000.0,100300000.0,3093800000.0,3138275000.0,706900000.0,0.0,0.0,0.0,2885100000.0,1173600000.0,1711500000.0,4287389092.0,-500000.0,-580400000.0,-37400000.0,403600000.0,-130600000.0,235600000.0,-738900000.0,0.0,502600000.0,200000.0,357400000.0,357400000.0,357400000.0,0.0,0.0,0.08,791400000.0,650200000.0,470100000.0,0.0,2.252,11.996,12.026,870400000.0,0.0,22.969,0.961,0.961,828800000.0,2225000000.0,4459900000.0,4459900000.0,0.0,0.076,0.196,0.207,0.146,0.0,732900000.0,1.0,186661838.0,186661838.0,,23.893,2775800000.0,343300000.0,192500000.0,0.0,14.871,561500000.0
48,CBE,MRT,2000-09-30,2000-09-30,2000-09-30,2019-04-18,-118000000.0,4774000000.0,4542600000.0,1716200000.0,3057800000.0,0.959,9.886,-166200000.0,24700000.0,24700000.0,2946500000.0,352100000.0,1.5,1.59,1638700000.0,263200000.0,1375500000.0,1638700000.0,0.0,168400000.0,0.0,0.0,0.0,633400000.0,801800000.0,0.184,801800000.0,633400000.0,543800000.0,1.88,1.87,1.88,1843200000.0,1783150000.0,1843200000.0,4973781669.0,8.0,6.203,247000000.0,1.325,1.0,1410900000.0,0.324,1996700000.0,89600000.0,3247000000.0,2959700000.0,720200000.0,0.0,0.0,0.0,2930800000.0,1144300000.0,1786500000.0,3286081669.0,12800000.0,-870300000.0,-8600000.0,800500000.0,-129000000.0,634400000.0,-1036500000.0,0.0,413200000.0,1700000.0,352100000.0,352100000.0,352100000.0,0.0,0.0,0.081,777500000.0,633400000.0,391600000.0,0.0,1.783,9.333,9.375,853700000.0,0.0,17.625,0.754,0.754,870400000.0,2168500000.0,4357400000.0,4357400000.0,0.0,0.078,0.197,0.214,0.145,0.0,721200000.0,1.0,186444350.0,186444350.0,,23.371,2777300000.0,308300000.0,191700000.0,7100000.0,14.896,571900000.0
49,CBE,MRT,2000-06-30,2000-06-30,2000-06-30,2019-04-18,-104800000.0,4853300000.0,4304650000.0,1787900000.0,3065400000.0,0.974,9.629,-172500000.0,22500000.0,22500000.0,2837800000.0,345100000.0,1.603,1.705,1710200000.0,182500000.0,1527700000.0,1710200000.0,0.0,159700000.0,0.0,0.0,0.0,609800000.0,769500000.0,0.183,769500000.0,609800000.0,535100000.0,1.84,1.83,1.84,1794500000.0,1745900000.0,1794500000.0,4304414519.0,7.0,5.594,218200000.0,1.171,1.0,1356000000.0,0.323,2016800000.0,74700000.0,3409000000.0,2688600000.0,727500000.0,0.0,0.0,0.0,3058800000.0,1115200000.0,1943600000.0,3034114519.0,7800000.0,-832500000.0,-52600000.0,804900000.0,-127400000.0,619300000.0,-1005000000.0,0.0,390700000.0,2800000.0,345100000.0,345100000.0,345100000.0,0.0,0.0,0.082,746200000.0,609800000.0,417600000.0,0.0,1.691,8.792,8.849,856900000.0,0.0,16.281,0.723,0.723,898100000.0,2109800000.0,4193800000.0,4193800000.0,0.0,0.08,0.198,0.227,0.145,0.0,693800000.0,1.0,186356362.0,186356362.0,,22.504,2836500000.0,331500000.0,190000000.0,15500000.0,15.221,672700000.0
50,CBE,MRT,2000-03-31,2000-03-31,2000-03-31,2019-04-18,-80500000.0,4399700000.0,4055450000.0,1659300000.0,2740400000.0,0.982,9.377,-170300000.0,23400000.0,23400000.0,2683100000.0,340200000.0,1.506,1.512,1293700000.0,164000000.0,1129700000.0,1293700000.0,0.0,151700000.0,0.0,0.0,0.0,589800000.0,741500000.0,0.186,741500000.0,589800000.0,529500000.0,1.805,1.795,1.805,1751800000.0,1710300000.0,1751800000.0,4330384505.0,7.0,5.84,245200000.0,1.312,1.0,1300000000.0,0.326,1764800000.0,60300000.0,2803300000.0,2395000000.0,661800000.0,0.0,0.0,0.0,2647900000.0,1101900000.0,1546000000.0,3269484505.0,8700000.0,-449800000.0,-52600000.0,392000000.0,-126000000.0,211700000.0,-620100000.0,0.0,415500000.0,1600000.0,340200000.0,340200000.0,340200000.0,0.0,0.0,0.085,710200000.0,589800000.0,397900000.0,0.0,1.866,9.61,9.695,805000000.0,0.0,17.5,0.821,0.821,809900000.0,2049400000.0,3983100000.0,3983100000.0,0.0,0.084,0.199,0.246,0.148,0.0,661000000.0,1.0,186827686.0,186827686.0,,21.32,2634900000.0,334800000.0,189300000.0,36900000.0,14.103,557400000.0
51,CBE,MRT,1999-12-31,1999-12-31,1999-12-31,2019-04-18,-69400000.0,4143400000.0,3899400000.0,1466600000.0,2676800000.0,0.992,9.256,-154600000.0,26900000.0,26900000.0,2603400000.0,331900000.0,1.351,1.377,1087800000.0,193300000.0,894500000.0,1087800000.0,0.0,147600000.0,0.0,0.0,0.0,573800000.0,721400000.0,0.186,721400000.0,573800000.0,518600000.0,1.765,1.75,1.765,1743100000.0,1670325000.0,1743100000.0,4635202481.0,8.0,6.425,247300000.0,1.313,1.0,1265500000.0,0.327,1739000000.0,55200000.0,2379500000.0,2245550000.0,569300000.0,0.0,0.0,0.0,2400300000.0,1085800000.0,1314500000.0,3807602481.0,6500000.0,-285500000.0,-13300000.0,181900000.0,-124400000.0,44200000.0,-440100000.0,0.0,401900000.0,500000.0,331900000.0,331900000.0,331900000.0,0.0,0.0,0.086,691700000.0,573800000.0,393400000.0,0.0,2.184,11.472,11.455,768000000.0,0.0,20.219,0.984,0.984,740300000.0,1998100000.0,3868900000.0,3868900000.0,0.0,0.085,0.199,0.256,0.148,0.0,640900000.0,1.0,188320370.0,188320370.0,,20.544,2404400000.0,299900000.0,186700000.0,6600000.0,12.768,380800000.0
52,CBE,MRT,1999-09-30,1999-09-30,1999-09-30,2019-04-18,-56900000.0,3822200000.0,3808325000.0,1410100000.0,2412100000.0,0.984,8.966,-147300000.0,11900000.0,11900000.0,2509800000.0,379800000.0,1.452,1.256,839500000.0,122500000.0,717000000.0,839500000.0,0.0,144800000.0,0.0,0.0,0.0,644000000.0,788800000.0,0.211,788800000.0,644000000.0,590500000.0,1.945,1.925,1.945,1694200000.0,1625450000.0,1694200000.0,5303649915.0,8.0,6.724,241400000.0,1.278,1.0,1236500000.0,0.33,1516100000.0,53500000.0,2162600000.0,2204725000.0,540700000.0,0.0,0.0,0.0,2128000000.0,971100000.0,1156900000.0,4416749915.0,-7300000.0,1900200000.0,-617200000.0,-1355200000.0,-126300000.0,-2108700000.0,1797800000.0,44900000.0,388700000.0,-400000.0,379800000.0,379800000.0,379800000.0,-2900000.0,0.0,0.101,730600000.0,505900000.0,347400000.0,0.0,2.607,11.629,12.018,733900000.0,0.0,23.375,1.179,1.179,738500000.0,1945000000.0,3746300000.0,3746300000.0,0.0,0.1,0.234,0.292,0.172,0.0,627600000.0,1.0,188951868.0,188951868.0,,19.827,2306100000.0,281100000.0,210700000.0,34600000.0,12.205,439000000.0
53,CBE,MRT,1999-06-30,1999-06-30,1999-06-30,2019-04-18,-62700000.0,3856500000.0,4310800000.0,1507100000.0,2349400000.0,0.856,8.75,-138500000.0,14700000.0,14700000.0,2467200000.0,388600000.0,1.441,1.334,901600000.0,188200000.0,713400000.0,901600000.0,0.0,143100000.0,0.0,0.0,0.0,664400000.0,807500000.0,0.219,807500000.0,664400000.0,589800000.0,1.905,1.885,1.905,1652100000.0,1743400000.0,1652100000.0,5790845760.0,9.0,7.171,256900000.0,1.361,1.0,1220900000.0,0.331,1462700000.0,74600000.0,2234600000.0,3045125000.0,534600000.0,0.0,0.0,0.0,2204400000.0,1046100000.0,1158300000.0,4908845760.0,-1900000.0,1799700000.0,-1092200000.0,-813500000.0,-132400000.0,-2069100000.0,1706100000.0,44900000.0,395400000.0,-600000.0,388600000.0,388600000.0,388600000.0,-28800000.0,0.0,0.105,720500000.0,500400000.0,350600000.0,0.0,2.971,12.632,13.648,709200000.0,0.0,26.0,1.331,1.331,692900000.0,1891600000.0,3688100000.0,3688100000.0,0.0,0.09,0.223,0.218,0.18,0.0,617800000.0,1.0,188801760.0,188801760.0,,19.534,2393800000.0,442400000.0,201200000.0,31600000.0,12.679,461000000.0
54,CBE,MRT,1999-03-31,1999-03-31,1999-03-31,2019-04-18,-55900000.0,3775500000.0,4970050000.0,1441000000.0,2334500000.0,0.741,8.437,-140100000.0,14700000.0,14700000.0,2467200000.0,406600000.0,1.444,1.372,896700000.0,172900000.0,723800000.0,896700000.0,0.0,141700000.0,0.0,0.0,0.0,690000000.0,831700000.0,0.226,831700000.0,690000000.0,600200000.0,1.885,1.865,1.885,1591900000.0,1959750000.0,1591900000.0,4899626901.0,7.0,5.891,256500000.0,1.359,1.0,1214600000.0,0.33,1453900000.0,89800000.0,2205500000.0,3543100000.0,552000000.0,0.0,0.0,0.0,2183600000.0,998100000.0,1185500000.0,4021126901.0,-700000.0,1824300000.0,-1304000000.0,-616200000.0,-140100000.0,-2082100000.0,1729100000.0,44900000.0,396600000.0,-600000.0,406600000.0,406600000.0,406600000.0,-60400000.0,0.0,0.11,720200000.0,494400000.0,346000000.0,0.0,2.526,9.89,11.306,700800000.0,0.0,21.313,1.092,1.092,668900000.0,1834700000.0,3681800000.0,3681800000.0,0.0,0.082,0.207,0.195,0.187,0.0,617900000.0,1.0,188674576.0,188674576.0,,19.514,2321600000.0,385200000.0,193600000.0,8200000.0,12.305,442900000.0
55,CBE,MRT,1998-12-31,1998-12-31,1998-12-31,2019-04-18,-30000000.0,3779100000.0,5644450000.0,1417300000.0,2361800000.0,0.647,7.557,-136500000.0,20400000.0,20400000.0,2447100000.0,423000000.0,1.46,1.417,898900000.0,124400000.0,774500000.0,898900000.0,0.0,137500000.0,0.0,0.0,0.0,712600000.0,850100000.0,0.233,850100000.0,712600000.0,610700000.0,1.87,1.845,1.87,1563600000.0,2224675000.0,1563600000.0,7284368730.0,10.0,8.569,196400000.0,0.949,1.0,1204100000.0,0.33,1470700000.0,101900000.0,2216200000.0,3987850000.0,533300000.0,0.0,0.0,0.0,2215500000.0,970700000.0,1244800000.0,4933568730.0,-9900000.0,1563900000.0,-1306400000.0,-347100000.0,-148800000.0,-1802300000.0,1472300000.0,44900000.0,332900000.0,-600000.0,423000000.0,423000000.0,423000000.0,-87100000.0,0.0,0.116,713800000.0,490300000.0,378700000.0,0.0,3.155,11.663,12.751,710500000.0,0.0,23.844,1.351,1.351,626400000.0,1790000000.0,3651200000.0,3651200000.0,0.0,0.075,0.19,0.179,0.195,0.0,616400000.0,1.0,206912450.0,206912450.0,,17.646,2308400000.0,417800000.0,187700000.0,0.0,11.156,446600000.0
56,CBE,MRT,1998-09-30,1998-09-30,1998-09-30,2019-04-18,64300000.0,5832100000.0,6076500000.0,1290600000.0,4541500000.0,0.594,9.305,-131200000.0,19200000.0,19200000.0,2411400000.0,400100000.0,1.072,1.693,2370000000.0,344300000.0,2025700000.0,2370000000.0,0.0,131100000.0,0.0,0.0,0.0,664100000.0,795200000.0,0.22,795200000.0,664100000.0,556500000.0,1.695,1.675,1.695,2166000000.0,2504650000.0,2166000000.0,6664992786.0,10.0,8.382,210500000.0,0.904,1.0,1196600000.0,0.332,1454900000.0,107600000.0,5524200000.0,4593950000.0,522000000.0,243600000.0,0.0,243600000.0,3666100000.0,1203800000.0,2462300000.0,4742992786.0,4500000.0,-537400000.0,-780900000.0,1134900000.0,-155500000.0,238400000.0,-668600000.0,0.0,341700000.0,-1500000.0,400100000.0,400100000.0,400100000.0,-108500000.0,0.0,0.111,641000000.0,555600000.0,358800000.0,0.0,2.19,11.855,12.021,701900000.0,0.0,20.375,1.315,1.315,673500000.0,1691000000.0,3608000000.0,3608000000.0,0.0,0.066,0.16,0.145,0.184,0.0,600100000.0,1.0,232784922.0,232784922.0,,15.499,4377200000.0,241100000.0,156400000.0,12800000.0,18.804,86800000.0
57,CBE,MRT,1998-06-30,1998-06-30,1998-06-30,2019-04-18,-35900000.0,6493500000.0,,2306500000.0,4187000000.0,,10.427,-86300000.0,16600000.0,16600000.0,2344000000.0,409400000.0,1.418,1.579,1938600000.0,396600000.0,1542000000.0,1938600000.0,0.0,77500000.0,0.0,0.0,0.0,668300000.0,745800000.0,0.212,745800000.0,668300000.0,576100000.0,1.71,1.69,1.71,2517500000.0,,2517500000.0,8387138107.0,13.0,11.246,188500000.0,0.781,1.0,1170300000.0,0.333,2562600000.0,92200000.0,4226500000.0,,999500000.0,279100000.0,0.0,279100000.0,3976000000.0,1626400000.0,2349600000.0,6632238107.0,1400000.0,-527000000.0,-360000000.0,728900000.0,-158500000.0,248000000.0,-613300000.0,0.0,274800000.0,-3800000.0,409400000.0,409400000.0,409400000.0,-103500000.0,0.0,0.116,628700000.0,541600000.0,531600000.0,0.0,2.634,16.2,16.064,1222000000.0,0.0,27.469,1.887,1.887,1131900000.0,1634600000.0,3514300000.0,3514300000.0,0.0,,,,0.19,0.0,587100000.0,1.0,241446666.0,241446666.0,,14.555,3930900000.0,123300000.0,166700000.0,38000000.0,16.281,680100000.0
58,CBE,MRT,1998-03-31,1998-03-31,1998-03-31,2019-04-18,-23600000.0,6473100000.0,,2257700000.0,4215400000.0,,11.004,-98100000.0,15400000.0,15400000.0,2642600000.0,408900000.0,1.346,1.441,1770300000.0,435600000.0,1334700000.0,1770300000.0,0.0,98800000.0,0.0,0.0,0.0,684600000.0,783400000.0,0.198,783400000.0,684600000.0,598500000.0,1.71,1.68,1.71,2651600000.0,,2651600000.0,8600545851.0,13.0,10.978,187800000.0,0.779,1.0,1305400000.0,0.331,2566000000.0,86100000.0,3984500000.0,,1005600000.0,320300000.0,0.0,320300000.0,3821500000.0,1677500000.0,2144000000.0,7161345851.0,3200000.0,-376800000.0,-179700000.0,405300000.0,-160200000.0,89500000.0,-474900000.0,0.0,285900000.0,-3000000.0,408900000.0,408900000.0,408900000.0,-71900000.0,0.0,0.104,786300000.0,519100000.0,529200000.0,0.0,2.701,17.514,17.379,1205200000.0,0.0,29.719,1.814,1.814,1036000000.0,1567100000.0,3948000000.0,3948000000.0,0.0,,,,0.173,0.0,669200000.0,1.0,240970628.0,240970628.0,,16.384,3907100000.0,123900000.0,189600000.0,54300000.0,16.214,580200000.0
59,CBE,MRT,1997-12-31,1997-12-31,1997-12-31,2019-04-18,90400000.0,5507300000.0,5728850000.0,1218100000.0,4289200000.0,0.596,11.136,-112100000.0,30300000.0,30300000.0,2281600000.0,394600000.0,1.186,1.052,1469500000.0,197300000.0,1272200000.0,1469500000.0,0.0,122000000.0,0.0,0.0,0.0,658200000.0,780200000.0,0.228,780200000.0,658200000.0,567800000.0,1.68,1.63,1.68,2683500000.0,2286850000.0,2683500000.0,,,,212600000.0,0.882,1.0,1134000000.0,0.332,1279000000.0,90400000.0,4640600000.0,4476200000.0,484800000.0,274800000.0,0.0,274800000.0,2823800000.0,1026900000.0,1796900000.0,5903780386.0,14200000.0,-150400000.0,-175900000.0,212900000.0,-157400000.0,-120400000.0,-262500000.0,0.0,324700000.0,-1800000.0,394600000.0,394600000.0,394600000.0,-84600000.0,0.0,0.116,653400000.0,480600000.0,397300000.0,0.0,2.2,14.961,14.583,673300000.0,0.0,24.5,1.728,1.728,596400000.0,1514500000.0,3415600000.0,3415600000.0,0.0,0.069,0.173,0.147,0.193,0.0,580500000.0,1.0,240970628.0,240970628.0,,14.174,4228300000.0,195000000.0,173200000.0,288300000.0,17.547,191200000.0
60,CBE,MRT,1997-09-30,1997-09-30,1997-09-30,2019-04-18,,,,,,,,,,,,,,,,,,,,,,0.0,0.0,,,,,,,,,,,,,,,,,,1.0,,,,,,,,,,,,,,,,,,,,,,,,,,,,,,,,,,,,,,,,27.031,,,,,,,,,,,,,,1.0,,,,,,,,,,
61,CBE,MRT,1997-06-30,1997-06-30,1997-06-30,2019-04-18,,,,,,,,,,,,,,,,,,,,,,0.0,0.0,,,,,,,,,,,,,,,,,,1.0,,,,,,,,,,,,,,,,,,,,,,,,,,,,,,,,,,,,,,,,24.875,,,,,,,,,,,,,,1.0,,,,,,,,,,
62,CBE,MRT,1997-03-31,1997-03-31,1997-03-31,2019-04-18,,,,,,,,,,,,,,,,,,,,,,0.0,0.0,,,,,,,,,,,,,,,,,,1.0,,,,,,,,,,,,,,,,,,,,,,,,,,,,,,,,,,,,,,,,21.688,,,,,,,,,,,,,,1.0,,,,,,,,,,
63,CBE,MRT,1996-12-31,1996-12-31,1996-12-31,2019-04-18,0.0,5950400000.0,,2098100000.0,3852300000.0,,,-97100000.0,16100000.0,16100000.0,2275500000.0,315400000.0,1.519,2.148,1913700000.0,176000000.0,1737700000.0,1913700000.0,0.0,132700000.0,0.0,0.0,0.0,643100000.0,775800000.0,0.229,775800000.0,643100000.0,501000000.0,1.47,1.385,1.47,1890200000.0,,1890200000.0,,,,253200000.0,,1.0,1105000000.0,0.327,2154900000.0,142100000.0,4311800000.0,,971100000.0,367100000.0,0.0,367100000.0,4060200000.0,1381300000.0,2678900000.0,,-1600000.0,-199500000.0,1700000.0,-226700000.0,-142600000.0,-367600000.0,-65200000.0,231400000.0,350300000.0,2400000.0,315400000.0,315400000.0,315400000.0,-30300000.0,0.0,0.093,642600000.0,462400000.0,586200000.0,0.0,,,14.328,1241300000.0,0.0,21.063,,,959400000.0,1275300000.0,3380500000.0,3380500000.0,0.0,,,,0.19,0.0,595200000.0,1.0,,,,,3795500000.0,89000000.0,185600000.0,37300000.0,,716800000.0
64,CBE,MRT,1995-12-31,1995-12-31,1995-12-31,2019-04-18,,,,,,,,-163000000.0,,,3297500000.0,94000000.0,,,,,,,,218800000.0,,0.0,0.0,442400000.0,661200000.0,0.137,661200000.0,442400000.0,291400000.0,0.425,0.48,0.425,,,,,,,387300000.0,,1.0,1513400000.0,0.315,,151000000.0,,,,,,,,,,,-7600000.0,-11900000.0,-5800000.0,-185600000.0,-164000000.0,-355400000.0,-160500000.0,14400000.0,550300000.0,5700000.0,94000000.0,94000000.0,94000000.0,186600000.0,0.0,0.02,901900000.0,611500000.0,,0.0,,,43.235,,0.0,18.375,,,,,4810900000.0,4810900000.0,0.0,,,,0.092,0.0,841100000.0,,,,,,,,197400000.0,,,
