None,ticker,dimension,calendardate,datekey,reportperiod,lastupdated,accoci,assets,assetsavg,assetsc,assetsnc,assetturnover,bvps,capex,cashneq,cashnequsd,cor,consolinc,currentratio,de,debt,debtc,debtnc,debtusd,deferredrev,depamor,deposits,divyield,dps,ebit,ebitda,ebitdamargin,ebitdausd,ebitusd,ebt,eps,epsdil,epsusd,equity,equityavg,equityusd,ev,evebit,evebitda,fcf,fcfps,fxusd,gp,grossmargin,intangibles,intexp,invcap,invcapavg,inventory,investments,investmentsc,investmentsnc,liabilities,liabilitiesc,liabilitiesnc,marketcap,ncf,ncfbus,ncfcommon,ncfdebt,ncfdiv,ncff,ncfi,ncfinv,ncfo,ncfx,netinc,netinccmn,netinccmnusd,netincdis,netincnci,netmargin,opex,opinc,payables,payoutratio,pb,pe,pe1,ppnenet,prefdivis,price,ps,ps1,receivables,retearn,revenue,revenueusd,rnd,roa,roe,roic,ros,sbcomp,sgna,sharefactor,sharesbas,shareswa,shareswadil,sps,tangibles,taxassets,taxexp,taxliabilities,tbvps,workingcapital
0,BMET,MRY,2007-12-31,2007-05-31,2007-05-31,2018-10-09,45974000.0,2457861000.0,2375912000.0,1451788000.0,1006073000.0,0.887,8.357,-142611000.0,228681000.0,228681000.0,642270000.0,335892000.0,4.198,0.199,81824000.0,81824000.0,0.0,81824000.0,0.0,97005000.0,0.0,0.007,0.3,510912000.0,607917000.0,0.288,607917000.0,510912000.0,501572000.0,1.37,1.37,1.37,2049224000.0,1917252750.0,2049224000.0,10765744822.0,21.0,17.709,297142000.0,1.212,1.0,1465158000.0,0.695,522996000.0,9340000.0,1442196000.0,1438589250.0,540428000.0,45146000.0,2157000.0,42989000.0,408637000.0,345812000.0,62825000.0,10683352822.0,67718000.0,0.0,15886000.0,-196871000.0,-73455000.0,-251240000.0,-125061000.0,23987000.0,439753000.0,4266000.0,335892000.0,335892000.0,335892000.0,0.0,0.0,0.159,975556000.0,489602000.0,68709000.0,0.219,5.213,31.806,31.839,427396000.0,0.0,43.62,5.069,5.076,498738000.0,1634707000.0,2107428000.0,2107428000.0,94416000.0,0.141,0.175,0.355,0.242,14501000.0,881140000.0,1.0,244918680.0,245217000,245217000.0,8.594,1934865000.0,136777000.0,165680000.0,32853000.0,7.89,1105976000.0
1,BMET,MRY,2006-12-31,2006-05-31,2006-05-31,2018-10-09,17730000.0,2282647000.0,2168739500.0,1334153000.0,948494000.0,0.934,6.948,-108912000.0,160963000.0,160963000.0,582106000.0,405908000.0,2.578,0.327,276561000.0,276561000.0,0.0,276561000.0,0.0,82177000.0,0.0,0.007,0.25,622660000.0,704837000.0,0.348,704837000.0,622660000.0,610995000.0,1.64,1.63,1.64,1720194000.0,1622921500.0,1720194000.0,8825536566.0,14.0,12.521,304558000.0,1.23,1.0,1443633000.0,0.713,520895000.0,11665000.0,1359763000.0,1299308750.0,534515000.0,64508000.0,6380000.0,58128000.0,562453000.0,517587000.0,44866000.0,8654356566.0,56257000.0,0.0,-192428000.0,-2693000.0,-62473000.0,-257594000.0,-99065000.0,8779000.0,413470000.0,-554000.0,405908000.0,405908000.0,405908000.0,0.0,0.0,0.2,835247000.0,608386000.0,62276000.0,0.152,5.031,21.321,21.445,357632000.0,0.0,35.17,4.272,4.298,507883000.0,1379303000.0,2025739000.0,2025739000.0,84988000.0,0.187,0.25,0.479,0.307,4225000.0,750259000.0,1.0,246072123.0,247576000,248430000.0,8.182,1761752000.0,92070000.0,205087000.0,26991000.0,7.116,816566000.0
2,BMET,MRY,2005-12-31,2005-05-31,2005-05-31,2018-10-09,23251000.0,2114945000.0,2060951250.0,1192284000.0,922661000.0,0.912,6.216,-97372000.0,104706000.0,104706000.0,533355000.0,349373000.0,2.316,0.348,282193000.0,282193000.0,0.0,282193000.0,0.0,69602000.0,0.0,0.005,0.2,555626000.0,625228000.0,0.333,625228000.0,555626000.0,546469000.0,1.38,1.37,1.38,1568844000.0,1496380750.0,1568844000.0,9690843763.0,17.0,15.5,313548000.0,1.242,1.0,1346595000.0,0.716,523456000.0,9157000.0,1254130000.0,1211029750.0,469791000.0,72368000.0,10962000.0,61406000.0,546101000.0,514846000.0,31255000.0,9490249763.0,-54537000.0,-266229000.0,-215023000.0,167624000.0,-50871000.0,-98270000.0,-360682000.0,4454000.0,410920000.0,-6505000.0,349373000.0,349373000.0,349373000.0,0.0,0.0,0.186,802535000.0,544060000.0,57021000.0,0.145,6.049,27.164,27.304,322887000.0,0.0,37.68,5.048,5.059,479745000.0,1245147000.0,1879950000.0,1879950000.0,80213000.0,0.17,0.233,0.459,0.296,10471000.0,696302000.0,1.0,251864378.0,252387000,254148000.0,7.449,1591489000.0,91100000.0,197096000.0,31255000.0,6.306,677438000.0
3,BMET,MRY,2004-12-31,2004-05-31,2004-05-31,2018-10-09,1883000.0,1782905000.0,1752931500.0,1115869000.0,667036000.0,0.921,5.668,-61342000.0,159243000.0,159243000.0,462166000.0,320324000.0,3.616,0.231,109654000.0,109654000.0,0.0,109654000.0,0.0,58218000.0,0.0,0.004,0.15,497893000.0,556111000.0,0.344,556111000.0,497893000.0,493646000.0,1.25,1.25,1.25,1448210000.0,1368903500.0,1448210000.0,9909021580.0,20.0,17.818,324747000.0,1.271,1.0,1153087000.0,0.714,315639000.0,4247000.0,1109067000.0,1151272250.0,389391000.0,76369000.0,10030000.0,66339000.0,334695000.0,308610000.0,26085000.0,10163479580.0,-66407000.0,-307475000.0,-144516000.0,-11487000.0,-38604000.0,-194607000.0,-253481000.0,116541000.0,386089000.0,-4408000.0,320324000.0,320324000.0,320324000.0,0.0,0.0,0.198,666422000.0,486665000.0,55365000.0,0.12,7.018,31.729,31.958,268826000.0,0.0,39.948,6.292,6.319,465949000.0,1218682000.0,1615253000.0,1615253000.0,64964000.0,0.183,0.234,0.432,0.308,11107000.0,600208000.0,1.0,254420089.0,255512000,257204000.0,6.322,1467266000.0,69379000.0,173322000.0,45025000.0,5.742,807259000.0
4,BMET,MRY,2003-12-31,2003-05-31,2003-05-31,2018-10-09,-10340000.0,1672169000.0,1568979000.0,1111755000.0,560414000.0,0.886,4.956,-59770000.0,225650000.0,225650000.0,407295000.0,286701000.0,4.169,0.213,114120000.0,114120000.0,0.0,114120000.0,0.0,45659000.0,0.0,0.004,0.1,443662000.0,489321000.0,0.352,489321000.0,443662000.0,443662000.0,1.1,1.1,1.1,1286134000.0,1201433750.0,1286134000.0,7014884683.0,16.0,14.336,250507000.0,0.965,1.0,983005000.0,0.707,137580000.0,0.0,1156405000.0,1123208250.0,356270000.0,192944000.0,37337000.0,155607000.0,274147000.0,266654000.0,7493000.0,7067105683.0,71353000.0,0.0,-197835000.0,1443000.0,-26416000.0,-222808000.0,-19697000.0,44022000.0,310277000.0,3581000.0,286701000.0,286701000.0,286701000.0,0.0,0.0,0.206,544900000.0,438105000.0,42106000.0,0.091,5.495,24.65,24.902,253446000.0,0.0,27.392,5.083,5.113,418095000.0,1100462000.0,1390300000.0,1390300000.0,55309000.0,0.183,0.239,0.395,0.319,5579000.0,495391000.0,1.0,258000777.0,259493000,261394000.0,5.358,1534589000.0,54262000.0,156961000.0,19484000.0,5.914,845101000.0
5,BMET,MRY,2002-12-31,2002-05-31,2002-05-31,2018-10-09,-50826000.0,1521723000.0,1544809250.0,952944000.0,568779000.0,0.772,4.382,-62275000.0,154297000.0,154297000.0,332727000.0,239740000.0,4.009,0.205,90467000.0,90467000.0,0.0,90467000.0,0.0,47827000.0,0.0,0.003,0.09,367405000.0,415232000.0,0.348,415232000.0,367405000.0,367405000.0,0.89,0.88,0.89,1176479000.0,1211209250.0,1176479000.0,7373875551.0,20.0,17.758,121962000.0,0.454,1.0,859175000.0,0.721,133689000.0,0.0,1086505000.0,1028413500.0,335348000.0,232220000.0,30973000.0,201247000.0,241437000.0,237699000.0,3738000.0,7532758551.0,-80794000.0,-6735000.0,-191649000.0,26994000.0,-24268000.0,-188923000.0,-77419000.0,-5430000.0,184237000.0,1311000.0,239740000.0,239740000.0,239740000.0,0.0,0.0,0.201,488481000.0,370694000.0,36318000.0,0.101,6.403,31.421,31.583,219061000.0,0.0,28.109,6.32,6.331,365148000.0,1054020000.0,1191902000.0,1191902000.0,50750000.0,0.155,0.198,0.357,0.308,1268000.0,437731000.0,1.0,267986633.0,268475000,271245000.0,4.44,1388034000.0,49523000.0,127665000.0,20815000.0,5.17,715245000.0
6,BMET,MRY,2001-12-31,2001-05-31,2001-05-31,2018-10-09,-56028000.0,1489311000.0,1366615250.0,968379000.0,520932000.0,0.754,4.278,-35261000.0,235091000.0,235091000.0,296063000.0,197546000.0,4.005,0.216,62734000.0,62734000.0,0.0,62734000.0,0.0,42824000.0,0.0,0.002,0.071,303452000.0,346276000.0,0.336,346276000.0,303452000.0,303452000.0,0.74,0.73,0.74,1146186000.0,1059797000.0,1146186000.0,7827857259.0,26.0,22.606,155245000.0,0.579,1.0,734600000.0,0.713,143683000.0,0.0,931449000.0,885645500.0,277601000.0,228057000.0,52627000.0,175430000.0,248028000.0,241822000.0,6206000.0,7959063259.0,21485000.0,-85802000.0,23832000.0,-19785000.0,-18993000.0,-14946000.0,-156673000.0,-33150000.0,190506000.0,2598000.0,197546000.0,197546000.0,197546000.0,0.0,0.0,0.192,443913000.0,290687000.0,25744000.0,0.096,6.944,40.29,40.07,185751000.0,0.0,29.652,7.722,7.708,324848000.0,1044564000.0,1030663000.0,1030663000.0,43020000.0,0.145,0.186,0.343,0.294,7281000.0,374793000.0,1.0,268415279.0,267915000,270746000.0,3.847,1345628000.0,48982000.0,105906000.0,36868000.0,5.023,726557000.0
7,BMET,MRY,2000-12-31,2000-05-31,2000-05-31,2018-10-09,-49225000.0,1218448000.0,1169068250.0,789628000.0,428820000.0,0.79,3.569,-43067000.0,213606000.0,213606000.0,281351000.0,173771000.0,4.352,0.199,70546000.0,70546000.0,0.0,70546000.0,0.0,39766000.0,0.0,0.004,0.062,276702000.0,316468000.0,0.343,316468000.0,276702000.0,273509000.0,0.66,0.65,0.66,943323000.0,869639500.0,943323000.0,4165788716.0,15.0,13.163,94761000.0,0.359,1.0,642200000.0,0.695,69754000.0,3193000.0,824191000.0,792133250.0,240162000.0,193662000.0,34129000.0,159533000.0,187252000.0,181443000.0,5809000.0,4248245716.0,81525000.0,-22177000.0,11658000.0,19392000.0,-16468000.0,14582000.0,-67650000.0,-665000.0,137828000.0,-3235000.0,173771000.0,173771000.0,173771000.0,0.0,0.0,0.188,378526000.0,263674000.0,25612000.0,0.094,4.503,24.447,24.18,183257000.0,0.0,15.959,4.6,4.567,249792000.0,866011000.0,923551000.0,923551000.0,40208000.0,0.149,0.2,0.349,0.3,6258000.0,326618000.0,1.0,266198990.0,264294000,267242000.0,3.494,1148694000.0,25811000.0,99738000.0,22674000.0,4.346,608185000.0
8,BMET,MRY,1999-12-31,1999-05-31,1999-05-31,2018-10-09,-16366000.0,1110940000.0,978422750.0,712828000.0,398112000.0,0.849,3.042,-53570000.0,132081000.0,132081000.0,262362000.0,125026000.0,3.303,0.291,54685000.0,49649000.0,5036000.0,54685000.0,0.0,32074000.0,0.0,0.003,0.053,194254000.0,226328000.0,0.272,226328000.0,194254000.0,192343000.0,0.48,0.47,0.48,795849000.0,746642750.0,795849000.0,4386452595.0,23.0,19.381,100246000.0,0.383,1.0,568473000.0,0.684,58570000.0,1911000.0,759156000.0,682317000.0,220587000.0,206937000.0,60078000.0,146859000.0,231363000.0,215818000.0,15545000.0,4470458595.0,11305000.0,-3437000.0,2131000.0,38699000.0,-13453000.0,27377000.0,-172702000.0,-102883000.0,153816000.0,2814000.0,125026000.0,125026000.0,125026000.0,0.0,0.0,0.15,382571000.0,185902000.0,30892000.0,0.11,5.617,35.756,36.82,177383000.0,0.0,17.674,5.381,5.566,223613000.0,706094000.0,830835000.0,830835000.0,38723000.0,0.128,0.167,0.285,0.234,1211000.0,295401000.0,1.0,252943553.0,261662000,265815000.0,3.175,1052370000.0,52811000.0,67317000.0,28760000.0,4.022,497010000.0
9,BMET,MRY,1998-12-31,1998-05-31,1998-05-31,2018-10-09,-12423000.0,848739000.0,738547500.0,570792000.0,277947000.0,0.956,2.564,-45762000.0,117089000.0,117089000.0,224301000.0,127859000.0,5.821,0.162,6345000.0,6345000.0,0.0,6345000.0,0.0,25389000.0,0.0,0.004,0.049,209766000.0,235155000.0,0.333,235155000.0,209766000.0,208917000.0,0.493,0.487,0.493,667418000.0,610123000.0,667418000.0,3137145132.0,15.0,13.341,79024000.0,0.304,1.0,481849000.0,0.682,61260000.0,849000.0,578676000.0,515779500.0,186535000.0,104793000.0,31618000.0,73175000.0,108089000.0,98059000.0,10030000.0,3218718132.0,36677000.0,-16020000.0,2125000.0,1112000.0,-12256000.0,-5811000.0,-80231000.0,-16272000.0,124786000.0,-2067000.0,127859000.0,127859000.0,127859000.0,0.0,0.0,0.181,296240000.0,185609000.0,16581000.0,0.099,4.823,25.174,25.919,139772000.0,0.0,12.778,4.558,4.711,188800000.0,584920000.0,706150000.0,706150000.0,39731000.0,0.173,0.21,0.407,0.297,0.0,256509000.0,1.0,251891357.0,260329500,264630000.0,2.713,787479000.0,0.0,81058000.0,15218000.0,3.025,472733000.0
10,BMET,MRY,1997-12-31,1997-05-31,1997-05-31,2018-10-09,-9210000.0,628356000.0,,464240000.0,164116000.0,,2.16,-21380000.0,82034000.0,82034000.0,185795000.0,106454000.0,6.367,0.137,5568000.0,5568000.0,0.0,5568000.0,0.0,18540000.0,0.0,0.005,0.044,169783000.0,188323000.0,0.325,188323000.0,169783000.0,169132000.0,0.418,0.413,0.418,552828000.0,,552828000.0,,,,100303000.0,0.392,1.0,394552000.0,0.68,26093000.0,651000.0,452883000.0,,151523000.0,85764000.0,41237000.0,44527000.0,75528000.0,72914000.0,2614000.0,,-24034000.0,-10670000.0,-79308000.0,2884000.0,-11474000.0,-86583000.0,-56151000.0,-22060000.0,121683000.0,-2983000.0,106454000.0,106454000.0,106454000.0,0.0,0.0,0.183,234741000.0,159811000.0,17140000.0,0.105,,,19.851,90912000.0,0.0,8.298,,3.66,162135000.0,472450000.0,580347000.0,580347000.0,23201000.0,,,,0.293,0.0,211540000.0,1.0,,255971250,257888250.0,2.267,602263000.0,0.0,62678000.0,14410000.0,2.353,391326000.0
11,BMET,MRY,1996-12-31,1996-05-31,1996-05-31,2018-10-09,,,,,,,,-14065000.0,,,174364000.0,94106000.0,,,,,,,,20812000.0,,0.0,0.0,150785000.0,171597000.0,0.321,171597000.0,150785000.0,149669000.0,0.364,0.36,0.364,,,,,,,53221000.0,0.205,1.0,360795000.0,0.674,,1116000.0,,,,,,,,,,,71977000.0,0.0,-6556000.0,-65000.0,0.0,-5422000.0,13361000.0,29193000.0,67286000.0,-3248000.0,94106000.0,94106000.0,94106000.0,0.0,0.0,0.176,223515000.0,137280000.0,,0.0,,,17.021,,0.0,6.195,,3.008,,,535159000.0,535159000.0,24054000.0,,,,0.282,0.0,199461000.0,,,259787250,262687500.0,2.06,,,55563000.0,,,
0,BMET,MRQ,2007-06-30,2007-05-31,2007-05-31,2018-10-09,45974000.0,2457861000.0,,1451788000.0,1006073000.0,,8.346,-53577000.0,228681000.0,228681000.0,188535000.0,41490000.0,4.198,0.199,81824000.0,81824000.0,0.0,81824000.0,0.0,27688000.0,0.0,0.007,0.0,67497000.0,95185000.0,0.173,95185000.0,67497000.0,58157000.0,0.17,0.17,0.17,2049224000.0,,2049224000.0,10765744822.0,21.0,17.709,91821000.0,0.374,1.0,360872000.0,0.657,522996000.0,9340000.0,1442196000.0,,540428000.0,45146000.0,2157000.0,42989000.0,408637000.0,345812000.0,62825000.0,10683352822.0,100174000.0,0.0,6008000.0,-19638000.0,71000.0,-12420000.0,-37242000.0,17112000.0,145398000.0,4438000.0,41490000.0,41490000.0,41490000.0,0.0,0.0,0.076,306399000.0,54473000.0,68709000.0,0.0,5.213,31.806,31.839,427396000.0,0.0,43.62,5.069,5.076,498738000.0,1634707000.0,549407000.0,549407000.0,23336000.0,,,,,5172000.0,283063000.0,1.0,244918680.0,245529000,245529000.0,2.238,1934865000.0,136777000.0,16667000.0,32853000.0,7.88,1105976000.0
1,BMET,MRQ,2007-03-31,2007-02-28,2007-02-28,2018-10-09,38756000.0,2357714000.0,,1372542000.0,985172000.0,,8.083,-36362000.0,128507000.0,128507000.0,163759000.0,85255000.0,3.968,0.189,100316000.0,100316000.0,0.0,100316000.0,0.0,23157000.0,0.0,0.007,0.0,128709000.0,151866000.0,0.287,151866000.0,128709000.0,128709000.0,0.35,0.35,0.35,1983602000.0,,1983602000.0,10449799724.0,17.0,14.963,131446000.0,0.536,1.0,365771000.0,0.691,519460000.0,0.0,1464192000.0,,550731000.0,62016000.0,5527000.0,56489000.0,374112000.0,345871000.0,28241000.0,10367407724.0,29953000.0,0.0,7160000.0,-112572000.0,0.0,-104630000.0,-33352000.0,7348000.0,167808000.0,127000.0,85255000.0,85255000.0,85255000.0,0.0,0.0,0.161,241491000.0,124280000.0,52323000.0,0.0,5.227,26.262,26.13,392897000.0,0.0,42.33,4.942,4.951,544801000.0,1593218000.0,529530000.0,529530000.0,23890000.0,,,,,3274000.0,217601000.0,1.0,244918680.0,245390000,245390000.0,2.158,1838254000.0,95904000.0,43454000.0,28241000.0,7.491,1026671000.0
2,BMET,MRQ,2006-12-31,2006-11-30,2006-11-30,2018-10-09,28012000.0,2364688000.0,,1399787000.0,964901000.0,,7.665,-28502000.0,98554000.0,98554000.0,151273000.0,104767000.0,3.056,0.259,209682000.0,209682000.0,0.0,209682000.0,0.0,23612000.0,0.0,0.008,0.0,157888000.0,181500000.0,0.349,181500000.0,157888000.0,157888000.0,0.43,0.43,0.43,1878363000.0,,1878363000.0,9337868917.0,15.0,12.866,-38697000.0,-0.158,1.0,369057000.0,0.709,517793000.0,0.0,1499908000.0,,563231000.0,68630000.0,6451000.0,62179000.0,486325000.0,458115000.0,28210000.0,9255476917.0,-91948000.0,0.0,6702000.0,-63056000.0,0.0,-55479000.0,-26761000.0,618000.0,-10195000.0,487000.0,104767000.0,104767000.0,104767000.0,0.0,0.0,0.201,213927000.0,155130000.0,56903000.0,0.0,4.927,22.308,22.361,370850000.0,0.0,37.79,4.461,4.464,554301000.0,1507892000.0,520330000.0,520330000.0,22917000.0,,,,,3044000.0,191010000.0,1.0,244918680.0,245072000,245072000.0,2.123,1846895000.0,102106000.0,53121000.0,28210000.0,7.536,941672000.0
3,BMET,MRQ,2006-09-30,2006-08-31,2006-08-31,2018-10-09,24750000.0,2323385000.0,,1363437000.0,959948000.0,,7.178,-24170000.0,190502000.0,190502000.0,138703000.0,104380000.0,2.534,0.322,272894000.0,272894000.0,0.0,272894000.0,0.0,22548000.0,0.0,0.009,0.3,156818000.0,179366000.0,0.353,179366000.0,156818000.0,156818000.0,0.43,0.43,0.43,1757822000.0,,1757822000.0,8124023183.0,13.0,11.352,112572000.0,0.46,1.0,369458000.0,0.727,519603000.0,0.0,1348061000.0,,559985000.0,67074000.0,6386000.0,60688000.0,565563000.0,538113000.0,27450000.0,8008425183.0,29539000.0,0.0,-3984000.0,-1605000.0,-73526000.0,-78711000.0,-27706000.0,-1091000.0,136742000.0,-786000.0,104380000.0,104380000.0,104380000.0,0.0,0.0,0.205,213739000.0,155719000.0,57165000.0,0.698,4.556,19.504,19.587,363550000.0,0.0,32.71,3.908,3.909,493639000.0,1407110000.0,508161000.0,508161000.0,24273000.0,,,,,3011000.0,189466000.0,1.0,244831097.0,244881000,244881000.0,2.075,1803782000.0,76210000.0,52438000.0,41281000.0,7.366,825324000.0
4,BMET,MRQ,2006-06-30,2006-05-31,2006-05-31,2018-10-09,17730000.0,2282647000.0,,1334153000.0,948494000.0,,7.007,-33653000.0,160963000.0,160963000.0,164643000.0,100367000.0,2.578,0.327,276561000.0,276561000.0,0.0,276561000.0,0.0,23071000.0,0.0,0.007,0.0,162594000.0,185665000.0,0.344,185665000.0,162594000.0,150929000.0,0.41,0.4,0.41,1720194000.0,,1720194000.0,8825536566.0,14.0,12.521,101879000.0,0.415,1.0,375249000.0,0.695,520895000.0,11665000.0,1359763000.0,,534515000.0,64508000.0,6380000.0,58128000.0,562453000.0,517587000.0,44866000.0,8654356566.0,58420000.0,0.0,-45904000.0,1987000.0,0.0,-43917000.0,-30641000.0,2249000.0,135532000.0,-2554000.0,100367000.0,100367000.0,100367000.0,0.0,0.0,0.186,224645000.0,150604000.0,62276000.0,0.0,5.031,21.321,21.445,357632000.0,0.0,35.17,4.272,4.298,507883000.0,1379303000.0,539892000.0,539892000.0,21213000.0,,,,,5790000.0,203432000.0,1.0,246072123.0,245494000,246114000.0,2.199,1761752000.0,92070000.0,50562000.0,26991000.0,7.176,816566000.0
5,BMET,MRQ,2006-03-31,2006-02-28,2006-02-28,2018-10-09,2028000.0,2177967000.0,,1250129000.0,927838000.0,,6.654,-24606000.0,102543000.0,102543000.0,143158000.0,105380000.0,2.47,0.326,273723000.0,273723000.0,0.0,273723000.0,0.0,21074000.0,0.0,0.007,0.0,158200000.0,179274000.0,0.354,179274000.0,158200000.0,158200000.0,0.42,0.42,0.42,1642570000.0,,1642570000.0,9201316020.0,15.0,13.128,74430000.0,0.302,1.0,363096000.0,0.717,513561000.0,0.0,1329384000.0,,523323000.0,67293000.0,8100000.0,59193000.0,535397000.0,506202000.0,29195000.0,9009930020.0,4161000.0,0.0,-56313000.0,-15798000.0,0.0,-72111000.0,-21669000.0,3188000.0,99036000.0,-1095000.0,105380000.0,105380000.0,105380000.0,0.0,0.0,0.208,207061000.0,156035000.0,60245000.0,0.0,5.485,22.165,22.331,340872000.0,0.0,36.4,4.53,4.518,498761000.0,1375532000.0,506254000.0,506254000.0,21256000.0,,,,,-2818000.0,185805000.0,1.0,247525550.0,246859000,247772000.0,2.051,1664406000.0,76087000.0,52820000.0,38959000.0,6.742,743927000.0
6,BMET,MRQ,2005-12-31,2005-11-30,2005-11-30,2018-10-09,-5673000.0,2121940000.0,,1198811000.0,923129000.0,,6.381,-24669000.0,98382000.0,98382000.0,139725000.0,100476000.0,2.36,0.339,289768000.0,289768000.0,0.0,289768000.0,0.0,20519000.0,0.0,0.007,0.0,150834000.0,171353000.0,0.346,171353000.0,150834000.0,150834000.0,0.41,0.4,0.41,1584712000.0,,1584712000.0,9036262674.0,15.0,13.163,22403000.0,0.09,1.0,354965000.0,0.718,514984000.0,0.0,1290443000.0,,495624000.0,69145000.0,8075000.0,61070000.0,537228000.0,507899000.0,29329000.0,8874619674.0,-26011000.0,0.0,-57562000.0,4295000.0,0.0,-53267000.0,-24418000.0,-58000.0,47072000.0,4602000.0,100476000.0,100476000.0,100476000.0,0.0,0.0,0.203,203789000.0,151176000.0,58127000.0,0.0,5.6,22.304,22.409,332298000.0,0.0,35.63,4.517,4.504,479902000.0,1328932000.0,494690000.0,494690000.0,21530000.0,,,,,603000.0,182259000.0,1.0,249077173.0,248337000,249276000.0,1.992,1606956000.0,74332000.0,50358000.0,34638000.0,6.471,690912000.0
7,BMET,MRQ,2005-09-30,2005-08-31,2005-08-31,2018-10-09,-2053000.0,2092404000.0,,1170475000.0,921929000.0,,6.187,-25984000.0,124393000.0,124393000.0,134581000.0,99685000.0,2.258,0.355,286036000.0,286036000.0,0.0,286036000.0,0.0,17513000.0,0.0,0.007,0.25,151032000.0,168545000.0,0.348,168545000.0,151032000.0,151032000.0,0.4,0.4,0.4,1544210000.0,,1544210000.0,9383935755.0,16.0,13.97,105846000.0,0.424,1.0,350322000.0,0.722,518027000.0,0.0,1217645000.0,,471659000.0,69230000.0,7978000.0,61252000.0,548194000.0,518375000.0,29819000.0,9206448755.0,19687000.0,0.0,-32649000.0,6823000.0,-62473000.0,-88299000.0,-22337000.0,3400000.0,131830000.0,-1507000.0,99685000.0,99685000.0,99685000.0,0.0,0.0,0.206,199751000.0,150571000.0,55067000.0,0.625,5.962,23.69,23.955,326820000.0,0.0,36.89,4.778,4.779,455821000.0,1288268000.0,484903000.0,484903000.0,20988000.0,,,,,650000.0,178763000.0,1.0,249564889.0,249582000,250656000.0,1.943,1574377000.0,73607000.0,51347000.0,66209000.0,6.308,652100000.0
8,BMET,MRQ,2005-06-30,2005-05-31,2005-05-31,2018-10-09,23251000.0,2114945000.0,,1192284000.0,922661000.0,,6.262,-23976000.0,104706000.0,104706000.0,138200000.0,100957000.0,2.316,0.348,282193000.0,282193000.0,0.0,282193000.0,0.0,19389000.0,0.0,0.005,0.0,162319000.0,181708000.0,0.361,181708000.0,162319000.0,153162000.0,0.4,0.4,0.4,1568844000.0,,1568844000.0,9690843763.0,17.0,15.5,102228000.0,0.408,1.0,364893000.0,0.725,523456000.0,9157000.0,1254130000.0,,469791000.0,72368000.0,10962000.0,61406000.0,546101000.0,514846000.0,31255000.0,9490249763.0,4839000.0,0.0,-79084000.0,-16109000.0,1000.0,-95192000.0,-23010000.0,-569000.0,126204000.0,-3163000.0,100957000.0,100957000.0,100957000.0,0.0,0.0,0.201,211983000.0,152910000.0,57021000.0,0.0,6.049,27.164,27.304,322887000.0,0.0,37.68,5.048,5.059,479745000.0,1245147000.0,503093000.0,503093000.0,21670000.0,,,,,10471000.0,190313000.0,1.0,251864378.0,250548000,251505000.0,2.008,1591489000.0,91100000.0,52205000.0,31255000.0,6.352,677438000.0
9,BMET,MRQ,2005-03-31,2005-02-28,2005-02-28,2018-10-09,29034000.0,2097728000.0,,1175058000.0,922670000.0,,6.1,-29885000.0,99867000.0,99867000.0,138068000.0,96784000.0,2.23,0.364,300461000.0,300461000.0,0.0,300461000.0,0.0,17954000.0,0.0,0.005,0.0,146911000.0,164865000.0,0.342,164865000.0,146911000.0,146911000.0,0.38,0.38,0.38,1538413000.0,,1538413000.0,10893214843.0,21.0,18.845,75648000.0,0.3,1.0,343955000.0,0.714,530720000.0,0.0,1240633000.0,,456612000.0,72896000.0,10902000.0,61994000.0,559315000.0,526969000.0,32346000.0,10668056843.0,349000.0,0.0,-44715000.0,-25652000.0,0.0,-70367000.0,-27209000.0,2615000.0,105533000.0,-7608000.0,96784000.0,96784000.0,96784000.0,0.0,0.0,0.201,199685000.0,144270000.0,57771000.0,0.0,6.934,33.031,33.244,314717000.0,0.0,42.22,5.849,5.837,489467000.0,1263962000.0,482023000.0,482023000.0,20461000.0,,,,,0.0,179224000.0,1.0,252677803.0,252182000,253994000.0,1.911,1567008000.0,79654000.0,50127000.0,44966000.0,6.214,648089000.0
10,BMET,MRQ,2004-12-31,2004-11-30,2004-11-30,2018-10-09,20414000.0,2057740000.0,,1149132000.0,908608000.0,,5.84,-24895000.0,99518000.0,99518000.0,131115000.0,91199000.0,2.107,0.393,324676000.0,324676000.0,0.0,324676000.0,0.0,16694000.0,0.0,0.004,0.0,139892000.0,156586000.0,0.343,156586000.0,139892000.0,139892000.0,0.36,0.36,0.36,1477257000.0,,1477257000.0,12348133651.0,25.0,21.94,35388000.0,0.14,1.0,325559000.0,0.713,529670000.0,0.0,1207726000.0,,446711000.0,74787000.0,10907000.0,63880000.0,580483000.0,545502000.0,34981000.0,12117928651.0,17803000.0,0.0,-32551000.0,7615000.0,0.0,-24936000.0,-23247000.0,2422000.0,60283000.0,5703000.0,91199000.0,91199000.0,91199000.0,0.0,0.0,0.2,185911000.0,139648000.0,55548000.0,0.0,8.203,38.742,38.919,298797000.0,0.0,47.87,6.916,6.91,476574000.0,1217538000.0,456674000.0,456674000.0,19606000.0,,,,,0.0,166305000.0,1.0,253142441.0,252944000,255255000.0,1.805,1528070000.0,85748000.0,48693000.0,44994000.0,6.041,603630000.0
11,BMET,MRQ,2004-09-30,2004-08-31,2004-08-31,2018-10-09,3345000.0,1973392000.0,,1083153000.0,890239000.0,,5.519,-18616000.0,81715000.0,81715000.0,125972000.0,60433000.0,2.028,0.409,311920000.0,311920000.0,0.0,311920000.0,0.0,15565000.0,0.0,0.004,0.2,106504000.0,122069000.0,0.279,122069000.0,106504000.0,106504000.0,0.24,0.24,0.24,1401009000.0,,1401009000.0,11546094635.0,24.0,21.104,100284000.0,0.395,1.0,312188000.0,0.712,527772000.0,0.0,1141630000.0,,424997000.0,76902000.0,14449000.0,62453000.0,572383000.0,534195000.0,38188000.0,11595683635.0,-77528000.0,-266229000.0,-58673000.0,201770000.0,-50872000.0,92225000.0,-287216000.0,-14000.0,118900000.0,-1437000.0,60433000.0,60433000.0,60433000.0,0.0,0.0,0.138,204956000.0,107232000.0,53455000.0,0.833,8.277,38.109,38.361,283573000.0,0.0,45.65,6.89,6.885,449436000.0,1164595000.0,438160000.0,438160000.0,18476000.0,,,,,0.0,160460000.0,1.0,254012785.0,253856000,255950000.0,1.726,1445620000.0,85748000.0,46071000.0,76918000.0,5.695,548958000.0
12,BMET,MRQ,2004-06-30,2004-05-31,2004-05-31,2018-10-09,1883000.0,1782905000.0,,1115869000.0,667036000.0,,5.695,-18748000.0,159243000.0,159243000.0,131766000.0,74554000.0,3.616,0.231,109654000.0,109654000.0,0.0,109654000.0,0.0,17068000.0,0.0,0.004,0.0,117464000.0,134532000.0,0.301,134532000.0,117464000.0,113217000.0,0.29,0.3,0.29,1448210000.0,,1448210000.0,9909021580.0,20.0,17.818,113248000.0,0.445,1.0,315422000.0,0.705,315639000.0,4247000.0,1109067000.0,,389391000.0,76369000.0,10030000.0,66339000.0,334695000.0,308610000.0,26085000.0,10163479580.0,-217680000.0,-307475000.0,-14370000.0,-9233000.0,0.0,-23603000.0,-317892000.0,7949000.0,131996000.0,-8181000.0,74554000.0,74554000.0,74554000.0,0.0,0.0,0.167,205199000.0,110223000.0,55365000.0,0.0,7.018,31.729,31.958,268826000.0,0.0,39.948,6.292,6.319,465949000.0,1218682000.0,447188000.0,447188000.0,18514000.0,,,,,11107000.0,185435000.0,1.0,254420089.0,254300000,255140000.0,1.759,1467266000.0,69379000.0,38663000.0,45025000.0,5.77,807259000.0
13,BMET,MRQ,2004-03-31,2004-02-28,2004-02-28,2018-10-09,29328000.0,1817925000.0,,1322194000.0,495731000.0,,5.503,-17976000.0,376923000.0,376923000.0,115992000.0,86600000.0,4.582,0.211,122465000.0,122465000.0,0.0,122465000.0,0.0,15602000.0,0.0,0.004,0.0,134030000.0,149632000.0,0.365,149632000.0,134030000.0,134030000.0,0.34,0.34,0.34,1403767000.0,,1403767000.0,9810910061.0,20.0,17.676,86802000.0,0.34,1.0,294193000.0,0.717,140332000.0,0.0,1134593000.0,,383200000.0,86715000.0,13945000.0,72770000.0,295997000.0,288542000.0,7455000.0,9929002061.0,135183000.0,0.0,-64766000.0,-9131000.0,0.0,-73897000.0,99163000.0,116848000.0,104778000.0,5139000.0,86600000.0,86600000.0,86600000.0,0.0,0.0,0.211,161604000.0,132589000.0,38769000.0,0.0,7.073,30.691,30.804,267540000.0,0.0,38.813,6.425,6.408,468497000.0,1159125000.0,410185000.0,410185000.0,15892000.0,,,,,0.0,145712000.0,1.0,255819567.0,255110000,257244000.0,1.608,1677593000.0,54642000.0,47430000.0,25201000.0,6.576,1033652000.0
14,BMET,MRQ,2003-12-31,2003-11-30,2003-11-30,2018-10-09,2142000.0,1750949000.0,,1153227000.0,597722000.0,,5.295,-15239000.0,241740000.0,241740000.0,108790000.0,82692000.0,4.215,0.207,123648000.0,123648000.0,0.0,123648000.0,0.0,12924000.0,0.0,0.004,0.0,127942000.0,140866000.0,0.363,140866000.0,127942000.0,127942000.0,0.32,0.32,0.32,1354399000.0,,1354399000.0,8997869943.0,19.0,17.028,38641000.0,0.151,1.0,278771000.0,0.719,140114000.0,0.0,1219143000.0,,375929000.0,202027000.0,15541000.0,186486000.0,280518000.0,273600000.0,6918000.0,9108513943.0,20029000.0,0.0,-7661000.0,10402000.0,0.0,2741000.0,-32171000.0,-16083000.0,53880000.0,-4421000.0,82692000.0,82692000.0,82692000.0,0.0,0.0,0.213,152474000.0,126297000.0,39097000.0,0.0,6.725,29.429,29.689,257498000.0,0.0,35.626,6.117,6.12,439312000.0,1144336000.0,387561000.0,387561000.0,15810000.0,,,,,0.0,136664000.0,1.0,255668470.0,255797000,257599000.0,1.515,1610835000.0,54642000.0,45250000.0,16920000.0,6.297,879627000.0
15,BMET,MRQ,2003-09-30,2003-08-31,2003-08-31,2018-10-09,-7741000.0,1659947000.0,,1089289000.0,570658000.0,,4.942,-9379000.0,221711000.0,221711000.0,105618000.0,76478000.0,4.034,0.218,111067000.0,111067000.0,0.0,111067000.0,0.0,12624000.0,0.0,0.005,0.15,118457000.0,131081000.0,0.354,131081000.0,118457000.0,118457000.0,0.3,0.3,0.3,1269238000.0,,1269238000.0,7485886822.0,16.0,14.752,86056000.0,0.335,1.0,264701000.0,0.715,136971000.0,0.0,1142286000.0,,361216000.0,183520000.0,16826000.0,166694000.0,276701000.0,270046000.0,6655000.0,7597416822.0,-3939000.0,0.0,-57719000.0,-3525000.0,-38604000.0,-99848000.0,-2581000.0,7827000.0,95435000.0,3055000.0,76478000.0,76478000.0,76478000.0,0.0,0.0,0.207,147145000.0,117556000.0,37933000.0,0.5,5.986,25.566,25.767,251413000.0,0.0,29.632,5.265,5.274,410195000.0,1078243000.0,370319000.0,370319000.0,14748000.0,,,,,0.0,132397000.0,1.0,256391095.0,256847000,258282000.0,1.442,1522976000.0,54642000.0,41979000.0,34917000.0,5.93,819243000.0
16,BMET,MRQ,2003-06-30,2003-05-31,2003-05-31,2018-10-09,-10340000.0,1672169000.0,,1111755000.0,560414000.0,,4.979,-18004000.0,225650000.0,225650000.0,110917000.0,77747000.0,4.169,0.213,114120000.0,114120000.0,0.0,114120000.0,0.0,12048000.0,0.0,0.004,0.0,121401000.0,133449000.0,0.354,133449000.0,121401000.0,121401000.0,0.3,0.3,0.3,1286134000.0,,1286134000.0,7014884683.0,16.0,14.336,107895000.0,0.418,1.0,266293000.0,0.706,137580000.0,0.0,1156405000.0,,356270000.0,192944000.0,37337000.0,155607000.0,274147000.0,266654000.0,7493000.0,7067105683.0,57873000.0,0.0,-24617000.0,-5212000.0,15000.0,-29814000.0,-34571000.0,-16796000.0,125899000.0,-3641000.0,77747000.0,77747000.0,77747000.0,0.0,0.0,0.206,139512000.0,126781000.0,42106000.0,0.0,5.495,24.65,24.902,253446000.0,0.0,27.392,5.083,5.113,418095000.0,1100462000.0,377210000.0,377210000.0,15047000.0,,,,,5579000.0,130265000.0,1.0,258000777.0,258287000,260785000.0,1.46,1534589000.0,54262000.0,43654000.0,19484000.0,5.941,845101000.0
17,BMET,MRQ,2003-03-31,2003-02-28,2003-02-28,2018-10-09,-12116000.0,1579610000.0,,1051376000.0,528234000.0,,4.75,-22683000.0,167777000.0,167777000.0,107636000.0,72594000.0,4.343,0.2,115556000.0,115556000.0,0.0,115556000.0,0.0,11266000.0,0.0,0.003,0.0,111763000.0,123029000.0,0.347,123029000.0,111763000.0,111763000.0,0.28,0.28,0.28,1225285000.0,,1225285000.0,7764704836.0,19.0,16.786,42582000.0,0.165,1.0,246406000.0,0.696,137506000.0,0.0,1147782000.0,,363805000.0,171575000.0,38251000.0,133324000.0,245508000.0,242101000.0,3407000.0,7794510836.0,26256000.0,0.0,-34898000.0,-5388000.0,0.0,-40286000.0,-5160000.0,18087000.0,65265000.0,6437000.0,72594000.0,72594000.0,72594000.0,0.0,0.0,0.205,142545000.0,103861000.0,28758000.0,0.0,6.361,28.916,29.223,243996000.0,0.0,30.1,5.821,5.798,412904000.0,1054051000.0,354042000.0,354042000.0,14555000.0,,,,,0.0,127990000.0,1.0,258952816.0,257929000,259824000.0,1.373,1442104000.0,48574000.0,39169000.0,6220000.0,5.591,809275000.0
18,BMET,MRQ,2002-12-31,2002-11-30,2002-11-30,2018-10-09,-34150000.0,1524503000.0,,1000047000.0,524456000.0,,4.49,-9059000.0,141521000.0,141521000.0,98605000.0,70354000.0,4.023,0.216,111715000.0,111715000.0,0.0,111715000.0,0.0,11004000.0,0.0,0.004,0.0,108898000.0,119902000.0,0.351,119902000.0,108898000.0,108898000.0,0.27,0.27,0.27,1165208000.0,,1165208000.0,7090057481.0,18.0,15.89,33897000.0,0.131,1.0,242843000.0,0.711,135633000.0,0.0,1110502000.0,,360153000.0,188566000.0,38621000.0,149945000.0,251722000.0,248562000.0,3160000.0,7113363481.0,16732000.0,0.0,-34569000.0,9730000.0,-31000.0,-24870000.0,-76000.0,10064000.0,42956000.0,-1278000.0,70354000.0,70354000.0,70354000.0,0.0,0.0,0.206,134318000.0,108525000.0,37048000.0,0.0,6.105,27.503,27.941,225117000.0,0.0,27.382,5.516,5.51,388483000.0,1019392000.0,341448000.0,341448000.0,13069000.0,,,,,0.0,121249000.0,1.0,259783889.0,259499000,261626000.0,1.316,1388870000.0,50294000.0,38544000.0,9996000.0,5.352,751485000.0
19,BMET,MRQ,2002-09-30,2002-08-31,2002-08-31,2018-10-09,-34146000.0,1499634000.0,,965030000.0,534604000.0,,4.303,-10024000.0,124789000.0,124789000.0,90137000.0,66006000.0,3.682,0.235,101483000.0,101483000.0,0.0,101483000.0,0.0,11341000.0,0.0,0.004,0.1,101600000.0,112941000.0,0.356,112941000.0,101600000.0,101600000.0,0.25,0.25,0.25,1129108000.0,,1129108000.0,6977662903.0,18.0,16.149,66133000.0,0.252,1.0,227463000.0,0.716,136093000.0,0.0,1078144000.0,,361073000.0,198856000.0,40240000.0,158616000.0,265438000.0,262091000.0,3347000.0,7041492903.0,-29508000.0,0.0,-103751000.0,2313000.0,-26400000.0,-127838000.0,20110000.0,32667000.0,76157000.0,2063000.0,66006000.0,66006000.0,66006000.0,0.0,0.0,0.208,128526000.0,98937000.0,41249000.0,0.4,6.236,28.196,28.452,225079000.0,0.0,26.745,5.69,5.671,368589000.0,990360000.0,317600000.0,317600000.0,12638000.0,,,,,0.0,115888000.0,1.0,263286529.0,262378000,264405000.0,1.21,1363541000.0,50131000.0,35594000.0,34052000.0,5.197,702939000.0
20,BMET,MRQ,2002-06-30,2002-05-31,2002-05-31,2018-10-09,-50826000.0,1521723000.0,,952944000.0,568779000.0,,4.436,-17133000.0,154297000.0,154297000.0,91063000.0,60601000.0,4.009,0.205,90467000.0,90467000.0,0.0,90467000.0,0.0,13231000.0,0.0,0.003,0.0,93466000.0,106697000.0,0.327,106697000.0,93466000.0,93466000.0,0.23,0.22,0.23,1176479000.0,,1176479000.0,7373875551.0,20.0,17.758,21336000.0,0.08,1.0,234821000.0,0.721,133689000.0,0.0,1086505000.0,,335348000.0,232220000.0,30973000.0,201247000.0,241437000.0,237699000.0,3738000.0,7532758551.0,-81401000.0,0.0,-129330000.0,8982000.0,0.0,-120348000.0,-889000.0,18338000.0,38469000.0,1367000.0,60601000.0,60601000.0,60601000.0,0.0,0.0,0.186,131790000.0,103031000.0,36318000.0,0.0,6.403,31.421,31.583,219061000.0,0.0,28.109,6.32,6.331,365148000.0,1054020000.0,325884000.0,325884000.0,14905000.0,,,,,1268000.0,116885000.0,1.0,267986633.0,265238000,267351000.0,1.229,1388034000.0,49523000.0,32865000.0,20815000.0,5.233,715245000.0
21,BMET,MRQ,2002-03-31,2002-02-28,2002-02-28,2018-10-09,-60067000.0,1576182000.0,,1001392000.0,574790000.0,,4.583,-11117000.0,235698000.0,235698000.0,85238000.0,61674000.0,4.268,0.195,76815000.0,76815000.0,0.0,76815000.0,0.0,12061000.0,0.0,0.003,0.0,94598000.0,106659000.0,0.35,106659000.0,94598000.0,94598000.0,0.23,0.23,0.23,1234699000.0,,1234699000.0,8027425031.0,22.0,19.581,50298000.0,0.187,1.0,219371000.0,0.72,134479000.0,0.0,1048203000.0,,318975000.0,253106000.0,42675000.0,210431000.0,240856000.0,234617000.0,6239000.0,8216681031.0,-11425000.0,-6735000.0,-71741000.0,22986000.0,0.0,-48755000.0,-25914000.0,-8522000.0,61415000.0,1829000.0,61674000.0,61674000.0,61674000.0,0.0,0.0,0.202,125041000.0,94330000.0,32708000.0,0.0,6.655,34.487,34.19,211802000.0,0.0,30.429,7.12,7.103,335990000.0,1124969000.0,304609000.0,304609000.0,12190000.0,,,,,0.0,112851000.0,1.0,270030630.0,269388000,272265000.0,1.131,1441703000.0,44985000.0,32924000.0,27561000.0,5.352,766775000.0
22,BMET,MRQ,2001-12-31,2001-11-30,2001-11-30,2018-10-09,-54360000.0,1562619000.0,,993119000.0,569500000.0,,4.635,-22065000.0,247123000.0,247123000.0,79034000.0,61452000.0,4.791,0.171,57867000.0,57867000.0,0.0,57867000.0,0.0,11716000.0,0.0,0.003,0.0,94059000.0,105775000.0,0.366,105775000.0,94059000.0,94059000.0,0.23,0.23,0.23,1250473000.0,,1250473000.0,7319616659.0,22.0,19.57,8468000.0,0.031,1.0,210353000.0,0.727,137932000.0,0.0,1028154000.0,,309008000.0,245801000.0,35455000.0,210346000.0,214122000.0,207277000.0,6845000.0,7514289659.0,-7661000.0,0.0,4566000.0,-2876000.0,0.0,1690000.0,-37059000.0,-14660000.0,30533000.0,-2825000.0,61452000.0,61452000.0,61452000.0,0.0,0.0,0.212,118666000.0,91687000.0,25586000.0,0.0,6.009,34.985,34.837,204170000.0,0.0,27.87,6.73,6.734,332013000.0,1137761000.0,289387000.0,289387000.0,11987000.0,,,,,0.0,106679000.0,1.0,269621807.0,269809000,272822000.0,1.073,1424687000.0,44334000.0,32607000.0,34420000.0,5.28,785842000.0
23,BMET,MRQ,2001-09-30,2001-08-31,2001-08-31,2018-10-09,-55629000.0,1518713000.0,,980661000.0,538052000.0,,4.391,-11960000.0,254784000.0,254784000.0,77392000.0,56013000.0,4.213,0.202,60111000.0,60111000.0,0.0,60111000.0,0.0,10819000.0,0.0,0.003,0.09,85282000.0,96101000.0,0.353,96101000.0,85282000.0,85282000.0,0.21,0.21,0.21,1183186000.0,,1183186000.0,7242435150.0,23.0,20.18,41860000.0,0.155,1.0,194630000.0,0.715,140503000.0,0.0,950792000.0,,291283000.0,230554000.0,39629000.0,190925000.0,239502000.0,232745000.0,6757000.0,7414792150.0,19693000.0,0.0,4856000.0,-2098000.0,-24268000.0,-21510000.0,-13557000.0,-586000.0,53820000.0,940000.0,56013000.0,56013000.0,56013000.0,0.0,0.0,0.206,112984000.0,81646000.0,21954000.0,0.429,6.267,36.146,36.199,189168000.0,0.0,27.511,6.92,6.918,319139000.0,1076309000.0,272022000.0,272022000.0,11668000.0,,,,,0.0,101316000.0,1.0,269518156.0,269459000,272668000.0,1.01,1378210000.0,50046000.0,29269000.0,42499000.0,5.115,747916000.0
24,BMET,MRQ,2001-06-30,2001-05-31,2001-05-31,2018-10-09,-56028000.0,1489311000.0,,968379000.0,520932000.0,,4.265,-10006000.0,235091000.0,235091000.0,81827000.0,59116000.0,4.005,0.216,62734000.0,62734000.0,0.0,62734000.0,0.0,11026000.0,0.0,0.002,0.0,90398000.0,101424000.0,0.352,101424000.0,90398000.0,90398000.0,0.22,0.22,0.22,1146186000.0,,1146186000.0,7827857259.0,26.0,22.606,49279000.0,0.183,1.0,206179000.0,0.716,143683000.0,0.0,931449000.0,,277601000.0,228057000.0,52627000.0,175430000.0,248028000.0,241822000.0,6206000.0,7959063259.0,31918000.0,4800000.0,7361000.0,-6997000.0,0.0,364000.0,-25354000.0,-20454000.0,59285000.0,-2377000.0,59116000.0,59116000.0,59116000.0,0.0,0.0,0.205,119191000.0,86988000.0,25744000.0,0.0,6.944,40.29,40.07,185751000.0,0.0,29.652,7.722,7.708,324848000.0,1044564000.0,288006000.0,288006000.0,11487000.0,,,,,7281000.0,81604000.0,1.0,268415279.0,268761000,271301000.0,1.072,1345628000.0,48982000.0,31282000.0,36868000.0,5.007,726557000.0
25,BMET,MRQ,2001-03-31,2001-02-28,2001-02-28,2018-10-09,-41946000.0,1408107000.0,,855867000.0,552240000.0,,4.05,-8821000.0,203173000.0,203173000.0,75042000.0,38205000.0,3.87,0.211,71967000.0,71967000.0,0.0,71967000.0,0.0,11401000.0,0.0,0.003,0.0,59317000.0,70718000.0,0.265,70718000.0,59317000.0,59317000.0,0.14,0.14,0.14,1086509000.0,,1086509000.0,6807618052.0,23.0,20.125,38266000.0,0.143,1.0,192121000.0,0.719,152986000.0,0.0,902776000.0,,271221000.0,208050000.0,12857000.0,195193000.0,228973000.0,221139000.0,7834000.0,6905518052.0,36288000.0,0.0,2900000.0,-1419000.0,0.0,1481000.0,-20147000.0,-10621000.0,47087000.0,7867000.0,38205000.0,38205000.0,38205000.0,0.0,0.0,0.143,134449000.0,57672000.0,20916000.0,0.0,6.356,36.527,36.648,187100000.0,0.0,25.764,6.934,6.94,304392000.0,985447000.0,267163000.0,267163000.0,11374000.0,,,,,0.0,123075000.0,1.0,268031502.0,268245000,271530000.0,0.996,1255121000.0,32801000.0,21112000.0,21307000.0,4.679,634728000.0
26,BMET,MRQ,2000-12-31,2000-11-28,2000-11-28,2018-10-09,-63226000.0,1299237000.0,,768592000.0,530645000.0,,3.825,-7813000.0,166885000.0,166885000.0,71027000.0,51798000.0,4.312,0.18,68985000.0,68985000.0,0.0,68985000.0,0.0,11281000.0,0.0,0.003,0.0,79360000.0,90641000.0,0.371,90641000.0,79360000.0,79360000.0,0.19,0.19,0.19,1024126000.0,,1024126000.0,6683673596.0,22.0,19.394,23292000.0,0.087,1.0,173334000.0,0.709,146964000.0,0.0,876139000.0,,254447000.0,197830000.0,14022000.0,183808000.0,184767000.0,178234000.0,6533000.0,6862539596.0,-87384000.0,-90602000.0,6387000.0,-15385000.0,0.0,-8998000.0,-105845000.0,-6208000.0,31105000.0,-3646000.0,51798000.0,51798000.0,51798000.0,0.0,0.0,0.212,97475000.0,75859000.0,20979000.0,0.0,6.701,35.367,35.491,182284000.0,0.0,25.66,7.137,7.144,267607000.0,947243000.0,244361000.0,244361000.0,10295000.0,,,,,0.0,87180000.0,1.0,267440304.0,267729000,270708000.0,0.913,1152273000.0,32801000.0,27562000.0,16873000.0,4.304,590358000.0
27,BMET,MRQ,2000-09-30,2000-08-31,2000-08-31,2018-10-09,-46799000.0,1269806000.0,,818062000.0,451744000.0,,3.68,-8621000.0,254269000.0,254269000.0,68167000.0,48427000.0,4.295,0.202,75403000.0,75403000.0,0.0,75403000.0,0.0,9116000.0,0.0,0.003,0.071,74377000.0,83493000.0,0.361,83493000.0,74377000.0,74377000.0,0.18,0.18,0.18,982367000.0,,982367000.0,5845860291.0,20.0,17.909,44408000.0,0.166,1.0,162966000.0,0.705,68269000.0,0.0,832218000.0,,248871000.0,194386000.0,14805000.0,179581000.0,198305000.0,190453000.0,7852000.0,5988920291.0,40663000.0,0.0,7184000.0,4016000.0,-18993000.0,-7793000.0,-5327000.0,4133000.0,53029000.0,754000.0,48427000.0,48427000.0,48427000.0,0.0,0.0,0.21,92798000.0,70168000.0,19265000.0,0.394,6.096,33.083,33.007,185261000.0,0.0,22.445,6.358,6.361,244696000.0,895445000.0,231133000.0,231133000.0,9864000.0,,,,,0.0,82934000.0,1.0,266828618.0,266955000,269862000.0,0.866,1201537000.0,25811000.0,25950000.0,38814000.0,4.501,627609000.0
28,BMET,MRQ,2000-06-30,2000-05-31,2000-05-31,2018-10-09,-49225000.0,1218448000.0,,789628000.0,428820000.0,,3.541,-16432000.0,213606000.0,213606000.0,78095000.0,50621000.0,4.352,0.199,70546000.0,70546000.0,0.0,70546000.0,0.0,12993000.0,0.0,0.004,0.0,80423000.0,93416000.0,0.369,93416000.0,80423000.0,77230000.0,0.193,0.19,0.193,943323000.0,,943323000.0,4165788716.0,15.0,13.163,57259000.0,0.215,1.0,175090000.0,0.692,69754000.0,3193000.0,824191000.0,,240162000.0,193662000.0,34129000.0,159533000.0,187252000.0,181443000.0,5809000.0,4248245716.0,57404000.0,-4035000.0,1745000.0,-5588000.0,0.0,-3843000.0,-12665000.0,8542000.0,73691000.0,221000.0,50621000.0,50621000.0,50621000.0,0.0,0.0,0.2,100485000.0,74605000.0,25612000.0,0.0,4.503,24.447,24.18,183257000.0,0.0,15.959,4.6,4.567,249792000.0,866011000.0,253185000.0,253185000.0,10674000.0,,,,,6258000.0,89811000.0,1.0,266198990.0,266364000,265538000.0,0.951,1148694000.0,25811000.0,26609000.0,22674000.0,4.312,608185000.0
29,BMET,MRQ,2000-03-31,2000-02-28,2000-02-28,2018-10-09,-33817000.0,1174728000.0,,745658000.0,429070000.0,,3.399,-4912000.0,156202000.0,156202000.0,70393000.0,43192000.0,4.164,0.208,73745000.0,73745000.0,0.0,73745000.0,0.0,8574000.0,0.0,0.004,0.0,68509000.0,77083000.0,0.331,77083000.0,68509000.0,68509000.0,0.16,0.16,0.16,902109000.0,,902109000.0,3670341148.0,17.0,14.7,-19653000.0,-0.074,1.0,162517000.0,0.698,68830000.0,0.0,844348000.0,,244539000.0,212401000.0,48738000.0,163663000.0,187216000.0,179093000.0,8123000.0,3764499148.0,-14862000.0,-4612000.0,7475000.0,4333000.0,-683000.0,11125000.0,-10669000.0,-3242000.0,-14741000.0,-577000.0,43192000.0,43192000.0,43192000.0,0.0,0.0,0.185,97451000.0,65066000.0,30627000.0,0.0,4.173,27.221,28.024,180930000.0,0.0,14.825,4.196,4.386,246410000.0,825677000.0,232910000.0,232910000.0,10959000.0,,,,,0.0,83792000.0,1.0,253930487.0,265426500,268872000.0,0.877,1105898000.0,0.0,25317000.0,18651000.0,4.166,566565000.0
30,BMET,MRQ,1999-12-31,1999-11-30,1999-11-30,2018-10-09,-20375000.0,1161511000.0,,780125000.0,381386000.0,,3.174,-10606000.0,164257000.0,164257000.0,68398000.0,38786000.0,3.329,0.292,70099000.0,70099000.0,0.0,70099000.0,0.0,9851000.0,0.0,0.004,0.0,62573000.0,72424000.0,0.322,72424000.0,62573000.0,62573000.0,0.147,0.147,0.147,834322000.0,,834322000.0,3457426312.0,17.0,14.253,13516000.0,0.051,1.0,156349000.0,0.696,63269000.0,0.0,769707000.0,,227544000.0,210340000.0,84500000.0,125840000.0,243238000.0,234377000.0,8861000.0,3559674312.0,8150000.0,-9797000.0,346000.0,11435000.0,1000.0,11782000.0,-27994000.0,-5890000.0,24122000.0,240000.0,38786000.0,38786000.0,38786000.0,0.0,0.0,0.173,96341000.0,60008000.0,28856000.0,0.0,4.267,26.676,27.176,176526000.0,0.0,14.023,4.073,4.218,226879000.0,747489000.0,224747000.0,224747000.0,9148000.0,,,,,0.0,78193000.0,1.0,253848497.0,262854000,266623500.0,0.855,1098242000.0,31308000.0,23787000.0,17979000.0,4.178,545748000.0
31,BMET,MRQ,1999-09-30,1999-08-31,1999-08-31,2018-10-09,-19398000.0,1121586000.0,,747512000.0,374074000.0,,3.042,-11117000.0,160268000.0,160268000.0,64466000.0,41172000.0,3.223,0.301,58020000.0,58020000.0,0.0,58020000.0,0.0,8348000.0,0.0,0.004,0.062,65197000.0,73545000.0,0.346,73545000.0,65197000.0,65197000.0,0.16,0.153,0.16,798804000.0,,798804000.0,3929090244.0,20.0,16.72,43639000.0,0.166,1.0,148243000.0,0.697,57144000.0,0.0,730287000.0,,215854000.0,204457000.0,76487000.0,127970000.0,240676000.0,231907000.0,8769000.0,4013312244.0,30833000.0,-3733000.0,2092000.0,9212000.0,-15786000.0,-4482000.0,-16322000.0,-75000.0,54756000.0,-3119000.0,41172000.0,41172000.0,41172000.0,0.0,0.0,0.194,84248000.0,63995000.0,31271000.0,0.388,5.024,30.741,30.96,173854000.0,0.0,15.821,4.821,4.99,221700000.0,711346000.0,212709000.0,212709000.0,9427000.0,,,,,0.0,74821000.0,1.0,253676041.0,262561500,266791500.0,0.81,1064442000.0,31308000.0,24025000.0,36119000.0,4.054,515605000.0
32,BMET,MRQ,1999-06-30,1999-05-31,1999-05-31,2018-10-09,-16366000.0,1110940000.0,,712828000.0,398112000.0,,3.057,-17433000.0,132081000.0,132081000.0,71433000.0,15143000.0,3.303,0.291,54685000.0,49649000.0,5036000.0,54685000.0,0.0,9111000.0,0.0,0.003,0.0,17520000.0,26631000.0,0.117,26631000.0,17520000.0,15609000.0,0.062,0.057,0.062,795849000.0,,795849000.0,4386452595.0,23.0,19.381,34395000.0,0.132,1.0,155343000.0,0.685,58570000.0,1911000.0,759156000.0,,220587000.0,206937000.0,60078000.0,146859000.0,231363000.0,215818000.0,15545000.0,4470458595.0,-6907000.0,157000.0,856000.0,-5182000.0,0.0,-4326000.0,-56110000.0,-28582000.0,51828000.0,1701000.0,15143000.0,15143000.0,15143000.0,0.0,0.0,0.067,141470000.0,13873000.0,30892000.0,0.0,5.617,35.756,36.82,177383000.0,0.0,17.674,5.381,5.566,223613000.0,706094000.0,226776000.0,226776000.0,10274000.0,,,,,1211000.0,82749000.0,1.0,252943553.0,260327000,266159250.0,0.871,1052370000.0,52811000.0,466000.0,28760000.0,4.042,497010000.0
33,BMET,MRQ,1999-03-31,1999-02-28,1999-02-28,2018-10-09,-4718000.0,1003949000.0,,659735000.0,344214000.0,,2.941,-16763000.0,137368000.0,137368000.0,66139000.0,38342000.0,4.497,0.203,53362000.0,53362000.0,0.0,53362000.0,0.0,9271000.0,0.0,0.003,0.0,60702000.0,69973000.0,0.334,69973000.0,60702000.0,60702000.0,0.147,0.142,0.147,769789000.0,,769789000.0,3992957979.0,17.0,15.139,14842000.0,0.057,1.0,143552000.0,0.685,58602000.0,0.0,714642000.0,,202754000.0,180371000.0,58831000.0,121540000.0,156058000.0,146699000.0,9359000.0,4102831979.0,20312000.0,-2519000.0,293000.0,41715000.0,0.0,42008000.0,-55703000.0,-35824000.0,31605000.0,2402000.0,38342000.0,38342000.0,38342000.0,0.0,0.0,0.183,84985000.0,58567000.0,16562000.0,0.0,5.33,28.411,29.466,159921000.0,0.0,16.235,5.073,5.255,211866000.0,678311000.0,209691000.0,209691000.0,9634000.0,,,,,0.0,75351000.0,1.0,252707461.0,261778500,266793750.0,0.801,945347000.0,0.0,22360000.0,27595000.0,3.611,513036000.0
34,BMET,MRQ,1998-12-31,1998-11-30,1998-11-30,2018-10-09,-3710000.0,922432000.0,,607918000.0,314514000.0,,2.903,-8582000.0,114989000.0,114989000.0,55585000.0,35894000.0,5.929,0.152,5115000.0,5115000.0,0.0,5115000.0,0.0,6834000.0,0.0,0.003,0.0,58012000.0,64846000.0,0.354,64846000.0,58012000.0,58012000.0,0.142,0.142,0.142,733148000.0,,733148000.0,4166994494.0,18.0,16.262,10559000.0,0.042,1.0,127755000.0,0.697,60514000.0,0.0,649518000.0,,202023000.0,143618000.0,46516000.0,97102000.0,111666000.0,102526000.0,9140000.0,4272741494.0,2915000.0,-1075000.0,469000.0,2476000.0,0.0,2945000.0,-17036000.0,-7804000.0,19141000.0,-2135000.0,35894000.0,35894000.0,35894000.0,0.0,0.0,0.196,72262000.0,55493000.0,16159000.0,0.0,5.828,31.114,31.998,152106000.0,0.0,16.927,5.622,5.625,203306000.0,640955000.0,183340000.0,183340000.0,9162000.0,,,,,0.0,63100000.0,1.0,252422260.0,252580500,255714750.0,0.726,861918000.0,0.0,22118000.0,24864000.0,3.412,505392000.0
35,BMET,MRQ,1998-09-30,1998-08-28,1998-08-28,2018-10-09,-12710000.0,876370000.0,,580997000.0,295373000.0,,2.727,-10792000.0,112074000.0,112074000.0,53517000.0,33594000.0,5.596,0.164,6327000.0,6327000.0,0.0,6327000.0,0.0,6858000.0,0.0,0.004,0.053,54690000.0,61548000.0,0.348,61548000.0,54690000.0,54690000.0,0.133,0.133,0.133,687785000.0,,687785000.0,3182673999.0,15.0,12.965,40450000.0,0.16,1.0,123147000.0,0.697,60856000.0,0.0,605952000.0,,190639000.0,135228000.0,50360000.0,84868000.0,113023000.0,103815000.0,9208000.0,3293417999.0,-5015000.0,0.0,513000.0,-310000.0,-13453000.0,-13250000.0,-43853000.0,-30673000.0,51242000.0,846000.0,33594000.0,33594000.0,33594000.0,0.0,0.0,0.19,68971000.0,54176000.0,14639000.0,0.398,4.788,24.914,25.548,145923000.0,0.0,13.055,4.491,4.491,192670000.0,605061000.0,176664000.0,176664000.0,8092000.0,,,,,0.0,60879000.0,1.0,252276791.0,252247500,255514500.0,0.7,815514000.0,0.0,21096000.0,28497000.0,3.233,477182000.0
36,BMET,MRQ,1998-06-30,1998-05-31,1998-05-31,2018-10-09,-12423000.0,848739000.0,,570792000.0,277947000.0,,2.319,-11808000.0,117089000.0,117089000.0,79157000.0,36579000.0,5.821,0.162,6345000.0,6345000.0,0.0,6345000.0,0.0,8427000.0,0.0,0.004,0.0,58952000.0,67379000.0,0.282,67379000.0,58952000.0,58103000.0,0.129,0.127,0.129,667418000.0,,667418000.0,3137145132.0,15.0,13.341,22955000.0,0.08,1.0,159914000.0,0.669,61260000.0,849000.0,578676000.0,,186535000.0,104793000.0,31618000.0,73175000.0,108089000.0,98059000.0,10030000.0,3218718132.0,29813000.0,-4527000.0,568000.0,-823000.0,0.0,2953000.0,-13806000.0,2578000.0,34763000.0,5903000.0,36579000.0,36579000.0,36579000.0,0.0,0.0,0.153,104254000.0,55660000.0,16581000.0,0.0,4.823,25.174,25.919,139772000.0,0.0,12.778,4.558,4.711,188800000.0,584920000.0,239071000.0,239071000.0,12238000.0,,,,,0.0,92016000.0,1.0,251891357.0,287849250,298085250.0,0.831,787479000.0,0.0,21524000.0,15218000.0,2.736,472733000.0
37,BMET,MRQ,1998-03-31,1998-02-28,1998-02-28,2018-10-09,-16810000.0,803907000.0,,540442000.0,263465000.0,,2.492,-17595000.0,88898000.0,88898000.0,49911000.0,31257000.0,5.874,0.165,7325000.0,7325000.0,0.0,7325000.0,0.0,6968000.0,0.0,0.004,0.0,55500000.0,62468000.0,0.388,62468000.0,55500000.0,55500000.0,0.124,0.124,0.124,625809000.0,,625809000.0,3229237109.0,16.0,14.792,11263000.0,0.045,1.0,111057000.0,0.69,59444000.0,0.0,570889000.0,,180772000.0,107170000.0,44750000.0,62420000.0,103316000.0,92001000.0,11315000.0,3317333109.0,-5522000.0,1659000.0,704000.0,999000.0,0.0,1703000.0,-26952000.0,-10645000.0,28858000.0,-9131000.0,31257000.0,31257000.0,31257000.0,0.0,0.0,0.194,72595000.0,38462000.0,17634000.0,0.0,5.301,27.602,27.486,137543000.0,0.0,13.193,5.35,5.344,184870000.0,551474000.0,160968000.0,160968000.0,15845000.0,,,,,0.0,56750000.0,1.0,251445123.0,251156250,255186000.0,0.641,744463000.0,0.0,24243000.0,19761000.0,2.964,448441000.0
38,BMET,MRQ,1997-12-31,1997-11-30,1997-11-30,2018-10-09,-6400000.0,691511000.0,,502138000.0,189373000.0,,2.408,-11362000.0,94420000.0,94420000.0,48611000.0,30762000.0,5.978,0.144,6324000.0,6324000.0,0.0,6324000.0,0.0,5259000.0,0.0,0.005,0.0,48837000.0,54096000.0,0.345,54096000.0,48837000.0,48837000.0,0.124,0.12,0.124,604258000.0,,604258000.0,,,,7942000.0,0.032,1.0,107971000.0,0.69,32348000.0,0.0,487074000.0,,158941000.0,95192000.0,45117000.0,50075000.0,87253000.0,83993000.0,3260000.0,2656648476.0,7789000.0,-19000.0,330000.0,70000.0,0.0,400000.0,-14688000.0,-2236000.0,19304000.0,2773000.0,30762000.0,30762000.0,30762000.0,0.0,0.0,0.196,60635000.0,47336000.0,17603000.0,0.0,4.397,22.862,22.869,103348000.0,0.0,10.566,4.389,4.38,174491000.0,520217000.0,156582000.0,156582000.0,5762000.0,,,,,0.0,54873000.0,1.0,251445123.0,250917750,254265750.0,0.624,659163000.0,0.0,18075000.0,18788000.0,2.627,418145000.0
39,BMET,MRQ,1997-09-30,1997-08-31,1997-08-31,2018-10-09,,,,,,,,-4997000.0,,,46622000.0,29261000.0,,,,,,,,4735000.0,,0.01,0.049,46477000.0,51212000.0,0.342,51212000.0,46477000.0,46477000.0,0.116,0.116,0.116,,,,,,,36864000.0,0.147,1.0,102907000.0,0.688,,0.0,,,,,,,,,,,4597000.0,-13133000.0,523000.0,866000.0,-12256000.0,-10867000.0,-24785000.0,-5969000.0,41861000.0,-1612000.0,29261000.0,29261000.0,29261000.0,0.0,0.0,0.196,58756000.0,44151000.0,,0.422,,,,,0.0,9.183,,3.883,,,149529000.0,149529000.0,5886000.0,,,,,0.0,52870000.0,1.0,,250661250,253134000.0,0.597,,,17216000.0,,,
40,BMET,MRQ,1997-06-30,1997-05-31,1997-05-31,2018-10-09,-9210000.0,628356000.0,,464240000.0,164116000.0,,2.211,-10125000.0,82034000.0,82034000.0,48103000.0,28903000.0,6.367,0.137,5568000.0,5568000.0,0.0,5568000.0,0.0,4463000.0,0.0,0.005,0.0,46073000.0,50536000.0,0.33,50536000.0,46073000.0,45422000.0,0.116,0.12,0.116,552828000.0,,552828000.0,,,,31223000.0,0.125,1.0,104893000.0,0.686,26093000.0,651000.0,452883000.0,,151523000.0,85764000.0,41237000.0,44527000.0,75528000.0,72914000.0,2614000.0,,-15091000.0,-6003000.0,-387000.0,1603000.0,2000.0,2533000.0,-53122000.0,-38295000.0,41348000.0,-5850000.0,28903000.0,28903000.0,28903000.0,0.0,0.0,0.189,61934000.0,42959000.0,17140000.0,0.0,,,19.851,90912000.0,0.0,8.298,,3.66,162135000.0,472450000.0,152996000.0,152996000.0,5294000.0,,,,,0.0,56640000.0,1.0,,250085250,242532000.0,0.612,602263000.0,0.0,16519000.0,14410000.0,2.408,391326000.0
41,BMET,MRQ,1997-03-31,1997-02-28,1997-02-28,2018-10-09,,,,,,,,-2540000.0,,,46859000.0,27279000.0,,,,,,,,3661000.0,,0.007,0.0,43421000.0,47082000.0,0.322,47082000.0,43421000.0,43421000.0,0.107,0.107,0.107,,,,,,,21189000.0,0.083,1.0,99305000.0,0.679,,0.0,,,,,,,,,,,-15344000.0,0.0,-49482000.0,81000.0,0.0,-49401000.0,8736000.0,11520000.0,23729000.0,1592000.0,27279000.0,27279000.0,27279000.0,0.0,0.0,0.187,58238000.0,41067000.0,,0.0,,,,,0.0,6.749,,,,,146164000.0,146164000.0,5328000.0,,,,,0.0,52910000.0,1.0,,254677500,259197750.0,0.574,,,16142000.0,,,
42,BMET,MRQ,1996-12-31,1996-11-30,1996-11-30,2018-10-09,,,,,,,,,,,46405000.0,26185000.0,,,,,,,,,,0.006,0.044,41595000.0,,,,41595000.0,41595000.0,,,,,,,,,,,,1.0,97604000.0,0.678,,0.0,,,,,,,,,,,,,,,,,,,,,26185000.0,26185000.0,26185000.0,0.0,0.0,0.182,58162000.0,39442000.0,,,,,,,0.0,7.302,,,,,144009000.0,144009000.0,6061000.0,,,,,,52101000.0,1.0,,258664500,,0.557,,,15410000.0,,,
0,BMET,MRT,2007-06-30,2007-05-31,2007-05-31,2018-10-09,45974000.0,2457861000.0,2375912000.0,1451788000.0,1006073000.0,0.887,8.357,-142611000.0,228681000.0,228681000.0,642270000.0,335892000.0,4.198,0.199,81824000.0,81824000.0,0.0,81824000.0,0.0,97005000.0,0.0,0.007,0.3,510912000.0,607917000.0,0.288,607917000.0,510912000.0,501572000.0,1.37,1.37,1.37,2049224000.0,1917252750.0,2049224000.0,10765744822.0,21.0,17.709,297142000.0,1.212,1.0,1465158000.0,0.695,522996000.0,9340000.0,1442196000.0,1438589250.0,540428000.0,45146000.0,2157000.0,42989000.0,408637000.0,345812000.0,62825000.0,10683352822.0,67718000.0,0.0,15886000.0,-196871000.0,-73455000.0,-251240000.0,-125061000.0,23987000.0,439753000.0,4266000.0,335892000.0,335892000.0,335892000.0,0.0,0.0,0.159,975556000.0,489602000.0,68709000.0,0.219,5.213,31.806,31.839,427396000.0,0.0,43.62,5.069,5.076,498738000.0,1634707000.0,2107428000.0,2107428000.0,94416000.0,0.141,0.175,0.355,0.242,14501000.0,881140000.0,1.0,244918680.0,245217000,245217000.0,8.594,1934865000.0,136777000.0,165680000.0,32853000.0,7.89,1105976000.0
1,BMET,MRT,2007-03-31,2007-02-28,2007-02-28,2018-10-09,38756000.0,2357714000.0,2332108500.0,1372542000.0,985172000.0,0.9,8.083,-122687000.0,128507000.0,128507000.0,618378000.0,394769000.0,3.968,0.189,100316000.0,100316000.0,0.0,100316000.0,0.0,92388000.0,0.0,0.007,0.3,606009000.0,698397000.0,0.333,698397000.0,606009000.0,594344000.0,1.62,1.61,1.62,1983602000.0,1834995250.0,1983602000.0,10449799724.0,17.0,14.963,307200000.0,1.252,1.0,1479535000.0,0.705,519460000.0,11665000.0,1464192000.0,1417981000.0,550731000.0,62016000.0,5527000.0,56489000.0,374112000.0,345871000.0,28241000.0,10367407724.0,25964000.0,0.0,-36026000.0,-175246000.0,-73526000.0,-282737000.0,-118460000.0,9124000.0,429887000.0,-2726000.0,394769000.0,394769000.0,394769000.0,0.0,0.0,0.188,893802000.0,585733000.0,52323000.0,0.185,5.227,26.262,26.13,392897000.0,0.0,42.33,4.942,4.951,544801000.0,1593218000.0,2097913000.0,2097913000.0,92293000.0,0.169,0.215,0.427,0.289,15119000.0,801509000.0,1.0,244918680.0,245390000,245390000.0,8.549,1838254000.0,95904000.0,199575000.0,28241000.0,7.491,1026671000.0
2,BMET,MRT,2006-12-31,2006-11-30,2006-11-30,2018-10-09,28012000.0,2364688000.0,2287171750.0,1399787000.0,964901000.0,0.907,7.665,-110931000.0,98554000.0,98554000.0,597777000.0,414894000.0,3.056,0.259,209682000.0,209682000.0,0.0,209682000.0,0.0,90305000.0,0.0,0.008,0.3,635500000.0,725805000.0,0.35,725805000.0,635500000.0,623835000.0,1.69,1.68,1.69,1878363000.0,1749737250.0,1878363000.0,9337868917.0,15.0,12.866,250184000.0,1.021,1.0,1476860000.0,0.712,517793000.0,11665000.0,1499908000.0,1384279000.0,563231000.0,68630000.0,6451000.0,62179000.0,486325000.0,458115000.0,28210000.0,9255476917.0,172000.0,0.0,-99499000.0,-78472000.0,-73526000.0,-250218000.0,-106777000.0,4964000.0,361115000.0,-3948000.0,414894000.0,414894000.0,414894000.0,0.0,0.0,0.2,859372000.0,617488000.0,56903000.0,0.178,4.927,22.308,22.361,370850000.0,0.0,37.79,4.461,4.464,554301000.0,1507892000.0,2074637000.0,2074637000.0,89659000.0,0.181,0.237,0.459,0.306,9027000.0,769713000.0,1.0,244918680.0,245072000,245072000.0,8.465,1846895000.0,102106000.0,208941000.0,28210000.0,7.536,941672000.0
3,BMET,MRT,2006-09-30,2006-08-31,2006-08-31,2018-10-09,24750000.0,2323385000.0,2226484750.0,1363437000.0,959948000.0,0.92,7.178,-107098000.0,190502000.0,190502000.0,586229000.0,410603000.0,2.534,0.322,272894000.0,272894000.0,0.0,272894000.0,0.0,87212000.0,0.0,0.009,0.3,628446000.0,715658000.0,0.349,715658000.0,628446000.0,616781000.0,1.67,1.65,1.67,1757822000.0,1676324500.0,1757822000.0,8124023183.0,13.0,11.352,311284000.0,1.271,1.0,1462768000.0,0.714,519603000.0,11665000.0,1348061000.0,1331912750.0,559985000.0,67074000.0,6386000.0,60688000.0,565563000.0,538113000.0,27450000.0,8008425183.0,66109000.0,0.0,-163763000.0,-11121000.0,-73526000.0,-248006000.0,-104434000.0,4288000.0,418382000.0,167000.0,410603000.0,410603000.0,410603000.0,0.0,0.0,0.2,849234000.0,613534000.0,57165000.0,0.18,4.556,19.504,19.587,363550000.0,0.0,32.71,3.908,3.909,493639000.0,1407110000.0,2048997000.0,2048997000.0,88272000.0,0.184,0.245,0.472,0.307,6586000.0,760962000.0,1.0,244831097.0,244881000,244881000.0,8.367,1803782000.0,76210000.0,206178000.0,41281000.0,7.366,825324000.0
4,BMET,MRT,2006-06-30,2006-05-31,2006-05-31,2018-10-09,17730000.0,2282647000.0,2168739500.0,1334153000.0,948494000.0,0.934,6.948,-108912000.0,160963000.0,160963000.0,582106000.0,405908000.0,2.578,0.327,276561000.0,276561000.0,0.0,276561000.0,0.0,82177000.0,0.0,0.007,0.25,622660000.0,704837000.0,0.348,704837000.0,622660000.0,610995000.0,1.64,1.63,1.64,1720194000.0,1622921500.0,1720194000.0,8825536566.0,14.0,12.521,304558000.0,1.23,1.0,1443633000.0,0.713,520895000.0,11665000.0,1359763000.0,1299308750.0,534515000.0,64508000.0,6380000.0,58128000.0,562453000.0,517587000.0,44866000.0,8654356566.0,56257000.0,0.0,-192428000.0,-2693000.0,-62473000.0,-257594000.0,-99065000.0,8779000.0,413470000.0,-554000.0,405908000.0,405908000.0,405908000.0,0.0,0.0,0.2,835247000.0,608386000.0,62276000.0,0.152,5.031,21.321,21.445,357632000.0,0.0,35.17,4.272,4.298,507883000.0,1379303000.0,2025739000.0,2025739000.0,84988000.0,0.187,0.25,0.479,0.307,4225000.0,750259000.0,1.0,246072123.0,247576000,248430000.0,8.182,1761752000.0,92070000.0,205087000.0,26991000.0,7.116,816566000.0
5,BMET,MRT,2006-03-31,2006-02-28,2006-02-28,2018-10-09,2028000.0,2177967000.0,2126814000.0,1250129000.0,927838000.0,0.935,6.654,-99235000.0,102543000.0,102543000.0,555664000.0,406498000.0,2.47,0.326,273723000.0,273723000.0,0.0,273723000.0,0.0,78495000.0,0.0,0.007,0.25,622385000.0,700880000.0,0.352,700880000.0,622385000.0,613228000.0,1.63,1.62,1.63,1642570000.0,1585084000.0,1642570000.0,9201316020.0,15.0,13.128,304907000.0,1.235,1.0,1433276000.0,0.721,513561000.0,9157000.0,1329384000.0,1272900500.0,523323000.0,67293000.0,8100000.0,59193000.0,535397000.0,506202000.0,29195000.0,9009930020.0,2676000.0,0.0,-225608000.0,-20789000.0,-62472000.0,-308869000.0,-91434000.0,5961000.0,404142000.0,-1163000.0,406498000.0,406498000.0,406498000.0,0.0,0.0,0.204,822584000.0,610692000.0,60245000.0,0.153,5.485,22.165,22.331,340872000.0,0.0,36.4,4.53,4.518,498761000.0,1375532000.0,1988940000.0,1988940000.0,85444000.0,0.191,0.256,0.489,0.313,8906000.0,737140000.0,1.0,247525550.0,246859000,247772000.0,8.057,1664406000.0,76087000.0,206730000.0,38959000.0,6.742,743927000.0
6,BMET,MRT,2005-12-31,2005-11-30,2005-11-30,2018-10-09,-5673000.0,2121940000.0,2106754250.0,1198811000.0,923129000.0,0.933,6.381,-104514000.0,98382000.0,98382000.0,550574000.0,397902000.0,2.36,0.339,289768000.0,289768000.0,0.0,289768000.0,0.0,75375000.0,0.0,0.007,0.25,611096000.0,686471000.0,0.349,686471000.0,611096000.0,601939000.0,1.59,1.58,1.59,1584712000.0,1559044750.0,1584712000.0,9036262674.0,15.0,13.163,306125000.0,1.233,1.0,1414135000.0,0.72,514984000.0,9157000.0,1290443000.0,1250712750.0,495624000.0,69145000.0,8075000.0,61070000.0,537228000.0,507899000.0,29329000.0,8874619674.0,-1136000.0,0.0,-214010000.0,-30643000.0,-62472000.0,-307125000.0,-96974000.0,5388000.0,410639000.0,-7676000.0,397902000.0,397902000.0,397902000.0,0.0,0.0,0.203,815208000.0,598927000.0,58127000.0,0.157,5.6,22.304,22.409,332298000.0,0.0,35.63,4.517,4.504,479902000.0,1328932000.0,1964709000.0,1964709000.0,84649000.0,0.189,0.255,0.489,0.311,11724000.0,730559000.0,1.0,249077173.0,248337000,249276000.0,7.911,1606956000.0,74332000.0,204037000.0,34638000.0,6.471,690912000.0
7,BMET,MRT,2005-09-30,2005-08-31,2005-08-31,2018-10-09,-2053000.0,2092404000.0,2090704250.0,1170475000.0,921929000.0,0.922,6.187,-104740000.0,124393000.0,124393000.0,541964000.0,388625000.0,2.258,0.355,286036000.0,286036000.0,0.0,286036000.0,0.0,71550000.0,0.0,0.007,0.25,600154000.0,671704000.0,0.349,671704000.0,600154000.0,590997000.0,1.54,1.54,1.54,1544210000.0,1532181000.0,1544210000.0,9383935755.0,16.0,13.97,319110000.0,1.279,1.0,1384729000.0,0.719,518027000.0,9157000.0,1217645000.0,1230033500.0,471659000.0,69230000.0,7978000.0,61252000.0,548194000.0,518375000.0,29819000.0,9206448755.0,42678000.0,0.0,-188999000.0,-27323000.0,-62472000.0,-278794000.0,-95803000.0,7868000.0,423850000.0,-6575000.0,388625000.0,388625000.0,388625000.0,0.0,0.0,0.202,797330000.0,587399000.0,55067000.0,0.162,5.962,23.69,23.955,326820000.0,0.0,36.89,4.778,4.779,455821000.0,1288268000.0,1926693000.0,1926693000.0,82725000.0,0.186,0.254,0.488,0.311,11121000.0,714605000.0,1.0,249564889.0,249582000,250656000.0,7.72,1574377000.0,73607000.0,202372000.0,66209000.0,6.308,652100000.0
8,BMET,MRT,2005-06-30,2005-05-31,2005-05-31,2018-10-09,23251000.0,2114945000.0,2060951250.0,1192284000.0,922661000.0,0.912,6.216,-97372000.0,104706000.0,104706000.0,533355000.0,349373000.0,2.316,0.348,282193000.0,282193000.0,0.0,282193000.0,0.0,69602000.0,0.0,0.005,0.2,555626000.0,625228000.0,0.333,625228000.0,555626000.0,546469000.0,1.38,1.37,1.38,1568844000.0,1496380750.0,1568844000.0,9690843763.0,17.0,15.5,313548000.0,1.242,1.0,1346595000.0,0.716,523456000.0,9157000.0,1254130000.0,1211029750.0,469791000.0,72368000.0,10962000.0,61406000.0,546101000.0,514846000.0,31255000.0,9490249763.0,-54537000.0,-266229000.0,-215023000.0,167624000.0,-50871000.0,-98270000.0,-360682000.0,4454000.0,410920000.0,-6505000.0,349373000.0,349373000.0,349373000.0,0.0,0.0,0.186,802535000.0,544060000.0,57021000.0,0.145,6.049,27.164,27.304,322887000.0,0.0,37.68,5.048,5.059,479745000.0,1245147000.0,1879950000.0,1879950000.0,80213000.0,0.17,0.233,0.459,0.296,10471000.0,696302000.0,1.0,251864378.0,252387000,254148000.0,7.449,1591489000.0,91100000.0,197096000.0,31255000.0,6.306,677438000.0
9,BMET,MRT,2005-03-31,2005-02-28,2005-02-28,2018-10-09,29034000.0,2097728000.0,1977941250.0,1175058000.0,922670000.0,0.922,6.1,-92144000.0,99867000.0,99867000.0,526921000.0,322970000.0,2.23,0.364,300461000.0,300461000.0,0.0,300461000.0,0.0,67281000.0,0.0,0.005,0.2,510771000.0,578052000.0,0.317,578052000.0,510771000.0,506524000.0,1.27,1.28,1.27,1538413000.0,1466222250.0,1538413000.0,10893214843.0,21.0,18.845,324568000.0,1.287,1.0,1297124000.0,0.711,530720000.0,4247000.0,1240633000.0,1174764000.0,456612000.0,72896000.0,10902000.0,61994000.0,559315000.0,526969000.0,32346000.0,10668056843.0,-277056000.0,-573704000.0,-150309000.0,174500000.0,-50872000.0,-26681000.0,-655564000.0,12972000.0,416712000.0,-11523000.0,322970000.0,322970000.0,322970000.0,0.0,0.0,0.177,795751000.0,501373000.0,57771000.0,0.157,6.934,33.031,33.244,314717000.0,0.0,42.22,5.849,5.837,489467000.0,1263962000.0,1824045000.0,1824045000.0,77057000.0,0.163,0.22,0.435,0.28,11107000.0,691424000.0,1.0,252677803.0,252182000,253994000.0,7.233,1567008000.0,79654000.0,183554000.0,44966000.0,6.214,648089000.0
10,BMET,MRT,2004-12-31,2004-11-30,2004-11-30,2018-10-09,20414000.0,2057740000.0,1907990500.0,1149132000.0,908608000.0,0.918,5.84,-80235000.0,99518000.0,99518000.0,504845000.0,312786000.0,2.107,0.393,324676000.0,324676000.0,0.0,324676000.0,0.0,64929000.0,0.0,0.004,0.2,497890000.0,562819000.0,0.321,562819000.0,497890000.0,493643000.0,1.23,1.24,1.23,1477257000.0,1432560750.0,1477257000.0,12348133651.0,25.0,21.94,335722000.0,1.327,1.0,1247362000.0,0.712,529670000.0,4247000.0,1207726000.0,1148254000.0,446711000.0,74787000.0,10907000.0,63880000.0,580483000.0,545502000.0,34981000.0,12117928651.0,-142222000.0,-573704000.0,-170360000.0,191021000.0,-50872000.0,-30211000.0,-529192000.0,127205000.0,415957000.0,1224000.0,312786000.0,312786000.0,312786000.0,0.0,0.0,0.179,757670000.0,489692000.0,55548000.0,0.163,8.203,38.742,38.919,298797000.0,0.0,47.87,6.916,6.91,476574000.0,1217538000.0,1752207000.0,1752207000.0,72488000.0,0.164,0.218,0.434,0.284,11107000.0,657912000.0,1.0,253142441.0,252944000,255255000.0,6.927,1528070000.0,85748000.0,180857000.0,44994000.0,6.041,603630000.0
11,BMET,MRT,2004-09-30,2004-08-31,2004-08-31,2018-10-09,3345000.0,1973392000.0,1831292750.0,1083153000.0,890239000.0,0.919,5.519,-70579000.0,81715000.0,81715000.0,482520000.0,304279000.0,2.028,0.409,311920000.0,311920000.0,0.0,311920000.0,0.0,61159000.0,0.0,0.004,0.2,485940000.0,547099000.0,0.325,547099000.0,485940000.0,481693000.0,1.19,1.2,1.19,1401009000.0,1401846250.0,1401009000.0,11546094635.0,24.0,21.104,338975000.0,1.335,1.0,1200574000.0,0.713,527772000.0,4247000.0,1141630000.0,1151108250.0,424997000.0,76902000.0,14449000.0,62453000.0,572383000.0,534195000.0,38188000.0,11595683635.0,-139996000.0,-573704000.0,-145470000.0,193808000.0,-50872000.0,-2534000.0,-538116000.0,108700000.0,409554000.0,-8900000.0,304279000.0,304279000.0,304279000.0,0.0,0.0,0.181,724233000.0,476341000.0,53455000.0,0.168,8.277,38.109,38.361,283573000.0,0.0,45.65,6.89,6.885,449436000.0,1164595000.0,1683094000.0,1683094000.0,68692000.0,0.166,0.217,0.422,0.289,11107000.0,628271000.0,1.0,254012785.0,253856000,255950000.0,6.63,1445620000.0,85748000.0,177414000.0,76918000.0,5.695,548958000.0
12,BMET,MRT,2004-06-30,2004-05-31,2004-05-31,2018-10-09,1883000.0,1782905000.0,1752931500.0,1115869000.0,667036000.0,0.921,5.668,-61342000.0,159243000.0,159243000.0,462166000.0,320324000.0,3.616,0.231,109654000.0,109654000.0,0.0,109654000.0,0.0,58218000.0,0.0,0.004,0.15,497893000.0,556111000.0,0.344,556111000.0,497893000.0,493646000.0,1.25,1.25,1.25,1448210000.0,1368903500.0,1448210000.0,9909021580.0,20.0,17.818,324747000.0,1.271,1.0,1153087000.0,0.714,315639000.0,4247000.0,1109067000.0,1151272250.0,389391000.0,76369000.0,10030000.0,66339000.0,334695000.0,308610000.0,26085000.0,10163479580.0,-66407000.0,-307475000.0,-144516000.0,-11487000.0,-38604000.0,-194607000.0,-253481000.0,116541000.0,386089000.0,-4408000.0,320324000.0,320324000.0,320324000.0,0.0,0.0,0.198,666422000.0,486665000.0,55365000.0,0.12,7.018,31.729,31.958,268826000.0,0.0,39.948,6.292,6.319,465949000.0,1218682000.0,1615253000.0,1615253000.0,64964000.0,0.183,0.234,0.432,0.308,11107000.0,600208000.0,1.0,254420089.0,255512000,257204000.0,6.322,1467266000.0,69379000.0,173322000.0,45025000.0,5.742,807259000.0
13,BMET,MRT,2004-03-31,2004-02-28,2004-02-28,2018-10-09,29328000.0,1817925000.0,1725247500.0,1322194000.0,495731000.0,0.896,5.503,-60598000.0,376923000.0,376923000.0,441317000.0,323517000.0,4.582,0.211,122465000.0,122465000.0,0.0,122465000.0,0.0,53198000.0,0.0,0.004,0.15,501830000.0,555028000.0,0.359,555028000.0,501830000.0,501830000.0,1.26,1.26,1.26,1403767000.0,1328384500.0,1403767000.0,9810910061.0,20.0,17.676,319394000.0,1.252,1.0,1103958000.0,0.714,140332000.0,0.0,1134593000.0,1163106750.0,383200000.0,86715000.0,13945000.0,72770000.0,295997000.0,288542000.0,7455000.0,9929002061.0,209146000.0,0.0,-154763000.0,-7466000.0,-38589000.0,-200818000.0,29840000.0,91796000.0,379992000.0,132000.0,323517000.0,323517000.0,323517000.0,0.0,0.0,0.209,600735000.0,503223000.0,38769000.0,0.119,7.073,30.691,30.804,267540000.0,0.0,38.813,6.425,6.408,468497000.0,1159125000.0,1545275000.0,1545275000.0,61497000.0,0.188,0.244,0.431,0.325,5579000.0,545038000.0,1.0,255819567.0,255110000,257244000.0,6.057,1677593000.0,54642000.0,178313000.0,25201000.0,6.576,1033652000.0
14,BMET,MRT,2003-12-31,2003-11-30,2003-11-30,2018-10-09,2142000.0,1750949000.0,1665668750.0,1153227000.0,597722000.0,0.894,5.295,-65305000.0,241740000.0,241740000.0,432961000.0,309511000.0,4.215,0.207,123648000.0,123648000.0,0.0,123648000.0,0.0,48862000.0,0.0,0.004,0.15,479563000.0,528425000.0,0.355,528425000.0,479563000.0,479563000.0,1.2,1.2,1.2,1354399000.0,1283764000.0,1354399000.0,8997869943.0,19.0,17.028,275174000.0,1.076,1.0,1056171000.0,0.709,140114000.0,0.0,1219143000.0,1166404000.0,375929000.0,202027000.0,15541000.0,186486000.0,280518000.0,273600000.0,6918000.0,9108513943.0,100219000.0,0.0,-124895000.0,-3723000.0,-38589000.0,-167207000.0,-74483000.0,-6965000.0,340479000.0,1430000.0,309511000.0,309511000.0,309511000.0,0.0,0.0,0.208,581676000.0,474495000.0,39097000.0,0.125,6.725,29.429,29.689,257498000.0,0.0,35.626,6.117,6.12,439312000.0,1144336000.0,1489132000.0,1489132000.0,60160000.0,0.186,0.241,0.411,0.322,5579000.0,527316000.0,1.0,255668470.0,255797000,257599000.0,5.822,1610835000.0,54642000.0,170052000.0,16920000.0,6.297,879627000.0
15,BMET,MRT,2003-09-30,2003-08-31,2003-08-31,2018-10-09,-7741000.0,1659947000.0,1609057250.0,1089289000.0,570658000.0,0.897,4.942,-59125000.0,221711000.0,221711000.0,422776000.0,297173000.0,4.034,0.218,111067000.0,111067000.0,0.0,111067000.0,0.0,46942000.0,0.0,0.005,0.15,460519000.0,507461000.0,0.352,507461000.0,460519000.0,460519000.0,1.15,1.15,1.15,1269238000.0,1236466250.0,1269238000.0,7485886822.0,16.0,14.752,270430000.0,1.053,1.0,1020243000.0,0.707,136971000.0,0.0,1142286000.0,1139243750.0,361216000.0,183520000.0,16826000.0,166694000.0,276701000.0,270046000.0,6655000.0,7597416822.0,96922000.0,0.0,-151803000.0,-4395000.0,-38620000.0,-194818000.0,-42388000.0,19182000.0,329555000.0,4573000.0,297173000.0,297173000.0,297173000.0,0.0,0.0,0.206,563520000.0,456723000.0,37933000.0,0.13,5.986,25.566,25.767,251413000.0,0.0,29.632,5.265,5.274,410195000.0,1078243000.0,1443019000.0,1443019000.0,57419000.0,0.185,0.24,0.404,0.319,5579000.0,511901000.0,1.0,256391095.0,256847000,258282000.0,5.618,1522976000.0,54642000.0,163346000.0,34917000.0,5.93,819243000.0
16,BMET,MRT,2003-06-30,2003-05-31,2003-05-31,2018-10-09,-10340000.0,1672169000.0,1568979000.0,1111755000.0,560414000.0,0.886,4.956,-59770000.0,225650000.0,225650000.0,407295000.0,286701000.0,4.169,0.213,114120000.0,114120000.0,0.0,114120000.0,0.0,45659000.0,0.0,0.004,0.1,443662000.0,489321000.0,0.352,489321000.0,443662000.0,443662000.0,1.1,1.1,1.1,1286134000.0,1201433750.0,1286134000.0,7014884683.0,16.0,14.336,250507000.0,0.965,1.0,983005000.0,0.707,137580000.0,0.0,1156405000.0,1123208250.0,356270000.0,192944000.0,37337000.0,155607000.0,274147000.0,266654000.0,7493000.0,7067105683.0,71353000.0,0.0,-197835000.0,1443000.0,-26416000.0,-222808000.0,-19697000.0,44022000.0,310277000.0,3581000.0,286701000.0,286701000.0,286701000.0,0.0,0.0,0.206,544900000.0,438105000.0,42106000.0,0.091,5.495,24.65,24.902,253446000.0,0.0,27.392,5.083,5.113,418095000.0,1100462000.0,1390300000.0,1390300000.0,55309000.0,0.183,0.239,0.395,0.319,5579000.0,495391000.0,1.0,258000777.0,259493000,261394000.0,5.358,1534589000.0,54262000.0,156961000.0,19484000.0,5.914,845101000.0
17,BMET,MRT,2003-03-31,2003-02-28,2003-02-28,2018-10-09,-12116000.0,1579610000.0,1531367500.0,1051376000.0,528234000.0,0.874,4.75,-58899000.0,167777000.0,167777000.0,387441000.0,269555000.0,4.343,0.2,115556000.0,115556000.0,0.0,115556000.0,0.0,46842000.0,0.0,0.003,0.1,415727000.0,462569000.0,0.345,462569000.0,415727000.0,415727000.0,1.03,1.02,1.03,1225285000.0,1174020000.0,1225285000.0,7764704836.0,19.0,16.786,163948000.0,0.636,1.0,951533000.0,0.711,137506000.0,0.0,1147782000.0,1105733250.0,363805000.0,171575000.0,38251000.0,133324000.0,245508000.0,242101000.0,3407000.0,7794510836.0,-67921000.0,0.0,-302548000.0,15637000.0,-26431000.0,-313342000.0,13985000.0,79156000.0,222847000.0,8589000.0,269555000.0,269555000.0,269555000.0,0.0,0.0,0.201,537179000.0,414354000.0,28758000.0,0.097,6.361,28.916,29.223,243996000.0,0.0,30.1,5.821,5.798,412904000.0,1054051000.0,1338974000.0,1338974000.0,55167000.0,0.176,0.23,0.376,0.31,1268000.0,482012000.0,1.0,258952816.0,257929000,259824000.0,5.191,1442104000.0,48574000.0,146172000.0,6220000.0,5.591,809275000.0
18,BMET,MRT,2002-12-31,2002-11-30,2002-11-30,2018-10-09,-34150000.0,1524503000.0,1530510500.0,1000047000.0,524456000.0,0.843,4.49,-47333000.0,141521000.0,141521000.0,365043000.0,258635000.0,4.023,0.216,111715000.0,111715000.0,0.0,111715000.0,0.0,47637000.0,0.0,0.004,0.1,398562000.0,446199000.0,0.346,446199000.0,398562000.0,398562000.0,0.98,0.97,0.98,1165208000.0,1176373500.0,1165208000.0,7090057481.0,18.0,15.89,171664000.0,0.662,1.0,924498000.0,0.717,135633000.0,0.0,1110502000.0,1080838500.0,360153000.0,188566000.0,38621000.0,149945000.0,251722000.0,248562000.0,3160000.0,7113363481.0,-105602000.0,-6735000.0,-339391000.0,44011000.0,-26431000.0,-321811000.0,-6769000.0,52547000.0,218997000.0,3981000.0,258635000.0,258635000.0,258635000.0,0.0,0.0,0.201,519675000.0,404823000.0,37048000.0,0.102,6.105,27.503,27.941,225117000.0,0.0,27.382,5.516,5.51,388483000.0,1019392000.0,1289541000.0,1289541000.0,52802000.0,0.169,0.22,0.369,0.309,1268000.0,466873000.0,1.0,259783889.0,259499000,261626000.0,4.969,1388870000.0,50294000.0,139927000.0,9996000.0,5.352,751485000.0
19,BMET,MRT,2002-09-30,2002-08-31,2002-08-31,2018-10-09,-34146000.0,1499634000.0,1540039500.0,965030000.0,534604000.0,0.804,4.303,-60339000.0,124789000.0,124789000.0,345472000.0,249733000.0,3.682,0.235,101483000.0,101483000.0,0.0,101483000.0,0.0,48349000.0,0.0,0.004,0.1,383723000.0,432072000.0,0.349,432072000.0,383723000.0,383723000.0,0.94,0.93,0.94,1129108000.0,1197689750.0,1129108000.0,6977662903.0,18.0,16.149,146235000.0,0.557,1.0,892008000.0,0.721,136093000.0,0.0,1078144000.0,1060251500.0,361073000.0,198856000.0,40240000.0,158616000.0,265438000.0,262091000.0,3347000.0,7041492903.0,-129995000.0,-6735000.0,-300256000.0,31405000.0,-26400000.0,-295251000.0,-43752000.0,27823000.0,206574000.0,2434000.0,249733000.0,249733000.0,249733000.0,0.0,0.0,0.202,504023000.0,387985000.0,41249000.0,0.106,6.236,28.196,28.452,225079000.0,0.0,26.745,5.69,5.671,368589000.0,990360000.0,1237480000.0,1237480000.0,51720000.0,0.162,0.209,0.362,0.31,1268000.0,452303000.0,1.0,263286529.0,262378000,264405000.0,4.716,1363541000.0,50131000.0,133990000.0,34052000.0,5.197,702939000.0
20,BMET,MRT,2002-06-30,2002-05-31,2002-05-31,2018-10-09,-50826000.0,1521723000.0,1544809250.0,952944000.0,568779000.0,0.772,4.382,-62275000.0,154297000.0,154297000.0,332727000.0,239740000.0,4.009,0.205,90467000.0,90467000.0,0.0,90467000.0,0.0,47827000.0,0.0,0.003,0.09,367405000.0,415232000.0,0.348,415232000.0,367405000.0,367405000.0,0.89,0.88,0.89,1176479000.0,1211209250.0,1176479000.0,7373875551.0,20.0,17.758,121962000.0,0.454,1.0,859175000.0,0.721,133689000.0,0.0,1086505000.0,1028413500.0,335348000.0,232220000.0,30973000.0,201247000.0,241437000.0,237699000.0,3738000.0,7532758551.0,-80794000.0,-6735000.0,-191649000.0,26994000.0,-24268000.0,-188923000.0,-77419000.0,-5430000.0,184237000.0,1311000.0,239740000.0,239740000.0,239740000.0,0.0,0.0,0.201,488481000.0,370694000.0,36318000.0,0.101,6.403,31.421,31.583,219061000.0,0.0,28.109,6.32,6.331,365148000.0,1054020000.0,1191902000.0,1191902000.0,50750000.0,0.155,0.198,0.357,0.308,1268000.0,437731000.0,1.0,267986633.0,268475000,271245000.0,4.44,1388034000.0,49523000.0,127665000.0,20815000.0,5.17,715245000.0
21,BMET,MRT,2002-03-31,2002-02-28,2002-02-28,2018-10-09,-60067000.0,1576182000.0,1536706250.0,1001392000.0,574790000.0,0.751,4.583,-55148000.0,235698000.0,235698000.0,323491000.0,238255000.0,4.268,0.195,76815000.0,76815000.0,0.0,76815000.0,0.0,45622000.0,0.0,0.003,0.09,364337000.0,409959000.0,0.355,409959000.0,364337000.0,364337000.0,0.89,0.89,0.89,1234699000.0,1203636000.0,1234699000.0,8027425031.0,22.0,19.581,149905000.0,0.556,1.0,830533000.0,0.72,134479000.0,0.0,1048203000.0,989649500.0,318975000.0,253106000.0,42675000.0,210431000.0,240856000.0,234617000.0,6239000.0,8216681031.0,32525000.0,-1935000.0,-54958000.0,11015000.0,-24268000.0,-68211000.0,-101884000.0,-44222000.0,205053000.0,-2433000.0,238255000.0,238255000.0,238255000.0,0.0,0.0,0.206,475882000.0,354651000.0,32708000.0,0.101,6.655,34.487,34.19,211802000.0,0.0,30.429,7.12,7.103,335990000.0,1124969000.0,1154024000.0,1154024000.0,47332000.0,0.155,0.198,0.368,0.316,7281000.0,402450000.0,1.0,270030630.0,269388000,272265000.0,4.284,1441703000.0,44985000.0,126082000.0,27561000.0,5.352,766775000.0
22,BMET,MRT,2001-12-31,2001-11-30,2001-11-30,2018-10-09,-54360000.0,1562619000.0,1494687500.0,993119000.0,569500000.0,0.747,4.635,-52852000.0,247123000.0,247123000.0,313295000.0,214786000.0,4.791,0.171,57867000.0,57867000.0,0.0,57867000.0,0.0,44962000.0,0.0,0.003,0.09,329056000.0,374018000.0,0.335,374018000.0,329056000.0,329056000.0,0.8,0.8,0.8,1250473000.0,1166588500.0,1250473000.0,7319616659.0,22.0,19.57,137873000.0,0.511,1.0,803283000.0,0.719,137932000.0,0.0,1028154000.0,953292750.0,309008000.0,245801000.0,35455000.0,210346000.0,214122000.0,207277000.0,6845000.0,7514289659.0,80238000.0,4800000.0,19683000.0,-13390000.0,-24268000.0,-17975000.0,-96117000.0,-46321000.0,190725000.0,3605000.0,214786000.0,214786000.0,214786000.0,0.0,0.0,0.192,485290000.0,317993000.0,25586000.0,0.113,6.009,34.985,34.837,204170000.0,0.0,27.87,6.73,6.734,332013000.0,1137761000.0,1116578000.0,1116578000.0,46516000.0,0.144,0.184,0.345,0.295,7281000.0,412674000.0,1.0,269621807.0,269809000,272822000.0,4.138,1424687000.0,44334000.0,114270000.0,34420000.0,5.28,785842000.0
23,BMET,MRT,2001-09-30,2001-08-31,2001-08-31,2018-10-09,-55629000.0,1518713000.0,1428842000.0,980661000.0,538052000.0,0.75,4.391,-38600000.0,254784000.0,254784000.0,305288000.0,205132000.0,4.213,0.202,60111000.0,60111000.0,0.0,60111000.0,0.0,44527000.0,0.0,0.003,0.09,314357000.0,358884000.0,0.335,358884000.0,314357000.0,314357000.0,0.76,0.76,0.76,1183186000.0,1110001750.0,1183186000.0,7242435150.0,23.0,20.18,152697000.0,0.567,1.0,766264000.0,0.715,140503000.0,0.0,950792000.0,915289000.0,291283000.0,230554000.0,39629000.0,190925000.0,239502000.0,232745000.0,6757000.0,7414792150.0,515000.0,-85802000.0,21504000.0,-25899000.0,-24268000.0,-28663000.0,-164903000.0,-37869000.0,191297000.0,2784000.0,205132000.0,205132000.0,205132000.0,0.0,0.0,0.191,464099000.0,302165000.0,21954000.0,0.118,6.267,36.146,36.199,189168000.0,0.0,27.511,6.92,6.918,319139000.0,1076309000.0,1071552000.0,1071552000.0,44824000.0,0.144,0.185,0.343,0.293,7281000.0,393175000.0,1.0,269518156.0,269459000,272668000.0,3.977,1378210000.0,50046000.0,109225000.0,42499000.0,5.115,747916000.0
24,BMET,MRT,2001-06-30,2001-05-31,2001-05-31,2018-10-09,-56028000.0,1489311000.0,1366615250.0,968379000.0,520932000.0,0.754,4.278,-35261000.0,235091000.0,235091000.0,296063000.0,197546000.0,4.005,0.216,62734000.0,62734000.0,0.0,62734000.0,0.0,42824000.0,0.0,0.002,0.071,303452000.0,346276000.0,0.336,346276000.0,303452000.0,303452000.0,0.74,0.73,0.74,1146186000.0,1059797000.0,1146186000.0,7827857259.0,26.0,22.606,155245000.0,0.579,1.0,734600000.0,0.713,143683000.0,0.0,931449000.0,885645500.0,277601000.0,228057000.0,52627000.0,175430000.0,248028000.0,241822000.0,6206000.0,7959063259.0,21485000.0,-85802000.0,23832000.0,-19785000.0,-18993000.0,-14946000.0,-156673000.0,-33150000.0,190506000.0,2598000.0,197546000.0,197546000.0,197546000.0,0.0,0.0,0.192,443913000.0,290687000.0,25744000.0,0.096,6.944,40.29,40.07,185751000.0,0.0,29.652,7.722,7.708,324848000.0,1044564000.0,1030663000.0,1030663000.0,43020000.0,0.145,0.186,0.343,0.294,7281000.0,374793000.0,1.0,268415279.0,267915000,270746000.0,3.847,1345628000.0,48982000.0,105906000.0,36868000.0,5.023,726557000.0
25,BMET,MRT,2001-03-31,2001-02-28,2001-02-28,2018-10-09,-41946000.0,1408107000.0,1298899500.0,855867000.0,552240000.0,0.767,4.05,-41687000.0,203173000.0,203173000.0,292331000.0,189051000.0,3.87,0.211,71967000.0,71967000.0,0.0,71967000.0,0.0,44791000.0,0.0,0.003,0.071,293477000.0,338268000.0,0.34,338268000.0,293477000.0,290284000.0,0.703,0.7,0.703,1086509000.0,1009081250.0,1086509000.0,6807618052.0,23.0,20.125,163225000.0,0.608,1.0,703511000.0,0.706,152986000.0,3193000.0,902776000.0,858831000.0,271221000.0,208050000.0,12857000.0,195193000.0,228973000.0,221139000.0,7834000.0,6905518052.0,46971000.0,-94637000.0,18216000.0,-18376000.0,-18993000.0,-19153000.0,-143984000.0,-4154000.0,204912000.0,5196000.0,189051000.0,189051000.0,189051000.0,0.0,0.0,0.19,425207000.0,278304000.0,20916000.0,0.101,6.356,36.527,36.648,187100000.0,0.0,25.764,6.934,6.94,304392000.0,985447000.0,995842000.0,995842000.0,42207000.0,0.146,0.187,0.342,0.295,6258000.0,383000000.0,1.0,268031502.0,268245000,271530000.0,3.712,1255121000.0,32801000.0,101233000.0,21307000.0,4.679,634728000.0
26,BMET,MRT,2000-12-31,2000-11-28,2000-11-28,2018-10-09,-63226000.0,1299237000.0,1240554750.0,768592000.0,530645000.0,0.775,3.825,-37778000.0,166885000.0,166885000.0,287682000.0,194038000.0,4.312,0.18,68985000.0,68985000.0,0.0,68985000.0,0.0,41964000.0,0.0,0.003,0.071,302669000.0,344633000.0,0.358,344633000.0,302669000.0,299476000.0,0.723,0.72,0.723,1024126000.0,962981250.0,1024126000.0,6683673596.0,22.0,19.394,105306000.0,0.393,1.0,673907000.0,0.701,146964000.0,3193000.0,876139000.0,844224000.0,254447000.0,197830000.0,14022000.0,183808000.0,184767000.0,178234000.0,6533000.0,6862539596.0,-4179000.0,-99249000.0,22791000.0,-12624000.0,-19676000.0,-9509000.0,-134506000.0,3225000.0,143084000.0,-3248000.0,194038000.0,194038000.0,194038000.0,0.0,0.0,0.202,388209000.0,285698000.0,20979000.0,0.098,6.701,35.367,35.491,182284000.0,0.0,25.66,7.137,7.144,267607000.0,947243000.0,961589000.0,961589000.0,41792000.0,0.156,0.201,0.359,0.315,6258000.0,343717000.0,1.0,267440304.0,267729000,270708000.0,3.592,1152273000.0,32801000.0,105438000.0,16873000.0,4.304,590358000.0
27,BMET,MRT,2000-09-30,2000-08-31,2000-08-31,2018-10-09,-46799000.0,1269806000.0,1206123250.0,818062000.0,451744000.0,0.781,3.68,-40571000.0,254269000.0,254269000.0,285053000.0,181026000.0,4.295,0.202,75403000.0,75403000.0,0.0,75403000.0,0.0,40534000.0,0.0,0.003,0.071,285882000.0,326416000.0,0.347,326416000.0,285882000.0,282689000.0,0.68,0.677,0.68,982367000.0,915530250.0,982367000.0,5845860291.0,20.0,17.909,95530000.0,0.358,1.0,656922000.0,0.697,68269000.0,3193000.0,832218000.0,817616000.0,248871000.0,194386000.0,14805000.0,179581000.0,198305000.0,190453000.0,7852000.0,5988920291.0,91355000.0,-18444000.0,16750000.0,14196000.0,-19675000.0,11271000.0,-56655000.0,3543000.0,136101000.0,638000.0,181026000.0,181026000.0,181026000.0,0.0,0.0,0.192,387075000.0,269847000.0,19265000.0,0.104,6.096,33.083,33.007,185261000.0,0.0,22.445,6.358,6.361,244696000.0,895445000.0,941975000.0,941975000.0,40645000.0,0.15,0.198,0.35,0.303,6258000.0,334730000.0,1.0,266828618.0,266955000,269862000.0,3.529,1201537000.0,25811000.0,101663000.0,38814000.0,4.501,627609000.0
28,BMET,MRT,2000-06-30,2000-05-31,2000-05-31,2018-10-09,-49225000.0,1218448000.0,1169068250.0,789628000.0,428820000.0,0.79,3.569,-43067000.0,213606000.0,213606000.0,281351000.0,173771000.0,4.352,0.199,70546000.0,70546000.0,0.0,70546000.0,0.0,39766000.0,0.0,0.004,0.062,276702000.0,316468000.0,0.343,316468000.0,276702000.0,273509000.0,0.66,0.65,0.66,943323000.0,869639500.0,943323000.0,4165788716.0,15.0,13.163,94761000.0,0.359,1.0,642200000.0,0.695,69754000.0,3193000.0,824191000.0,792133250.0,240162000.0,193662000.0,34129000.0,159533000.0,187252000.0,181443000.0,5809000.0,4248245716.0,81525000.0,-22177000.0,11658000.0,19392000.0,-16468000.0,14582000.0,-67650000.0,-665000.0,137828000.0,-3235000.0,173771000.0,173771000.0,173771000.0,0.0,0.0,0.188,378526000.0,263674000.0,25612000.0,0.094,4.503,24.447,24.18,183257000.0,0.0,15.959,4.6,4.567,249792000.0,866011000.0,923551000.0,923551000.0,40208000.0,0.149,0.2,0.349,0.3,6258000.0,326618000.0,1.0,266198990.0,264294000,267242000.0,3.494,1148694000.0,25811000.0,99738000.0,22674000.0,4.346,608185000.0
29,BMET,MRT,2000-03-31,2000-02-28,2000-02-28,2018-10-09,-33817000.0,1174728000.0,1142191250.0,745658000.0,429070000.0,0.785,3.399,-44068000.0,156202000.0,156202000.0,274690000.0,138293000.0,4.164,0.208,73745000.0,73745000.0,0.0,73745000.0,0.0,35884000.0,0.0,0.004,0.062,213799000.0,249683000.0,0.278,249683000.0,213799000.0,211888000.0,0.529,0.517,0.529,902109000.0,832771000.0,902109000.0,3670341148.0,17.0,14.7,71897000.0,0.271,1.0,622452000.0,0.694,68830000.0,1911000.0,844348000.0,775874500.0,244539000.0,212401000.0,48738000.0,163663000.0,187216000.0,179093000.0,8123000.0,3764499148.0,17214000.0,-17985000.0,10769000.0,19798000.0,-16468000.0,14099000.0,-111095000.0,-37789000.0,115965000.0,-1755000.0,138293000.0,138293000.0,138293000.0,0.0,0.0,0.154,419510000.0,202942000.0,30627000.0,0.117,4.173,27.221,28.024,180930000.0,0.0,14.825,4.196,4.386,246410000.0,825677000.0,897142000.0,897142000.0,39808000.0,0.121,0.166,0.276,0.238,1211000.0,319555000.0,1.0,253930487.0,265426500,268872000.0,3.38,1105898000.0,0.0,73595000.0,18651000.0,4.166,566565000.0
30,BMET,MRT,1999-12-31,1999-11-30,1999-11-30,2018-10-09,-20375000.0,1161511000.0,1099496500.0,780125000.0,381386000.0,0.795,3.174,-55919000.0,164257000.0,164257000.0,270436000.0,133443000.0,3.329,0.292,70099000.0,70099000.0,0.0,70099000.0,0.0,36581000.0,0.0,0.004,0.062,205992000.0,242573000.0,0.278,242573000.0,205992000.0,204081000.0,0.516,0.499,0.516,834322000.0,799691000.0,834322000.0,3457426312.0,17.0,14.253,106392000.0,0.405,1.0,603487000.0,0.691,63269000.0,1911000.0,769707000.0,743448000.0,227544000.0,210340000.0,84500000.0,125840000.0,243238000.0,234377000.0,8861000.0,3559674312.0,52388000.0,-15892000.0,3587000.0,57180000.0,-15785000.0,44982000.0,-156129000.0,-70371000.0,162311000.0,1224000.0,133443000.0,133443000.0,133443000.0,0.0,0.0,0.153,407044000.0,196443000.0,28856000.0,0.12,4.267,26.676,27.176,176526000.0,0.0,14.023,4.073,4.218,226879000.0,747489000.0,873923000.0,873923000.0,38483000.0,0.121,0.167,0.277,0.236,1211000.0,311114000.0,1.0,253848497.0,262854000,266623500.0,3.325,1098242000.0,31308000.0,70638000.0,17979000.0,4.178,545748000.0
31,BMET,MRT,1999-09-30,1999-08-31,1999-08-31,2018-10-09,-19398000.0,1121586000.0,1039726750.0,747512000.0,374074000.0,0.801,3.042,-53895000.0,160268000.0,160268000.0,257623000.0,130551000.0,3.223,0.301,58020000.0,58020000.0,0.0,58020000.0,0.0,33564000.0,0.0,0.004,0.062,201431000.0,234995000.0,0.282,234995000.0,201431000.0,199520000.0,0.511,0.494,0.511,798804000.0,774397500.0,798804000.0,3929090244.0,20.0,16.72,103435000.0,0.394,1.0,574893000.0,0.691,57144000.0,1911000.0,730287000.0,713400750.0,215854000.0,204457000.0,76487000.0,127970000.0,240676000.0,231907000.0,8769000.0,4013312244.0,47153000.0,-7170000.0,3710000.0,48221000.0,-15786000.0,36145000.0,-145171000.0,-72285000.0,157330000.0,-1151000.0,130551000.0,130551000.0,130551000.0,0.0,0.0,0.157,382965000.0,191928000.0,31271000.0,0.121,5.024,30.741,30.96,173854000.0,0.0,15.821,4.821,4.99,221700000.0,711346000.0,832516000.0,832516000.0,38497000.0,0.126,0.169,0.282,0.242,1211000.0,296021000.0,1.0,253676041.0,262561500,266791500.0,3.171,1064442000.0,31308000.0,68969000.0,36119000.0,4.054,515605000.0
32,BMET,MRT,1999-06-30,1999-05-31,1999-05-31,2018-10-09,-16366000.0,1110940000.0,978422750.0,712828000.0,398112000.0,0.849,3.042,-53570000.0,132081000.0,132081000.0,262362000.0,125026000.0,3.303,0.291,54685000.0,49649000.0,5036000.0,54685000.0,0.0,32074000.0,0.0,0.003,0.053,194254000.0,226328000.0,0.272,226328000.0,194254000.0,192343000.0,0.48,0.47,0.48,795849000.0,746642750.0,795849000.0,4386452595.0,23.0,19.381,100246000.0,0.383,1.0,568473000.0,0.684,58570000.0,1911000.0,759156000.0,682317000.0,220587000.0,206937000.0,60078000.0,146859000.0,231363000.0,215818000.0,15545000.0,4470458595.0,11305000.0,-3437000.0,2131000.0,38699000.0,-13453000.0,27377000.0,-172702000.0,-102883000.0,153816000.0,2814000.0,125026000.0,125026000.0,125026000.0,0.0,0.0,0.15,382571000.0,185902000.0,30892000.0,0.11,5.617,35.756,36.82,177383000.0,0.0,17.674,5.381,5.566,223613000.0,706094000.0,830835000.0,830835000.0,38723000.0,0.128,0.167,0.285,0.234,1211000.0,295401000.0,1.0,252943553.0,261662000,265815000.0,3.175,1052370000.0,52811000.0,67317000.0,28760000.0,4.022,497010000.0
33,BMET,MRT,1999-03-31,1999-02-28,1999-02-28,2018-10-09,-4718000.0,1003949000.0,912872500.0,659735000.0,344214000.0,0.886,2.941,-47945000.0,137368000.0,137368000.0,254398000.0,144409000.0,4.497,0.203,53362000.0,53362000.0,0.0,53362000.0,0.0,31390000.0,0.0,0.003,0.053,232356000.0,263746000.0,0.326,263746000.0,232356000.0,231507000.0,0.551,0.544,0.551,769789000.0,714535000.0,769789000.0,3992957979.0,17.0,15.139,88806000.0,0.339,1.0,554368000.0,0.685,58602000.0,849000.0,714642000.0,637197000.0,202754000.0,180371000.0,58831000.0,121540000.0,156058000.0,146699000.0,9359000.0,4102831979.0,48025000.0,-8121000.0,1843000.0,43058000.0,-13453000.0,34656000.0,-130398000.0,-71723000.0,136751000.0,7016000.0,144409000.0,144409000.0,144409000.0,0.0,0.0,0.179,330472000.0,223896000.0,16562000.0,0.096,5.33,28.411,29.466,159921000.0,0.0,16.235,5.073,5.255,211866000.0,678311000.0,808766000.0,808766000.0,39126000.0,0.158,0.202,0.365,0.287,0.0,291346000.0,1.0,252707461.0,261778500,266793750.0,3.09,945347000.0,0.0,87098000.0,27595000.0,3.611,513036000.0
34,BMET,MRT,1998-12-31,1998-11-30,1998-11-30,2018-10-09,-3710000.0,922432000.0,862862000.0,607918000.0,314514000.0,0.881,2.903,-48777000.0,114989000.0,114989000.0,238170000.0,137324000.0,5.929,0.152,5115000.0,5115000.0,0.0,5115000.0,0.0,29087000.0,0.0,0.003,0.053,227154000.0,256241000.0,0.337,256241000.0,227154000.0,226305000.0,0.529,0.527,0.529,733148000.0,678540000.0,733148000.0,4166994494.0,18.0,16.262,85227000.0,0.337,1.0,521873000.0,0.687,60514000.0,849000.0,649518000.0,601258750.0,202023000.0,143618000.0,46516000.0,97102000.0,111666000.0,102526000.0,9140000.0,4272741494.0,22191000.0,-3943000.0,2254000.0,2342000.0,-13453000.0,-5649000.0,-101647000.0,-46544000.0,134004000.0,-4517000.0,137324000.0,137324000.0,137324000.0,0.0,0.0,0.181,318082000.0,203791000.0,16159000.0,0.1,5.828,31.114,31.998,152106000.0,0.0,16.927,5.622,5.625,203306000.0,640955000.0,760043000.0,760043000.0,45337000.0,0.159,0.202,0.378,0.299,0.0,272745000.0,1.0,252422260.0,252580500,255714750.0,3.009,861918000.0,0.0,88981000.0,24864000.0,3.412,505392000.0
35,BMET,MRT,1998-09-30,1998-08-28,1998-08-28,2018-10-09,-12710000.0,876370000.0,805131750.0,580997000.0,295373000.0,0.911,2.727,-51557000.0,112074000.0,112074000.0,231196000.0,132192000.0,5.596,0.164,6327000.0,6327000.0,0.0,6327000.0,0.0,27512000.0,0.0,0.004,0.053,217979000.0,245491000.0,0.335,245491000.0,217979000.0,217130000.0,0.511,0.504,0.511,687785000.0,646317500.0,687785000.0,3182673999.0,15.0,12.965,82610000.0,0.327,1.0,502089000.0,0.685,60856000.0,849000.0,605952000.0,560647750.0,190639000.0,135228000.0,50360000.0,84868000.0,113023000.0,103815000.0,9208000.0,3293417999.0,27065000.0,-2887000.0,2115000.0,-64000.0,-13453000.0,-8194000.0,-99299000.0,-40976000.0,134167000.0,391000.0,132192000.0,132192000.0,132192000.0,0.0,0.0,0.18,306455000.0,195634000.0,14639000.0,0.104,4.788,24.914,25.548,145923000.0,0.0,13.055,4.491,4.491,192670000.0,605061000.0,733285000.0,733285000.0,41937000.0,0.164,0.205,0.389,0.297,0.0,264518000.0,1.0,252276791.0,252247500,255514500.0,2.907,815514000.0,0.0,84938000.0,28497000.0,3.233,477182000.0
36,BMET,MRT,1998-06-30,1998-05-31,1998-05-31,2018-10-09,-12423000.0,848739000.0,738547500.0,570792000.0,277947000.0,0.956,2.564,-45762000.0,117089000.0,117089000.0,224301000.0,127859000.0,5.821,0.162,6345000.0,6345000.0,0.0,6345000.0,0.0,25389000.0,0.0,0.004,0.049,209766000.0,235155000.0,0.333,235155000.0,209766000.0,208917000.0,0.493,0.487,0.493,667418000.0,610123000.0,667418000.0,3137145132.0,15.0,13.341,79024000.0,0.304,1.0,481849000.0,0.682,61260000.0,849000.0,578676000.0,515779500.0,186535000.0,104793000.0,31618000.0,73175000.0,108089000.0,98059000.0,10030000.0,3218718132.0,36677000.0,-16020000.0,2125000.0,1112000.0,-12256000.0,-5811000.0,-80231000.0,-16272000.0,124786000.0,-2067000.0,127859000.0,127859000.0,127859000.0,0.0,0.0,0.181,296240000.0,185609000.0,16581000.0,0.099,4.823,25.174,25.919,139772000.0,0.0,12.778,4.558,4.711,188800000.0,584920000.0,706150000.0,706150000.0,39731000.0,0.173,0.21,0.407,0.297,0.0,256509000.0,1.0,251891357.0,260329500,264630000.0,2.713,787479000.0,0.0,81058000.0,15218000.0,3.025,472733000.0
37,BMET,MRT,1998-03-31,1998-02-28,1998-02-28,2018-10-09,-16810000.0,803907000.0,,540442000.0,263465000.0,,2.492,-44079000.0,88898000.0,88898000.0,193247000.0,120183000.0,5.874,0.165,7325000.0,7325000.0,0.0,7325000.0,0.0,21425000.0,0.0,0.004,0.049,196887000.0,218312000.0,0.352,218312000.0,196887000.0,196236000.0,0.48,0.48,0.48,625809000.0,,625809000.0,3229237109.0,16.0,14.792,87292000.0,0.348,1.0,426828000.0,0.688,59444000.0,651000.0,570889000.0,,180772000.0,107170000.0,44750000.0,62420000.0,103316000.0,92001000.0,11315000.0,3317333109.0,-8227000.0,-17496000.0,1170000.0,3538000.0,-12254000.0,-6231000.0,-119547000.0,-57145000.0,131371000.0,-13820000.0,120183000.0,120183000.0,120183000.0,0.0,0.0,0.194,253920000.0,172908000.0,17634000.0,0.102,5.301,27.602,27.486,137543000.0,0.0,13.193,5.35,5.344,184870000.0,551474000.0,620075000.0,620075000.0,32787000.0,,,,0.318,0.0,221133000.0,1.0,251445123.0,251156250,255186000.0,2.469,744463000.0,0.0,76053000.0,19761000.0,2.964,448441000.0
38,BMET,MRT,1997-12-31,1997-11-30,1997-11-30,2018-10-09,-6400000.0,691511000.0,,502138000.0,189373000.0,,2.408,-29024000.0,94420000.0,94420000.0,190195000.0,116205000.0,5.978,0.144,6324000.0,6324000.0,0.0,6324000.0,0.0,18118000.0,0.0,0.005,0.049,184808000.0,202926000.0,0.335,202926000.0,184808000.0,184157000.0,0.462,0.462,0.462,604258000.0,,604258000.0,,,,97218000.0,0.387,1.0,415076000.0,0.686,32348000.0,651000.0,487074000.0,,158941000.0,95192000.0,45117000.0,50075000.0,87253000.0,83993000.0,3260000.0,2656648476.0,-18049000.0,-19155000.0,-49016000.0,2620000.0,-12254000.0,-57335000.0,-83859000.0,-34980000.0,126242000.0,-3097000.0,116205000.0,116205000.0,116205000.0,0.0,0.0,0.192,239563000.0,175513000.0,17603000.0,0.106,4.397,22.862,22.869,103348000.0,0.0,10.566,4.389,4.38,174491000.0,520217000.0,605271000.0,605271000.0,22270000.0,,,,0.305,0.0,217293000.0,1.0,251445123.0,250917750,254265750.0,2.412,659163000.0,0.0,67952000.0,18788000.0,2.627,418145000.0
39,BMET,MRT,1997-09-30,1997-08-31,1997-08-31,2018-10-09,,,,,,,,,,,187989000.0,111628000.0,,,,,,,,,,0.01,0.093,177566000.0,,,,177566000.0,176915000.0,,,,,,,,,,,,1.0,404709000.0,0.683,,651000.0,,,,,,,,,,,,,,,,,,,,,111628000.0,111628000.0,111628000.0,0.0,0.0,0.188,237090000.0,167619000.0,,,,,,,0.0,9.183,,3.883,,,592698000.0,592698000.0,22569000.0,,,,0.3,,214521000.0,1.0,,250661250,,2.365,,,65287000.0,,,
40,BMET,MRT,1997-06-30,1997-05-31,1997-05-31,2018-10-09,-9210000.0,628356000.0,,464240000.0,164116000.0,,2.16,-21380000.0,82034000.0,82034000.0,185795000.0,106454000.0,6.367,0.137,5568000.0,5568000.0,0.0,5568000.0,0.0,18540000.0,0.0,0.005,0.044,169783000.0,188323000.0,0.325,188323000.0,169783000.0,169132000.0,0.418,0.413,0.418,552828000.0,,552828000.0,,,,100303000.0,0.392,1.0,394552000.0,0.68,26093000.0,651000.0,452883000.0,,151523000.0,85764000.0,41237000.0,44527000.0,75528000.0,72914000.0,2614000.0,,-24034000.0,-10670000.0,-79308000.0,2884000.0,-11474000.0,-86583000.0,-56151000.0,-22060000.0,121683000.0,-2983000.0,106454000.0,106454000.0,106454000.0,0.0,0.0,0.183,234741000.0,159811000.0,17140000.0,0.105,,,19.851,90912000.0,0.0,8.298,,3.66,162135000.0,472450000.0,580347000.0,580347000.0,23201000.0,,,,0.293,0.0,211540000.0,1.0,,255971250,257888250.0,2.267,602263000.0,0.0,62678000.0,14410000.0,2.353,391326000.0
41,BMET,MRT,1997-03-31,1997-02-28,1997-02-28,2018-10-09,,,,,,,,,,,,,,,,,,,,,,0.007,0.044,,,,,,,,,,,,,,,,,,1.0,,,,,,,,,,,,,,,,,,,,,,,,,,,,,,,,,,,,,,,,6.749,,,,,,,,,,,,,,1.0,,254677500,,,,,,,,
42,BMET,MRT,1996-12-31,1996-11-30,1996-11-30,2018-10-09,,,,,,,,,,,,,,,,,,,,,,0.006,0.044,,,,,,,,,,,,,,,,,,1.0,,,,,,,,,,,,,,,,,,,,,,,,,,,,,,,,,,,,,,,,7.302,,,,,,,,,,,,,,1.0,,258664500,,,,,,,,
43,BMET,MRT,1996-06-30,1996-05-31,1996-05-31,2018-10-09,,,,,,,,-14065000.0,,,174364000.0,94106000.0,,,,,,,,20812000.0,,0.0,0.0,150785000.0,171597000.0,0.321,171597000.0,150785000.0,149669000.0,0.364,0.36,0.364,,,,,,,53221000.0,0.205,1.0,360795000.0,0.674,,1116000.0,,,,,,,,,,,71977000.0,0.0,-6556000.0,-65000.0,0.0,-5422000.0,13361000.0,29193000.0,67286000.0,-3248000.0,94106000.0,94106000.0,94106000.0,0.0,0.0,0.176,223515000.0,137280000.0,,0.0,,,17.021,,0.0,6.195,,3.008,,,535159000.0,535159000.0,24054000.0,,,,0.282,0.0,199461000.0,,,259787250,262687500.0,2.06,,,55563000.0,,,
