None,ticker,dimension,calendardate,datekey,reportperiod,lastupdated,accoci,assets,assetsavg,assetsc,assetsnc,assetturnover,bvps,capex,cashneq,cashnequsd,cor,consolinc,currentratio,de,debt,debtc,debtnc,debtusd,deferredrev,depamor,deposits,divyield,dps,ebit,ebitda,ebitdamargin,ebitdausd,ebitusd,ebt,eps,epsdil,epsusd,equity,equityavg,equityusd,ev,evebit,evebitda,fcf,fcfps,fxusd,gp,grossmargin,intangibles,intexp,invcap,invcapavg,inventory,investments,investmentsc,investmentsnc,liabilities,liabilitiesc,liabilitiesnc,marketcap,ncf,ncfbus,ncfcommon,ncfdebt,ncfdiv,ncff,ncfi,ncfinv,ncfo,ncfx,netinc,netinccmn,netinccmnusd,netincdis,netincnci,netmargin,opex,opinc,payables,payoutratio,pb,pe,pe1,ppnenet,prefdivis,price,ps,ps1,receivables,retearn,revenue,revenueusd,rnd,roa,roe,roic,ros,sbcomp,sgna,sharefactor,sharesbas,shareswa,shareswadil,sps,tangibles,taxassets,taxexp,taxliabilities,tbvps,workingcapital
0,BMET,ARY,2007-12-31,2007-07-30,2007-05-31,2018-10-09,45974000,2457861000,2360891500.0,1451788000,1006073000,0.893,8.357,-142611000.0,228681000,228681000,642270000.0,335892000.0,4.198,0.199,81824000,81824000,0,81824000,0,97005000.0,0,0.0,0.0,510912000.0,607917000.0,0.288,607917000.0,510912000.0,501572000.0,1.37,1.37,1.37,2049224000,1882861500.0,2049224000,11002881986,22.0,18.099,297142000.0,1.212,1.0,1465158000.0,0.695,522996000,9340000.0,1442196000,1390194500.0,540428000,45146000,2157000,42989000,408637000,345812000,62825000,11149738986,67718000.0,0.0,15886000.0,-196871000.0,-73455000.0,-251240000.0,-125061000.0,23987000.0,439753000.0,4266000.0,335892000.0,335892000.0,335892000.0,0.0,0.0,0.159,975556000.0,489602000.0,68709000,0.0,5.441,33.194,33.19,427396000,0.0,45.47,5.291,5.291,498738000,1634707000,2107428000.0,2107428000.0,94416000.0,0.142,0.178,0.368,0.242,14501000.0,881140000.0,1.0,245210886,245217000,245217000.0,8.594,1934865000,136777000,165680000.0,32853000,7.89,1105976000
1,BMET,ARY,2006-12-31,2006-08-11,2006-05-31,2018-10-09,17730000,2263922000,2164058250.0,1315428000,948494000,0.936,6.933,-108912000.0,160963000,160963000,582070000.0,406144000.0,2.528,0.319,276561000,276561000,0,276561000,0,82177000.0,0,0.009,0.3,611201000.0,693378000.0,0.342,693378000.0,611201000.0,611201000.0,1.64,1.63,1.64,1716499000,1621997750.0,1716499000,8251335353,14.0,11.9,304558000.0,1.23,1.0,1443669000.0,0.713,520895000,0.0,1338193000,1293916250.0,534515000,64508000,6380000,58128000,547423000,520432000,26991000,8135737353,56257000.0,0.0,-192428000.0,-2693000.0,-62473000.0,-257594000.0,-99065000.0,8779000.0,413470000.0,-554000.0,406144000.0,406144000.0,406144000.0,0.0,0.0,0.2,835342000.0,608327000.0,62276000,0.183,4.74,20.032,20.262,357632000,0.0,33.23,4.016,4.061,507883000,1419297000,2025739000.0,2025739000.0,84914000.0,0.188,0.25,0.472,0.302,5224000.0,750428000.0,1.0,244831097,247576000,248430000.0,8.182,1743027000,73345000,205057000.0,33347000,7.04,794996000
2,BMET,ARY,2005-12-31,2005-08-10,2005-05-31,2018-10-09,23251000,2096577000,2056359250.0,1173916000,922661000,0.914,6.197,-97372000.0,104706000,104706000,533096000.0,351616000.0,2.341,0.341,282193000,282193000,0,282193000,0,69602000.0,0,0.007,0.25,549700000.0,619302000.0,0.329,619302000.0,549700000.0,549700000.0,1.39,1.38,1.39,1563931000,1495152500.0,1563931000,9398909649,17.0,15.177,313548000.0,1.242,1.0,1346854000.0,0.716,523456000,0.0,1249217000,1209801500.0,469791000,72368000,10962000,61406000,532646000,501391000,31255000,9221422649,-54537000.0,-266229000.0,-215023000.0,167624000.0,-50871000.0,-98270000.0,-360682000.0,4454000.0,410920000.0,-6505000.0,351616000.0,351616000.0,351616000.0,0.0,0.0,0.187,799970000.0,546884000.0,57021000,0.18,5.896,26.226,26.583,322887000,0.0,36.95,4.905,4.961,479745000,1284905000,1879950000.0,1879950000.0,79696000.0,0.171,0.235,0.454,0.292,6779000.0,694254000.0,1.0,249564889,252387000,254148000.0,7.449,1573121000,72732000,198084000.0,40980000,6.233,672525000
3,BMET,ARY,2004-12-31,2004-08-12,2004-05-31,2018-10-09,1883000,1787697000,1754129500.0,1115869000,671828000,0.921,5.668,-61342000.0,159243000,159243000,461502000.0,325627000.0,3.561,0.234,109654000,109654000,0,109654000,0,59468000.0,0,0.005,0.2,505262000.0,564730000.0,0.35,564730000.0,505262000.0,501725000.0,1.27,1.27,1.27,1448210000,1368903500.0,1448210000,10857719988,21.0,19.226,324747000.0,1.271,1.0,1153751000.0,0.714,320431000,3537000.0,1104275000,1150074250.0,389391000,76369000,10030000,66339000,339487000,313402000,26085000,10907308988,-66407000.0,-307475000.0,-144516000.0,-11487000.0,-38604000.0,-194607000.0,-253481000.0,116541000.0,386089000.0,-4408000.0,325627000.0,325627000.0,325627000.0,0.0,0.0,0.202,660120000.0,493631000.0,55365000,0.157,7.532,33.496,33.811,268826000,0.0,42.94,6.753,6.793,465949000,1218682000,1615253000.0,1615253000.0,64886000.0,0.186,0.238,0.439,0.313,5953000.0,595234000.0,1.0,254012785,255512000,257204000.0,6.322,1467266000,69379000,176098000.0,45025000,5.742,802467000
4,BMET,ARY,2003-12-31,2003-08-22,2003-05-31,2018-10-09,-10340000,1672169000,1568979000.0,1111755000,560414000,0.886,4.956,-59770000.0,225650000,225650000,407295000.0,286701000.0,4.169,0.213,114120000,114120000,0,114120000,0,45659000.0,0,0.005,0.15,448059000.0,493718000.0,0.355,493718000.0,448059000.0,443662000.0,1.1,1.1,1.1,1286134000,1201433750.0,1286134000,7205066783,16.0,14.593,250507000.0,0.965,1.0,983005000.0,0.707,137580000,4397000.0,1156405000,1123208250.0,356270000,192944000,37337000,155607000,274147000,266654000,7493000,7316596783,71353000.0,0.0,-197835000.0,1443000.0,-26416000.0,-222808000.0,-19697000.0,44022000.0,310277000.0,3581000.0,286701000.0,286701000.0,286701000.0,0.0,0.0,0.206,550700000.0,432305000.0,42106000,0.136,5.689,25.52,25.943,253446000,0.0,28.537,5.263,5.326,418095000,1100462000,1390300000.0,1390300000.0,55309000.0,0.183,0.239,0.399,0.322,5579000.0,501191000.0,1.0,256391095,259493000,261394000.0,5.358,1534589000,54262000,156961000.0,19484000,5.914,845101000
5,BMET,ARY,2002-12-31,2002-08-19,2002-05-31,2018-10-09,-50826000,1521723000,1544809250.0,952944000,568779000,0.772,4.382,-62275000.0,154297000,154297000,332727000.0,239740000.0,4.009,0.205,90467000,90467000,0,90467000,0,47827000.0,0,0.003,0.1,370785000.0,418612000.0,0.351,418612000.0,370785000.0,367405000.0,0.89,0.88,0.89,1176479000,1211209250.0,1176479000,7538673839,20.0,18.009,121962000.0,0.454,1.0,859175000.0,0.721,133689000,3380000.0,1086505000,1028413500.0,335348000,232220000,30973000,201247000,241437000,237699000,3738000,7602503839,-80794000.0,-6735000.0,-191649000.0,26994000.0,-24268000.0,-188923000.0,-77419000.0,-5430000.0,184237000.0,1311000.0,239740000.0,239740000.0,239740000.0,0.0,0.0,0.201,488481000.0,370694000.0,36318000,0.112,6.462,31.711,32.444,219061000,0.0,28.875,6.378,6.504,365148000,1054020000,1191902000.0,1191902000.0,50750000.0,0.155,0.198,0.361,0.311,1268000.0,437731000.0,1.0,263286529,268475000,271245000.0,4.44,1388034000,49523000,127665000.0,20815000,5.17,715245000
6,BMET,ARY,2001-12-31,2001-08-20,2001-05-31,2018-10-09,-56028000,1489311000,1366615250.0,968379000,520932000,0.754,4.278,-35261000.0,235091000,235091000,296063000.0,197546000.0,4.005,0.216,62734000,62734000,0,62734000,0,42824000.0,0,0.003,0.09,307562000.0,350386000.0,0.34,350386000.0,307562000.0,303452000.0,0.74,0.73,0.74,1146186000,1059797000.0,1146186000,7435655411,24.0,21.221,155245000.0,0.579,1.0,734600000.0,0.713,143683000,4110000.0,931449000,885645500.0,277601000,228057000,52627000,175430000,248028000,241822000,6206000,7608012411,21485000.0,-85802000.0,23832000.0,-19785000.0,-18993000.0,-14946000.0,-156673000.0,-33150000.0,190506000.0,2598000.0,197546000.0,197546000.0,197546000.0,0.0,0.0,0.192,443913000.0,290687000.0,21008000,0.122,6.638,38.513,38.146,185751000,0.0,28.228,7.382,7.338,324848000,1044564000,1030663000.0,1030663000.0,43020000.0,0.145,0.186,0.347,0.298,7281000.0,374793000.0,1.0,269518156,267915000,270746000.0,3.847,1345628000,48982000,105906000.0,36868000,5.023,726557000
7,BMET,ARY,2000-12-31,2000-08-10,2000-05-31,2018-10-09,-49225000,1218448000,1169068250.0,789628000,428820000,0.787,3.569,-43067000.0,213606000,213606000,278382000.0,173771000.0,4.352,0.199,70546000,70546000,0,70546000,0,39766000.0,0,0.003,0.071,276702000.0,316468000.0,0.344,316468000.0,276702000.0,273509000.0,0.66,0.653,0.66,943323000,869639500.0,943323000,5403055532,20.0,17.073,88503000.0,0.335,1.0,642200000.0,0.698,69754000,3193000.0,824191000,792133250.0,240162000,193662000,34129000,159533000,187252000,181443000,5809000,5546115532,81525000.0,-22177000.0,11658000.0,19392000.0,-16468000.0,20840000.0,-67650000.0,-665000.0,131570000.0,-3235000.0,173771000.0,173771000.0,173771000.0,0.0,0.0,0.189,378526000.0,263674000.0,25612000,0.108,5.879,31.916,31.493,183257000,0.0,20.785,6.025,5.967,249792000,866011000,920582000.0,920582000.0,40208000.0,0.149,0.2,0.349,0.301,0.0,326618000.0,1.0,266828618,264294000,267241500.0,3.483,1148694000,25811000,99738000.0,22674000,4.346,608185000
8,BMET,ARY,1999-12-31,1999-07-29,1999-05-31,2018-10-09,-16644000,1067956000,967676750.0,681708000,386248000,0.783,3.071,-51109000.0,129359000,129359000,229727000.0,116361000.0,3.384,0.272,45137000,45137000,0,45137000,0,29512000.0,0,0.004,0.062,180002000.0,209514000.0,0.277,209514000.0,180002000.0,178888000.0,0.462,0.458,0.462,775947000,741667250.0,775947000,3950140282,22.0,18.854,97429000.0,0.386,1.0,527687000.0,0.697,55526000,1114000.0,726778000,674222500.0,205238000,206937000,60078000,146859000,211319000,201430000,9889000,4034362282,12270000.0,-1025000.0,2131000.0,38792000.0,-13453000.0,28681000.0,-167243000.0,-102883000.0,148538000.0,2294000.0,116361000.0,116361000.0,116361000.0,0.0,0.0,0.154,356037000.0,171650000.0,27676000,0.134,5.199,34.671,34.423,168873000,0.0,15.904,5.326,5.306,215034000,687828000,757414000.0,757414000.0,35472000.0,0.12,0.157,0.267,0.238,0.0,265565000.0,1.0,253676041,252695250,255109500.0,2.997,1012430000,31308000,62527000.0,26653000,4.007,480278000
9,BMET,ARY,1998-12-31,1998-08-05,1998-05-31,2018-10-09,-12423000,848739000,,570792000,277947000,,2.655,-44143000.0,117089000,117089000,202235000.0,124726000.0,5.821,0.162,6345000,6345000,0,6345000,0,23529000.0,0,0.004,0.053,204138000.0,227667000.0,0.35,227667000.0,204138000.0,203797000.0,0.498,0.493,0.498,667418000,,667418000,3245473261,16.0,14.255,77700000.0,0.309,1.0,449170000.0,0.69,61260000,341000.0,578676000,,186535000,104793000,31618000,73175000,108089000,98059000,10030000,3356217261,35055000.0,-15444000.0,2125000.0,-689000.0,-12256000.0,-7612000.0,-77350000.0,-16272000.0,121843000.0,-1826000.0,124726000.0,124726000.0,124726000.0,0.0,0.0,0.191,269064000.0,180106000.0,16581000,0.106,5.029,26.909,26.714,139772000,0.0,13.304,5.152,5.134,188800000,584920000,651405000.0,651405000.0,36120000.0,,,,0.313,0.0,232944000.0,1.0,252276791,251363250,253917000.0,2.591,787479000,0,79071000.0,15218000,3.133,472733000
0,BMET,ARQ,2007-06-30,2007-07-30,2007-05-31,2018-10-09,45974000,2457861000,,1451788000,1006073000,,8.346,-53577000.0,228681000,228681000,188535000.0,41490000.0,4.198,0.199,81824000,81824000,0,81824000,0,27688000.0,0,0.0,0.0,67497000.0,95185000.0,0.173,95185000.0,67497000.0,58157000.0,0.17,0.17,0.17,2049224000,,2049224000,11002881986,22.0,18.099,91821000.0,0.374,1.0,360872000.0,0.657,522996000,9340000.0,1442196000,,540428000,45146000,2157000,42989000,408637000,345812000,62825000,11149738986,100174000.0,0.0,6008000.0,-19638000.0,71000.0,-12420000.0,-37242000.0,17112000.0,145398000.0,4438000.0,41490000.0,41490000.0,41490000.0,0.0,0.0,0.076,306399000.0,54473000.0,68709000,0.0,5.441,33.194,33.19,427396000,0.0,45.47,5.291,5.291,498738000,1634707000,549407000.0,549407000.0,23336000.0,,,,,5172000.0,283063000.0,1.0,245210886,245529000,245529000.0,2.238,1934865000,136777000,16667000.0,32853000,7.88,1105976000
1,BMET,ARQ,2007-03-31,2007-06-04,2007-02-28,2018-10-09,38756000,2357714000,,1372542000,985172000,,8.083,-36362000.0,128507000,128507000,163759000.0,85255000.0,3.968,0.189,100316000,100316000,0,100316000,0,23157000.0,0,0.007,0.0,128709000.0,151866000.0,0.287,151866000.0,128709000.0,128709000.0,0.35,0.35,0.35,1983602000,,1983602000,10778252746,18.0,15.78,131446000.0,0.536,1.0,365771000.0,0.691,519460000,0.0,1464192000,,550731000,62016000,5527000,56489000,374112000,345871000,28241000,10806443746,29953000.0,0.0,7160000.0,-112572000.0,0.0,-104630000.0,-33352000.0,7348000.0,167808000.0,127000.0,85255000.0,85255000.0,85255000.0,0.0,0.0,0.161,241491000.0,124280000.0,52323000,0.0,5.448,27.613,27.544,392897000,0.0,44.07,5.151,5.155,544801000,1593218000,529530000.0,529530000.0,23890000.0,,,,,3274000.0,217601000.0,1.0,245210886,245390000,245390000.0,2.158,1838254000,95904000,43454000.0,28241000,7.491,1026671000
2,BMET,ARQ,2006-09-30,2006-10-10,2006-08-31,2018-10-09,24750000,2320961000,,1361013000,959948000,,7.159,-24170000.0,190502000,190502000,138747000.0,102830000.0,2.519,0.324,272894000,272894000,0,272894000,0,22548000.0,0,0.009,0.0,156156000.0,178704000.0,0.352,178704000.0,156156000.0,156156000.0,0.42,0.42,0.42,1753174000,,1753174000,8240633231,13.0,11.729,112976000.0,0.461,1.0,369414000.0,0.727,519603000,0.0,1343413000,,559985000,67074000,6386000,60688000,567787000,540337000,27450000,8158241231,29539000.0,0.0,-3984000.0,-1605000.0,-73526000.0,-79115000.0,-27706000.0,-1091000.0,137146000.0,-786000.0,102830000.0,102830000.0,102830000.0,0.0,0.0,0.202,214371000.0,155043000.0,57165000,0.0,4.653,19.963,20.066,363550000,0.0,33.31,3.982,3.981,493639000,1445554000,508161000.0,508161000.0,24361000.0,,,,,4226000.0,190010000.0,1.0,244918680,244881000,244881000.0,2.075,1801358000,73786000,53326000.0,65204000,7.356,820676000
3,BMET,ARQ,2006-06-30,2006-08-11,2006-05-31,2018-10-09,17730000,2263922000,,1315428000,948494000,,6.992,-33653000.0,160963000,160963000,164903000.0,98502000.0,2.528,0.319,276561000,276561000,0,276561000,0,23071000.0,0,0.009,0.3,147900000.0,170971000.0,0.317,170971000.0,147900000.0,147900000.0,0.4,0.4,0.4,1716499000,,1716499000,8251335353,14.0,11.9,101879000.0,0.415,1.0,374989000.0,0.695,520895000,0.0,1338193000,,534515000,64508000,6380000,58128000,547423000,520432000,26991000,8135737353,58420000.0,0.0,-45904000.0,1987000.0,0.0,-43917000.0,-30641000.0,2249000.0,135532000.0,-2554000.0,98502000.0,98502000.0,98502000.0,0.0,0.0,0.182,227388000.0,147601000.0,62276000,0.75,4.74,20.032,20.262,357632000,0.0,33.23,4.016,4.061,507883000,1419297000,539892000.0,539892000.0,21732000.0,,,,,5224000.0,205656000.0,1.0,244831097,245494000,246114000.0,2.199,1743027000,73345000,49398000.0,33347000,7.1,794996000
4,BMET,ARQ,2006-03-31,2006-04-10,2006-02-28,2018-10-09,2028000,2177967000,,1250129000,927838000,,6.654,-24606000.0,102543000,102543000,143061000.0,106065000.0,2.47,0.326,273723000,273723000,0,273723000,0,21074000.0,0,0.006,0.0,159255000.0,180329000.0,0.356,180329000.0,159255000.0,159255000.0,0.43,0.43,0.43,1642570000,,1642570000,9704014045,16.0,13.899,74430000.0,0.302,1.0,363193000.0,0.717,513561000,0.0,1329384000,,523323000,67293000,8100000,59193000,535397000,506202000,29195000,9532834045,4161000.0,0.0,-56313000.0,-15798000.0,0.0,-72111000.0,-21669000.0,3188000.0,99036000.0,-1095000.0,106065000.0,106065000.0,106065000.0,0.0,0.0,0.21,206200000.0,156993000.0,60245000,0.0,5.804,23.203,23.479,340872000,0.0,38.74,4.793,4.808,498761000,1375532000,506254000.0,506254000.0,21063000.0,,,,,0.0,185137000.0,1.0,246072123,246859000,247772000.0,2.051,1664406000,76087000,53190000.0,38959000,6.742,743927000
5,BMET,ARQ,2005-12-31,2006-01-09,2005-11-30,2018-10-09,-5673000,2121940000,,1198811000,923129000,,6.381,-24669000.0,98382000,98382000,139611000.0,101278000.0,2.36,0.339,289768000,289768000,0,289768000,0,20519000.0,0,0.007,0.0,152078000.0,172597000.0,0.349,172597000.0,152078000.0,152078000.0,0.41,0.41,0.41,1584712000,,1584712000,9275573685,15.0,13.586,22403000.0,0.09,1.0,355079000.0,0.718,514984000,0.0,1290443000,,495624000,69145000,8075000,61070000,537228000,507899000,29329000,9084187685,-26011000.0,0.0,-57562000.0,4295000.0,0.0,-53267000.0,-24418000.0,-58000.0,47072000.0,4602000.0,101278000.0,101278000.0,101278000.0,0.0,0.0,0.205,202756000.0,152323000.0,58127000,0.0,5.732,22.622,22.938,332298000,0.0,36.7,4.624,4.639,479902000,1328932000,494690000.0,494690000.0,21303000.0,,,,,0.0,181453000.0,1.0,247525550,248337000,249276000.0,1.992,1606956000,74332000,50800000.0,34638000,6.471,690912000
6,BMET,ARQ,2005-09-30,2005-10-11,2005-08-31,2018-10-09,-2053000,2092404000,,1170475000,921929000,,6.187,-25984000.0,124393000,124393000,134495000.0,100299000.0,2.258,0.355,286036000,286036000,0,286036000,0,17513000.0,0,0.007,0.0,151968000.0,169481000.0,0.35,169481000.0,151968000.0,151968000.0,0.4,0.4,0.4,1544210000,,1544210000,8627776110,14.0,12.941,105846000.0,0.424,1.0,350408000.0,0.723,518027000,0.0,1217645000,,471659000,69230000,7978000,61252000,548194000,518375000,29819000,8466133110,19687000.0,0.0,-32649000.0,6823000.0,-62473000.0,-88299000.0,-22337000.0,3400000.0,131830000.0,-1507000.0,100299000.0,100299000.0,100299000.0,0.0,0.0,0.207,198998000.0,151410000.0,55067000,0.0,5.483,21.626,21.929,326820000,0.0,33.99,4.394,4.403,455821000,1288268000,484903000.0,484903000.0,20816000.0,,,,,0.0,178182000.0,1.0,249077173,249582000,250656000.0,1.943,1574377000,73607000,51669000.0,66209000,6.308,652100000
7,BMET,ARQ,2005-06-30,2005-08-10,2005-05-31,2018-10-09,23251000,2096577000,,1173916000,922661000,,6.242,-23976000.0,104706000,104706000,137941000.0,103200000.0,2.341,0.341,282193000,282193000,0,282193000,0,19389000.0,0,0.007,0.25,156393000.0,175782000.0,0.349,175782000.0,156393000.0,156393000.0,0.41,0.41,0.41,1563931000,,1563931000,9398909649,17.0,15.177,102228000.0,0.408,1.0,365152000.0,0.726,523456000,0.0,1249217000,,469791000,72368000,10962000,61406000,532646000,501391000,31255000,9221422649,4839000.0,0.0,-79084000.0,-16109000.0,1000.0,-95192000.0,-23010000.0,-569000.0,126204000.0,-3163000.0,103200000.0,103200000.0,103200000.0,0.0,0.0,0.205,209418000.0,155734000.0,57021000,0.61,5.896,26.226,26.583,322887000,0.0,36.95,4.905,4.961,479745000,1284905000,503093000.0,503093000.0,21153000.0,,,,,6779000.0,188265000.0,1.0,249564889,250548000,251505000.0,2.008,1573121000,72732000,53193000.0,40980000,6.279,672525000
8,BMET,ARQ,2005-03-31,2005-04-11,2005-02-28,2018-10-09,29034000,2097728000,,1175058000,922670000,,6.1,-29885000.0,99867000,99867000,138068000.0,96784000.0,2.23,0.364,300461000,300461000,0,300461000,0,17954000.0,0,0.005,0.0,146911000.0,164865000.0,0.342,164865000.0,146911000.0,146911000.0,0.38,0.38,0.38,1538413000,,1538413000,9655582750,19.0,16.458,75648000.0,0.3,1.0,343955000.0,0.714,530720000,0.0,1240633000,,456612000,72896000,10902000,61994000,559315000,526969000,32346000,9454988750,349000.0,0.0,-44715000.0,-25652000.0,0.0,-70367000.0,-27209000.0,2615000.0,105533000.0,-7608000.0,96784000.0,96784000.0,96784000.0,0.0,0.0,0.201,199685000.0,144270000.0,57771000,0.0,6.146,28.802,29.101,314717000,0.0,37.54,5.184,5.19,489467000,1263962000,482023000.0,482023000.0,20461000.0,,,,,0.0,179224000.0,1.0,251864378,252182000,253994000.0,1.911,1567008000,79654000,50127000.0,44966000,6.214,648089000
9,BMET,ARQ,2004-12-31,2005-01-10,2004-11-30,2018-10-09,20414000,2057740000,,1149132000,908608000,,5.84,-24895000.0,99518000,99518000,131115000.0,91199000.0,2.107,0.393,324676000,324676000,0,324676000,0,16694000.0,0,0.005,0.0,139892000.0,156586000.0,0.343,156586000.0,139892000.0,139892000.0,0.36,0.36,0.36,1477257000,,1477257000,10680965488,21.0,18.691,35388000.0,0.14,1.0,325559000.0,0.713,529670000,0.0,1207726000,,446711000,74787000,10907000,63880000,580483000,545502000,34981000,10455807488,17803000.0,0.0,-32551000.0,7615000.0,0.0,-24936000.0,-23247000.0,2422000.0,60283000.0,5703000.0,91199000.0,91199000.0,91199000.0,0.0,0.0,0.2,185911000.0,139648000.0,55548000,0.0,7.078,32.871,33.104,298797000,0.0,41.38,5.967,5.974,476574000,1217538000,456674000.0,456674000.0,19606000.0,,,,,0.0,166305000.0,1.0,252677803,252944000,255225000.0,1.805,1528070000,85748000,48693000.0,44994000,6.041,603630000
10,BMET,ARQ,2004-09-30,2004-10-12,2004-08-31,2018-10-09,3345000,1973392000,,1083153000,890239000,,5.519,-18616000.0,81715000,81715000,125972000.0,60433000.0,2.028,0.409,311920000,311920000,0,311920000,0,15565000.0,0,0.004,0.0,106504000.0,122069000.0,0.279,122069000.0,106504000.0,106504000.0,0.24,0.24,0.24,1401009000,,1401009000,12039299873,24.0,21.664,100284000.0,0.395,1.0,312188000.0,0.712,527772000,0.0,1141630000,,424997000,76902000,14449000,62453000,572383000,534195000,38188000,11809094873,-77528000.0,-266229000.0,-58673000.0,201770000.0,-50872000.0,92225000.0,-287216000.0,-14000.0,118900000.0,-1437000.0,60433000.0,60433000.0,60433000.0,0.0,0.0,0.138,204956000.0,107232000.0,53455000,0.0,8.429,38.145,38.554,283573000,0.0,46.65,7.016,7.036,449436000,1164595000,438160000.0,438160000.0,18476000.0,,,,,0.0,160460000.0,1.0,253142441,253856000,255950000.0,1.726,1445620000,85748000,46071000.0,76918000,5.695,548958000
11,BMET,ARQ,2004-06-30,2004-08-12,2004-05-31,2018-10-09,1883000,1787697000,,1115869000,671828000,,5.695,-18748000.0,159243000,159243000,131102000.0,79857000.0,3.561,0.234,109654000,109654000,0,109654000,0,18318000.0,0,0.005,0.2,124833000.0,143151000.0,0.32,143151000.0,124833000.0,121296000.0,0.31,0.32,0.31,1448210000,,1448210000,10857719988,21.0,19.226,113248000.0,0.445,1.0,316086000.0,0.707,320431000,3537000.0,1104275000,,389391000,76369000,10030000,66339000,339487000,313402000,26085000,10907308988,-217680000.0,-307475000.0,-14370000.0,-9233000.0,0.0,-23603000.0,-317892000.0,7949000.0,131996000.0,-8181000.0,79857000.0,79857000.0,79857000.0,0.0,0.0,0.179,198897000.0,117189000.0,55365000,0.645,7.532,33.496,33.811,268826000,0.0,42.94,6.753,6.793,465949000,1218682000,447188000.0,447188000.0,18436000.0,,,,,5953000.0,180461000.0,1.0,254012785,254300000,255140000.0,1.759,1467266000,69379000,41439000.0,45025000,5.77,802467000
12,BMET,ARQ,2004-03-31,2004-04-14,2004-02-28,2018-10-09,29328000,1817925000,,1322194000,495731000,,5.503,-17976000.0,376923000,376923000,115992000.0,86600000.0,4.582,0.211,122465000,122465000,0,122465000,0,15602000.0,0,0.004,0.0,134030000.0,149632000.0,0.365,149632000.0,134030000.0,134030000.0,0.34,0.34,0.34,1403767000,,1403767000,9985019405,20.0,17.849,86802000.0,0.34,1.0,294193000.0,0.717,140332000,0.0,1134593000,,383200000,86715000,13945000,72770000,295997000,288542000,7455000,10239477405,135183000.0,0.0,-64766000.0,-9131000.0,0.0,-73897000.0,99163000.0,116848000.0,104778000.0,5139000.0,86600000.0,86600000.0,86600000.0,0.0,0.0,0.211,161604000.0,132589000.0,38769000,0.0,7.294,31.651,31.942,267540000,0.0,40.246,6.626,6.644,468497000,1159125000,410185000.0,410185000.0,15892000.0,,,,,0.0,145712000.0,1.0,254420089,255110000,257244000.0,1.608,1677593000,54642000,47430000.0,25201000,6.576,1033652000
13,BMET,ARQ,2003-12-31,2004-01-13,2003-11-30,2018-10-09,2142000,1750949000,,1153227000,597722000,,5.295,-15239000.0,241740000,241740000,108790000.0,82692000.0,4.215,0.207,123648000,123648000,0,123648000,0,12924000.0,0,0.004,0.0,127942000.0,140866000.0,0.363,140866000.0,127942000.0,127942000.0,0.32,0.32,0.32,1354399000,,1354399000,9161373947,19.0,17.194,38641000.0,0.151,1.0,278771000.0,0.719,140114000,0.0,1219143000,,375929000,202027000,15541000,186486000,280518000,273600000,6918000,9279465947,20029000.0,0.0,-7661000.0,10402000.0,0.0,2741000.0,-32171000.0,-16083000.0,53880000.0,-4421000.0,82692000.0,82692000.0,82692000.0,0.0,0.0,0.213,152474000.0,126297000.0,39097000,0.0,6.851,29.981,30.228,257498000,0.0,36.273,6.231,6.231,439312000,1144336000,387561000.0,387561000.0,15810000.0,,,,,0.0,136664000.0,1.0,255819567,255797000,257599000.0,1.515,1610835000,54642000,45250000.0,16920000,6.297,879627000
14,BMET,ARQ,2003-09-30,2003-10-02,2003-08-31,2018-10-09,-7741000,1659947000,,1089289000,570658000,,4.942,-9379000.0,221711000,221711000,105618000.0,76478000.0,4.034,0.218,111067000,111067000,0,111067000,0,12624000.0,0,0.004,0.15,118457000.0,131081000.0,0.354,131081000.0,118457000.0,118457000.0,0.3,0.3,0.3,1269238000,,1269238000,8544735930,18.0,16.694,86056000.0,0.335,1.0,264701000.0,0.715,136971000,0.0,1142286000,,361216000,183520000,16826000,166694000,276701000,270046000,6655000,8655379930,-3939000.0,0.0,-57719000.0,-3525000.0,-38604000.0,-99848000.0,-2581000.0,7827000.0,95435000.0,3055000.0,76478000.0,76478000.0,76478000.0,0.0,0.0,0.207,147145000.0,117556000.0,37933000,0.5,6.819,29.126,29.438,251413000,0.0,33.854,5.998,6.026,410195000,1078243000,370319000.0,370319000.0,14748000.0,,,,,0.0,132397000.0,1.0,255668470,256847000,258282000.0,1.442,1522976000,54642000,41979000.0,34917000,5.93,819243000
15,BMET,ARQ,2003-06-30,2003-08-22,2003-05-31,2018-10-09,-10340000,1672169000,,1111755000,560414000,,4.979,-18004000.0,225650000,225650000,110917000.0,77747000.0,4.169,0.213,114120000,114120000,0,114120000,0,12048000.0,0,0.005,0.15,125798000.0,137846000.0,0.365,137846000.0,125798000.0,121401000.0,0.3,0.3,0.3,1286134000,,1286134000,7205066783,16.0,14.593,107895000.0,0.418,1.0,266293000.0,0.706,137580000,4397000.0,1156405000,,356270000,192944000,37337000,155607000,274147000,266654000,7493000,7316596783,57873000.0,0.0,-24617000.0,-5212000.0,15000.0,-29814000.0,-34571000.0,-16796000.0,125899000.0,-3641000.0,77747000.0,77747000.0,77747000.0,0.0,0.0,0.206,145312000.0,120981000.0,42106000,0.5,5.689,25.52,25.943,253446000,0.0,28.537,5.263,5.326,418095000,1100462000,377210000.0,377210000.0,15047000.0,,,,,5579000.0,136065000.0,1.0,256391095,258287000,260785000.0,1.46,1534589000,54262000,43654000.0,19484000,5.941,845101000
16,BMET,ARQ,2003-03-31,2003-04-14,2003-02-28,2018-10-09,-12116000,1579610000,,1051376000,528234000,,4.75,-22683000.0,167777000,167777000,107636000.0,72594000.0,4.343,0.2,115556000,115556000,0,115556000,0,11266000.0,0,0.003,0.0,111763000.0,123029000.0,0.347,123029000.0,111763000.0,111763000.0,0.28,0.28,0.28,1225285000,,1225285000,7711063660,18.0,16.549,42582000.0,0.165,1.0,246406000.0,0.696,137506000,0.0,1147782000,,363805000,171575000,38251000,133324000,245508000,242101000,3407000,7763284660,26256000.0,0.0,-34898000.0,-5388000.0,0.0,-40286000.0,-5160000.0,18087000.0,65265000.0,6437000.0,72594000.0,72594000.0,72594000.0,0.0,0.0,0.205,142545000.0,103861000.0,28758000,0.0,6.336,28.8,29.214,243996000,0.0,30.09,5.798,5.796,412904000,1054051000,354042000.0,354042000.0,14555000.0,,,,,0.0,127990000.0,1.0,258000777,257929000,259824000.0,1.373,1442104000,48574000,39169000.0,6220000,5.591,809275000
17,BMET,ARQ,2002-12-31,2003-01-14,2002-11-30,2018-10-09,-34150000,1524503000,,1000047000,524456000,,4.49,-9059000.0,141521000,141521000,98605000.0,70354000.0,4.023,0.216,111715000,111715000,0,111715000,0,11004000.0,0,0.003,0.0,108898000.0,119902000.0,0.351,119902000.0,108898000.0,108898000.0,0.27,0.27,0.27,1165208000,,1165208000,7754390745,19.0,17.248,33897000.0,0.131,1.0,242843000.0,0.711,135633000,0.0,1110502000,,360153000,188566000,38621000,149945000,251722000,248562000,3160000,7784196745,16732000.0,0.0,-34569000.0,9730000.0,-31000.0,-24870000.0,-76000.0,10064000.0,42956000.0,-1278000.0,70354000.0,70354000.0,70354000.0,0.0,0.0,0.206,134318000.0,108525000.0,37048000,0.0,6.681,30.097,30.674,225117000,0.0,30.06,6.036,6.049,388483000,1019392000,341448000.0,341448000.0,13069000.0,,,,,0.0,121249000.0,1.0,258952816,259499000,261626000.0,1.316,1388870000,50294000,38544000.0,9996000,5.352,751485000
18,BMET,ARQ,2002-09-30,2002-10-15,2002-08-31,2018-10-09,-34146000,1499634000,,965030000,534604000,,4.303,-10024000.0,124789000,124789000,90137000.0,66006000.0,3.682,0.235,101483000,101483000,0,101483000,0,11341000.0,0,0.003,0.0,101600000.0,112941000.0,0.356,112941000.0,101600000.0,101600000.0,0.25,0.25,0.25,1129108000,,1129108000,7747071719,20.0,17.791,66133000.0,0.252,1.0,227463000.0,0.716,136093000,0.0,1078144000,,361073000,198856000,40240000,158616000,265438000,262091000,3347000,7770377719,-29508000.0,0.0,-103751000.0,2313000.0,-26400000.0,-127838000.0,20110000.0,32667000.0,76157000.0,2063000.0,66006000.0,66006000.0,66006000.0,0.0,0.0,0.208,128526000.0,98937000.0,41249000,0.0,6.882,31.115,31.82,225079000,0.0,29.911,6.279,6.342,368589000,990360000,317600000.0,317600000.0,12638000.0,,,,,0.0,115888000.0,1.0,259783889,262378000,264405000.0,1.21,1363541000,50131000,35594000.0,34052000,5.197,702939000
19,BMET,ARQ,2002-06-30,2002-08-19,2002-05-31,2018-10-09,-50826000,1521723000,,952944000,568779000,,4.436,-17133000.0,154297000,154297000,91063000.0,60601000.0,4.009,0.205,90467000,90467000,0,90467000,0,13231000.0,0,0.003,0.1,96846000.0,110077000.0,0.338,110077000.0,96846000.0,93466000.0,0.23,0.22,0.23,1176479000,,1176479000,7538673839,20.0,18.009,21336000.0,0.08,1.0,234821000.0,0.721,133689000,3380000.0,1086505000,,335348000,232220000,30973000,201247000,241437000,237699000,3738000,7602503839,-81401000.0,0.0,-129330000.0,8982000.0,0.0,-120348000.0,-889000.0,18338000.0,38469000.0,1367000.0,60601000.0,60601000.0,60601000.0,0.0,0.0,0.186,131790000.0,103031000.0,36318000,0.435,6.462,31.711,32.444,219061000,0.0,28.875,6.378,6.504,365148000,1054020000,325884000.0,325884000.0,14905000.0,,,,,1268000.0,116885000.0,1.0,263286529,265238000,267351000.0,1.229,1388034000,49523000,32865000.0,20815000,5.233,715245000
20,BMET,ARQ,2002-03-31,2002-04-12,2002-02-28,2018-10-09,-60067000,1576182000,,1001392000,574790000,,4.583,-11117000.0,235698000,235698000,85238000.0,61674000.0,4.268,0.195,76815000,76815000,0,76815000,0,12061000.0,0,0.003,0.0,94598000.0,106659000.0,0.35,106659000.0,94598000.0,94598000.0,0.23,0.23,0.23,1234699000,,1234699000,7018986213,19.0,16.951,50298000.0,0.187,1.0,219371000.0,0.72,134479000,0.0,1048203000,,318975000,253106000,42675000,210431000,240856000,234617000,6239000,7177869213,-11425000.0,-6735000.0,-71741000.0,22986000.0,0.0,-48755000.0,-25914000.0,-8522000.0,61415000.0,1829000.0,61674000.0,61674000.0,61674000.0,0.0,0.0,0.202,125041000.0,94330000.0,32708000,0.0,5.813,30.127,30.095,211802000,0.0,26.784,6.206,6.238,335990000,1124969000,304609000.0,304609000.0,12190000.0,,,,,0.0,112851000.0,1.0,267986633,269388000,272265000.0,1.131,1441703000,44985000,32924000.0,27561000,5.352,766775000
21,BMET,ARQ,2001-12-31,2002-01-14,2001-11-30,2018-10-09,-54360000,1562619000,,993119000,569500000,,4.635,-22065000.0,247123000,247123000,79034000.0,61452000.0,4.791,0.171,57867000,57867000,0,57867000,0,11716000.0,0,0.003,0.0,94059000.0,105775000.0,0.366,105775000.0,94059000.0,94059000.0,0.23,0.23,0.23,1250473000,,1250473000,7812329432,23.0,20.661,8468000.0,0.031,1.0,210353000.0,0.727,137932000,0.0,1028154000,,309008000,245801000,35455000,210346000,214122000,207277000,6845000,8001585432,-7661000.0,0.0,4566000.0,-2876000.0,0.0,1690000.0,-37059000.0,-14660000.0,30533000.0,-2825000.0,61452000.0,61452000.0,61452000.0,0.0,0.0,0.212,118666000.0,91687000.0,25586000,0.0,6.399,37.254,37.04,204170000,0.0,29.632,7.155,7.149,332013000,1137761000,289387000.0,289387000.0,11987000.0,,,,,0.0,106679000.0,1.0,270030630,269809000,272822000.0,1.073,1424687000,44334000,32607000.0,34420000,5.28,785842000
22,BMET,ARQ,2001-09-30,2001-10-12,2001-08-31,2018-10-09,-55629000,1518713000,,980661000,538052000,,4.391,-11960000.0,254784000,254784000,77392000.0,56013000.0,4.213,0.202,60111000,60111000,0,60111000,0,10819000.0,0,0.003,0.09,85282000.0,96101000.0,0.353,96101000.0,85282000.0,85282000.0,0.21,0.21,0.21,1183186000,,1183186000,8095477675,25.0,22.302,41860000.0,0.155,1.0,194630000.0,0.715,140503000,0.0,950792000,,291283000,230554000,39629000,190925000,239502000,232745000,6757000,8290150675,19693000.0,0.0,4856000.0,-2098000.0,-24268000.0,-21510000.0,-13557000.0,-586000.0,53820000.0,940000.0,56013000.0,56013000.0,56013000.0,0.0,0.0,0.206,112984000.0,81646000.0,21954000,0.429,7.007,40.414,40.298,189168000,0.0,30.747,7.73,7.726,319139000,1076309000,272022000.0,272022000.0,11668000.0,,,,,0.0,101316000.0,1.0,269621807,269459000,272668000.0,1.01,1378210000,50046000,29269000.0,42499000,5.115,747916000
23,BMET,ARQ,2001-06-30,2001-08-20,2001-05-31,2018-10-09,-56028000,1489311000,,968379000,520932000,,4.265,-10006000.0,235091000,235091000,84492000.0,59116000.0,4.005,0.216,62734000,62734000,0,62734000,0,11026000.0,0,0.003,0.09,94508000.0,105534000.0,0.363,105534000.0,94508000.0,90398000.0,0.22,0.217,0.22,1146186000,,1146186000,7435655411,24.0,21.221,49279000.0,0.183,1.0,206179000.0,0.709,143683000,4110000.0,931449000,,277601000,228057000,52627000,175430000,248028000,241822000,6206000,7608012411,31918000.0,4800000.0,7361000.0,-6997000.0,0.0,364000.0,-25354000.0,-20454000.0,59285000.0,-2377000.0,59116000.0,59116000.0,59116000.0,0.0,0.0,0.203,119191000.0,86988000.0,21008000,0.409,6.638,38.513,38.146,185751000,0.0,28.228,7.382,7.338,324848000,1044564000,290671000.0,290671000.0,11487000.0,,,,,7281000.0,107704000.0,1.0,269518156,268761000,271301000.0,1.082,1345628000,48982000,31282000.0,36868000,5.007,726557000
24,BMET,ARQ,2001-03-31,2001-04-17,2001-02-28,2018-10-09,-41946000,1408107000,,855867000,552240000,,4.05,-8821000.0,203173000,203173000,74155000.0,38205000.0,3.87,0.211,71967000,71967000,0,71967000,0,11401000.0,0,0.003,0.0,59317000.0,70718000.0,0.266,70718000.0,59317000.0,59317000.0,0.14,0.14,0.14,1086509000,,1086509000,6764154352,23.0,19.996,38266000.0,0.143,1.0,192121000.0,0.722,152986000,0.0,902776000,,271221000,208050000,12857000,195193000,228973000,221139000,7834000,6895360352,36288000.0,0.0,2900000.0,-1419000.0,0.0,1481000.0,-20147000.0,-10621000.0,47087000.0,7867000.0,38205000.0,38205000.0,38205000.0,0.0,0.0,0.143,134449000.0,57672000.0,20916000,0.0,6.346,36.474,36.335,187100000,0.0,25.689,6.964,6.959,304392000,985447000,266276000.0,266276000.0,11374000.0,,,,,0.0,96975000.0,1.0,268415279,268245000,271530000.0,0.993,1255121000,32801000,21112000.0,21307000,4.679,634728000
25,BMET,ARQ,2000-12-31,2001-01-12,2000-11-28,2018-10-09,-63226000,1299237000,,768592000,530645000,,3.825,-7813000.0,166885000,166885000,70125000.0,51798000.0,4.312,0.18,68985000,68985000,0,68985000,0,11281000.0,0,0.003,0.0,79360000.0,90641000.0,0.372,90641000.0,79360000.0,79360000.0,0.193,0.193,0.193,1024126000,,1024126000,5728978879,19.0,16.524,23292000.0,0.087,1.0,173334000.0,0.712,146964000,0.0,876139000,,254447000,197830000,14022000,183808000,184767000,178234000,6533000,5826878879,-87384000.0,-90602000.0,6387000.0,-15385000.0,0.0,-8998000.0,-105845000.0,-6208000.0,31105000.0,-3646000.0,51798000.0,51798000.0,51798000.0,0.0,0.0,0.213,97475000.0,75859000.0,20979000,0.0,5.69,30.03,29.739,182284000,0.0,21.74,6.09,6.083,267607000,947243000,243459000.0,243459000.0,10295000.0,,,,,0.0,87180000.0,1.0,268031502,267729000,270708000.0,0.909,1152273000,32801000,27562000.0,16873000,4.304,590358000
26,BMET,ARQ,2000-09-30,2000-10-12,2000-08-31,2018-10-09,-46799000,1269806000,,818062000,451744000,,3.68,-8621000.0,254269000,254269000,67291000.0,48427000.0,4.295,0.202,75403000,75403000,0,75403000,0,9116000.0,0,0.003,0.0,74377000.0,83493000.0,0.363,83493000.0,74377000.0,74377000.0,0.18,0.18,0.18,982367000,,982367000,5956928639,21.0,18.439,44408000.0,0.166,1.0,162966000.0,0.708,68269000,0.0,832218000,,248871000,194386000,14805000,179581000,198305000,190453000,7852000,6135794639,40663000.0,0.0,7184000.0,4016000.0,-18993000.0,-7793000.0,-5327000.0,4133000.0,53029000.0,754000.0,48427000.0,48427000.0,48427000.0,0.0,0.0,0.21,92798000.0,70168000.0,19265000,0.0,6.246,34.397,33.739,185261000,0.0,22.943,6.699,6.687,244696000,895445000,230257000.0,230257000.0,9864000.0,,,,,0.0,82934000.0,1.0,267440304,266955000,269862000.0,0.863,1201537000,25811000,25950000.0,38814000,4.501,627609000
27,BMET,ARQ,2000-06-30,2000-08-10,2000-05-31,2018-10-09,-49225000,1218448000,,789628000,428820000,,3.542,-16432000.0,213606000,213606000,75126000.0,50621000.0,4.352,0.199,70546000,70546000,0,70546000,0,12993000.0,0,0.003,0.071,80423000.0,93416000.0,0.373,93416000.0,80423000.0,77230000.0,0.193,0.196,0.193,943323000,,943323000,5403055532,20.0,17.073,51001000.0,0.191,1.0,175090000.0,0.7,69754000,3193000.0,824191000,,240162000,193662000,34129000,159533000,187252000,181443000,5809000,5546115532,57404000.0,-4035000.0,1745000.0,-5588000.0,0.0,2415000.0,-12665000.0,8542000.0,67433000.0,221000.0,50621000.0,50621000.0,50621000.0,0.0,0.0,0.202,100485000.0,74605000.0,25612000,0.368,5.879,31.916,31.493,183257000,0.0,20.785,6.025,5.967,249792000,866011000,250216000.0,250216000.0,10674000.0,,,,,0.0,89811000.0,1.0,266828618,266359500,265533750.0,0.939,1148694000,25811000,26609000.0,22674000,4.313,608185000
28,BMET,ARQ,2000-03-31,2000-04-14,2000-02-28,2018-10-09,-33817000,1174728000,,745658000,429070000,,3.399,-5754000.0,156202000,156202000,70393000.0,43192000.0,4.164,0.208,73745000,73745000,0,73745000,0,10654000.0,0,0.005,0.0,68509000.0,79163000.0,0.34,79163000.0,68509000.0,68509000.0,0.164,0.16,0.164,902109000,,902109000,3466337561,18.0,14.906,-8810000.0,-0.033,1.0,162517000.0,0.698,68830000,0.0,844348000,,244539000,212401000,48738000,163663000,187216000,179093000,8123000,3548794561,-10777000.0,-4612000.0,7474000.0,545000.0,-682000.0,7337000.0,-12889000.0,-3242000.0,-3056000.0,-2169000.0,43192000.0,43192000.0,43192000.0,0.0,0.0,0.185,97451000.0,65066000.0,30627000,0.0,3.934,27.691,26.556,180930000,0.0,13.331,4.262,4.25,246410000,825677000,232910000.0,232910000.0,10959000.0,,,,,0.0,83792000.0,1.0,266198990,265428000,268872750.0,0.877,1105898000,0,25317000.0,18651000,4.166,566565000
29,BMET,ARQ,1999-12-31,2000-01-13,1999-11-30,2018-10-09,-20375000,1161511000,,780125000,381386000,,3.288,-10207000.0,164257000,164257000,60691000.0,36143000.0,3.329,0.292,70099000,70099000,0,70099000,0,8683000.0,0,0.003,0.0,58310000.0,66993000.0,0.331,66993000.0,58310000.0,58310000.0,0.142,0.142,0.142,834322000,,834322000,4688721746,25.0,21.338,8417000.0,0.033,1.0,141789000.0,0.7,63269000,0.0,769707000,,227544000,210340000,84500000,125840000,243238000,234377000,8861000,4782879746,3989000.0,-9797000.0,346000.0,11681000.0,0.0,12027000.0,-27191000.0,-5890000.0,18624000.0,529000.0,36143000.0,36143000.0,36143000.0,0.0,0.0,0.179,86498000.0,55291000.0,28856000,0.0,5.733,39.101,38.916,176526000,0.0,18.835,6.039,6.034,226879000,747489000,202480000.0,202480000.0,8304000.0,,,,,0.0,69194000.0,1.0,253930487,253741500,256509000.0,0.798,1098242000,31308000,22167000.0,17979000,4.328,545748000
30,BMET,ARQ,1999-09-30,1999-10-12,1999-08-31,2018-10-09,-19398000,1121586000,,747512000,374074000,,3.15,-10674000.0,160268000,160268000,56836000.0,39304000.0,3.223,0.301,58020000,58020000,0,58020000,0,7436000.0,0,0.005,0.0,62184000.0,69620000.0,0.362,69620000.0,62184000.0,62184000.0,0.156,0.156,0.156,798804000,,798804000,2937866979,16.0,13.502,37895000.0,0.149,1.0,135315000.0,0.704,57144000,0.0,730287000,,215854000,204457000,76487000,127970000,240676000,231907000,8769000,3040114979,30909000.0,-3733000.0,2093000.0,12754000.0,-15786000.0,-939000.0,-14905000.0,-75000.0,48569000.0,-1816000.0,39304000.0,39304000.0,39304000.0,0.0,0.0,0.205,74834000.0,60481000.0,31271000,0.0,3.806,24.904,24.744,173854000,0.0,11.976,3.933,3.929,221700000,711346000,192151000.0,192151000.0,8538000.0,,,,,0.0,66296000.0,1.0,253848497,253595250,256047750.0,0.758,1064442000,31308000,22880000.0,36119000,4.197,515605000
31,BMET,ARQ,1999-06-30,1999-07-29,1999-05-31,2018-10-09,-16644000,1067956000,,681708000,386248000,,3.065,-17295000.0,129359000,129359000,61992000.0,9516000.0,3.384,0.272,45137000,45137000,0,45137000,0,8437000.0,0,0.004,0.062,8341000.0,16778000.0,0.082,16778000.0,8341000.0,7227000.0,0.04,0.04,0.04,775947000,,775947000,3950140282,22.0,18.854,33532000.0,0.132,1.0,143088000.0,0.698,55526000,1114000.0,726778000,,205238000,206937000,60078000,146859000,211319000,201430000,9889000,4034362282,-8009000.0,157000.0,856000.0,-6757000.0,0.0,-4690000.0,-55723000.0,-28582000.0,50827000.0,1577000.0,9516000.0,9516000.0,9516000.0,0.0,0.0,0.046,137553000.0,5535000.0,27676000,1.55,5.199,34.671,34.423,168873000,0.0,15.904,5.326,5.306,215034000,687828000,205080000.0,205080000.0,9372000.0,,,,,0.0,73181000.0,1.0,253676041,253147500,254812500.0,0.81,1012430000,31308000,-2289000.0,26653000,3.999,480278000
32,BMET,ARQ,1999-03-31,1999-03-31,1999-02-28,2018-10-09,-4718000,1003949000,,659735000,344214000,,3.045,-14440000.0,137368000,137368000,58633000.0,37357000.0,4.497,0.203,53362000,53362000,0,53362000,0,7383000.0,0,0.003,0.0,58959000.0,66342000.0,0.345,66342000.0,58959000.0,58959000.0,0.147,0.147,0.147,769789000,,769789000,4610325345,20.0,18.25,12888000.0,0.051,1.0,133697000.0,0.695,58602000,0.0,714642000,,202754000,180371000,58831000,121540000,156058000,146699000,9359000,4694331345,22379000.0,-107000.0,293000.0,43383000.0,0.0,43676000.0,-50631000.0,-35824000.0,27328000.0,2006000.0,37357000.0,37357000.0,37357000.0,0.0,0.0,0.194,77251000.0,56446000.0,16562000,0.0,6.098,33.461,33.379,159921000,0.0,18.559,6.372,6.369,211866000,678311000,192330000.0,192330000.0,8846000.0,,,,,0.0,68405000.0,1.0,252943553,252812250,256083750.0,0.761,945347000,0,21602000.0,27595000,3.739,513036000
33,BMET,ARQ,1998-12-31,1998-12-21,1998-11-30,2018-10-09,-3710000,922432000,,607918000,314514000,,2.903,-8582000.0,114989000,114989000,55585000.0,35894000.0,5.929,0.152,5115000,5115000,0,5115000,0,6834000.0,0,0.003,0.0,58012000.0,64846000.0,0.354,64846000.0,58012000.0,58012000.0,0.142,0.142,0.142,733148000,,733148000,4041884670,18.0,16.249,10559000.0,0.042,1.0,127755000.0,0.697,60514000,0.0,649518000,,202023000,143618000,46516000,97102000,111666000,102526000,9140000,4151758670,2915000.0,-1075000.0,469000.0,2476000.0,0.0,2945000.0,-17036000.0,-7804000.0,19141000.0,-2135000.0,35894000.0,35894000.0,35894000.0,0.0,0.0,0.196,72262000.0,55493000.0,16159000,0.0,5.663,30.939,30.824,152106000,0.0,16.429,5.887,5.884,203306000,640955000,183340000.0,183340000.0,9162000.0,,,,,0.0,63100000.0,1.0,252707461,252580500,255714750.0,0.726,861918000,0,22118000.0,24864000,3.412,505392000
34,BMET,ARQ,1998-09-30,1998-10-15,1998-08-28,2018-10-09,-12710000,876370000,,580997000,295373000,,2.727,-10792000.0,112074000,112074000,53517000.0,33594000.0,5.596,0.164,6327000,6327000,0,6327000,0,6858000.0,0,0.004,0.0,54690000.0,61548000.0,0.348,61548000.0,54690000.0,54690000.0,0.133,0.133,0.133,687785000,,687785000,3678282281,17.0,,40450000.0,0.16,1.0,123147000.0,0.697,60856000,0.0,605952000,,190639000,135228000,50360000,84868000,113023000,103815000,9208000,3784029281,-5015000.0,0.0,513000.0,-310000.0,-13453000.0,-13250000.0,-43853000.0,-30673000.0,51242000.0,846000.0,33594000.0,33594000.0,33594000.0,0.0,0.0,0.19,68971000.0,54176000.0,14639000,0.0,5.502,29.32,,145923000,0.0,14.991,5.577,5.573,192670000,605061000,176664000.0,176664000.0,8092000.0,,,,,0.0,60879000.0,1.0,252422260,252247500,255514500.0,0.7,815514000,0,21096000.0,28497000,3.233,477182000
35,BMET,ARQ,1998-06-30,1998-08-05,1998-05-31,2018-10-09,-12423000,848739000,,570792000,277947000,,2.649,-10189000.0,117089000,117089000,57091000.0,33446000.0,5.821,0.162,6345000,6345000,0,6345000,0,6567000.0,0,0.004,0.053,53324000.0,59891000.0,0.325,59891000.0,53324000.0,52983000.0,0.133,0.133,0.133,667418000,,667418000,3245473261,16.0,14.255,21631000.0,0.086,1.0,127235000.0,0.69,61260000,341000.0,578676000,,186535000,104793000,31618000,73175000,108089000,98059000,10030000,3356217261,28191000.0,-3951000.0,568000.0,-2624000.0,0.0,1152000.0,-10925000.0,2578000.0,31820000.0,6144000.0,33446000.0,33446000.0,33446000.0,0.0,0.0,0.181,77078000.0,50157000.0,16581000,0.398,5.029,26.909,26.714,139772000,0.0,13.304,5.152,5.134,188800000,584920000,184326000.0,184326000.0,8627000.0,,,,,0.0,68451000.0,1.0,252276791,251984250,255233250.0,0.731,787479000,0,19537000.0,15218000,3.125,472733000
36,BMET,ARQ,1998-03-31,1998-04-20,1998-02-28,2018-10-09,-16810000,803907000,,540442000,263465000,,2.492,-17595000.0,88898000,88898000,49911000.0,31257000.0,5.874,0.165,7325000,7325000,0,7325000,0,6968000.0,0,0.004,0.0,55500000.0,62468000.0,0.388,62468000.0,55500000.0,55500000.0,0.124,0.124,0.124,625809000,,625809000,2997806390,,,11263000.0,0.045,1.0,111057000.0,0.69,59444000,0.0,570889000,,180772000,107170000,44750000,62420000,103316000,92001000,11315000,3079379390,-5522000.0,1659000.0,704000.0,999000.0,0.0,1703000.0,-26952000.0,-10645000.0,28858000.0,-9131000.0,31257000.0,31257000.0,31257000.0,0.0,0.0,0.194,72595000.0,38462000.0,17634000,0.0,4.921,,,137543000,0.0,12.225,,,184870000,551474000,160968000.0,160968000.0,15845000.0,,,,,0.0,56750000.0,1.0,251891357,251156250,255186000.0,0.641,744463000,0,24243000.0,19761000,2.964,448441000
37,BMET,ARQ,1997-12-31,1998-01-12,1997-11-30,2018-10-09,-6400000,691511000,,502138000,189373000,,2.408,,94420000,94420000,48611000.0,30762000.0,5.978,0.144,6324000,6324000,0,6324000,0,,0,0.004,0.0,48837000.0,,,,48837000.0,48837000.0,,,,604258000,,604258000,2818916385,,,,,1.0,107971000.0,0.69,32348000,0.0,487074000,,158941000,95192000,45117000,50075000,87253000,83993000,3260000,2907012385,,,,,,,,,,,30762000.0,30762000.0,30762000.0,0.0,0.0,0.196,60635000.0,47336000.0,17603000,,4.811,,,103348000,0.0,11.561,,,174491000,520217000,156582000.0,156582000.0,5762000.0,,,,,,54873000.0,1.0,251445123,250917750,,0.624,659163000,0,18075000.0,18788000,2.627,418145000
0,BMET,ART,2007-06-30,2007-07-30,2007-05-31,2018-10-09,45974000,2457861000,2360891500.0,1451788000,1006073000,0.893,8.357,-142611000.0,228681000,228681000,642270000.0,335892000.0,4.198,0.199,81824000,81824000,0,81824000,0,97005000.0,0,0.0,0.0,510912000.0,607917000.0,0.288,607917000.0,510912000.0,501572000.0,1.37,1.37,1.37,2049224000,1882861500.0,2049224000,11002881986,22.0,18.099,297142000.0,1.212,1.0,1465158000.0,0.695,522996000,9340000.0,1442196000,1390194500.0,540428000,45146000,2157000,42989000,408637000,345812000,62825000,11149738986,67718000.0,0.0,15886000.0,-196871000.0,-73455000.0,-251240000.0,-125061000.0,23987000.0,439753000.0,4266000.0,335892000.0,335892000.0,335892000.0,0.0,0.0,0.159,975556000.0,489602000.0,68709000,0.0,5.441,33.194,33.19,427396000,0.0,45.47,5.291,5.291,498738000,1634707000,2107428000.0,2107428000.0,94416000.0,0.142,0.178,0.368,0.242,14501000.0,881140000.0,1.0,245210886,245217000,245217000.0,8.594,1934865000,136777000,165680000.0,32853000,7.89,1105976000
1,BMET,ART,2007-03-31,2007-06-04,2007-02-28,2018-10-09,38756000,2357714000,2267840500.0,1372542000,985172000,0.925,8.083,-122687000.0,128507000,128507000,618682000.0,391354000.0,3.968,0.189,100316000,100316000,0,100316000,0,92388000.0,0,0.007,0.3,590653000.0,683041000.0,0.326,683041000.0,590653000.0,590653000.0,1.6,1.6,1.6,1983602000,1813086000.0,1983602000,10778252746,18.0,15.78,307604000.0,1.254,1.0,1479231000.0,0.705,519460000,0.0,1464192000,1396788000.0,550731000,62016000,5527000,56489000,374112000,345871000,28241000,10806443746,25964000.0,0.0,-36026000.0,-175246000.0,-73526000.0,-283141000.0,-118460000.0,9124000.0,430291000.0,-2726000.0,391354000.0,391354000.0,391354000.0,0.0,0.0,0.187,897177000.0,582054000.0,52323000,0.188,5.448,27.613,27.544,392897000,0.0,44.07,5.151,5.155,544801000,1593218000,2097913000.0,2097913000.0,92900000.0,0.173,0.216,0.423,0.282,15768000.0,804277000.0,1.0,245210886,245390000,245390000.0,8.549,1838254000,95904000,199299000.0,28241000,7.491,1026671000
2,BMET,ART,2006-09-30,2006-10-10,2006-08-31,2018-10-09,24750000,2320961000,2221197500.0,1361013000,959948000,0.922,7.159,-107098000.0,190502000,190502000,586322000.0,408675000.0,2.519,0.324,272894000,272894000,0,272894000,0,87212000.0,0,0.009,0.3,615389000.0,702601000.0,0.343,702601000.0,615389000.0,615389000.0,1.66,1.66,1.66,1753174000,1674238750.0,1753174000,8240633231,13.0,11.729,311688000.0,1.273,1.0,1462675000.0,0.714,519603000,0.0,1343413000,1325358250.0,559985000,67074000,6386000,60688000,567787000,540337000,27450000,8158241231,66109000.0,0.0,-163763000.0,-11121000.0,-73526000.0,-248410000.0,-104434000.0,4288000.0,418786000.0,167000.0,408675000.0,408675000.0,408675000.0,0.0,0.0,0.199,850715000.0,611960000.0,57165000,0.181,4.653,19.963,20.066,363550000,0.0,33.31,3.982,3.981,493639000,1445554000,2048997000.0,2048997000.0,88459000.0,0.184,0.244,0.464,0.3,9450000.0,762256000.0,1.0,244918680,244881000,244881000.0,8.367,1801358000,73786000,206714000.0,65204000,7.356,820676000
3,BMET,ART,2006-06-30,2006-08-11,2006-05-31,2018-10-09,17730000,2263922000,2164058250.0,1315428000,948494000,0.936,6.933,-108912000.0,160963000,160963000,582070000.0,406144000.0,2.528,0.319,276561000,276561000,0,276561000,0,82177000.0,0,0.009,0.3,611201000.0,693378000.0,0.342,693378000.0,611201000.0,611201000.0,1.64,1.63,1.64,1716499000,1621997750.0,1716499000,8251335353,14.0,11.9,304558000.0,1.23,1.0,1443669000.0,0.713,520895000,0.0,1338193000,1293916250.0,534515000,64508000,6380000,58128000,547423000,520432000,26991000,8135737353,56257000.0,0.0,-192428000.0,-2693000.0,-62473000.0,-257594000.0,-99065000.0,8779000.0,413470000.0,-554000.0,406144000.0,406144000.0,406144000.0,0.0,0.0,0.2,835342000.0,608327000.0,62276000,0.183,4.74,20.032,20.262,357632000,0.0,33.23,4.016,4.061,507883000,1419297000,2025739000.0,2025739000.0,84914000.0,0.188,0.25,0.472,0.302,5224000.0,750428000.0,1.0,244831097,247576000,248430000.0,8.182,1743027000,73345000,205057000.0,33347000,7.04,794996000
4,BMET,ART,2006-03-31,2006-04-10,2006-02-28,2018-10-09,2028000,2177967000,2122222000.0,1250129000,927838000,0.937,6.654,-99235000.0,102543000,102543000,555108000.0,410842000.0,2.47,0.326,273723000,273723000,0,273723000,0,78495000.0,0,0.006,0.25,619694000.0,698189000.0,0.351,698189000.0,619694000.0,619694000.0,1.65,1.65,1.65,1642570000,1583855750.0,1642570000,9704014045,16.0,13.899,304907000.0,1.235,1.0,1433832000.0,0.721,513561000,0.0,1329384000,1271672250.0,523323000,67293000,8100000,59193000,535397000,506202000,29195000,9532834045,2676000.0,0.0,-225608000.0,-20789000.0,-62472000.0,-308869000.0,-91434000.0,5961000.0,404142000.0,-1163000.0,410842000.0,410842000.0,410842000.0,0.0,0.0,0.207,817372000.0,616460000.0,60245000,0.152,5.804,23.203,23.479,340872000,0.0,38.74,4.793,4.808,498761000,1375532000,1988940000.0,1988940000.0,84335000.0,0.194,0.259,0.487,0.312,6779000.0,733037000.0,1.0,246072123,246859000,247772000.0,8.057,1664406000,76087000,208852000.0,38959000,6.742,743927000
5,BMET,ART,2005-12-31,2006-01-09,2005-11-30,2018-10-09,-5673000,2121940000,2102162250.0,1198811000,923129000,0.935,6.381,-104514000.0,98382000,98382000,550115000.0,401561000.0,2.36,0.339,289768000,289768000,0,289768000,0,75375000.0,0,0.007,0.25,607350000.0,682725000.0,0.347,682725000.0,607350000.0,607350000.0,1.6,1.6,1.6,1584712000,1557816500.0,1584712000,9275573685,15.0,13.586,306125000.0,1.233,1.0,1414594000.0,0.72,514984000,0.0,1290443000,1249484500.0,495624000,69145000,8075000,61070000,537228000,507899000,29329000,9084187685,-1136000.0,0.0,-214010000.0,-30643000.0,-62472000.0,-307125000.0,-96974000.0,5388000.0,410639000.0,-7676000.0,401561000.0,401561000.0,401561000.0,0.0,0.0,0.204,810857000.0,603737000.0,58127000,0.156,5.732,22.622,22.938,332298000,0.0,36.7,4.624,4.639,479902000,1328932000,1964709000.0,1964709000.0,83733000.0,0.191,0.258,0.486,0.309,6779000.0,727124000.0,1.0,247525550,248337000,249276000.0,7.911,1606956000,74332000,205789000.0,34638000,6.471,690912000
6,BMET,ART,2005-09-30,2005-10-11,2005-08-31,2018-10-09,-2053000,2092404000,2086112250.0,1170475000,921929000,0.924,6.187,-104740000.0,124393000,124393000,541619000.0,391482000.0,2.258,0.355,286036000,286036000,0,286036000,0,71550000.0,0,0.007,0.25,595164000.0,666714000.0,0.346,666714000.0,595164000.0,595164000.0,1.55,1.55,1.55,1544210000,1530952750.0,1544210000,8627776110,14.0,12.941,319110000.0,1.279,1.0,1385074000.0,0.719,518027000,0.0,1217645000,1228805250.0,471659000,69230000,7978000,61252000,548194000,518375000,29819000,8466133110,42678000.0,0.0,-188999000.0,-27323000.0,-62472000.0,-278794000.0,-95803000.0,7868000.0,423850000.0,-6575000.0,391482000.0,391482000.0,391482000.0,0.0,0.0,0.203,794012000.0,591062000.0,55067000,0.161,5.483,21.626,21.929,326820000,0.0,33.99,4.394,4.403,455821000,1288268000,1926693000.0,1926693000.0,82036000.0,0.188,0.256,0.484,0.309,6779000.0,711976000.0,1.0,249077173,249582000,250656000.0,7.72,1574377000,73607000,203682000.0,66209000,6.308,652100000
7,BMET,ART,2005-06-30,2005-08-10,2005-05-31,2018-10-09,23251000,2096577000,2056359250.0,1173916000,922661000,0.914,6.197,-97372000.0,104706000,104706000,533096000.0,351616000.0,2.341,0.341,282193000,282193000,0,282193000,0,69602000.0,0,0.007,0.25,549700000.0,619302000.0,0.329,619302000.0,549700000.0,549700000.0,1.39,1.38,1.39,1563931000,1495152500.0,1563931000,9398909649,17.0,15.177,313548000.0,1.242,1.0,1346854000.0,0.716,523456000,0.0,1249217000,1209801500.0,469791000,72368000,10962000,61406000,532646000,501391000,31255000,9221422649,-54537000.0,-266229000.0,-215023000.0,167624000.0,-50871000.0,-98270000.0,-360682000.0,4454000.0,410920000.0,-6505000.0,351616000.0,351616000.0,351616000.0,0.0,0.0,0.187,799970000.0,546884000.0,57021000,0.18,5.896,26.226,26.583,322887000,0.0,36.95,4.905,4.961,479745000,1284905000,1879950000.0,1879950000.0,79696000.0,0.171,0.235,0.454,0.292,6779000.0,694254000.0,1.0,249564889,252387000,254148000.0,7.449,1573121000,72732000,198084000.0,40980000,6.233,672525000
8,BMET,ART,2005-03-31,2005-04-11,2005-02-28,2018-10-09,29034000,2097728000,1979139250.0,1175058000,922670000,0.922,6.1,-92144000.0,99867000,99867000,526257000.0,328273000.0,2.23,0.364,300461000,300461000,0,300461000,0,68531000.0,0,0.005,0.2,518140000.0,586671000.0,0.322,586671000.0,518140000.0,514603000.0,1.29,1.3,1.29,1538413000,1466222250.0,1538413000,9655582750,19.0,16.458,324568000.0,1.287,1.0,1297788000.0,0.711,530720000,3537000.0,1240633000,1173566000.0,456612000,72896000,10902000,61994000,559315000,526969000,32346000,9454988750,-277056000.0,-573704000.0,-150309000.0,174500000.0,-50872000.0,-26681000.0,-655564000.0,12972000.0,416712000.0,-11523000.0,328273000.0,328273000.0,328273000.0,0.0,0.0,0.18,789449000.0,508339000.0,57771000,0.155,6.146,28.802,29.101,314717000,0.0,37.54,5.184,5.19,489467000,1263962000,1824045000.0,1824045000.0,76979000.0,0.166,0.224,0.442,0.284,5953000.0,686450000.0,1.0,251864378,252182000,253994000.0,7.233,1567008000,79654000,186330000.0,44966000,6.214,648089000
9,BMET,ART,2004-12-31,2005-01-10,2004-11-30,2018-10-09,20414000,2057740000,1909188500.0,1149132000,908608000,0.918,5.84,-80235000.0,99518000,99518000,504181000.0,318089000.0,2.107,0.393,324676000,324676000,0,324676000,0,66179000.0,0,0.005,0.2,505259000.0,571438000.0,0.326,571438000.0,505259000.0,501722000.0,1.25,1.26,1.25,1477257000,1432560750.0,1477257000,10680965488,21.0,18.691,335722000.0,1.327,1.0,1248026000.0,0.712,529670000,3537000.0,1207726000,1147056000.0,446711000,74787000,10907000,63880000,580483000,545502000,34981000,10455807488,-142222000.0,-573704000.0,-170360000.0,191021000.0,-50872000.0,-30211000.0,-529192000.0,127205000.0,415957000.0,1224000.0,318089000.0,318089000.0,318089000.0,0.0,0.0,0.182,751368000.0,496658000.0,55548000,0.16,7.078,32.871,33.104,298797000,0.0,41.38,5.967,5.974,476574000,1217538000,1752207000.0,1752207000.0,72410000.0,0.167,0.222,0.44,0.288,5953000.0,652938000.0,1.0,252677803,252944000,255225000.0,6.927,1528070000,85748000,183633000.0,44994000,6.041,603630000
10,BMET,ART,2004-09-30,2004-10-12,2004-08-31,2018-10-09,3345000,1973392000,1832490750.0,1083153000,890239000,0.918,5.519,-70579000.0,81715000,81715000,481856000.0,309582000.0,2.028,0.409,311920000,311920000,0,311920000,0,62409000.0,0,0.004,0.2,493309000.0,555718000.0,0.33,555718000.0,493309000.0,489772000.0,1.21,1.22,1.21,1401009000,1401846250.0,1401009000,12039299873,24.0,21.664,338975000.0,1.335,1.0,1201238000.0,0.714,527772000,3537000.0,1141630000,1149910250.0,424997000,76902000,14449000,62453000,572383000,534195000,38188000,11809094873,-139996000.0,-573704000.0,-145470000.0,193808000.0,-50872000.0,-2534000.0,-538116000.0,108700000.0,409554000.0,-8900000.0,309582000.0,309582000.0,309582000.0,0.0,0.0,0.184,717931000.0,483307000.0,53455000,0.165,8.429,38.145,38.554,283573000,0.0,46.65,7.016,7.036,449436000,1164595000,1683094000.0,1683094000.0,68614000.0,0.169,0.221,0.429,0.293,5953000.0,623297000.0,1.0,253142441,253856000,255950000.0,6.63,1445620000,85748000,180190000.0,76918000,5.695,548958000
11,BMET,ART,2004-06-30,2004-08-12,2004-05-31,2018-10-09,1883000,1787697000,1754129500.0,1115869000,671828000,0.921,5.668,-61342000.0,159243000,159243000,461502000.0,325627000.0,3.561,0.234,109654000,109654000,0,109654000,0,59468000.0,0,0.005,0.2,505262000.0,564730000.0,0.35,564730000.0,505262000.0,501725000.0,1.27,1.27,1.27,1448210000,1368903500.0,1448210000,10857719988,21.0,19.226,324747000.0,1.271,1.0,1153751000.0,0.714,320431000,3537000.0,1104275000,1150074250.0,389391000,76369000,10030000,66339000,339487000,313402000,26085000,10907308988,-66407000.0,-307475000.0,-144516000.0,-11487000.0,-38604000.0,-194607000.0,-253481000.0,116541000.0,386089000.0,-4408000.0,325627000.0,325627000.0,325627000.0,0.0,0.0,0.202,660120000.0,493631000.0,55365000,0.157,7.532,33.496,33.811,268826000,0.0,42.94,6.753,6.793,465949000,1218682000,1615253000.0,1615253000.0,64886000.0,0.186,0.238,0.439,0.313,5953000.0,595234000.0,1.0,254012785,255512000,257204000.0,6.322,1467266000,69379000,176098000.0,45025000,5.742,802467000
12,BMET,ART,2004-03-31,2004-04-14,2004-02-28,2018-10-09,29328000,1817925000,1725247500.0,1322194000,495731000,0.896,5.503,-60598000.0,376923000,376923000,441317000.0,323517000.0,4.582,0.211,122465000,122465000,0,122465000,0,53198000.0,0,0.004,0.15,506227000.0,559425000.0,0.362,559425000.0,506227000.0,501830000.0,1.26,1.26,1.26,1403767000,1328384500.0,1403767000,9985019405,20.0,17.849,319394000.0,1.252,1.0,1103958000.0,0.714,140332000,4397000.0,1134593000,1163106750.0,383200000,86715000,13945000,72770000,295997000,288542000,7455000,10239477405,209146000.0,0.0,-154763000.0,-7466000.0,-38589000.0,-200818000.0,29840000.0,91796000.0,379992000.0,132000.0,323517000.0,323517000.0,323517000.0,0.0,0.0,0.209,606535000.0,497423000.0,38769000,0.119,7.294,31.651,31.942,267540000,0.0,40.246,6.626,6.644,468497000,1159125000,1545275000.0,1545275000.0,61497000.0,0.188,0.244,0.435,0.328,5579000.0,550838000.0,1.0,254420089,255110000,257244000.0,6.057,1677593000,54642000,178313000.0,25201000,6.576,1033652000
13,BMET,ART,2003-12-31,2004-01-13,2003-11-30,2018-10-09,2142000,1750949000,1665668750.0,1153227000,597722000,0.894,5.295,-65305000.0,241740000,241740000,432961000.0,309511000.0,4.215,0.207,123648000,123648000,0,123648000,0,48862000.0,0,0.004,0.15,483960000.0,532822000.0,0.358,532822000.0,483960000.0,479563000.0,1.2,1.2,1.2,1354399000,1283764000.0,1354399000,9161373947,19.0,17.194,275174000.0,1.076,1.0,1056171000.0,0.709,140114000,4397000.0,1219143000,1166404000.0,375929000,202027000,15541000,186486000,280518000,273600000,6918000,9279465947,100219000.0,0.0,-124895000.0,-3723000.0,-38589000.0,-167207000.0,-74483000.0,-6965000.0,340479000.0,1430000.0,309511000.0,309511000.0,309511000.0,0.0,0.0,0.208,587476000.0,468695000.0,39097000,0.125,6.851,29.981,30.228,257498000,0.0,36.273,6.231,6.231,439312000,1144336000,1489132000.0,1489132000.0,60160000.0,0.186,0.241,0.415,0.325,5579000.0,533116000.0,1.0,255819567,255797000,257599000.0,5.822,1610835000,54642000,170052000.0,16920000,6.297,879627000
14,BMET,ART,2003-09-30,2003-10-02,2003-08-31,2018-10-09,-7741000,1659947000,1609057250.0,1089289000,570658000,0.897,4.942,-59125000.0,221711000,221711000,422776000.0,297173000.0,4.034,0.218,111067000,111067000,0,111067000,0,46942000.0,0,0.004,0.15,464916000.0,511858000.0,0.355,511858000.0,464916000.0,460519000.0,1.15,1.15,1.15,1269238000,1236466250.0,1269238000,8544735930,18.0,16.694,270430000.0,1.053,1.0,1020243000.0,0.707,136971000,4397000.0,1142286000,1139243750.0,361216000,183520000,16826000,166694000,276701000,270046000,6655000,8655379930,96922000.0,0.0,-151803000.0,-4395000.0,-38620000.0,-194818000.0,-42388000.0,19182000.0,329555000.0,4573000.0,297173000.0,297173000.0,297173000.0,0.0,0.0,0.206,569320000.0,450923000.0,37933000,0.13,6.819,29.126,29.438,251413000,0.0,33.854,5.998,6.026,410195000,1078243000,1443019000.0,1443019000.0,57419000.0,0.185,0.24,0.408,0.322,5579000.0,517701000.0,1.0,255668470,256847000,258282000.0,5.618,1522976000,54642000,163346000.0,34917000,5.93,819243000
15,BMET,ART,2003-06-30,2003-08-22,2003-05-31,2018-10-09,-10340000,1672169000,1568979000.0,1111755000,560414000,0.886,4.956,-59770000.0,225650000,225650000,407295000.0,286701000.0,4.169,0.213,114120000,114120000,0,114120000,0,45659000.0,0,0.005,0.15,448059000.0,493718000.0,0.355,493718000.0,448059000.0,443662000.0,1.1,1.1,1.1,1286134000,1201433750.0,1286134000,7205066783,16.0,14.593,250507000.0,0.965,1.0,983005000.0,0.707,137580000,4397000.0,1156405000,1123208250.0,356270000,192944000,37337000,155607000,274147000,266654000,7493000,7316596783,71353000.0,0.0,-197835000.0,1443000.0,-26416000.0,-222808000.0,-19697000.0,44022000.0,310277000.0,3581000.0,286701000.0,286701000.0,286701000.0,0.0,0.0,0.206,550700000.0,432305000.0,42106000,0.136,5.689,25.52,25.943,253446000,0.0,28.537,5.263,5.326,418095000,1100462000,1390300000.0,1390300000.0,55309000.0,0.183,0.239,0.399,0.322,5579000.0,501191000.0,1.0,256391095,259493000,261394000.0,5.358,1534589000,54262000,156961000.0,19484000,5.914,845101000
16,BMET,ART,2003-03-31,2003-04-14,2003-02-28,2018-10-09,-12116000,1579610000,1531367500.0,1051376000,528234000,0.874,4.75,-58899000.0,167777000,167777000,387441000.0,269555000.0,4.343,0.2,115556000,115556000,0,115556000,0,46842000.0,0,0.003,0.1,419107000.0,465949000.0,0.348,465949000.0,419107000.0,415727000.0,1.03,1.02,1.03,1225285000,1174020000.0,1225285000,7711063660,18.0,16.549,163948000.0,0.636,1.0,951533000.0,0.711,137506000,3380000.0,1147782000,1105733250.0,363805000,171575000,38251000,133324000,245508000,242101000,3407000,7763284660,-67921000.0,0.0,-302548000.0,15637000.0,-26431000.0,-313342000.0,13985000.0,79156000.0,222847000.0,8589000.0,269555000.0,269555000.0,269555000.0,0.0,0.0,0.201,537179000.0,414354000.0,28758000,0.097,6.336,28.8,29.214,243996000,0.0,30.09,5.798,5.796,412904000,1054051000,1338974000.0,1338974000.0,55167000.0,0.176,0.23,0.379,0.313,1268000.0,482012000.0,1.0,258000777,257929000,259824000.0,5.191,1442104000,48574000,146172000.0,6220000,5.591,809275000
17,BMET,ART,2002-12-31,2003-01-14,2002-11-30,2018-10-09,-34150000,1524503000,1530510500.0,1000047000,524456000,0.843,4.49,-47333000.0,141521000,141521000,365043000.0,258635000.0,4.023,0.216,111715000,111715000,0,111715000,0,47637000.0,0,0.003,0.1,401942000.0,449579000.0,0.349,449579000.0,401942000.0,398562000.0,0.98,0.97,0.98,1165208000,1176373500.0,1165208000,7754390745,19.0,17.248,171664000.0,0.662,1.0,924498000.0,0.717,135633000,3380000.0,1110502000,1080838500.0,360153000,188566000,38621000,149945000,251722000,248562000,3160000,7784196745,-105602000.0,-6735000.0,-339391000.0,44011000.0,-26431000.0,-321811000.0,-6769000.0,52547000.0,218997000.0,3981000.0,258635000.0,258635000.0,258635000.0,0.0,0.0,0.201,519675000.0,404823000.0,37048000,0.102,6.681,30.097,30.674,225117000,0.0,30.06,6.036,6.049,388483000,1019392000,1289541000.0,1289541000.0,52802000.0,0.169,0.22,0.372,0.312,1268000.0,466873000.0,1.0,258952816,259499000,261626000.0,4.969,1388870000,50294000,139927000.0,9996000,5.352,751485000
18,BMET,ART,2002-09-30,2002-10-15,2002-08-31,2018-10-09,-34146000,1499634000,1540039500.0,965030000,534604000,0.804,4.303,-60339000.0,124789000,124789000,345472000.0,249733000.0,3.682,0.235,101483000,101483000,0,101483000,0,48349000.0,0,0.003,0.1,387103000.0,435452000.0,0.352,435452000.0,387103000.0,383723000.0,0.94,0.93,0.94,1129108000,1197689750.0,1129108000,7747071719,20.0,17.791,146235000.0,0.557,1.0,892008000.0,0.721,136093000,3380000.0,1078144000,1060251500.0,361073000,198856000,40240000,158616000,265438000,262091000,3347000,7770377719,-129995000.0,-6735000.0,-300256000.0,31405000.0,-26400000.0,-295251000.0,-43752000.0,27823000.0,206574000.0,2434000.0,249733000.0,249733000.0,249733000.0,0.0,0.0,0.202,504023000.0,387985000.0,41249000,0.106,6.882,31.115,31.82,225079000,0.0,29.911,6.279,6.342,368589000,990360000,1237480000.0,1237480000.0,51720000.0,0.162,0.209,0.365,0.313,1268000.0,452303000.0,1.0,259783889,262378000,264405000.0,4.716,1363541000,50131000,133990000.0,34052000,5.197,702939000
19,BMET,ART,2002-06-30,2002-08-19,2002-05-31,2018-10-09,-50826000,1521723000,1544809250.0,952944000,568779000,0.772,4.382,-62275000.0,154297000,154297000,332727000.0,239740000.0,4.009,0.205,90467000,90467000,0,90467000,0,47827000.0,0,0.003,0.1,370785000.0,418612000.0,0.351,418612000.0,370785000.0,367405000.0,0.89,0.88,0.89,1176479000,1211209250.0,1176479000,7538673839,20.0,18.009,121962000.0,0.454,1.0,859175000.0,0.721,133689000,3380000.0,1086505000,1028413500.0,335348000,232220000,30973000,201247000,241437000,237699000,3738000,7602503839,-80794000.0,-6735000.0,-191649000.0,26994000.0,-24268000.0,-188923000.0,-77419000.0,-5430000.0,184237000.0,1311000.0,239740000.0,239740000.0,239740000.0,0.0,0.0,0.201,488481000.0,370694000.0,36318000,0.112,6.462,31.711,32.444,219061000,0.0,28.875,6.378,6.504,365148000,1054020000,1191902000.0,1191902000.0,50750000.0,0.155,0.198,0.361,0.311,1268000.0,437731000.0,1.0,263286529,268475000,271245000.0,4.44,1388034000,49523000,127665000.0,20815000,5.17,715245000
20,BMET,ART,2002-03-31,2002-04-12,2002-02-28,2018-10-09,-60067000,1576182000,1536706250.0,1001392000,574790000,0.753,4.583,-55148000.0,235698000,235698000,326156000.0,238255000.0,4.268,0.195,76815000,76815000,0,76815000,0,45622000.0,0,0.003,0.09,368447000.0,414069000.0,0.358,414069000.0,368447000.0,364337000.0,0.89,0.887,0.89,1234699000,1203636000.0,1234699000,7018986213,19.0,16.951,149905000.0,0.556,1.0,830533000.0,0.718,134479000,4110000.0,1048203000,989649500.0,318975000,253106000,42675000,210431000,240856000,234617000,6239000,7177869213,32525000.0,-1935000.0,-54958000.0,11015000.0,-24268000.0,-68211000.0,-101884000.0,-44222000.0,205053000.0,-2433000.0,238255000.0,238255000.0,238255000.0,0.0,0.0,0.206,475882000.0,354651000.0,32708000,0.101,5.813,30.127,30.095,211802000,0.0,26.784,6.206,6.238,335990000,1124969000,1156689000.0,1156689000.0,47332000.0,0.155,0.198,0.372,0.319,7281000.0,428550000.0,1.0,267986633,269388000,272265000.0,4.294,1441703000,44985000,126082000.0,27561000,5.352,766775000
21,BMET,ART,2001-12-31,2002-01-14,2001-11-30,2018-10-09,-54360000,1562619000,1494687500.0,993119000,569500000,0.748,4.635,-52852000.0,247123000,247123000,315073000.0,214786000.0,4.791,0.171,57867000,57867000,0,57867000,0,44962000.0,0,0.003,0.09,333166000.0,378128000.0,0.338,378128000.0,333166000.0,329056000.0,0.8,0.797,0.8,1250473000,1166588500.0,1250473000,7812329432,23.0,20.661,137873000.0,0.511,1.0,803283000.0,0.718,137932000,4110000.0,1028154000,953292750.0,309008000,245801000,35455000,210346000,214122000,207277000,6845000,8001585432,80238000.0,4800000.0,19683000.0,-13390000.0,-24268000.0,-17975000.0,-96117000.0,-46321000.0,190725000.0,3605000.0,214786000.0,214786000.0,214786000.0,0.0,0.0,0.192,485290000.0,317993000.0,25586000,0.113,6.399,37.254,37.04,204170000,0.0,29.632,7.155,7.149,332013000,1137761000,1118356000.0,1118356000.0,46516000.0,0.144,0.184,0.349,0.298,7281000.0,412674000.0,1.0,270030630,269809000,272822000.0,4.145,1424687000,44334000,114270000.0,34420000,5.28,785842000
22,BMET,ART,2001-09-30,2001-10-12,2001-08-31,2018-10-09,-55629000,1518713000,1428842000.0,980661000,538052000,0.751,4.391,-38600000.0,254784000,254784000,306164000.0,205132000.0,4.213,0.202,60111000,60111000,0,60111000,0,44527000.0,0,0.003,0.09,318467000.0,362994000.0,0.338,362994000.0,318467000.0,314357000.0,0.763,0.76,0.763,1183186000,1110001750.0,1183186000,8095477675,25.0,22.302,152697000.0,0.567,1.0,766264000.0,0.715,140503000,4110000.0,950792000,915289000.0,291283000,230554000,39629000,190925000,239502000,232745000,6757000,8290150675,515000.0,-85802000.0,21504000.0,-25899000.0,-24268000.0,-28663000.0,-164903000.0,-37869000.0,191297000.0,2784000.0,205132000.0,205132000.0,205132000.0,0.0,0.0,0.191,464099000.0,302165000.0,21954000,0.118,7.007,40.414,40.298,189168000,0.0,30.747,7.73,7.726,319139000,1076309000,1072428000.0,1072428000.0,44824000.0,0.144,0.185,0.348,0.297,7281000.0,393175000.0,1.0,269621807,269459000,272668000.0,3.98,1378210000,50046000,109225000.0,42499000,5.115,747916000
23,BMET,ART,2001-06-30,2001-08-20,2001-05-31,2018-10-09,-56028000,1489311000,1366615250.0,968379000,520932000,0.754,4.278,-35261000.0,235091000,235091000,296063000.0,197546000.0,4.005,0.216,62734000,62734000,0,62734000,0,42824000.0,0,0.003,0.09,307562000.0,350386000.0,0.34,350386000.0,307562000.0,303452000.0,0.74,0.73,0.74,1146186000,1059797000.0,1146186000,7435655411,24.0,21.221,155245000.0,0.579,1.0,734600000.0,0.713,143683000,4110000.0,931449000,885645500.0,277601000,228057000,52627000,175430000,248028000,241822000,6206000,7608012411,21485000.0,-85802000.0,23832000.0,-19785000.0,-18993000.0,-14946000.0,-156673000.0,-33150000.0,190506000.0,2598000.0,197546000.0,197546000.0,197546000.0,0.0,0.0,0.192,443913000.0,290687000.0,21008000,0.122,6.638,38.513,38.146,185751000,0.0,28.228,7.382,7.338,324848000,1044564000,1030663000.0,1030663000.0,43020000.0,0.145,0.186,0.347,0.298,7281000.0,374793000.0,1.0,269518156,267915000,270746000.0,3.847,1345628000,48982000,105906000.0,36868000,5.023,726557000
24,BMET,ART,2001-03-31,2001-04-17,2001-02-28,2018-10-09,-41946000,1408107000,1298899500.0,855867000,552240000,0.762,4.05,-41687000.0,203173000,203173000,286697000.0,189051000.0,3.87,0.211,71967000,71967000,0,71967000,0,44791000.0,0,0.003,0.071,293477000.0,338268000.0,0.342,338268000.0,293477000.0,290284000.0,0.707,0.709,0.707,1086509000,1009081250.0,1086509000,6764154352,23.0,19.996,156967000.0,0.585,1.0,703511000.0,0.71,152986000,3193000.0,902776000,858831000.0,271221000,208050000,12857000,195193000,228973000,221139000,7834000,6895360352,46971000.0,-94637000.0,18216000.0,-18376000.0,-18993000.0,-12895000.0,-143984000.0,-4154000.0,198654000.0,5196000.0,189051000.0,189051000.0,189051000.0,0.0,0.0,0.191,425207000.0,278304000.0,20916000,0.1,6.346,36.474,36.335,187100000,0.0,25.689,6.964,6.959,304392000,985447000,990208000.0,990208000.0,42207000.0,0.146,0.187,0.342,0.296,0.0,356900000.0,1.0,268415279,268245000,271530000.0,3.691,1255121000,32801000,101233000.0,21307000,4.679,634728000
25,BMET,ART,2000-12-31,2001-01-12,2000-11-28,2018-10-09,-63226000,1299237000,1240554750.0,768592000,530645000,0.771,3.825,-38620000.0,166885000,166885000,282935000.0,194038000.0,4.312,0.18,68985000,68985000,0,68985000,0,44044000.0,0,0.003,0.071,302669000.0,346713000.0,0.362,346713000.0,302669000.0,299476000.0,0.731,0.729,0.731,1024126000,962981250.0,1024126000,5728978879,19.0,16.524,109891000.0,0.41,1.0,673907000.0,0.704,146964000,3193000.0,876139000,844224000.0,254447000,197830000,14022000,183808000,184767000,178234000,6533000,5826878879,-94000.0,-99249000.0,22790000.0,-16412000.0,-19675000.0,-7039000.0,-136726000.0,3225000.0,148511000.0,-4840000.0,194038000.0,194038000.0,194038000.0,0.0,0.0,0.203,388209000.0,285698000.0,20979000,0.097,5.69,30.03,29.739,182284000,0.0,21.74,6.09,6.083,267607000,947243000,956842000.0,956842000.0,41792000.0,0.156,0.201,0.359,0.316,0.0,343717000.0,1.0,268031502,267729000,270708000.0,3.574,1152273000,32801000,105438000.0,16873000,4.304,590358000
26,BMET,ART,2000-09-30,2000-10-12,2000-08-31,2018-10-09,-46799000,1269806000,1206123250.0,818062000,451744000,0.759,3.68,-41014000.0,254269000,254269000,273501000.0,178383000.0,4.295,0.202,75403000,75403000,0,75403000,0,41446000.0,0,0.003,0.071,281619000.0,323065000.0,0.353,323065000.0,281619000.0,278426000.0,0.68,0.678,0.68,982367000,915530250.0,982367000,5956928639,21.0,18.439,95016000.0,0.356,1.0,642362000.0,0.701,68269000,3193000.0,832218000,817616000.0,248871000,194386000,14805000,179581000,198305000,190453000,7852000,6135794639,91279000.0,-18444000.0,16749000.0,10654000.0,-19675000.0,13986000.0,-58072000.0,3543000.0,136030000.0,-665000.0,178383000.0,178383000.0,178383000.0,0.0,0.0,0.195,377232000.0,265130000.0,19265000,0.104,6.246,34.397,33.739,185261000,0.0,22.943,6.699,6.687,244696000,895445000,915863000.0,915863000.0,39801000.0,0.148,0.195,0.344,0.307,0.0,325731000.0,1.0,267440304,266955000,269862000.0,3.431,1201537000,25811000,100043000.0,38814000,4.501,627609000
27,BMET,ART,2000-06-30,2000-08-10,2000-05-31,2018-10-09,-49225000,1218448000,1169068250.0,789628000,428820000,0.787,3.569,-43067000.0,213606000,213606000,278382000.0,173771000.0,4.352,0.199,70546000,70546000,0,70546000,0,39766000.0,0,0.003,0.071,276702000.0,316468000.0,0.344,316468000.0,276702000.0,273509000.0,0.66,0.653,0.66,943323000,869639500.0,943323000,5403055532,20.0,17.073,88503000.0,0.335,1.0,642200000.0,0.698,69754000,3193000.0,824191000,792133250.0,240162000,193662000,34129000,159533000,187252000,181443000,5809000,5546115532,81525000.0,-22177000.0,11658000.0,19392000.0,-16468000.0,20840000.0,-67650000.0,-665000.0,131570000.0,-3235000.0,173771000.0,173771000.0,173771000.0,0.0,0.0,0.189,378526000.0,263674000.0,25612000,0.108,5.879,31.916,31.493,183257000,0.0,20.785,6.025,5.967,249792000,866011000,920582000.0,920582000.0,40208000.0,0.149,0.2,0.349,0.301,0.0,326618000.0,1.0,266828618,264294000,267241500.0,3.483,1148694000,25811000,99738000.0,22674000,4.346,608185000
28,BMET,ART,2000-03-31,2000-04-14,2000-02-28,2018-10-09,-33817000,1174728000,1131445250.0,745658000,429070000,0.736,3.399,-43930000.0,156202000,156202000,249912000.0,128155000.0,4.164,0.208,73745000,73745000,0,73745000,0,35210000.0,0,0.005,0.062,197344000.0,232554000.0,0.279,232554000.0,197344000.0,196230000.0,0.502,0.498,0.502,902109000,827795500.0,902109000,3466337561,18.0,14.906,71034000.0,0.268,1.0,582709000.0,0.7,68830000,1114000.0,844348000,767780000.0,244539000,212401000,48738000,163663000,187216000,179093000,8123000,3548794561,16112000.0,-17985000.0,10769000.0,18223000.0,-16468000.0,13735000.0,-110708000.0,-37789000.0,114964000.0,-1879000.0,128155000.0,128155000.0,128155000.0,0.0,0.0,0.154,396336000.0,186373000.0,30627000,0.124,3.934,27.691,26.556,180930000,0.0,13.331,4.262,4.25,246410000,825677000,832621000.0,832621000.0,37173000.0,0.113,0.155,0.257,0.237,0.0,292463000.0,1.0,266198990,265428000,268872750.0,3.137,1105898000,0,68075000.0,18651000,4.166,566565000
29,BMET,ART,1999-12-31,2000-01-13,1999-11-30,2018-10-09,-20375000,1161511000,1088750500.0,780125000,381386000,0.727,3.288,-52616000.0,164257000,164257000,238152000.0,122320000.0,3.329,0.292,70099000,70099000,0,70099000,0,31939000.0,0,0.003,0.062,187794000.0,219733000.0,0.277,219733000.0,187794000.0,186680000.0,0.484,0.484,0.484,834322000,794715500.0,834322000,4688721746,25.0,21.338,92732000.0,0.365,1.0,553889000.0,0.699,63269000,1114000.0,769707000,735353500.0,227544000,210340000,84500000,125840000,243238000,234377000,8861000,4782879746,49268000.0,-13480000.0,3588000.0,61061000.0,-15786000.0,50074000.0,-148450000.0,-70371000.0,145348000.0,2296000.0,122320000.0,122320000.0,122320000.0,0.0,0.0,0.154,376136000.0,177753000.0,28856000,0.128,5.733,39.101,38.916,176526000,0.0,18.835,6.039,6.034,226879000,747489000,792041000.0,792041000.0,35060000.0,0.112,0.154,0.255,0.237,0.0,277076000.0,1.0,253930487,253741500,256509000.0,3.121,1098242000,31308000,64360000.0,17979000,4.328,545748000
30,BMET,ART,1999-09-30,1999-10-12,1999-08-31,2018-10-09,-19398000,1121586000,1028980750.0,747512000,374074000,0.751,3.15,-50991000.0,160268000,160268000,233046000.0,122071000.0,3.223,0.301,58020000,58020000,0,58020000,0,30090000.0,0,0.005,0.062,187496000.0,217586000.0,0.282,217586000.0,187496000.0,186382000.0,0.484,0.484,0.484,798804000,769422000.0,798804000,2937866979,16.0,13.502,94874000.0,0.374,1.0,539855000.0,0.698,57144000,1114000.0,730287000,705306250.0,215854000,204457000,76487000,127970000,240676000,231907000,8769000,3040114979,48194000.0,-4758000.0,3711000.0,51856000.0,-15786000.0,40992000.0,-138295000.0,-72285000.0,145865000.0,-368000.0,122071000.0,122071000.0,122071000.0,0.0,0.0,0.158,361900000.0,177955000.0,31271000,0.128,3.806,24.904,24.744,173854000,0.0,11.976,3.933,3.929,221700000,711346000,772901000.0,772901000.0,35918000.0,0.119,0.159,0.266,0.243,0.0,270982000.0,1.0,253848497,253595250,256047750.0,3.048,1064442000,31308000,64311000.0,36119000,4.197,515605000
31,BMET,ART,1999-06-30,1999-07-29,1999-05-31,2018-10-09,-16644000,1067956000,967676750.0,681708000,386248000,0.783,3.071,-51109000.0,129359000,129359000,229727000.0,116361000.0,3.384,0.272,45137000,45137000,0,45137000,0,29512000.0,0,0.004,0.062,180002000.0,209514000.0,0.277,209514000.0,180002000.0,178888000.0,0.462,0.458,0.462,775947000,741667250.0,775947000,3950140282,22.0,18.854,97429000.0,0.386,1.0,527687000.0,0.697,55526000,1114000.0,726778000,674222500.0,205238000,206937000,60078000,146859000,211319000,201430000,9889000,4034362282,12270000.0,-1025000.0,2131000.0,38792000.0,-13453000.0,28681000.0,-167243000.0,-102883000.0,148538000.0,2294000.0,116361000.0,116361000.0,116361000.0,0.0,0.0,0.154,356037000.0,171650000.0,27676000,0.134,5.199,34.671,34.423,168873000,0.0,15.904,5.326,5.306,215034000,687828000,757414000.0,757414000.0,35472000.0,0.12,0.157,0.267,0.238,0.0,265565000.0,1.0,253676041,252695250,255109500.0,2.997,1012430000,31308000,62527000.0,26653000,4.007,480278000
32,BMET,ART,1999-03-31,1999-03-31,1999-02-28,2018-10-09,-4718000,1003949000,912872500.0,659735000,344214000,0.807,3.045,-44003000.0,137368000,137368000,224826000.0,140291000.0,4.497,0.203,53362000,53362000,0,53362000,0,27642000.0,0,0.003,0.053,224985000.0,252627000.0,0.343,252627000.0,224985000.0,224644000.0,0.556,0.556,0.556,769789000,714535000.0,769789000,4610325345,20.0,18.25,85528000.0,0.338,1.0,511834000.0,0.695,58602000,341000.0,714642000,637197000.0,202754000,180371000,58831000,121540000,156058000,146699000,9359000,4694331345,48470000.0,-5133000.0,1843000.0,42925000.0,-13453000.0,34523000.0,-122445000.0,-71723000.0,129531000.0,6861000.0,140291000.0,140291000.0,140291000.0,0.0,0.0,0.19,295562000.0,216272000.0,16562000,0.095,6.098,33.461,33.379,159921000,0.0,18.559,6.372,6.369,211866000,678311000,736660000.0,736660000.0,34727000.0,0.154,0.196,0.353,0.305,0.0,260835000.0,1.0,252943553,252812250,256083750.0,2.914,945347000,0,84353000.0,27595000,3.739,513036000
33,BMET,ART,1998-12-31,1998-12-21,1998-11-30,2018-10-09,-3710000,922432000,862862000.0,607918000,314514000,0.817,2.903,-47158000.0,114989000,114989000,216104000.0,134191000.0,5.929,0.152,5115000,5115000,0,5115000,0,27227000.0,0,0.003,0.053,221526000.0,248753000.0,0.353,248753000.0,221526000.0,221185000.0,0.533,0.533,0.533,733148000,678540000.0,733148000,4041884670,18.0,16.249,83903000.0,0.332,1.0,489194000.0,0.694,60514000,341000.0,649518000,601258750.0,202023000,143618000,46516000,97102000,111666000,102526000,9140000,4151758670,20569000.0,-3367000.0,2254000.0,541000.0,-13453000.0,-7450000.0,-98766000.0,-46544000.0,131061000.0,-4276000.0,134191000.0,134191000.0,134191000.0,0.0,0.0,0.19,290906000.0,198288000.0,16159000,0.099,5.663,30.939,30.824,152106000,0.0,16.429,5.887,5.884,203306000,640955000,705298000.0,705298000.0,41726000.0,0.156,0.198,0.368,0.314,0.0,249180000.0,1.0,252707461,252580500,255714750.0,2.792,861918000,0,86994000.0,24864000,3.412,505392000
34,BMET,ART,1998-09-30,1998-10-15,1998-08-28,2018-10-09,-12710000,876370000,805131750.0,580997000,295373000,0.843,2.727,,112074000,112074000,209130000.0,129059000.0,5.596,0.164,6327000,6327000,0,6327000,0,,0,0.004,0.053,212351000.0,,,,212351000.0,212010000.0,,,,687785000,646317500.0,687785000,3678282281,17.0,,,,1.0,469410000.0,0.692,60856000,341000.0,605952000,560647750.0,190639000,135228000,50360000,84868000,113023000,103815000,9208000,3784029281,,,,,,,,,,,129059000.0,129059000.0,129059000.0,0.0,0.0,0.19,279279000.0,190131000.0,14639000,,5.502,29.32,,145923000,0.0,14.991,5.577,5.573,192670000,605061000,678540000.0,678540000.0,38326000.0,0.16,0.2,0.379,0.313,,240953000.0,1.0,252422260,252247500,,2.69,815514000,0,82951000.0,28497000,3.233,477182000
35,BMET,ART,1998-06-30,1998-08-05,1998-05-31,2018-10-09,-12423000,848739000,,570792000,277947000,,2.655,-44143000.0,117089000,117089000,202235000.0,124726000.0,5.821,0.162,6345000,6345000,0,6345000,0,23529000.0,0,0.004,0.053,204138000.0,227667000.0,0.35,227667000.0,204138000.0,203797000.0,0.498,0.493,0.498,667418000,,667418000,3245473261,16.0,14.255,77700000.0,0.309,1.0,449170000.0,0.69,61260000,341000.0,578676000,,186535000,104793000,31618000,73175000,108089000,98059000,10030000,3356217261,35055000.0,-15444000.0,2125000.0,-689000.0,-12256000.0,-7612000.0,-77350000.0,-16272000.0,121843000.0,-1826000.0,124726000.0,124726000.0,124726000.0,0.0,0.0,0.191,269064000.0,180106000.0,16581000,0.106,5.029,26.909,26.714,139772000,0.0,13.304,5.152,5.134,188800000,584920000,651405000.0,651405000.0,36120000.0,,,,0.313,0.0,232944000.0,1.0,252276791,251363250,253917000.0,2.591,787479000,0,79071000.0,15218000,3.133,472733000
36,BMET,ART,1998-03-31,1998-04-20,1998-02-28,2018-10-09,-16810000,803907000,,540442000,263465000,,2.492,,88898000,88898000,,,5.874,0.165,7325000,7325000,0,7325000,0,,0,0.004,0.049,,,,,,,,,,625809000,,625809000,2997806390,,,,,1.0,,,59444000,,570889000,,180772000,107170000,44750000,62420000,103316000,92001000,11315000,3079379390,,,,,,,,,,,,,,,,,,,17634000,,4.921,,,137543000,,12.225,,,184870000,551474000,,,,,,,,,,1.0,251891357,251156250,,,744463000,0,,19761000,2.964,448441000
37,BMET,ART,1997-12-31,1998-01-12,1997-11-30,2018-10-09,-6400000,691511000,,502138000,189373000,,2.408,,94420000,94420000,,,5.978,0.144,6324000,6324000,0,6324000,0,,0,0.004,0.049,,,,,,,,,,604258000,,604258000,2818916385,,,,,1.0,,,32348000,,487074000,,158941000,95192000,45117000,50075000,87253000,83993000,3260000,2907012385,,,,,,,,,,,,,,,,,,,17603000,,4.811,,,103348000,,11.561,,,174491000,520217000,,,,,,,,,,1.0,251445123,250917750,,,659163000,0,,18788000,2.627,418145000
