None,ticker,dimension,calendardate,datekey,reportperiod,lastupdated,accoci,assets,assetsavg,assetsc,assetsnc,assetturnover,bvps,capex,cashneq,cashnequsd,cor,consolinc,currentratio,de,debt,debtc,debtnc,debtusd,deferredrev,depamor,deposits,divyield,dps,ebit,ebitda,ebitdamargin,ebitdausd,ebitusd,ebt,eps,epsdil,epsusd,equity,equityavg,equityusd,ev,evebit,evebitda,fcf,fcfps,fxusd,gp,grossmargin,intangibles,intexp,invcap,invcapavg,inventory,investments,investmentsc,investmentsnc,liabilities,liabilitiesc,liabilitiesnc,marketcap,ncf,ncfbus,ncfcommon,ncfdebt,ncfdiv,ncff,ncfi,ncfinv,ncfo,ncfx,netinc,netinccmn,netinccmnusd,netincdis,netincnci,netmargin,opex,opinc,payables,payoutratio,pb,pe,pe1,ppnenet,prefdivis,price,ps,ps1,receivables,retearn,revenue,revenueusd,rnd,roa,roe,roic,ros,sbcomp,sgna,sharefactor,sharesbas,shareswa,shareswadil,sps,tangibles,taxassets,taxexp,taxliabilities,tbvps,workingcapital
0,URI,ARY,2020-12-31,2021-01-27,2020-12-31,2021-07-28,-146000000,17868000000,18136000000.0,2017000000.0,15851000000.0,0.47,62.951,-258000000.0,202000000,202000000,5347000000.0,890000000.0,1.067,2.931,10231000000,704000000.0,9527000000.0,10231000000,0,1988000000.0,0,0.0,0.0,1808000000.0,3796000000.0,0.445,3796000000.0,1808000000.0,1139000000.0,12.24,12.2,12.24,4545000000,4062000000.0,4545000000,27087522941,15.0,7.136,2400000000.0,33.241,1.0,3183000000.0,0.373,5816000000,669000000.0,20191000000,21042500000.0,125000000,0,0.0,0.0,13323000000,1890000000.0,11433000000.0,17058522941,150000000.0,-2000000.0,-285000000.0,-2008000000.0,0.0,-2293000000.0,-223000000.0,-3000000.0,2658000000.0,8000000.0,890000000.0,890000000.0,890000000.0,0.0,0.0,0.104,1383000000.0,1800000000.0,466000000,0.0,3.753,19.167,19.303,9997000000,0.0,236.27,2.0,2.0,1315000000,6165000000,8530000000.0,8530000000.0,0.0,0.049,0.219,0.086,0.212,70000000.0,979000000.0,1.0,72199276,72199276,,118.145,12052000000,0,249000000.0,1768000000,166.927,127000000.0
1,URI,ARY,2019-12-31,2020-01-29,2019-12-31,2021-07-28,-186000000,18970000000,19002000000.0,1842000000.0,17128000000.0,0.492,51.495,-1482000000.0,52000000,52000000,5681000000.0,1174000000.0,0.838,3.953,11961000000,997000000.0,10964000000.0,11961000000,0,2038000000.0,0,0.0,0.0,2162000000.0,4200000000.0,0.449,4200000000.0,2162000000.0,1514000000.0,15.18,15.11,15.18,3830000000,3583250000.0,3830000000,23233410128,11.0,5.532,1542000000.0,20.733,1.0,3670000000.0,0.392,6049000000,648000000.0,22632000000,22520250000.0,120000000,0,0.0,0.0,15140000000,2198000000.0,12942000000.0,11324410128,9000000.0,-249000000.0,-859000000.0,-446000000.0,0.0,-1305000000.0,-1710000000.0,-3000000.0,3024000000.0,0.0,1174000000.0,1174000000.0,1174000000.0,0.0,0.0,0.126,1518000000.0,2152000000.0,454000000,0.0,2.957,9.646,10.03,11060000000,0.0,152.26,1.211,1.211,1530000000,5275000000,9351000000.0,9351000000.0,0.0,0.062,0.328,0.096,0.231,61000000.0,1092000000.0,1.0,74375477,74375477,,125.727,12921000000,0,340000000.0,1887000000,173.727,-356000000.0
2,URI,ARY,2018-12-31,2019-01-23,2018-12-31,2021-07-28,-237000000,18133000000,16070750000.0,1761000000.0,16372000000.0,0.501,42.756,-1604000000.0,43000000,43000000,4683000000.0,1096000000.0,0.832,4.329,11747000000,903000000.0,10844000000.0,11747000000,0,1671000000.0,0,0.0,0.0,1957000000.0,3628000000.0,0.451,3628000000.0,1957000000.0,1476000000.0,13.26,13.12,13.26,3403000000,3239750000.0,3403000000,20938157334,11.0,5.771,1249000000.0,15.693,1.0,3364000000.0,0.418,6142000000,481000000.0,21579000000,18618000000.0,109000000,0,0.0,0.0,14730000000,2116000000.0,12614000000.0,9234157334,-309000000.0,-2966000000.0,-815000000.0,2212000000.0,0.0,1397000000.0,-4551000000.0,-3000000.0,2853000000.0,-8000000.0,1096000000.0,1096000000.0,1096000000.0,0.0,0.0,0.136,1413000000.0,1951000000.0,536000000,0.0,2.714,8.425,8.75,10214000000,0.0,116.02,1.148,1.148,1545000000,4101000000,8047000000.0,8047000000.0,0.0,0.068,0.338,0.105,0.243,102000000.0,1038000000.0,1.0,79591082,79591082,,101.104,11991000000,0,380000000.0,1687000000,150.658,-355000000.0
3,URI,ARY,2017-12-31,2018-01-24,2017-12-31,2021-07-28,-151000000,15030000000,13470000000.0,1772000000.0,13258000000.0,0.493,36.789,-1323000000.0,352000000,352000000,3872000000.0,1346000000.0,1.062,3.839,9440000000,723000000.0,8717000000.0,9440000000,0,1383000000.0,0,0.0,0.0,1512000000.0,2895000000.0,0.436,2895000000.0,1512000000.0,1048000000.0,15.91,15.73,15.91,3106000000,2254500000.0,3106000000,24751020411,16.0,8.55,907000000.0,10.743,1.0,2769000000.0,0.417,4957000000,464000000.0,17493000000,15491000000.0,75000000,0,0.0,0.0,11924000000,1668000000.0,10256000000.0,15663020411,40000000.0,-2377000000.0,-53000000.0,1550000000.0,0.0,1497000000.0,-3705000000.0,-5000000.0,2230000000.0,18000000.0,1346000000.0,1346000000.0,1346000000.0,0.0,0.0,0.203,1262000000.0,1507000000.0,409000000,0.0,5.043,11.637,11.661,8291000000,0.0,185.52,2.359,2.359,1233000000,3005000000,6641000000.0,6641000000.0,0.0,0.1,0.597,0.098,0.228,87000000.0,903000000.0,1.0,84427665,84427665,,78.659,10073000000,0,-298000000.0,1419000000,119.309,104000000.0
4,URI,ARY,2016-12-31,2017-01-25,2016-12-31,2021-07-28,-218000000,11988000000,12041750000.0,1361000000.0,10627000000.0,0.479,19.547,-829000000.0,312000000,312000000,3359000000.0,566000000.0,1.149,6.274,7790000000,597000000.0,7193000000.0,7790000000,0,1245000000.0,0,0.0,0.0,1420000000.0,2665000000.0,0.463,2665000000.0,1420000000.0,909000000.0,6.49,6.45,6.49,1648000000,1547500000.0,1648000000,17111321272,12.0,6.421,1124000000.0,13.332,1.0,2403000000.0,0.417,4002000000,511000000.0,14280000000,14214500000.0,68000000,0,0.0,0.0,10340000000,1184000000.0,9156000000.0,9633321272,133000000.0,-28000000.0,-527000000.0,-495000000.0,0.0,-964000000.0,-859000000.0,-2000000.0,1953000000.0,3000000.0,566000000.0,566000000.0,566000000.0,0.0,0.0,0.098,988000000.0,1415000000.0,243000000,0.0,5.845,17.02,17.606,6619000000,0.0,114.26,1.672,1.672,920000000,1654000000,5762000000.0,5762000000.0,0.0,0.047,0.366,0.1,0.246,-13000000.0,719000000.0,1.0,84310531,84310531,,68.343,7986000000,0,343000000.0,1896000000,94.721,177000000.0
5,URI,ARY,2015-12-31,2016-01-27,2015-12-31,2021-07-28,-250000000,12083000000,12392000000.0,1294000000.0,10789000000.0,0.469,16.225,-1081000000.0,179000000,179000000,3337000000.0,585000000.0,1.049,7.186,8162000000,607000000.0,7555000000.0,8162000000,0,1244000000.0,0,0.0,0.0,1530000000.0,2774000000.0,0.477,2774000000.0,1530000000.0,963000000.0,6.14,6.07,6.14,1476000000,1479500000.0,1476000000,13062777587,9.0,4.709,914000000.0,10.047,1.0,2480000000.0,0.426,4148000000,567000000.0,14685000000,14783500000.0,69000000,0,0.0,0.0,10607000000,1233000000.0,9374000000.0,5079777587,21000000.0,-86000000.0,-788000000.0,60000000.0,0.0,-775000000.0,-1170000000.0,-3000000.0,1995000000.0,-29000000.0,585000000.0,585000000.0,585000000.0,0.0,0.0,0.101,962000000.0,1518000000.0,271000000,0.0,3.442,8.683,9.094,6631000000,0.0,55.84,0.873,0.873,930000000,1088000000,5817000000.0,5817000000.0,0.0,0.047,0.395,0.103,0.263,44000000.0,714000000.0,1.0,90970229,90970229,,63.944,7935000000,0,378000000.0,1765000000,87.226,61000000.0
6,URI,ARY,2014-12-31,2015-01-21,2014-12-31,2021-07-28,-74000000,12467000000,12166000000.0,1546000000.0,10921000000.0,0.467,18.607,-1244000000.0,158000000,158000000,3253000000.0,540000000.0,1.046,5.94,8052000000,618000000.0,7434000000.0,8052000000,0,1194000000.0,0,0.0,0.0,1405000000.0,2599000000.0,0.457,2599000000.0,1405000000.0,850000000.0,5.54,5.15,5.54,1796000000,1804750000.0,1796000000,16345346013,12.0,6.289,557000000.0,5.771,1.0,2432000000.0,0.428,4378000000,555000000.0,14505000000,13970500000.0,78000000,0,0.0,0.0,10669000000,1478000000.0,9191000000.0,8451346013,-17000000.0,-756000000.0,-611000000.0,807000000.0,0.0,196000000.0,-2000000000.0,0.0,1801000000.0,-14000000.0,540000000.0,540000000.0,540000000.0,0.0,0.0,0.095,1041000000.0,1391000000.0,285000000,0.0,4.706,15.651,15.805,6446000000,0.0,87.56,1.487,1.487,940000000,503000000,5685000000.0,5685000000.0,0.0,0.044,0.299,0.101,0.247,74000000.0,758000000.0,1.0,96520626,96520626,,58.899,8089000000,248000000,310000000.0,1692000000,83.806,68000000.0
7,URI,ARY,2013-12-31,2014-01-22,2013-12-31,2021-07-28,19000000,11231000000,11260250000.0,1362000000.0,9869000000.0,0.44,19.61,-1168000000.0,175000000,175000000,2968000000.0,387000000.0,1.059,5.133,7173000000,604000000.0,6569000000.0,7173000000,0,1098000000.0,0,0.0,0.0,1083000000.0,2181000000.0,0.44,2181000000.0,1083000000.0,605000000.0,4.14,3.64,4.14,1828000000,1671000000.0,1828000000,14603646992,13.0,6.696,383000000.0,4.109,1.0,1987000000.0,0.401,3971000000,478000000.0,12972000000,12976000000.0,70000000,0,0.0,0.0,9383000000,1286000000.0,8097000000.0,7605646992,69000000.0,-9000000.0,-109000000.0,-186000000.0,0.0,-295000000.0,-1177000000.0,0.0,1551000000.0,-10000000.0,387000000.0,387000000.0,387000000.0,0.0,0.0,0.078,909000000.0,1078000000.0,292000000,0.0,4.161,19.653,19.708,5795000000,0.0,81.59,1.535,1.535,804000000,-37000000,4955000000.0,4955000000.0,0.0,0.034,0.232,0.083,0.219,46000000.0,642000000.0,1.0,93217882,93217882,,53.155,7260000000,260000000,218000000.0,1459000000,77.882,76000000.0
8,URI,ARY,2012-12-31,2013-01-23,2012-12-31,2021-07-28,84000000,11026000000,10064250000.0,1343000000.0,9683000000.0,0.409,16.589,-939000000.0,106000000,106000000,2530000000.0,75000000.0,0.994,6.126,7364000000,630000000.0,6734000000.0,7364000000,0,897000000.0,0,0.0,0.0,604000000.0,1501000000.0,0.365,1501000000.0,604000000.0,88000000.0,0.91,0.79,0.91,1543000000,1130750000.0,1543000000,11855653894,20.0,7.899,-218000000.0,-2.344,1.0,1587000000.0,0.385,4170000000,516000000.0,12763000000,11723750000.0,68000000,0,0.0,0.0,9452000000,1351000000.0,8101000000.0,4597653894,70000000.0,-1165000000.0,-110000000.0,1568000000.0,0.0,1453000000.0,-2104000000.0,0.0,721000000.0,0.0,75000000.0,75000000.0,75000000.0,0.0,0.0,0.018,996000000.0,591000000.0,286000000,0.0,2.98,61.302,54.319,5394000000,0.0,49.43,1.117,1.117,793000000,-424000000,4117000000.0,4117000000.0,0.0,0.007,0.066,0.052,0.147,32000000.0,588000000.0,1.0,93013431,93013431,,44.262,6856000000,265000000,13000000.0,1302000000,73.71,-8000000.0
9,URI,ARY,2011-12-31,2012-01-25,2011-12-31,2021-07-28,75000000,4143000000,3948000000.0,723000000.0,3420000000.0,0.661,1.017,-585000000.0,36000000,36000000,1713000000.0,101000000.0,0.837,63.125,3042000000,395000000.0,2647000000.0,3042000000,0,480000000.0,0,0.0,0.0,399000000.0,879000000.0,0.337,879000000.0,399000000.0,164000000.0,1.62,1.38,1.62,64000000,7250000.0,64000000,5193346695,13.0,5.908,23000000.0,0.366,1.0,898000000.0,0.344,372000000,235000000.0,5913000000,5730750000.0,44000000,0,0.0,0.0,4040000000,864000000.0,3176000000.0,2187346695,-167000000.0,-276000000.0,28000000.0,52000000.0,0.0,80000000.0,-861000000.0,0.0,608000000.0,6000000.0,101000000.0,101000000.0,101000000.0,0.0,0.0,0.039,502000000.0,396000000.0,206000000,0.0,34.177,21.657,21.463,2983000000,0.0,34.77,0.838,0.838,464000000,-499000000,2611000000.0,2611000000.0,0.0,0.026,13.931,0.07,0.153,12000000.0,407000000.0,1.0,62909022,62909022,,41.504,3771000000,104000000,63000000.0,470000000,59.944,-141000000.0
10,URI,ARY,2010-12-31,2011-02-01,2010-12-31,2021-07-28,87000000,3693000000,3648750000.0,725000000.0,2968000000.0,0.613,-0.33,-223000000.0,203000000,203000000,1579000000.0,-26000000.0,1.274,-185.65,2929000000,229000000.0,2700000000.0,2929000000,0,449000000.0,0,0.0,0.0,196000000.0,645000000.0,0.288,645000000.0,196000000.0,-67000000.0,-0.44,-0.44,-0.44,-20000000,-33250000.0,-20000000,4395125675,22.0,6.814,229000000.0,3.777,1.0,658000000.0,0.294,227000000,263000000.0,5623000000,5678250000.0,39000000,0,0.0,0.0,3713000000,569000000.0,3144000000.0,1669125675,34000000.0,0.0,0.0,-201000000.0,0.0,-203000000.0,-223000000.0,0.0,452000000.0,8000000.0,-26000000.0,-26000000.0,-26000000.0,4000000.0,0.0,-0.012,461000000.0,197000000.0,132000000,0.0,-83.456,-64.197,-62.568,2673000000,0.0,27.53,0.746,0.746,377000000,-600000000,2237000000.0,2237000000.0,0.0,-0.007,0.782,0.035,0.088,8000000.0,367000000.0,1.0,60629338,60629338,,36.896,3466000000,69000000,-41000000.0,385000000,57.167,156000000.0
11,URI,ARY,2009-12-31,2010-02-03,2009-12-31,2021-07-28,67000000,3859000000,3912250000.0,705000000.0,3154000000.0,0.603,-0.316,-69000000.0,169000000,169000000,1748000000.0,-62000000.0,1.529,-204.105,3075000000,125000000.0,2950000000.0,3075000000,0,474000000.0,0,0.0,0.0,113000000.0,587000000.0,0.249,587000000.0,113000000.0,-109000000.0,-1.02,-1.02,-1.02,-19000000,-34750000.0,-19000000,3405995872,30.0,5.802,369000000.0,6.133,1.0,610000000.0,0.259,231000000,222000000.0,6073000000,6309750000.0,44000000,0,0.0,0.0,3878000000,461000000.0,3417000000.0,499995872,92000000.0,-25000000.0,-1000000.0,-239000000.0,0.0,-268000000.0,-94000000.0,0.0,438000000.0,16000000.0,-62000000.0,-62000000.0,-62000000.0,2000000.0,0.0,-0.026,496000000.0,114000000.0,128000000,0.0,-26.316,-8.064,-8.147,2848000000,0.0,8.31,0.212,0.212,337000000,-574000000,2358000000.0,2358000000.0,0.0,-0.016,1.784,0.018,0.048,8000000.0,408000000.0,1.0,60167975,60167975,,39.19,3628000000,66000000,-47000000.0,424000000,60.298,244000000.0
12,URI,ARY,2008-12-31,2009-02-26,2008-12-31,2021-07-28,16000000,4191000000,5321000000.0,703000000.0,3488000000.0,0.614,-0.483,-429000000.0,77000000,77000000,2164000000.0,-704000000.0,1.646,-145.517,3345000000,13000000.0,3332000000.0,3345000000,0,513000000.0,0,0.0,0.0,-630000000.0,-117000000.0,-0.036,-117000000.0,-630000000.0,-813000000.0,-12.62,-12.62,-12.62,-29000000,1075500000.0,-29000000,3519410069,-6.0,-30.08,335000000.0,5.583,1.0,1103000000.0,0.338,229000000,183000000.0,6803000000,6662750000.0,59000000,0,0.0,0.0,4220000000,427000000.0,3793000000.0,251410069,-304000000.0,-17000000.0,-602000000.0,247000000.0,0.0,-612000000.0,-446000000.0,0.0,764000000.0,-10000000.0,-704000000.0,-943000000.0,-943000000.0,0.0,0.0,-0.289,1733000000.0,-630000000.0,157000000,0.0,-8.669,-0.267,-0.332,3193000000,239000000.0,4.19,0.077,0.077,454000000,-512000000,3267000000.0,3267000000.0,0.0,-0.177,-0.877,-0.095,-0.193,6000000.0,514000000.0,1.0,60002403,60002403,,54.448,3962000000,76000000,-109000000.0,414000000,66.031,276000000.0
13,URI,ARY,2007-12-31,2008-02-29,2007-12-31,2021-07-28,92000000,5842000000,5659250000.0,1120000000.0,4722000000.0,0.659,23.377,-648000000.0,381000000,381000000,2423000000.0,362000000.0,2.154,1.895,2716000000,15000000.0,2701000000.0,2716000000,0,488000000.0,0,0.0,0.0,773000000.0,1261000000.0,0.338,1261000000.0,773000000.0,577000000.0,3.6,3.25,3.6,2018000000,1791500000.0,2018000000,4070118370,5.0,3.228,220000000.0,2.549,1.0,1308000000.0,0.351,1404000000,196000000.0,6253000000,6207500000.0,91000000,0,0.0,0.0,3824000000,520000000.0,3304000000.0,1735118370,262000000.0,-23000000.0,27000000.0,-71000000.0,0.0,-13000000.0,-604000000.0,0.0,868000000.0,11000000.0,362000000.0,362000000.0,362000000.0,1000000.0,0.0,0.097,649000000.0,659000000.0,195000000,0.0,0.86,4.793,5.583,3266000000,0.0,20.1,0.465,0.465,519000000,431000000,3731000000.0,3731000000.0,0.0,0.064,0.202,0.125,0.207,15000000.0,595000000.0,1.0,86324297,86324297,,43.221,4438000000,72000000,215000000.0,539000000,51.411,600000000.0
14,URI,ARY,2006-12-31,2007-02-27,2006-12-31,2021-07-28,47000000,5366000000,5436250000.0,1005000000.0,4361000000.0,0.67,19.077,-609000000.0,119000000,119000000,2351000000.0,224000000.0,1.678,2.489,2702000000,37000000.0,2665000000.0,2702000000,0,487000000.0,0,0.0,0.0,601000000.0,1088000000.0,0.299,1088000000.0,601000000.0,380000000.0,2.32,2.06,2.32,1538000000,1423000000.0,1538000000,4897618919,8.0,4.501,249000000.0,3.089,1.0,1289000000.0,0.354,1376000000,221000000.0,5974000000,6693250000.0,139000000,0,0.0,0.0,3828000000,599000000.0,3229000000.0,2314618919,-197000000.0,-39000000.0,74000000.0,-481000000.0,0.0,-404000000.0,-648000000.0,0.0,858000000.0,-3000000.0,224000000.0,224000000.0,224000000.0,25000000.0,0.0,0.062,663000000.0,626000000.0,218000000,0.0,1.505,10.333,12.375,2920000000,0.0,28.71,0.636,0.636,502000000,69000000,3640000000.0,3640000000.0,0.0,0.041,0.157,0.09,0.165,16000000.0,613000000.0,1.0,80620652,80620652,,45.15,3990000000,82000000,156000000.0,463000000,49.491,406000000.0
15,URI,ARY,2005-12-31,2006-03-31,2005-12-31,2021-07-28,50000000,5274000000,,,,,15.754,-516000000.0,316000000,316000000,2398000000.0,187000000.0,,3.291,3152000000,,,3152000000,0,454000000.0,0,0.0,0.0,509000000.0,963000000.0,0.27,963000000.0,509000000.0,310000000.0,1.97,1.8,1.97,1229000000,,1229000000,5527400924,11.0,5.74,127000000.0,1.628,1.0,1165000000.0,0.327,1361000000,199000000.0,6749000000,,174000000,0,,,4045000000,,,2691400924,13000000.0,-37000000.0,-6000000.0,-74000000.0,0.0,-80000000.0,-553000000.0,0.0,643000000.0,3000000.0,187000000.0,187000000.0,187000000.0,0.0,0.0,0.052,665000000.0,500000000.0,211000000,0.0,2.19,14.393,17.513,2697000000,0.0,34.5,0.755,0.755,572000000,-155000000,3563000000.0,3563000000.0,0.0,,,,0.143,8000000.0,596000000.0,1.0,78011621,78011621,,45.673,3913000000,0,123000000.0,262000000,50.159,
16,URI,ARY,2003-12-31,2004-03-15,2003-12-31,2021-07-28,25099000,4722141000,4789708250.0,,,0.599,14.828,-196643000.0,79449000,79449000,2019268000.0,-258581000.0,,3.139,3038638000,,,3038638000,0,401910000.0,0,0.0,0.0,-117193000.0,284717000.0,0.099,284717000.0,-117193000.0,-326521000.0,-3.35,-3.35,-3.35,1140875000,1325732000.0,1140875000,4269523777,-36.0,14.996,145663000.0,1.893,1.0,847968000.0,0.296,1441034000,209328000.0,6240296000,5756673000.0,105987000,0,,,3581266000,,,1310334777,60218000.0,-5420000.0,1102000.0,257430000.0,0.0,254957000.0,-537439000.0,0.0,342306000.0,394000.0,-258581000.0,-258581000.0,-258581000.0,0.0,0.0,-0.09,817520000.0,30448000.0,150796000,0.0,1.149,-5.067,-5.084,2478093000,0.0,17.03,0.457,0.457,499433000,-189300000,2867236000.0,2867236000.0,0.0,-0.054,-0.195,-0.02,-0.041,26415000.0,451347000.0,1.0,76942735,76942735,,37.265,3281107000,0,-67940000.0,165052000,42.643,
17,URI,ARY,2002-12-31,2003-03-28,2002-12-31,2021-07-28,-26848000,4690557000,4900272750.0,,,0.576,17.398,-359323000.0,19231000,19231000,1934712000.0,-397825000.0,,2.353,2512798000,,,2512798000,0,384850000.0,0,0.0,0.0,-193762000.0,191088000.0,0.068,191088000.0,-193762000.0,-389723000.0,-5.25,-5.25,-5.25,1331505000,1426177250.0,1331505000,3238979632,-17.0,16.95,158586000.0,2.072,1.0,886277000.0,0.314,1711012000,195961000.0,5473112000,5564358250.0,91798000,0,,,3132502000,,,745412632,-8095000.0,-172583000.0,37029000.0,10391000.0,0.0,9309000.0,-536248000.0,0.0,517909000.0,935000.0,-397825000.0,-397825000.0,-397825000.0,0.0,0.0,-0.141,774394000.0,111883000.0,207038000,0.0,0.56,-1.874,-1.855,2271027000,0.0,9.74,0.264,0.264,466196000,69281000,2820989000.0,2820989000.0,0.0,-0.081,-0.279,-0.035,-0.069,11443000.0,438918000.0,1.0,76531071,76531071,,36.861,2979545000,0,8102000.0,225587000,38.932,
18,URI,ARY,2001-12-31,2002-03-29,2001-12-31,2021-07-28,-30127000,5061516000,5199130000.0,,,0.555,21.553,-350217000.0,27326000,27326000,1847135000.0,111256000.0,,1.929,2459522000,,,2459522000,0,427726000.0,0,0.0,0.0,424796000.0,852522000.0,0.295,852522000.0,424796000.0,203233000.0,1.54,1.18,1.54,1625510000,1569337500.0,1625510000,4504744580,11.0,5.284,346493000.0,4.594,1.0,1039470000.0,0.36,2207701000,221563000.0,5286011000,5622437000.0,85764000,0,,,3136006000,,,2072548580,-7058000.0,-56941000.0,-14341000.0,-263647000.0,0.0,-277988000.0,-409643000.0,0.0,696710000.0,-16137000.0,111256000.0,111256000.0,111256000.0,0.0,0.0,0.039,577436000.0,462034000.0,204773000,0.0,1.275,18.629,17.844,2157235000,0.0,27.48,0.718,0.718,450273000,467106000,2886605000.0,2886605000.0,0.0,0.021,0.071,0.076,0.147,6176000.0,441751000.0,1.0,75420254,75420254,,38.274,2853815000,0,91977000.0,297024000,37.839,
19,URI,ARY,2000-12-31,2001-03-22,2000-12-31,2021-07-28,-6947000,5123933000,5058546750.0,,,0.577,22.148,-614296000.0,34384000,34384000,1830291000.0,176375000.0,,2.12,2675367000,,,2675367000,0,414432000.0,0,0.0,0.0,530275000.0,944707000.0,0.324,944707000.0,530275000.0,301496000.0,2.48,1.89,2.48,1545943000,1474726500.0,1545943000,3759176100,7.0,3.979,-101575000.0,-1.455,1.0,1088570000.0,0.373,2227008000,228779000.0,5537908000,5527496250.0,133380000,0,,,3277990000,,,1118193100,10573000.0,-344357000.0,-30619000.0,498673000.0,0.0,468054000.0,-962938000.0,0.0,512721000.0,-7264000.0,176375000.0,176375000.0,176375000.0,0.0,0.0,0.06,540631000.0,547939000.0,260155000,0.0,0.723,6.34,6.46,2155074000,0.0,16.02,0.383,0.383,469594000,355850000,2918861000.0,2918861000.0,0.0,0.035,0.12,0.096,0.182,0.0,454330000.0,1.0,69799819,69799819,,41.818,2896925000,0,125121000.0,206243000,41.503,
20,URI,ARY,1999-12-31,2000-03-30,1999-12-31,2021-07-28,317000,4497738000,3980863500.0,,,0.561,19.393,-606083000.0,23811000,23811000,1408710000.0,142666000.0,,2.004,2266148000,,,2266148000,0,343508000.0,0,0.0,0.0,381635000.0,725143000.0,0.325,725143000.0,381635000.0,241807000.0,2.0,1.53,2.0,1397486000,1324036250.0,1397486000,3377325202,9.0,4.657,-184723000.0,-2.563,1.0,824918000.0,0.369,1863372000,139828000.0,4876703000,4357857500.0,129473000,0,,,2800252000,,,1134988202,3401000.0,-988485000.0,91690000.0,654523000.0,0.0,1177013000.0,-1595570000.0,0.0,421360000.0,598000.0,142666000.0,142666000.0,142666000.0,0.0,0.0,0.064,415462000.0,409456000.0,242946000,0.0,0.812,7.956,7.875,1964640000,0.0,15.75,0.508,0.508,434985000,179475000,2233628000.0,2233628000.0,0.0,0.036,0.108,0.088,0.171,0.0,352595000.0,1.0,72062743,72062743,,30.996,2634366000,0,99141000.0,81229000,36.557,
21,URI,ARY,1998-12-31,1999-03-29,1998-12-31,2021-07-28,-281000,2634663000,1632739163.0,,,0.747,10.259,-444531000.0,20410000,20410000,796834000.0,13461000.0,,2.215,1314574000,,,1314574000,0,211158000.0,0,0.0,0.0,121117000.0,332275000.0,0.272,332275000.0,121117000.0,56960000.0,0.2,0.18,0.2,726230000,559323861.0,726230000,3497447908,29.0,10.526,-228402000.0,-3.227,1.0,423448000.0,0.347,922065000,64157000.0,3006762000,1759434213.0,70994000,0,,,1608433000,,,2203283908,-52001000.0,-905153000.0,207624000.0,577988000.0,0.0,1082076000.0,-1349925000.0,0.0,216129000.0,-281000.0,13461000.0,13461000.0,13461000.0,0.0,0.0,0.011,278046000.0,145402000.0,121940000,0.0,3.034,163.679,155.625,1328517000,0.0,31.125,1.806,1.806,233282000,36809000,1220282000.0,1220282000.0,0.0,0.008,0.024,0.069,0.099,0.0,195620000.0,1.0,70788238,70788238,,17.238,1712598000,0,43499000.0,43560000,24.193,
22,URI,ARY,1997-12-31,1998-03-13,1997-12-31,2021-07-28,0,169110412,,,,,4.73,-1695019.0,68607528,68607528,6822118.0,33622.0,,0.072,1074474,,,1074474,0,1300849.0,0,0.0,0.0,508210.0,1809059.0,0.17,1809059.0,508210.0,54138.0,0.0,0.0,0.0,157730031,,157730031,782734050,1540.0,432.675,-592283.0,-0.018,1.0,3811280.0,0.358,50533736,454072.0,51043622,,3827446,0,,,11380381,,,850267104,68607528.0,-51451634.0,154788110.0,-34008142.0,0.0,120779968.0,-53275176.0,0.0,1102736.0,0.0,33622.0,33622.0,33622.0,0.0,0.0,0.003,3573771.0,237509.0,5697830,,5.391,25289.01,,35680244,0.0,25.5,79.962,79.962,7494636,33622,10633398.0,10633398.0,0.0,,,,0.048,0.0,3311669.0,1.0,33343808,33343808,,0.319,118576676,0,20516.0,198249,3.556,
0,URI,ARQ,2021-06-30,2021-07-28,2021-06-30,2021-07-28,-117000000,19641000000,,2154000000.0,17487000000.0,,70.369,-746000000.0,336000000,336000000,1412000000.0,293000000.0,0.847,2.856,10790000000,852000000.0,9938000000.0,10790000000,0,475000000.0,0,0.0,0.0,477000000.0,952000000.0,0.416,952000000.0,477000000.0,377000000.0,4.03,4.02,4.03,5094000000,,5094000000,34045222399,18.0,8.891,430000000.0,5.94,1.0,875000000.0,0.383,6421000000,100000000.0,21130000000,,174000000,0,0.0,0.0,14547000000,2544000000.0,12003000000.0,23591222399,58000000.0,-1434000000.0,-2000000.0,1049000000.0,0.0,1047000000.0,-2174000000.0,-1000000.0,1176000000.0,9000000.0,293000000.0,293000000.0,293000000.0,0.0,0.0,0.128,394000000.0,481000000.0,897000000,0.0,4.631,23.568,23.581,11024000000,0.0,325.89,2.678,2.678,1400000000,6661000000,2287000000.0,2287000000.0,0.0,,,,,35000000.0,301000000.0,1.0,72390139,72390139,,31.593,13220000000,0,84000000.0,1911000000,182.622,-390000000.0
1,URI,ARQ,2021-03-31,2021-04-28,2021-03-31,2021-07-28,-140000000,17542000000,,2004000000.0,15538000000.0,,65.558,-40000000.0,278000000,278000000,1343000000.0,203000000.0,1.089,2.697,9623000000,585000000.0,9038000000.0,9623000000,0,466000000.0,0,0.0,0.0,374000000.0,840000000.0,0.408,840000000.0,374000000.0,275000000.0,2.81,2.8,2.81,4745000000,,4745000000,32857039429,18.0,8.767,718000000.0,9.92,1.0,714000000.0,0.347,5759000000,99000000.0,19287000000,,114000000,0,0.0,0.0,12797000000,1841000000.0,10956000000.0,23512039429,76000000.0,-1000000.0,-30000000.0,-619000000.0,0.0,-649000000.0,-34000000.0,0.0,758000000.0,1000000.0,203000000.0,203000000.0,203000000.0,0.0,0.0,0.099,342000000.0,372000000.0,562000000,0.0,4.955,25.557,25.518,9741000000,0.0,324.85,2.779,2.779,1254000000,6368000000,2057000000.0,2057000000.0,0.0,,,,,21000000.0,250000000.0,1.0,72378142,72378142,,28.42,11783000000,0,72000000.0,1773000000,162.798,163000000.0
2,URI,ARQ,2020-12-31,2021-01-27,2020-12-31,2021-07-28,-146000000,17868000000,,2017000000.0,15851000000.0,,62.951,58000000.0,202000000,202000000,1410000000.0,297000000.0,1.067,2.931,10231000000,704000000.0,9527000000.0,10231000000,0,480000000.0,0,0.0,0.0,512000000.0,992000000.0,0.435,992000000.0,512000000.0,387000000.0,4.1,4.08,4.1,4545000000,,4545000000,27087522941,15.0,7.136,428000000.0,5.928,1.0,869000000.0,0.381,5816000000,125000000.0,20191000000,,125000000,0,0.0,0.0,13323000000,1890000000.0,11433000000.0,17058522941,28000000.0,0.0,-5000000.0,-407000000.0,0.0,-412000000.0,63000000.0,-1000000.0,370000000.0,7000000.0,297000000.0,297000000.0,297000000.0,0.0,0.0,0.13,359000000.0,510000000.0,466000000,0.0,3.753,19.167,19.303,9997000000,0.0,236.27,2.0,2.0,1315000000,6165000000,2279000000.0,2279000000.0,0.0,,,,,24000000.0,258000000.0,1.0,72199276,72199276,,31.565,12052000000,0,90000000.0,1768000000,166.927,127000000.0
3,URI,ARQ,2020-09-30,2020-10-28,2020-09-30,2021-07-28,-214000000,17908000000,,1728000000.0,16180000000.0,,57.682,-265000000.0,174000000,174000000,1301000000.0,208000000.0,0.902,3.304,10575000000,700000000.0,9875000000.0,10575000000,0,492000000.0,0,0.0,0.0,553000000.0,1045000000.0,0.478,1045000000.0,553000000.0,275000000.0,2.88,2.87,2.88,4161000000,,4161000000,22716887011,12.0,5.791,562000000.0,7.791,1.0,886000000.0,0.405,5848000000,278000000.0,20545000000,,108000000,0,0.0,0.0,13747000000,1916000000.0,11831000000.0,12315887011,47000000.0,0.0,-5000000.0,-531000000.0,0.0,-536000000.0,-245000000.0,-1000000.0,827000000.0,1000000.0,208000000.0,208000000.0,208000000.0,0.0,0.0,0.095,335000000.0,551000000.0,541000000,0.0,2.96,13.229,13.518,10302000000,0.0,170.73,1.414,1.414,1324000000,5868000000,2187000000.0,2187000000.0,0.0,,,,,18000000.0,232000000.0,1.0,72136631,72136631,,30.317,12060000000,0,67000000.0,1818000000,167.183,-188000000.0
4,URI,ARQ,2020-06-30,2020-07-29,2020-06-30,2021-07-28,-247000000,17900000000,,1622000000.0,16278000000.0,,54.203,-7000000.0,127000000,127000000,1238000000.0,212000000.0,0.844,3.582,10937000000,806000000.0,10131000000.0,10937000000,0,490000000.0,0,0.0,0.0,381000000.0,871000000.0,0.449,871000000.0,381000000.0,251000000.0,2.94,2.93,2.94,3907000000,,3907000000,22589358867,11.0,5.572,810000000.0,11.237,1.0,701000000.0,0.362,5896000000,130000000.0,20893000000,,107000000,0,0.0,0.0,13993000000,1921000000.0,12072000000.0,11779358867,-386000000.0,-2000000.0,0.0,-1203000000.0,0.0,-1203000000.0,-2000000.0,0.0,817000000.0,2000000.0,212000000.0,212000000.0,212000000.0,0.0,0.0,0.109,320000000.0,381000000.0,316000000,0.0,3.015,10.574,11.005,10361000000,0.0,163.42,1.308,1.308,1226000000,5660000000,1939000000.0,1939000000.0,0.0,,,,,15000000.0,222000000.0,1.0,72080277,72080277,,26.901,12004000000,0,39000000.0,1820000000,166.537,-299000000.0
5,URI,ARQ,2020-03-31,2020-04-29,2020-03-31,2021-07-28,-292000000,18868000000,,2214000000.0,16654000000.0,,50.451,-44000000.0,513000000,513000000,1398000000.0,173000000.0,1.109,4.191,12127000000,854000000.0,11273000000.0,12127000000,0,526000000.0,0,0.0,0.0,362000000.0,888000000.0,0.418,888000000.0,362000000.0,226000000.0,2.33,2.33,2.33,3635000000,,3635000000,20834894242,10.0,4.94,600000000.0,8.328,1.0,727000000.0,0.342,5945000000,136000000.0,22541000000,,115000000,0,0.0,0.0,15233000000,1996000000.0,13237000000.0,9220894242,461000000.0,0.0,-275000000.0,133000000.0,0.0,-142000000.0,-39000000.0,-1000000.0,644000000.0,-2000000.0,173000000.0,173000000.0,173000000.0,0.0,0.0,0.081,369000000.0,358000000.0,484000000,0.0,2.537,7.868,8.332,10688000000,0.0,127.98,0.985,0.985,1413000000,5448000000,2125000000.0,2125000000.0,0.0,,,,,13000000.0,267000000.0,1.0,72049494,72049494,,29.494,12923000000,0,53000000.0,1878000000,179.363,218000000.0
6,URI,ARQ,2019-12-31,2020-01-29,2019-12-31,2021-07-28,-186000000,18970000000,,1842000000.0,17128000000.0,,51.495,36000000.0,52000000,52000000,1491000000.0,338000000.0,0.838,3.953,11961000000,997000000.0,10964000000.0,11961000000,0,516000000.0,0,0.0,0.0,603000000.0,1119000000.0,0.456,1119000000.0,603000000.0,433000000.0,4.48,4.45,4.48,3830000000,,3830000000,23233410128,11.0,5.532,478000000.0,6.427,1.0,965000000.0,0.393,6049000000,170000000.0,22632000000,,120000000,0,0.0,0.0,15140000000,2198000000.0,12942000000.0,11324410128,-8000000.0,-2000000.0,-205000000.0,-284000000.0,0.0,-489000000.0,39000000.0,-1000000.0,442000000.0,0.0,338000000.0,338000000.0,338000000.0,0.0,0.0,0.138,366000000.0,599000000.0,454000000,0.0,2.957,9.646,10.03,11060000000,0.0,152.26,1.211,1.211,1530000000,5275000000,2456000000.0,2456000000.0,0.0,,,,,16000000.0,268000000.0,1.0,74375477,74375477,,33.022,12921000000,0,95000000.0,1887000000,173.727,-356000000.0
7,URI,ARQ,2019-09-30,2019-10-16,2019-09-30,2021-07-28,-217000000,19405000000,,1881000000.0,17524000000.0,,48.566,-696000000.0,60000000,60000000,1455000000.0,391000000.0,0.712,4.316,12186000000,973000000.0,11213000000.0,12186000000,0,519000000.0,0,0.0,0.0,657000000.0,1176000000.0,0.473,1176000000.0,657000000.0,510000000.0,5.1,5.08,5.1,3650000000,,3650000000,21270223098,10.0,5.165,296000000.0,3.938,1.0,1033000000.0,0.415,6104000000,147000000.0,22784000000,,130000000,0,0.0,0.0,15755000000,2643000000.0,13112000000.0,9144223098,-15000000.0,-52000000.0,-210000000.0,-54000000.0,0.0,-264000000.0,-743000000.0,-1000000.0,992000000.0,0.0,391000000.0,391000000.0,391000000.0,0.0,0.0,0.157,377000000.0,656000000.0,839000000,0.0,2.505,7.979,8.345,11401000000,0.0,121.67,0.994,0.994,1595000000,4937000000,2488000000.0,2488000000.0,0.0,,,,,14000000.0,273000000.0,1.0,75155939,75155939,,33.105,13301000000,0,119000000.0,1800000000,176.979,-762000000.0
8,URI,ARQ,2019-06-30,2019-07-17,2019-06-30,2021-07-28,-194000000,19047000000,,1840000000.0,17207000000.0,,45.074,-723000000.0,75000000,75000000,1379000000.0,270000000.0,0.726,4.476,12192000000,995000000.0,11197000000.0,12192000000,0,504000000.0,0,0.0,0.0,531000000.0,1035000000.0,0.452,1035000000.0,531000000.0,351000000.0,3.45,3.44,3.45,3478000000,,3478000000,22263135783,11.0,5.653,200000000.0,2.592,1.0,911000000.0,0.398,6153000000,180000000.0,22476000000,,135000000,0,0.0,0.0,15569000000,2535000000.0,13034000000.0,10146135783,23000000.0,-22000000.0,-205000000.0,46000000.0,0.0,-159000000.0,-741000000.0,-1000000.0,923000000.0,0.0,270000000.0,270000000.0,270000000.0,0.0,0.0,0.118,382000000.0,529000000.0,752000000,0.0,2.917,9.325,9.718,11036000000,0.0,131.49,1.149,1.149,1525000000,4546000000,2290000000.0,2290000000.0,0.0,,,,,16000000.0,271000000.0,1.0,77162794,77162794,,29.678,12894000000,0,81000000.0,1743000000,167.101,-695000000.0
9,URI,ARQ,2019-03-31,2019-04-17,2019-03-31,2021-07-28,-216000000,18586000000,,1720000000.0,16866000000.0,,42.926,-99000000.0,52000000,52000000,1356000000.0,175000000.0,0.769,4.507,12103000000,930000000.0,11173000000.0,12103000000,0,499000000.0,0,0.0,0.0,371000000.0,870000000.0,0.411,870000000.0,371000000.0,220000000.0,2.21,2.19,2.21,3375000000,,3375000000,21938767068,11.0,5.829,568000000.0,7.224,1.0,761000000.0,0.359,6210000000,151000000.0,22189000000,,123000000,0,0.0,0.0,15211000000,2238000000.0,12973000000.0,9887767068,9000000.0,-173000000.0,-239000000.0,-154000000.0,0.0,-393000000.0,-265000000.0,0.0,667000000.0,0.0,175000000.0,175000000.0,175000000.0,0.0,0.0,0.083,393000000.0,368000000.0,557000000,0.0,2.93,9.088,9.456,10640000000,0.0,125.76,1.173,1.173,1487000000,4276000000,2117000000.0,2117000000.0,0.0,,,,,15000000.0,280000000.0,1.0,78624102,78624102,,26.926,12376000000,0,45000000.0,1714000000,157.407,-518000000.0
10,URI,ARQ,2018-12-31,2019-01-23,2018-12-31,2021-07-28,-237000000,18133000000,,1761000000.0,16372000000.0,,42.756,1000000.0,43000000,43000000,1308000000.0,310000000.0,0.832,4.329,11747000000,903000000.0,10844000000.0,11747000000,0,470000000.0,0,0.0,0.0,567000000.0,1037000000.0,0.45,1037000000.0,567000000.0,425000000.0,3.82,3.78,3.82,3403000000,,3403000000,20938157334,11.0,5.771,731000000.0,9.184,1.0,998000000.0,0.433,6142000000,142000000.0,21579000000,,109000000,0,0.0,0.0,14730000000,2116000000.0,12614000000.0,9234157334,-22000000.0,-2161000000.0,-211000000.0,1615000000.0,0.0,1404000000.0,-2158000000.0,-2000000.0,730000000.0,2000000.0,310000000.0,310000000.0,310000000.0,0.0,0.0,0.134,435000000.0,563000000.0,536000000,0.0,2.714,8.425,8.75,10214000000,0.0,116.02,1.148,1.148,1545000000,4101000000,2306000000.0,2306000000.0,0.0,,,,,29000000.0,302000000.0,1.0,79591082,79591082,,28.973,11991000000,0,115000000.0,1687000000,150.658,-355000000.0
11,URI,ARQ,2018-09-30,2018-10-17,2018-09-30,2021-07-28,-178000000,16354000000,,1692000000.0,14662000000.0,,41.108,-645000000.0,65000000,65000000,1178000000.0,333000000.0,0.811,3.905,10078000000,896000000.0,9182000000.0,10078000000,0,418000000.0,0,0.0,0.0,578000000.0,996000000.0,0.471,996000000.0,578000000.0,460000000.0,4.05,4.01,4.05,3334000000,,3334000000,21289508563,11.0,6.183,-171000000.0,-2.108,1.0,938000000.0,0.443,5208000000,118000000.0,19072000000,,104000000,0,0.0,0.0,13020000000,2087000000.0,10933000000.0,11276508563,-52000000.0,-747000000.0,-211000000.0,1074000000.0,0.0,863000000.0,-1388000000.0,0.0,474000000.0,-1000000.0,333000000.0,333000000.0,333000000.0,0.0,0.0,0.157,360000000.0,578000000.0,688000000,0.0,3.382,6.7,6.935,9439000000,0.0,139.04,1.472,1.472,1438000000,3791000000,2116000000.0,2116000000.0,0.0,,,,,30000000.0,265000000.0,1.0,81102622,81102622,,26.09,11146000000,0,127000000.0,1628000000,137.431,-395000000.0
12,URI,ARQ,2018-06-30,2018-07-18,2018-06-30,2021-07-28,-196000000,15108000000,,1506000000.0,13602000000.0,,38.236,-832000000.0,117000000,117000000,1109000000.0,270000000.0,0.676,3.775,8986000000,900000000.0,8086000000.0,8986000000,0,390000000.0,0,0.0,0.0,471000000.0,861000000.0,0.455,861000000.0,471000000.0,359000000.0,3.22,3.2,3.22,3164000000,,3164000000,21687536829,13.0,6.667,175000000.0,2.115,1.0,782000000.0,0.414,4894000000,112000000.0,16854000000,,94000000,0,0.0,0.0,11944000000,2229000000.0,9715000000.0,12818536829,-161000000.0,-6000000.0,-168000000.0,-170000000.0,0.0,-338000000.0,-827000000.0,-1000000.0,1007000000.0,-3000000.0,270000000.0,270000000.0,270000000.0,0.0,0.0,0.143,312000000.0,470000000.0,859000000,0.0,4.051,8.275,8.437,8693000000,0.0,154.91,1.753,1.753,1203000000,3458000000,1891000000.0,1891000000.0,0.0,,,,,24000000.0,239000000.0,1.0,82748285,82748285,,22.852,10214000000,0,89000000.0,1509000000,123.435,-723000000.0
13,URI,ARQ,2018-03-31,2018-04-18,2018-03-31,2021-07-28,-176000000,14688000000,,1590000000.0,13098000000.0,,36.58,-128000000.0,278000000,278000000,1088000000.0,183000000.0,0.969,3.803,9138000000,726000000.0,8412000000.0,9138000000,0,393000000.0,0,0.0,0.0,341000000.0,734000000.0,0.423,734000000.0,341000000.0,232000000.0,2.18,2.15,2.18,3058000000,,3058000000,23907395740,15.0,7.803,514000000.0,6.149,1.0,646000000.0,0.373,4940000000,109000000.0,16967000000,,84000000,0,0.0,0.0,11630000000,1641000000.0,9989000000.0,15047395740,-74000000.0,-52000000.0,-225000000.0,-307000000.0,0.0,-532000000.0,-178000000.0,0.0,642000000.0,-6000000.0,183000000.0,183000000.0,183000000.0,0.0,0.0,0.106,306000000.0,340000000.0,513000000,0.0,4.921,10.597,10.708,8145000000,0.0,180.0,2.144,2.144,1154000000,3188000000,1734000000.0,1734000000.0,0.0,,,,,19000000.0,232000000.0,1.0,83596643,83596643,,20.742,9748000000,0,49000000.0,1455000000,116.608,-51000000.0
14,URI,ARQ,2017-12-31,2018-01-24,2017-12-31,2021-07-28,-151000000,15030000000,,1772000000.0,13258000000.0,,36.789,-139000000.0,352000000,352000000,1095000000.0,897000000.0,1.062,3.839,9440000000,723000000.0,8717000000.0,9440000000,0,390000000.0,0,0.0,0.0,462000000.0,852000000.0,0.443,852000000.0,462000000.0,336000000.0,10.6,10.47,10.6,3106000000,,3106000000,24751020411,16.0,8.55,325000000.0,3.849,1.0,827000000.0,0.43,4957000000,126000000.0,17493000000,,75000000,0,0.0,0.0,11924000000,1668000000.0,10256000000.0,15663020411,28000000.0,-1314000000.0,-28000000.0,1048000000.0,0.0,1020000000.0,-1453000000.0,0.0,464000000.0,-3000000.0,897000000.0,897000000.0,897000000.0,0.0,0.0,0.467,365000000.0,462000000.0,409000000,0.0,5.043,11.637,11.661,8291000000,0.0,185.52,2.359,2.359,1233000000,3005000000,1922000000.0,1922000000.0,0.0,,,,,23000000.0,255000000.0,1.0,84427665,84427665,,22.765,10073000000,0,-561000000.0,1419000000,119.309,104000000.0
15,URI,ARQ,2017-09-30,2017-10-18,2017-09-30,2021-07-28,-143000000,13744000000,,1639000000.0,12105000000.0,,26.143,-461000000.0,324000000,324000000,993000000.0,199000000.0,0.924,5.216,8371000000,694000000.0,7677000000.0,8371000000,0,353000000.0,0,0.0,0.0,453000000.0,806000000.0,0.456,806000000.0,453000000.0,322000000.0,2.36,2.33,2.36,2211000000,,2211000000,20252804684,14.0,7.325,-32000000.0,-0.378,1.0,773000000.0,0.438,4252000000,131000000.0,15766000000,,82000000,0,0.0,0.0,11533000000,1773000000.0,9760000000.0,12205804684,-14000000.0,-98000000.0,-2000000.0,109000000.0,0.0,107000000.0,-560000000.0,-1000000.0,429000000.0,10000000.0,199000000.0,199000000.0,199000000.0,0.0,0.0,0.113,325000000.0,448000000.0,612000000,0.0,5.52,20.275,20.241,7842000000,0.0,144.32,1.955,1.955,1151000000,2108000000,1766000000.0,1766000000.0,0.0,,,,,24000000.0,237000000.0,1.0,84574589,84574589,,20.881,9492000000,0,123000000.0,2012000000,112.232,-134000000.0
16,URI,ARQ,2017-06-30,2017-07-19,2017-06-30,2021-07-28,-185000000,13284000000,,1483000000.0,11801000000.0,,23.042,-590000000.0,338000000,338000000,942000000.0,141000000.0,0.85,5.819,8215000000,644000000.0,7571000000.0,8215000000,0,330000000.0,0,0.0,0.0,342000000.0,672000000.0,0.421,672000000.0,342000000.0,229000000.0,1.67,1.65,1.67,1948000000,,1948000000,17911906309,13.0,6.676,124000000.0,1.467,1.0,655000000.0,0.41,4266000000,113000000.0,15151000000,,78000000,0,0.0,0.0,11336000000,1744000000.0,9592000000.0,10034906309,1000000.0,-965000000.0,-1000000.0,837000000.0,0.0,836000000.0,-1558000000.0,-3000000.0,714000000.0,9000000.0,141000000.0,141000000.0,141000000.0,0.0,0.0,0.088,315000000.0,340000000.0,692000000,0.0,5.151,17.008,17.079,7525000000,0.0,118.7,1.677,1.677,990000000,1909000000,1597000000.0,1597000000.0,0.0,,,,,24000000.0,218000000.0,1.0,84540070,84540070,,18.89,9018000000,0,88000000.0,1952000000,106.671,-261000000.0
17,URI,ARQ,2017-03-31,2017-04-19,2017-03-31,2021-07-28,-210000000,11822000000,,1320000000.0,10502000000.0,,20.742,-133000000.0,337000000,337000000,842000000.0,109000000.0,1.002,5.744,7349000000,577000000.0,6772000000.0,7349000000,0,310000000.0,0,0.0,0.0,255000000.0,565000000.0,0.417,565000000.0,255000000.0,161000000.0,1.29,1.27,1.29,1753000000,,1753000000,17107123002,12.0,6.417,490000000.0,5.798,1.0,514000000.0,0.379,3963000000,94000000.0,13554000000,,75000000,0,0.0,0.0,10069000000,1317000000.0,8752000000.0,10095123002,25000000.0,0.0,-22000000.0,-444000000.0,0.0,-466000000.0,-134000000.0,-1000000.0,623000000.0,2000000.0,109000000.0,109000000.0,109000000.0,0.0,0.0,0.08,257000000.0,257000000.0,382000000,0.0,5.759,17.316,17.566,6533000000,0.0,119.45,1.738,1.738,854000000,1763000000,1356000000.0,1356000000.0,0.0,,,,,16000000.0,193000000.0,1.0,84513378,84513378,,16.045,7859000000,0,52000000.0,1911000000,92.991,3000000.0
18,URI,ARQ,2016-12-31,2017-01-25,2016-12-31,2021-07-28,-218000000,11988000000,,1361000000.0,10627000000.0,,19.547,8000000.0,312000000,312000000,866000000.0,153000000.0,1.149,6.274,7790000000,597000000.0,7193000000.0,7790000000,0,318000000.0,0,0.0,0.0,404000000.0,722000000.0,0.474,722000000.0,404000000.0,242000000.0,1.81,1.79,1.81,1648000000,,1648000000,17111321272,12.0,6.421,331000000.0,3.926,1.0,657000000.0,0.431,4002000000,162000000.0,14280000000,,68000000,0,0.0,0.0,10340000000,1184000000.0,9156000000.0,9633321272,15000000.0,0.0,-39000000.0,-274000000.0,0.0,-308000000.0,6000000.0,-2000000.0,323000000.0,-6000000.0,153000000.0,153000000.0,153000000.0,0.0,0.0,0.1,255000000.0,402000000.0,243000000,0.0,5.845,17.02,17.606,6619000000,0.0,114.26,1.672,1.672,920000000,1654000000,1523000000.0,1523000000.0,0.0,,,,,7000000.0,186000000.0,1.0,84310531,84310531,,18.064,7986000000,0,89000000.0,1896000000,94.721,177000000.0
19,URI,ARQ,2016-09-30,2016-10-19,2016-09-30,2021-07-28,-196000000,12275000000,,1354000000.0,10921000000.0,,18.273,-329000000.0,297000000,297000000,852000000.0,187000000.0,0.954,6.976,8002000000,609000000.0,7393000000.0,8002000000,0,311000000.0,0,0.0,0.0,413000000.0,724000000.0,0.48,724000000.0,413000000.0,303000000.0,2.18,2.16,2.18,1539000000,,1539000000,14070687634,10.0,5.29,54000000.0,0.641,1.0,656000000.0,0.435,4049000000,110000000.0,14511000000,,72000000,0,0.0,0.0,10736000000,1420000000.0,9316000000.0,6365687634,32000000.0,-14000000.0,-152000000.0,147000000.0,0.0,-5000000.0,-343000000.0,0.0,383000000.0,-3000000.0,187000000.0,187000000.0,187000000.0,0.0,0.0,0.124,244000000.0,412000000.0,409000000,0.0,4.136,10.938,11.592,6862000000,0.0,75.58,1.105,1.105,929000000,1501000000,1508000000.0,1508000000.0,0.0,,,,,11000000.0,179000000.0,1.0,84224499,84224499,,17.905,8226000000,0,116000000.0,1863000000,97.668,-66000000.0
20,URI,ARQ,2016-06-30,2016-07-20,2016-06-30,2021-07-28,-187000000,12120000000,,1264000000.0,10856000000.0,,17.432,-504000000.0,265000000,265000000,831000000.0,134000000.0,0.838,7.069,7841000000,576000000.0,7265000000.0,7841000000,0,306000000.0,0,0.0,0.0,349000000.0,655000000.0,0.461,655000000.0,349000000.0,217000000.0,1.52,1.52,1.52,1502000000,,1502000000,13595209975,9.0,5.039,139000000.0,1.613,1.0,590000000.0,0.415,4084000000,132000000.0,14104000000,,71000000,0,0.0,0.0,10618000000,1508000000.0,9110000000.0,6019209975,46000000.0,-1000000.0,-172000000.0,55000000.0,0.0,-91000000.0,-505000000.0,0.0,643000000.0,-1000000.0,134000000.0,134000000.0,134000000.0,0.0,0.0,0.094,243000000.0,347000000.0,609000000,0.0,4.007,9.868,10.553,6762000000,0.0,69.86,1.037,1.037,867000000,1314000000,1421000000.0,1421000000.0,0.0,,,,,-13000000.0,177000000.0,1.0,86161036,86161036,,16.492,8036000000,0,83000000.0,1790000000,93.267,-244000000.0
21,URI,ARQ,2016-03-31,2016-04-20,2016-03-31,2021-07-28,-187000000,11784000000,,1182000000.0,10602000000.0,,16.96,-4000000.0,219000000,219000000,810000000.0,92000000.0,0.962,6.851,7753000000,550000000.0,7203000000.0,7753000000,0,310000000.0,0,0.0,0.0,254000000.0,564000000.0,0.431,564000000.0,254000000.0,147000000.0,1.01,1.01,1.01,1501000000,,1501000000,12856534396,9.0,4.708,600000000.0,6.779,1.0,500000000.0,0.382,4126000000,107000000.0,13963000000,,74000000,0,0.0,0.0,10283000000,1229000000.0,9054000000.0,5322534396,40000000.0,-13000000.0,-164000000.0,-423000000.0,0.0,-560000000.0,-17000000.0,0.0,604000000.0,13000000.0,92000000.0,92000000.0,92000000.0,0.0,0.0,0.07,246000000.0,254000000.0,330000000,0.0,3.546,9.471,10.04,6467000000,0.0,60.14,0.916,0.916,833000000,1180000000,1310000000.0,1310000000.0,0.0,,,,,-18000000.0,177000000.0,1.0,88502401,88502401,,14.802,7658000000,0,55000000.0,1797000000,86.529,-47000000.0
22,URI,ARQ,2015-12-31,2016-01-27,2015-12-31,2021-07-28,-250000000,12083000000,,1294000000.0,10789000000.0,,16.225,25000000.0,179000000,179000000,875000000.0,169000000.0,1.049,7.186,8162000000,607000000.0,7555000000.0,8162000000,0,318000000.0,0,0.0,0.0,399000000.0,717000000.0,0.471,717000000.0,399000000.0,292000000.0,1.81,1.8,1.81,1476000000,,1476000000,13062777587,9.0,4.709,463000000.0,5.09,1.0,648000000.0,0.425,4148000000,107000000.0,14685000000,,69000000,0,0.0,0.0,10607000000,1233000000.0,9374000000.0,5079777587,8000000.0,0.0,-122000000.0,-273000000.0,0.0,-447000000.0,22000000.0,-3000000.0,438000000.0,-5000000.0,169000000.0,169000000.0,169000000.0,0.0,0.0,0.111,251000000.0,397000000.0,271000000,0.0,3.442,8.683,9.094,6631000000,0.0,55.84,0.873,0.873,930000000,1088000000,1523000000.0,1523000000.0,0.0,,,,,64000000.0,180000000.0,1.0,90970229,90970229,,16.742,7935000000,0,123000000.0,1765000000,87.226,61000000.0
23,URI,ARQ,2015-09-30,2015-10-21,2015-09-30,2021-07-28,-218000000,12598000000,,1426000000.0,11172000000.0,,16.127,-288000000.0,171000000,171000000,860000000.0,215000000.0,0.94,7.415,8515000000,639000000.0,7876000000.0,8515000000,0,315000000.0,0,0.0,0.0,447000000.0,762000000.0,0.492,762000000.0,447000000.0,340000000.0,2.28,2.25,2.28,1497000000,,1497000000,14582065859,9.0,5.21,19000000.0,0.205,1.0,690000000.0,0.445,4205000000,107000000.0,15220000000,,77000000,0,0.0,0.0,11101000000,1517000000.0,9584000000.0,6238065859,-29000000.0,-28000000.0,-166000000.0,99000000.0,0.0,-10000000.0,-316000000.0,0.0,307000000.0,-10000000.0,215000000.0,215000000.0,215000000.0,0.0,0.0,0.139,244000000.0,446000000.0,475000000,0.0,4.167,10.226,10.616,6874000000,0.0,67.2,1.065,1.065,994000000,919000000,1550000000.0,1550000000.0,0.0,,,,,-45000000.0,178000000.0,1.0,92828361,92828361,,16.697,8393000000,126000000,125000000.0,1653000000,90.414,-91000000.0
24,URI,ARQ,2015-06-30,2015-07-22,2015-06-30,2021-07-28,-146000000,12605000000,,1436000000.0,11169000000.0,,15.214,-593000000.0,200000000,200000000,811000000.0,86000000.0,0.908,7.686,8410000000,590000000.0,7820000000.0,8410000000,0,307000000.0,0,0.0,0.0,381000000.0,688000000.0,0.481,688000000.0,381000000.0,149000000.0,0.89,0.88,0.89,1451000000,,1451000000,15613571004,10.0,5.637,-18000000.0,-0.189,1.0,618000000.0,0.432,4253000000,232000000.0,14980000000,,81000000,0,0.0,0.0,11153000000,1582000000.0,9571000000.0,7403571004,-57000000.0,-58000000.0,-157000000.0,226000000.0,0.0,17000000.0,-651000000.0,0.0,575000000.0,2000000.0,86000000.0,86000000.0,86000000.0,0.0,0.0,0.06,243000000.0,375000000.0,683000000,0.0,5.102,12.613,12.938,6821000000,0.0,77.63,1.265,1.265,894000000,704000000,1429000000.0,1429000000.0,0.0,,,,,11000000.0,175000000.0,1.0,95369973,95369973,,14.984,8352000000,187000000,63000000.0,1696000000,87.575,-146000000.0
25,URI,ARQ,2015-03-31,2015-04-21,2015-03-31,2021-07-28,-163000000,12282000000,,1452000000.0,10830000000.0,,15.407,-225000000.0,257000000,257000000,791000000.0,115000000.0,0.934,7.22,8075000000,593000000.0,7482000000.0,8075000000,0,304000000.0,0,0.0,0.0,303000000.0,607000000.0,0.462,607000000.0,303000000.0,182000000.0,1.19,1.16,1.19,1494000000,,1494000000,17311364468,12.0,6.388,450000000.0,4.641,1.0,524000000.0,0.398,4296000000,121000000.0,14249000000,,81000000,0,0.0,0.0,10787000000,1555000000.0,9232000000.0,9493364468,99000000.0,0.0,-343000000.0,8000000.0,0.0,-335000000.0,-225000000.0,0.0,675000000.0,-16000000.0,115000000.0,115000000.0,115000000.0,0.0,0.0,0.087,224000000.0,300000000.0,465000000,0.0,6.354,15.955,16.076,6416000000,0.0,97.9,1.631,1.631,848000000,618000000,1315000000.0,1315000000.0,0.0,,,,,14000000.0,181000000.0,1.0,96970015,96970015,,13.561,7986000000,215000000,67000000.0,1690000000,82.355,-103000000.0
26,URI,ARQ,2014-12-31,2015-01-21,2014-12-31,2021-07-28,-74000000,12467000000,,1546000000.0,10921000000.0,,18.607,-90000000.0,158000000,158000000,857000000.0,194000000.0,1.046,5.94,8052000000,618000000.0,7434000000.0,8052000000,0,312000000.0,0,0.0,0.0,430000000.0,742000000.0,0.474,742000000.0,430000000.0,311000000.0,1.97,1.86,1.97,1796000000,,1796000000,16345346013,12.0,6.289,245000000.0,2.538,1.0,707000000.0,0.452,4378000000,119000000.0,14505000000,,78000000,0,0.0,0.0,10669000000,1478000000.0,9191000000.0,8451346013,-10000000.0,-4000000.0,-214000000.0,-31000000.0,0.0,-245000000.0,-94000000.0,0.0,335000000.0,-6000000.0,194000000.0,194000000.0,194000000.0,0.0,0.0,0.124,281000000.0,426000000.0,285000000,0.0,4.706,15.651,15.805,6446000000,0.0,87.56,1.487,1.487,940000000,503000000,1564000000.0,1564000000.0,0.0,,,,,26000000.0,209000000.0,1.0,96520626,96520626,,16.204,8089000000,248000000,117000000.0,1692000000,83.806,68000000.0
27,URI,ARQ,2014-09-30,2014-10-15,2014-09-30,2021-07-28,-35000000,12483000000,,1378000000.0,11105000000.0,,18.165,-340000000.0,168000000,168000000,856000000.0,192000000.0,0.813,5.884,8095000000,618000000.0,7477000000.0,8095000000,0,306000000.0,0,0.0,0.0,427000000.0,733000000.0,0.475,733000000.0,427000000.0,303000000.0,1.95,1.84,1.95,1813000000,,1813000000,17252077417,13.0,6.942,72000000.0,0.721,1.0,688000000.0,0.446,4435000000,124000000.0,14280000000,,112000000,0,0.0,0.0,10667000000,1695000000.0,8972000000.0,9325077417,-2000000.0,4000000.0,-152000000.0,81000000.0,0.0,-71000000.0,-336000000.0,0.0,412000000.0,-7000000.0,192000000.0,192000000.0,192000000.0,0.0,0.0,0.124,266000000.0,422000000.0,505000000,0.0,5.143,19.187,18.501,6569000000,0.0,93.43,1.708,1.708,941000000,309000000,1544000000.0,1544000000.0,0.0,,,,,17000000.0,194000000.0,1.0,99808171,99808171,,15.47,8048000000,93000000,111000000.0,1412000000,80.635,-317000000.0
28,URI,ARQ,2014-06-30,2014-07-16,2014-06-30,2021-07-28,16000000,12467000000,,1396000000.0,11071000000.0,,18.736,-584000000.0,170000000,170000000,810000000.0,94000000.0,0.8,5.932,8015000000,621000000.0,7394000000.0,8015000000,0,299000000.0,0,0.0,0.0,329000000.0,628000000.0,0.449,628000000.0,329000000.0,142000000.0,0.98,0.9,0.98,1797000000,,1797000000,18225274795,15.0,7.693,-38000000.0,-0.396,1.0,589000000.0,0.421,4511000000,187000000.0,14055000000,,119000000,0,0.0,0.0,10660000000,1746000000.0,8914000000.0,10380274795,-57000000.0,-755000000.0,-185000000.0,915000000.0,0.0,730000000.0,-1339000000.0,0.0,546000000.0,6000000.0,94000000.0,94000000.0,94000000.0,0.0,0.0,0.067,264000000.0,325000000.0,625000000,0.0,5.776,23.753,23.376,6452000000,0.0,108.23,1.986,1.986,844000000,117000000,1399000000.0,1399000000.0,0.0,,,,,19000000.0,187000000.0,1.0,95909404,95909404,,14.587,7956000000,192000000,48000000.0,1440000000,82.953,-350000000.0
29,URI,ARQ,2014-03-31,2014-04-16,2014-03-31,2021-07-28,-20000000,11247000000,,1400000000.0,9847000000.0,,18.639,-230000000.0,227000000,227000000,730000000.0,60000000.0,1.272,5.197,7039000000,265000000.0,6774000000.0,7039000000,0,277000000.0,0,0.0,0.0,219000000.0,496000000.0,0.421,496000000.0,219000000.0,94000000.0,0.63,0.56,0.63,1813000000,,1813000000,15711303937,14.0,6.949,278000000.0,2.858,1.0,448000000.0,0.38,3916000000,125000000.0,13042000000,,102000000,0,0.0,0.0,9423000000,1101000000.0,8322000000.0,8899303937,52000000.0,-1000000.0,-60000000.0,-158000000.0,0.0,-218000000.0,-231000000.0,0.0,508000000.0,-7000000.0,60000000.0,60000000.0,60000000.0,0.0,0.0,0.051,230000000.0,218000000.0,454000000,0.0,4.909,20.89,20.152,5814000000,0.0,91.49,1.768,1.768,752000000,23000000,1178000000.0,1178000000.0,0.0,,,,,12000000.0,168000000.0,1.0,97270783,97270783,,12.111,7331000000,260000000,34000000.0,1481000000,75.367,299000000.0
30,URI,ARQ,2013-12-31,2014-01-22,2013-12-31,2021-07-28,19000000,11231000000,,1362000000.0,9869000000.0,,19.61,31000000.0,175000000,175000000,771000000.0,140000000.0,1.059,5.133,7173000000,604000000.0,6569000000.0,7173000000,0,284000000.0,0,0.0,0.0,344000000.0,628000000.0,0.469,628000000.0,344000000.0,226000000.0,1.49,1.31,1.49,1828000000,,1828000000,14603646992,13.0,6.696,467000000.0,5.01,1.0,567000000.0,0.424,3971000000,118000000.0,12972000000,,70000000,0,0.0,0.0,9383000000,1286000000.0,8097000000.0,7605646992,50000000.0,0.0,-15000000.0,-396000000.0,0.0,-411000000.0,31000000.0,0.0,436000000.0,-6000000.0,140000000.0,140000000.0,140000000.0,0.0,0.0,0.105,225000000.0,342000000.0,292000000,0.0,4.161,19.653,19.708,5795000000,0.0,81.59,1.535,1.535,804000000,-37000000,1338000000.0,1338000000.0,0.0,,,,,12000000.0,163000000.0,1.0,93217882,93217882,,14.353,7260000000,260000000,86000000.0,1459000000,77.882,76000000.0
31,URI,ARQ,2013-09-30,2013-10-16,2013-09-30,2021-07-28,53000000,11563000000,,1414000000.0,10149000000.0,,18.309,-398000000.0,125000000,125000000,747000000.0,143000000.0,0.997,5.761,7582000000,630000000.0,6952000000.0,7582000000,0,278000000.0,0,0.0,0.0,339000000.0,617000000.0,0.471,617000000.0,339000000.0,218000000.0,1.53,1.35,1.53,1707000000,,1707000000,13031482384,13.0,6.323,-161000000.0,-1.727,1.0,564000000.0,0.43,4025000000,121000000.0,13577000000,,91000000,0,0.0,0.0,9834000000,1418000000.0,8416000000.0,5574482384,-8000000.0,-9000000.0,-15000000.0,174000000.0,0.0,159000000.0,-407000000.0,0.0,237000000.0,3000000.0,143000000.0,143000000.0,143000000.0,0.0,0.0,0.109,227000000.0,337000000.0,366000000,0.0,3.266,19.356,19.102,6019000000,0.0,59.79,1.146,1.146,807000000,-177000000,1311000000.0,1311000000.0,0.0,,,,,15000000.0,167000000.0,1.0,93234360,93234360,,14.061,7538000000,262000000,75000000.0,1395000000,80.85,-4000000.0
32,URI,ARQ,2013-06-30,2013-07-16,2013-06-30,2021-07-28,32000000,11326000000,,1363000000.0,9963000000.0,,16.97,-626000000.0,133000000,133000000,735000000.0,83000000.0,0.856,6.138,7356000000,624000000.0,6732000000.0,7356000000,0,270000000.0,0,0.0,0.0,250000000.0,520000000.0,0.431,520000000.0,250000000.0,131000000.0,0.89,0.78,0.89,1583000000,,1583000000,11978644473,14.0,6.171,-157000000.0,-1.683,1.0,471000000.0,0.391,4057000000,119000000.0,12900000000,,111000000,0,0.0,0.0,9717000000,1592000000.0,8125000000.0,4755644473,-14000000.0,0.0,-52000000.0,200000000.0,0.0,148000000.0,-626000000.0,0.0,469000000.0,-5000000.0,83000000.0,83000000.0,83000000.0,0.0,0.0,0.069,221000000.0,250000000.0,606000000,0.0,3.004,21.815,21.42,5797000000,0.0,50.98,0.996,0.996,751000000,-320000000,1206000000.0,1206000000.0,0.0,,,,,10000000.0,152000000.0,1.0,93284513,93284513,,12.928,7269000000,255000000,48000000.0,1328000000,77.923,-229000000.0
33,URI,ARQ,2013-03-31,2013-04-16,2013-03-31,2021-07-28,64000000,10921000000,,1311000000.0,9610000000.0,,16.618,-175000000.0,147000000,147000000,715000000.0,21000000.0,0.958,5.955,7164000000,567000000.0,6597000000.0,7164000000,0,266000000.0,0,0.0,0.0,150000000.0,416000000.0,0.378,416000000.0,150000000.0,30000000.0,0.22,0.19,0.22,1566000000,,1566000000,11937009141,18.0,7.022,234000000.0,2.483,1.0,385000000.0,0.35,4114000000,120000000.0,12455000000,,103000000,0,0.0,0.0,9326000000,1369000000.0,7957000000.0,4920009141,41000000.0,0.0,-27000000.0,-164000000.0,0.0,-191000000.0,-175000000.0,0.0,409000000.0,-2000000.0,21000000.0,21000000.0,21000000.0,0.0,0.0,0.019,236000000.0,149000000.0,406000000,0.0,3.142,59.277,60.709,5383000000,0.0,52.21,1.079,1.079,725000000,-403000000,1100000000.0,1100000000.0,0.0,,,,,9000000.0,160000000.0,1.0,94234996,94234996,,11.673,6807000000,255000000,9000000.0,1293000000,72.234,-58000000.0
34,URI,ARQ,2012-12-31,2013-01-23,2012-12-31,2021-07-28,84000000,11026000000,,1343000000.0,9683000000.0,,16.589,-38000000.0,106000000,106000000,754000000.0,41000000.0,0.994,6.126,7364000000,630000000.0,6734000000.0,7364000000,0,272000000.0,0,0.0,0.0,236000000.0,508000000.0,0.407,508000000.0,236000000.0,39000000.0,0.49,0.42,0.49,1543000000,,1543000000,11855653894,20.0,7.899,188000000.0,2.021,1.0,495000000.0,0.396,4170000000,197000000.0,12763000000,,68000000,0,0.0,0.0,9452000000,1351000000.0,8101000000.0,4597653894,38000000.0,0.0,1000000.0,-149000000.0,0.0,-149000000.0,-38000000.0,0.0,226000000.0,-1000000.0,41000000.0,41000000.0,41000000.0,0.0,0.0,0.033,259000000.0,236000000.0,286000000,0.0,2.98,61.302,54.319,5394000000,0.0,49.43,1.117,1.117,793000000,-424000000,1249000000.0,1249000000.0,0.0,,,,,9000000.0,176000000.0,1.0,93013431,93013431,,13.428,6856000000,265000000,-2000000.0,1302000000,73.71,-8000000.0
35,URI,ARQ,2012-09-30,2012-10-16,2012-09-30,2021-07-28,94000000,10992000000,,1111000000.0,9881000000.0,,16.146,-172000000.0,68000000,68000000,714000000.0,73000000.0,0.734,6.33,7430000000,651000000.0,6779000000.0,7430000000,0,275000000.0,0,0.0,0.0,222000000.0,497000000.0,0.408,497000000.0,222000000.0,94000000.0,0.78,0.7,0.78,1495000000,,1495000000,10506372157,22.0,8.48,-19000000.0,-0.205,1.0,505000000.0,0.414,4228000000,128000000.0,12612000000,,89000000,0,0.0,0.0,9464000000,1514000000.0,7950000000.0,3144372157,27000000.0,0.0,-7000000.0,55000000.0,0.0,45000000.0,-172000000.0,0.0,153000000.0,1000000.0,73000000.0,73000000.0,73000000.0,0.0,0.0,0.06,283000000.0,222000000.0,408000000,0.0,2.103,49.911,41.926,5529000000,0.0,33.96,0.87,0.87,804000000,-465000000,1219000000.0,1219000000.0,0.0,,,,,10000000.0,164000000.0,1.0,92590464,92590464,,13.166,6764000000,42000000,21000000.0,1106000000,73.053,-403000000.0
36,URI,ARQ,2012-06-30,2012-07-17,2012-06-30,2021-07-28,73000000,10942000000,,1019000000.0,9923000000.0,,15.048,-386000000.0,41000000,41000000,619000000.0,-52000000.0,0.717,6.819,7344000000,421000000.0,6923000000.0,7344000000,0,221000000.0,0,0.0,0.0,58000000.0,279000000.0,0.281,279000000.0,58000000.0,-64000000.0,-0.63,-0.63,-0.63,1395000000,,1395000000,10494681899,25.0,10.299,-298000000.0,-3.215,1.0,374000000.0,0.377,4281000000,122000000.0,12543000000,,102000000,0,0.0,0.0,9512000000,1421000000.0,8091000000.0,3191681899,15000000.0,-1108000000.0,-101000000.0,-1301000000.0,0.0,1422000000.0,-1494000000.0,0.0,88000000.0,-1000000.0,-52000000.0,-52000000.0,-52000000.0,0.0,0.0,-0.052,328000000.0,46000000.0,605000000,0.0,2.288,58.031,32.178,5514000000,0.0,34.43,1.027,1.027,704000000,-538000000,993000000.0,993000000.0,0.0,,,,,9000000.0,146000000.0,1.0,92700607,92700607,,10.712,6661000000,66000000,-12000000.0,1106000000,71.855,-402000000.0
37,URI,ARQ,2012-03-31,2012-04-17,2012-03-31,2021-07-28,85000000,7297000000,,656000000.0,6641000000.0,,1.411,-343000000.0,2876000000,2876000000,443000000.0,13000000.0,0.627,79.667,6016000000,371000000.0,5645000000.0,6016000000,0,129000000.0,0,0.0,0.0,88000000.0,217000000.0,0.331,217000000.0,88000000.0,19000000.0,0.21,0.17,0.21,90000000,,90000000,5748942016,13.0,6.026,-89000000.0,-1.396,1.0,213000000.0,0.325,414000000,69000000.0,8977000000,,85000000,0,0.0,0.0,7170000000,1046000000.0,6124000000.0,2608942016,-10000000.0,-57000000.0,-3000000.0,2963000000.0,0.0,135000000.0,-400000000.0,0.0,254000000.0,1000000.0,13000000.0,13000000.0,13000000.0,0.0,0.0,0.02,126000000.0,87000000.0,384000000,0.0,28.988,19.47,19.117,3245000000,0.0,40.91,0.951,0.951,417000000,-486000000,656000000.0,656000000.0,0.0,,,,,4000000.0,102000000.0,1.0,63772721,63772721,,10.287,6883000000,50000000,6000000.0,419000000,107.93,-390000000.0
38,URI,ARQ,2011-12-31,2012-01-25,2011-12-31,2021-07-28,75000000,4143000000,,723000000.0,3420000000.0,,1.017,-56000000.0,36000000,36000000,471000000.0,29000000.0,0.837,63.125,3042000000,395000000.0,2647000000.0,3042000000,0,129000000.0,0,0.0,0.0,117000000.0,246000000.0,0.33,246000000.0,117000000.0,57000000.0,0.45,0.39,0.45,64000000,,64000000,5193346695,13.0,5.908,99000000.0,1.574,1.0,275000000.0,0.369,372000000,60000000.0,5913000000,,44000000,0,0.0,0.0,4040000000,864000000.0,3176000000.0,2187346695,10000000.0,-78000000.0,4000000.0,-16000000.0,0.0,-12000000.0,-134000000.0,0.0,155000000.0,1000000.0,29000000.0,29000000.0,29000000.0,-1000000.0,0.0,0.039,160000000.0,115000000.0,206000000,0.0,34.177,21.657,21.463,2983000000,0.0,34.77,0.838,0.838,464000000,-499000000,746000000.0,746000000.0,0.0,,,,,3000000.0,109000000.0,1.0,62909022,62909022,,11.858,3771000000,104000000,28000000.0,470000000,59.944,-141000000.0
39,URI,ARQ,2011-09-30,2011-10-18,2011-09-30,2021-07-28,63000000,4005000000,,658000000.0,3347000000.0,,0.223,-185000000.0,26000000,26000000,439000000.0,65000000.0,0.749,282.143,3017000000,401000000.0,2616000000.0,3017000000,0,123000000.0,0,0.0,0.0,154000000.0,277000000.0,0.388,277000000.0,154000000.0,96000000.0,1.04,0.91,1.04,14000000,,14000000,4310374377,13.0,5.436,-28000000.0,-0.447,1.0,274000000.0,0.384,332000000,58000000.0,5785000000,,56000000,0,0.0,0.0,3950000000,879000000.0,3071000000.0,1319374377,-32000000.0,-55000000.0,1000000.0,52000000.0,0.0,53000000.0,-240000000.0,0.0,157000000.0,-2000000.0,65000000.0,65000000.0,65000000.0,0.0,0.0,0.091,118000000.0,156000000.0,233000000,0.0,94.241,25.87,26.658,2958000000,0.0,21.06,0.536,0.536,453000000,-528000000,713000000.0,713000000.0,0.0,,,,,3000000.0,103000000.0,1.0,62648356,62648356,,11.381,3673000000,55000000,31000000.0,397000000,58.629,-221000000.0
40,URI,ARQ,2011-06-30,2011-07-19,2011-06-30,2021-07-28,100000000,3952000000,,674000000.0,3278000000.0,,-0.319,-260000000.0,58000000,58000000,418000000.0,27000000.0,0.802,-196.4,2976000000,347000000.0,2629000000.0,2976000000,0,117000000.0,0,0.0,0.0,97000000.0,214000000.0,0.34,214000000.0,97000000.0,38000000.0,0.44,0.37,0.44,-20000000,,-20000000,4359266371,16.0,6.029,-118000000.0,-1.884,1.0,211000000.0,0.335,319000000,59000000.0,5711000000,,70000000,0,0.0,0.0,3928000000,840000000.0,3088000000.0,1441266371,-147000000.0,-143000000.0,26000000.0,86000000.0,0.0,112000000.0,-403000000.0,0.0,142000000.0,2000000.0,27000000.0,27000000.0,27000000.0,1000000.0,0.0,0.043,116000000.0,95000000.0,282000000,0.0,-72.063,160.141,191.75,2900000000,0.0,23.01,0.612,0.612,407000000,-593000000,629000000.0,629000000.0,0.0,,,,,4000000.0,100000000.0,1.0,62636522,62636522,,10.042,3633000000,71000000,11000000.0,399000000,58.001,-166000000.0
41,URI,ARQ,2011-03-31,2011-04-19,2011-03-31,2021-07-28,99000000,3692000000,,733000000.0,2959000000.0,,-0.464,-84000000.0,205000000,205000000,385000000.0,-20000000.0,1.202,-128.31,2863000000,199000000.0,2664000000.0,2863000000,0,111000000.0,0,0.0,0.0,31000000.0,142000000.0,0.272,142000000.0,31000000.0,-27000000.0,-0.34,-0.34,-0.34,-29000000,,-29000000,4626841256,20.0,6.814,70000000.0,1.12,1.0,138000000.0,0.264,226000000,58000000.0,5514000000,,63000000,0,0.0,0.0,3721000000,610000000.0,3111000000.0,1968841256,2000000.0,0.0,-3000000.0,-70000000.0,0.0,-73000000.0,-84000000.0,0.0,154000000.0,5000000.0,-20000000.0,-20000000.0,-20000000.0,0.0,0.0,-0.038,108000000.0,30000000.0,222000000,0.0,-67.891,-328.14,-262.5,2669000000,0.0,31.5,0.863,0.863,341000000,-620000000,523000000.0,523000000.0,0.0,,,,,2000000.0,95000000.0,1.0,62502897,62502897,,8.368,3466000000,76000000,-7000000.0,385000000,55.453,123000000.0
42,URI,ARQ,2010-12-31,2011-02-01,2010-12-31,2021-07-28,87000000,3693000000,,725000000.0,2968000000.0,,-0.33,-26000000.0,203000000,203000000,422000000.0,-21000000.0,1.274,-185.65,2929000000,229000000.0,2700000000.0,2929000000,0,117000000.0,0,0.0,0.0,43000000.0,160000000.0,0.268,160000000.0,43000000.0,-44000000.0,-0.35,-0.35,-0.35,-20000000,,-20000000,4395125675,22.0,6.814,83000000.0,1.369,1.0,175000000.0,0.293,227000000,87000000.0,5623000000,,39000000,0,0.0,0.0,3713000000,569000000.0,3144000000.0,1669125675,33000000.0,0.0,1000000.0,-57000000.0,0.0,-56000000.0,-26000000.0,0.0,109000000.0,6000000.0,-21000000.0,-21000000.0,-21000000.0,4000000.0,0.0,-0.035,128000000.0,47000000.0,132000000,0.0,-83.456,-64.197,-62.568,2673000000,0.0,27.53,0.746,0.746,377000000,-600000000,597000000.0,597000000.0,0.0,,,,,2000000.0,96000000.0,1.0,60629338,60629338,,9.847,3466000000,69000000,-23000000.0,385000000,57.167,156000000.0
43,URI,ARQ,2010-09-30,2010-10-20,2010-09-30,2021-07-28,73000000,3744000000,,712000000.0,3032000000.0,,-0.248,-86000000.0,170000000,170000000,396000000.0,23000000.0,1.359,-250.6,2939000000,123000000.0,2816000000.0,2939000000,0,112000000.0,0,0.0,0.0,95000000.0,207000000.0,0.342,207000000.0,95000000.0,38000000.0,0.37,0.33,0.37,-15000000,,-15000000,3834387400,22.0,6.145,38000000.0,0.628,1.0,209000000.0,0.345,227000000,57000000.0,5762000000,,48000000,0,0.0,0.0,3759000000,524000000.0,3235000000.0,1065387400,140000000.0,0.0,0.0,98000000.0,0.0,97000000.0,-86000000.0,0.0,124000000.0,5000000.0,23000000.0,23000000.0,23000000.0,0.0,0.0,0.038,116000000.0,93000000.0,167000000,0.0,-71.026,-34.367,-33.846,2744000000,0.0,17.6,0.485,0.485,399000000,-579000000,605000000.0,605000000.0,0.0,,,,,2000000.0,95000000.0,1.0,60533375,60533375,,9.994,3517000000,58000000,15000000.0,384000000,58.1,188000000.0
44,URI,ARQ,2010-06-30,2010-07-20,2010-06-30,2021-07-28,62000000,3574000000,,531000000.0,3043000000.0,,-0.826,-93000000.0,30000000,30000000,386000000.0,12000000.0,1.047,-72.48,2835000000,124000000.0,2711000000.0,2835000000,0,111000000.0,0,0.0,0.0,59000000.0,170000000.0,0.305,170000000.0,59000000.0,3000000.0,0.2,0.18,0.2,-50000000,,-50000000,3444808717,23.0,5.761,8000000.0,0.132,1.0,171000000.0,0.307,227000000,56000000.0,5645000000,,60000000,0,0.0,0.0,3624000000,507000000.0,3117000000.0,639808717,10000000.0,0.0,0.0,10000000.0,0.0,10000000.0,-93000000.0,0.0,101000000.0,-8000000.0,12000000.0,12000000.0,12000000.0,0.0,0.0,0.022,112000000.0,59000000.0,188000000,0.0,-12.796,-11.848,-11.876,2751000000,0.0,10.57,0.293,0.293,344000000,-602000000,557000000.0,557000000.0,0.0,,,,,3000000.0,90000000.0,1.0,60530626,60530626,,9.202,3347000000,57000000,-9000000.0,369000000,55.294,24000000.0
45,URI,ARQ,2010-03-31,2010-04-21,2010-03-31,2021-07-28,78000000,3584000000,,511000000.0,3073000000.0,,-0.794,-18000000.0,20000000,20000000,375000000.0,-40000000.0,1.062,-75.667,2830000000,124000000.0,2706000000.0,2830000000,0,109000000.0,0,0.0,0.0,-1000000.0,108000000.0,0.226,108000000.0,-1000000.0,-64000000.0,-0.67,-0.67,-0.67,-48000000,,-48000000,3456741074,37.0,6.217,100000000.0,1.654,1.0,103000000.0,0.215,230000000,63000000.0,5683000000,,46000000,0,0.0,0.0,3632000000,481000000.0,3151000000.0,646741074,-149000000.0,0.0,-1000000.0,-252000000.0,0.0,-254000000.0,-18000000.0,0.0,118000000.0,5000000.0,-40000000.0,-40000000.0,-40000000.0,0.0,0.0,-0.084,105000000.0,-2000000.0,138000000,0.0,-13.474,-7.792,-7.81,2775000000,0.0,10.7,0.288,0.288,320000000,-614000000,478000000.0,478000000.0,0.0,,,,,1000000.0,86000000.0,1.0,60443091,60443091,,7.908,3354000000,69000000,-24000000.0,405000000,55.49,30000000.0
46,URI,ARQ,2009-12-31,2010-02-03,2009-12-31,2021-07-28,67000000,3859000000,,705000000.0,3154000000.0,,-0.316,-40000000.0,169000000,169000000,412000000.0,-26000000.0,1.529,-204.105,3075000000,125000000.0,2950000000.0,3075000000,0,116000000.0,0,0.0,0.0,23000000.0,139000000.0,0.25,139000000.0,23000000.0,-51000000.0,-0.42,-0.42,-0.42,-19000000,,-19000000,3405995872,30.0,5.802,45000000.0,0.748,1.0,145000000.0,0.26,231000000,74000000.0,6073000000,,44000000,0,0.0,0.0,3878000000,461000000.0,3417000000.0,499995872,20000000.0,1000000.0,-1000000.0,-1000000.0,0.0,-28000000.0,-39000000.0,0.0,85000000.0,2000000.0,-26000000.0,-26000000.0,-26000000.0,2000000.0,0.0,-0.047,121000000.0,24000000.0,128000000,0.0,-26.316,-8.064,-8.147,2848000000,0.0,8.31,0.212,0.212,337000000,-574000000,557000000.0,557000000.0,0.0,,,,,2000000.0,100000000.0,1.0,60167975,60167975,,9.257,3628000000,66000000,-25000000.0,424000000,60.298,244000000.0
47,URI,ARQ,2009-09-30,2009-10-28,2009-09-30,2021-07-28,60000000,3895000000,,679000000.0,3216000000.0,,-0.299,-24000000.0,149000000,149000000,412000000.0,0.0,1.85,-217.389,3102000000,9000000.0,3093000000.0,3102000000,0,113000000.0,0,0.0,0.0,68000000.0,181000000.0,0.306,181000000.0,68000000.0,4000000.0,0.0,0.0,0.0,-18000000,,-18000000,3505797358,-4.0,-7.539,124000000.0,2.061,1.0,180000000.0,0.304,232000000,64000000.0,6249000000,,52000000,0,0.0,0.0,3913000000,367000000.0,3546000000.0,552797358,24000000.0,-25000000.0,0.0,-83000000.0,0.0,-84000000.0,-49000000.0,0.0,148000000.0,9000000.0,0.0,0.0,0.0,0.0,0.0,0.0,113000000.0,67000000.0,143000000,,-30.711,-0.622,-0.76,2921000000,0.0,9.19,0.213,0.213,369000000,-548000000,592000000.0,592000000.0,0.0,,,,,2000000.0,99000000.0,1.0,60152052,60152052,,9.842,3663000000,74000000,4000000.0,414000000,60.896,312000000.0
48,URI,ARQ,2009-06-30,2009-07-29,2009-06-30,2021-07-28,33000000,3918000000,,665000000.0,3253000000.0,,-0.765,-11000000.0,125000000,125000000,474000000.0,-17000000.0,1.905,-86.174,3175000000,9000000.0,3166000000.0,3175000000,0,125000000.0,0,0.0,0.0,3000000.0,128000000.0,0.208,128000000.0,3000000.0,-29000000.0,-0.28,-0.28,-0.28,-46000000,,-46000000,3451657264,-4.0,-10.653,70000000.0,1.164,1.0,141000000.0,0.229,230000000,32000000.0,6389000000,,55000000,0,0.0,0.0,3964000000,349000000.0,3615000000.0,401657264,29000000.0,1000000.0,0.0,-49000000.0,0.0,-49000000.0,-10000000.0,0.0,81000000.0,7000000.0,-17000000.0,-17000000.0,-17000000.0,0.0,0.0,-0.028,136000000.0,5000000.0,144000000,0.0,-8.732,-0.494,-0.608,2956000000,0.0,6.68,0.14,0.14,375000000,-548000000,615000000.0,615000000.0,0.0,,,,,2000000.0,101000000.0,1.0,60128333,60128333,,10.228,3688000000,74000000,-12000000.0,407000000,61.335,316000000.0
49,URI,ARQ,2009-03-31,2009-04-29,2009-03-31,2021-07-28,7000000,3977000000,,622000000.0,3355000000.0,,-0.931,6000000.0,96000000,96000000,450000000.0,-19000000.0,1.747,-72.018,3232000000,11000000.0,3221000000.0,3232000000,0,120000000.0,0,0.0,0.0,19000000.0,139000000.0,0.234,139000000.0,19000000.0,-33000000.0,-0.32,-0.32,-0.32,-56000000,,-56000000,3522003784,-5.0,-17.436,130000000.0,2.162,1.0,144000000.0,0.242,229000000,52000000.0,6528000000,,59000000,0,0.0,0.0,4033000000,356000000.0,3677000000.0,386003784,19000000.0,-2000000.0,0.0,-106000000.0,0.0,-107000000.0,4000000.0,0.0,124000000.0,-2000000.0,-19000000.0,-19000000.0,-19000000.0,0.0,0.0,-0.032,126000000.0,18000000.0,154000000,0.0,-6.893,-0.387,-0.492,3064000000,0.0,6.42,0.125,0.125,359000000,-531000000,594000000.0,594000000.0,0.0,,,,,2000000.0,108000000.0,1.0,60125200,60125200,,9.879,3748000000,75000000,-14000000.0,410000000,62.337,266000000.0
50,URI,ARQ,2008-12-31,2009-02-26,2008-12-31,2021-07-28,16000000,4191000000,,703000000.0,3488000000.0,,-0.483,5000000.0,77000000,77000000,554000000.0,-853000000.0,1.646,-145.517,3345000000,13000000.0,3332000000.0,3345000000,0,135000000.0,0,0.0,0.0,-1048000000.0,-913000000.0,-1.154,-913000000.0,-1048000000.0,-1065000000.0,-11.5,-11.5,-11.5,-29000000,,-29000000,3519410069,-6.0,-30.08,198000000.0,3.3,1.0,237000000.0,0.3,229000000,17000000.0,6803000000,,59000000,0,0.0,0.0,4220000000,427000000.0,3793000000.0,251410069,11000000.0,0.0,0.0,-181000000.0,0.0,-181000000.0,5000000.0,0.0,193000000.0,-6000000.0,-853000000.0,-853000000.0,-853000000.0,0.0,0.0,-1.078,1285000000.0,-1048000000.0,157000000,0.0,-8.669,-0.267,-0.332,3193000000,0.0,4.19,0.077,0.077,454000000,-512000000,791000000.0,791000000.0,0.0,,,,,2000000.0,124000000.0,1.0,60002403,60002403,,13.183,3962000000,76000000,-212000000.0,414000000,66.031,276000000.0
51,URI,ARQ,2008-09-30,2008-10-29,2008-09-30,2021-07-28,68000000,5612000000,,781000000.0,4831000000.0,,14.609,-104000000.0,66000000,66000000,538000000.0,74000000.0,1.669,5.414,3590000000,11000000.0,3579000000.0,3590000000,0,131000000.0,0,0.0,0.0,191000000.0,322000000.0,0.369,322000000.0,191000000.0,119000000.0,1.11,0.98,1.11,875000000,,875000000,4069026082,6.0,3.363,20000000.0,0.334,1.0,335000000.0,0.384,1393000000,72000000.0,7275000000,,78000000,0,0.0,0.0,4737000000,468000000.0,4269000000.0,545026082,-14000000.0,-17000000.0,-602000000.0,591000000.0,0.0,-14000000.0,-121000000.0,0.0,124000000.0,-3000000.0,76000000.0,76000000.0,76000000.0,0.0,-2000000.0,0.087,147000000.0,188000000.0,211000000,0.0,0.623,8.385,14.0,3367000000,0.0,9.1,0.16,0.16,507000000,341000000,873000000.0,873000000.0,0.0,,,,,2000000.0,133000000.0,1.0,59892976,59892976,,14.576,4219000000,80000000,43000000.0,631000000,70.442,313000000.0
52,URI,ARQ,2008-06-30,2008-07-30,2008-06-30,2021-07-28,84000000,5609000000,,768000000.0,4841000000.0,,23.845,-247000000.0,80000000,80000000,548000000.0,37000000.0,1.313,2.967,2995000000,12000000.0,2983000000.0,2995000000,0,123000000.0,0,0.0,0.0,127000000.0,250000000.0,0.301,250000000.0,127000000.0,76000000.0,-2.33,-2.33,-2.33,1414000000,,1414000000,3863780928,5.0,3.139,-26000000.0,-0.438,1.0,283000000.0,0.341,1395000000,51000000.0,6544000000,,94000000,0,0.0,0.0,4195000000,585000000.0,3610000000.0,948780928,-435000000.0,0.0,0.0,-156000000.0,0.0,-410000000.0,-247000000.0,0.0,221000000.0,1000000.0,37000000.0,-202000000.0,-202000000.0,0.0,0.0,-0.243,155000000.0,128000000.0,311000000,0.0,0.671,9.394,25.0,3370000000,239000000.0,16.0,0.269,0.269,478000000,267000000,831000000.0,831000000.0,0.0,,,,,1000000.0,126000000.0,1.0,59298808,59298808,,14.014,4214000000,44000000,39000000.0,562000000,71.064,183000000.0
53,URI,ARQ,2008-03-31,2008-04-30,2008-03-31,2021-07-28,77000000,5872000000,,1190000000.0,4682000000.0,,23.633,-83000000.0,515000000,515000000,524000000.0,38000000.0,1.836,1.876,2716000000,157000000.0,2559000000.0,2716000000,0,124000000.0,0,0.0,0.0,102000000.0,226000000.0,0.293,226000000.0,102000000.0,59000000.0,0.37,0.34,0.37,2042000000,,2042000000,3828892186,5.0,3.008,143000000.0,1.655,1.0,248000000.0,0.321,1396000000,43000000.0,6029000000,,95000000,0,0.0,0.0,3830000000,648000000.0,3182000000.0,1627892186,134000000.0,0.0,0.0,-7000000.0,0.0,-7000000.0,-83000000.0,0.0,226000000.0,-2000000.0,38000000.0,38000000.0,38000000.0,0.0,0.0,0.049,146000000.0,102000000.0,275000000,0.0,0.797,4.4,5.162,3236000000,0.0,18.84,0.445,0.445,452000000,469000000,772000000.0,772000000.0,0.0,,,,,1000000.0,131000000.0,1.0,86406167,86406167,,8.935,4476000000,74000000,21000000.0,559000000,51.802,542000000.0
54,URI,ARQ,2007-12-31,2008-02-29,2007-12-31,2021-07-28,92000000,5842000000,,1120000000.0,4722000000.0,,23.377,-45000000.0,381000000,381000000,591000000.0,153000000.0,2.154,1.895,2716000000,15000000.0,2701000000.0,2716000000,0,129000000.0,0,0.0,0.0,283000000.0,412000000.0,0.443,412000000.0,283000000.0,240000000.0,1.5,1.38,1.5,2018000000,,2018000000,4070118370,5.0,3.228,330000000.0,3.823,1.0,339000000.0,0.365,1404000000,43000000.0,6253000000,,91000000,0,0.0,0.0,3824000000,520000000.0,3304000000.0,1735118370,269000000.0,0.0,9000000.0,-72000000.0,0.0,-60000000.0,-45000000.0,0.0,375000000.0,-1000000.0,153000000.0,153000000.0,153000000.0,0.0,0.0,0.165,164000000.0,175000000.0,195000000,0.0,0.86,4.793,5.583,3266000000,0.0,20.1,0.465,0.465,519000000,431000000,930000000.0,930000000.0,0.0,,,,,3000000.0,148000000.0,1.0,86324297,86324297,,10.773,4438000000,72000000,87000000.0,539000000,51.411,600000000.0
55,URI,ARQ,2007-09-30,2007-11-01,2007-09-30,2021-07-28,107000000,5717000000,,919000000.0,4798000000.0,,21.74,-118000000.0,112000000,112000000,615000000.0,112000000.0,1.534,2.065,2759000000,78000000.0,2681000000.0,2759000000,0,124000000.0,0,0.0,0.0,219000000.0,343000000.0,0.345,343000000.0,219000000.0,173000000.0,1.1,0.98,1.1,1865000000,,1865000000,5585173206,9.0,4.996,46000000.0,0.536,1.0,379000000.0,0.381,1407000000,46000000.0,6358000000,,123000000,0,0.0,0.0,3852000000,599000000.0,3253000000.0,2938173206,8000000.0,-70000000.0,2000000.0,-61000000.0,0.0,-41000000.0,-122000000.0,0.0,164000000.0,7000000.0,112000000.0,112000000.0,112000000.0,-1000000.0,0.0,0.113,165000000.0,214000000.0,248000000,0.0,1.575,11.214,12.973,3333000000,0.0,34.25,0.832,0.832,582000000,278000000,994000000.0,994000000.0,0.0,,,,,2000000.0,152000000.0,1.0,85786079,85786079,,11.587,4310000000,51000000,61000000.0,472000000,50.241,320000000.0
56,URI,ARQ,2007-06-30,2007-08-01,2007-06-30,2021-07-28,78000000,5668000000,,928000000.0,4740000000.0,,20.508,-273000000.0,104000000,104000000,635000000.0,67000000.0,1.268,2.33,2776000000,121000000.0,2655000000.0,2776000000,0,118000000.0,0,0.0,0.0,174000000.0,292000000.0,0.302,292000000.0,174000000.0,116000000.0,0.68,0.6,0.68,1702000000,,1702000000,5311131481,8.0,4.755,-77000000.0,-0.928,1.0,331000000.0,0.343,1397000000,58000000.0,6211000000,,162000000,0,0.0,0.0,3966000000,732000000.0,3234000000.0,2639131481,0.0,0.0,13000000.0,53000000.0,0.0,74000000.0,-273000000.0,0.0,196000000.0,3000000.0,67000000.0,67000000.0,67000000.0,0.0,0.0,0.069,160000000.0,171000000.0,348000000,0.0,1.551,10.772,12.669,3281000000,0.0,31.8,0.732,0.732,553000000,166000000,966000000.0,966000000.0,0.0,,,,,6000000.0,147000000.0,1.0,82991556,82991556,,11.64,4271000000,48000000,49000000.0,449000000,51.463,196000000.0
57,URI,ARQ,2007-03-31,2007-05-02,2007-03-31,2021-07-28,51000000,5410000000,,894000000.0,4516000000.0,,19.36,-212000000.0,104000000,104000000,582000000.0,30000000.0,1.421,2.422,2716000000,61000000.0,2655000000.0,2716000000,0,117000000.0,0,0.0,0.0,97000000.0,214000000.0,0.254,214000000.0,97000000.0,48000000.0,0.31,0.28,0.31,1581000000,,1581000000,5350164581,9.0,4.864,-79000000.0,-0.967,1.0,259000000.0,0.308,1385000000,49000000.0,6008000000,,169000000,0,0.0,0.0,3829000000,629000000.0,3200000000.0,2738164581,-15000000.0,47000000.0,3000000.0,9000000.0,0.0,14000000.0,-164000000.0,0.0,133000000.0,2000000.0,30000000.0,30000000.0,30000000.0,2000000.0,0.0,0.036,160000000.0,99000000.0,344000000,0.0,1.732,11.702,13.913,3069000000,0.0,33.53,0.753,0.753,500000000,99000000,841000000.0,841000000.0,0.0,,,,,4000000.0,148000000.0,1.0,81663125,81663125,,10.298,4025000000,51000000,18000000.0,439000000,49.288,265000000.0
58,URI,ARQ,2006-12-31,2007-02-27,2006-12-31,2021-07-28,47000000,5366000000,,1005000000.0,4361000000.0,,19.077,-22000000.0,119000000,119000000,413000000.0,53000000.0,1.678,2.489,2702000000,37000000.0,2665000000.0,2702000000,0,122000000.0,0,0.0,0.0,147000000.0,269000000.0,0.368,269000000.0,147000000.0,97000000.0,0.55,0.5,0.55,1538000000,,1538000000,4897618919,8.0,4.501,230000000.0,2.853,1.0,317000000.0,0.434,1376000000,50000000.0,5974000000,,139000000,0,0.0,0.0,3828000000,599000000.0,3229000000.0,2314618919,-21000000.0,0.0,10000000.0,-323000000.0,0.0,-248000000.0,-22000000.0,0.0,252000000.0,-3000000.0,53000000.0,53000000.0,53000000.0,25000000.0,0.0,0.073,145000000.0,172000000.0,218000000,0.0,1.505,10.333,12.375,2920000000,0.0,28.71,0.636,0.636,502000000,69000000,730000000.0,730000000.0,0.0,,,,,5000000.0,133000000.0,1.0,80620652,80620652,,9.055,3990000000,82000000,44000000.0,463000000,49.491,406000000.0
59,URI,ARQ,2006-09-30,2006-10-31,2006-09-30,2021-07-28,60000000,5488000000,,,,,18.506,-102000000.0,140000000,140000000,680000000.0,95000000.0,,2.656,2957000000,,,2957000000,0,126000000.0,0,0.0,0.0,216000000.0,342000000.0,0.32,342000000.0,216000000.0,154000000.0,0.97,0.85,0.97,1501000000,,1501000000,4738472684,,,135000000.0,1.664,1.0,390000000.0,0.364,1370000000,62000000.0,6935000000,,174000000,0,,,3987000000,,,1921472684,-68000000.0,0.0,1000000.0,-143000000.0,0.0,-203000000.0,-102000000.0,0.0,237000000.0,0.0,95000000.0,95000000.0,95000000.0,0.0,0.0,0.089,174000000.0,216000000.0,267000000,0.0,1.28,,,3066000000,0.0,23.69,,,615000000,16000000,1070000000.0,1070000000.0,0.0,,,,,6000000.0,164000000.0,1.0,81109020,81109020,,13.192,4118000000,0,59000000.0,340000000,50.771,
60,URI,ARQ,2006-06-30,2006-08-08,2006-06-30,2021-07-28,63000000,5530000000,,,,,17.393,-306000000.0,208000000,208000000,657000000.0,56000000.0,,2.944,3116000000,,,3116000000,0,124000000.0,0,0.0,0.0,151000000.0,275000000.0,0.276,275000000.0,151000000.0,96000000.0,0.58,0.51,0.58,1402000000,,1402000000,4678094145,,,-163000000.0,-2.022,1.0,338000000.0,0.34,1372000000,55000000.0,7066000000,,195000000,0,,,4128000000,,,1770094145,-123000000.0,-16000000.0,63000000.0,-7000000.0,0.0,55000000.0,-322000000.0,0.0,143000000.0,1000000.0,56000000.0,56000000.0,56000000.0,0.0,0.0,0.056,188000000.0,150000000.0,284000000,0.0,1.263,,,3049000000,0.0,21.96,,,566000000,-79000000,995000000.0,995000000.0,0.0,,,,,4000000.0,164000000.0,1.0,80605380,80605380,,12.344,4158000000,0,40000000.0,293000000,51.585,
61,URI,ARQ,2006-03-31,2006-05-09,2006-03-31,2021-07-28,52000000,5361000000,,,,,15.77,-179000000.0,331000000,331000000,589000000.0,20000000.0,,3.285,3128000000,,,3128000000,0,115000000.0,0,0.0,0.0,87000000.0,202000000.0,0.239,202000000.0,87000000.0,33000000.0,0.21,0.19,0.21,1251000000,,1251000000,5777408188,,,47000000.0,0.592,1.0,257000000.0,0.304,1360000000,54000000.0,6798000000,,211000000,0,,,4110000000,,,2980408188,15000000.0,-23000000.0,0.0,-8000000.0,0.0,-8000000.0,-202000000.0,0.0,226000000.0,-1000000.0,20000000.0,20000000.0,20000000.0,0.0,0.0,0.024,169000000.0,88000000.0,318000000,0.0,2.382,,,2822000000,0.0,37.57,,,494000000,-135000000,846000000.0,846000000.0,0.0,,,,,1000000.0,153000000.0,1.0,79329470,79329470,,10.664,4001000000,0,13000000.0,274000000,50.435,
62,URI,ARQ,2005-12-31,2006-03-31,2005-12-31,2021-07-28,50000000,5274000000,,,,,15.754,,316000000,316000000,,,,3.291,3152000000,,,3152000000,0,,0,0.0,0.0,,,,,,,,,,1229000000,,1229000000,5527400924,11.0,5.74,,,1.0,,,1361000000,,6749000000,,174000000,0,,,4045000000,,,2691400924,,,,,,,,,,,,,,,,,,,211000000,,2.19,14.393,17.513,2697000000,,34.5,0.755,0.755,572000000,-155000000,,,,,,,,,,1.0,78011621,78011621,,,3913000000,0,,262000000,50.159,
63,URI,ARQ,2004-09-30,2004-11-09,2004-09-30,2021-07-28,26990000,4848735000,,,,,13.178,-116170000.0,149167000,149167000,572100000.0,-64381000.0,,3.727,3142720000,,,3142720000,0,110540000.0,0,0.0,0.0,-7376000.0,103164000.0,0.121,103164000.0,-7376000.0,-46538000.0,-0.83,-0.83,-0.83,1025806000,,1025806000,4301312074,-11.0,141.184,88969000.0,1.143,1.0,277618000.0,0.327,1327597000,39162000.0,6514691000,,123242000,0,,,3822929000,,,1307759074,76783000.0,-79000.0,748000.0,709000.0,0.0,-12189000.0,-116249000.0,0.0,205139000.0,82000.0,-64381000.0,-64381000.0,-64381000.0,0.0,0.0,-0.076,283491000.0,-5873000.0,262128000,0.0,1.275,-2.964,-2.932,2586764000,0.0,16.8,0.434,0.434,547450000,-325322000,849718000.0,849718000.0,0.0,,,,,5596000.0,128769000.0,1.0,77842802,77842802,,10.916,3521138000,0,17843000.0,138999000,45.234,
64,URI,ARQ,2004-06-30,2004-08-09,2004-06-30,2021-07-28,18624000,4833242000,,,,,13.835,-132807000.0,72384000,72384000,535634000.0,34962000.0,,3.493,3089660000,,,3089660000,0,108379000.0,0,0.0,0.0,94556000.0,202935000.0,0.262,202935000.0,94556000.0,56579000.0,0.45,0.36,0.45,1075721000,,1075721000,4489102051,-16.0,31.908,23702000.0,0.305,1.0,240406000.0,0.31,1463744000,37977000.0,6386774000,,119617000,0,,,3757521000,,,1471826051,-54760000.0,-209000.0,-4668000.0,-73225000.0,0.0,-77893000.0,-133016000.0,0.0,156509000.0,-360000.0,34962000.0,34962000.0,34962000.0,0.0,0.0,0.045,133289000.0,107117000.0,252548000,0.0,1.368,-4.268,-4.235,2557072000,0.0,18.93,0.496,0.496,495056000,-260941000,776040000.0,776040000.0,0.0,,,,,2662000.0,117605000.0,1.0,77750980,77750980,,9.981,3369498000,0,21617000.0,119685000,43.337,
65,URI,ARQ,2004-03-31,2004-05-10,2004-03-31,2021-07-28,23886000,4819297000,,,,,13.566,-115827000.0,127144000,127144000,480617000.0,-106603000.0,,3.605,3227739000,,,3227739000,0,107195000.0,0,0.0,0.0,-128015000.0,-20820000.0,-0.032,-20820000.0,-128015000.0,-177584000.0,-1.38,-1.38,-1.38,1046493000,,1046493000,4412031202,-16.0,34.069,86694000.0,1.124,1.0,164096000.0,0.255,1467592000,49569000.0,6452300000,,114140000,0,,,3772804000,,,1311436202,47695000.0,-60738000.0,3156000.0,17835000.0,0.0,20991000.0,-176565000.0,0.0,202521000.0,748000.0,-106603000.0,-106603000.0,-106603000.0,0.0,0.0,-0.165,131209000.0,32887000.0,239994000,0.0,1.253,-3.679,-3.68,2535709000,0.0,17.0,0.449,0.449,448445000,-295903000,644713000.0,644713000.0,0.0,,,,,9851000.0,114772000.0,1.0,77143306,77143306,,8.357,3351705000,0,-70981000.0,98071000,43.448,
66,URI,ARQ,2003-12-31,2004-03-15,2003-12-31,2021-07-28,25099000,4722141000,,,,,14.828,40388000.0,79449000,79449000,529841000.0,-305133000.0,,3.139,3038638000,,,3038638000,0,101512000.0,0,0.0,0.0,-356325000.0,-254813000.0,-0.343,-254813000.0,-356325000.0,-406857000.0,-3.97,-3.85,-3.97,1140875000,,1140875000,4269523777,-36.0,14.996,56225000.0,0.731,1.0,212354000.0,0.286,1441034000,50532000.0,6240296000,,105987000,0,,,3581266000,,,1310334777,3101000.0,-419000.0,865000.0,236177000.0,0.0,237042000.0,-238878000.0,0.0,15837000.0,-10900000.0,-305133000.0,-305133000.0,-305133000.0,0.0,0.0,-0.411,430196000.0,-217842000.0,150796000,0.0,1.149,-5.067,-5.084,2478093000,0.0,17.03,0.457,0.457,499433000,-189300000,742195000.0,742195000.0,0.0,,,,,2513000.0,115533000.0,1.0,76942735,76942735,,9.646,3281107000,0,-101724000.0,165052000,42.643,
67,URI,ARQ,2003-09-30,2003-11-14,2003-09-30,2021-07-28,12225000,4910860000,,,,,18.554,-11621000.0,76348000,76348000,546575000.0,31884000.0,,2.28,2555931000,,,2555931000,0,103385000.0,0,0.0,0.0,110002000.0,213387000.0,0.265,213387000.0,110002000.0,56582000.0,0.43,0.34,0.43,1429564000,,1429564000,3877237511,158.0,9.14,134706000.0,1.748,1.0,258559000.0,0.321,1732340000,53420000.0,5658103000,,111415000,0,,,3259746000,,,1397654511,45945000.0,-474000.0,237000.0,-28559000.0,0.0,-31897000.0,-68624000.0,0.0,146327000.0,139000.0,31884000.0,31884000.0,31884000.0,0.0,0.0,0.04,145153000.0,113406000.0,212103000,0.0,0.978,-8.606,-10.928,2304674000,0.0,18.14,0.496,0.496,535376000,115833000,805134000.0,805134000.0,0.0,,,,,14493000.0,127490000.0,1.0,77048209,77048209,,10.45,3178520000,0,24698000.0,265137000,41.254,
68,URI,ARQ,2003-06-30,2003-08-14,2003-06-30,2021-07-28,9256000,4833756000,,,,,18.092,-135684000.0,30403000,30403000,504990000.0,23391000.0,,2.309,2586011000,,,2586011000,0,99292000.0,0,0.0,0.0,92455000.0,191747000.0,0.263,191747000.0,92455000.0,38054000.0,0.3,0.25,0.3,1392186000,,1392186000,3663673384,122.0,8.611,-38196000.0,-0.496,1.0,223066000.0,0.306,1732153000,54401000.0,5657211000,,110488000,0,,,3215020000,,,1108065384,-2525000.0,-365000.0,0.0,33943000.0,0.0,33943000.0,-136049000.0,0.0,97488000.0,2093000.0,23391000.0,23391000.0,23391000.0,0.0,0.0,0.032,128432000.0,94634000.0,217533000,0.0,0.796,-7.218,-9.231,2317994000,0.0,14.4,0.396,0.396,488607000,83949000,728056000.0,728056000.0,0.0,,,,,7795000.0,111563000.0,1.0,76948985,76948985,,9.462,3101603000,0,14663000.0,230367000,40.307,
69,URI,ARQ,2003-03-31,2003-06-24,2003-03-31,2021-07-28,-10941000,4692076000,,,,,17.504,-89726000.0,32928000,32928000,437862000.0,-8723000.0,,2.332,2533631000,,,2533631000,0,97721000.0,0,0.0,0.0,36675000.0,134396000.0,0.227,134396000.0,36675000.0,-14300000.0,-0.11,-0.11,-0.11,1340303000,,1340303000,3572721290,52.0,7.776,-7072000.0,-0.092,1.0,153989000.0,0.26,1721697000,50975000.0,5471082000,,107781000,0,,,3125223000,,,1072018290,13697000.0,-4162000.0,0.0,15869000.0,0.0,15869000.0,-93888000.0,0.0,82654000.0,9062000.0,-8723000.0,-8723000.0,-8723000.0,0.0,0.0,-0.015,113739000.0,40250000.0,191657000,0.0,0.8,-8.522,-11.765,2256469000,0.0,14.0,0.381,0.381,422266000,60558000,591851000.0,591851000.0,0.0,,,,,1614000.0,96761000.0,1.0,76572735,76572735,,7.729,2970379000,0,-5577000.0,220754000,38.792,
70,URI,ARQ,2003-03-31,2003-05-15,2003-03-31,2021-07-28,-10941000,4692076000,,,,,17.369,-89726000.0,32928000,32928000,437862000.0,-8723000.0,,2.332,2533631000,,,2533631000,0,97721000.0,0,0.0,0.0,36675000.0,134396000.0,0.227,134396000.0,36675000.0,-14300000.0,-0.11,-0.11,-0.11,1340303000,,1340303000,3403549389,49.0,7.407,-7072000.0,-0.092,1.0,153989000.0,0.26,1721697000,50975000.0,5471082000,,107781000,0,,,3125223000,,,902846389,13697000.0,-4162000.0,0.0,15869000.0,0.0,15869000.0,-93888000.0,0.0,82654000.0,9062000.0,-8723000.0,-8723000.0,-8723000.0,0.0,0.0,-0.015,113739000.0,40250000.0,191657000,0.0,0.674,-7.177,-7.048,2256469000,0.0,11.7,0.321,0.321,422266000,60558000,591851000.0,591851000.0,0.0,,,,,1614000.0,96761000.0,1.0,77166358,77166358,,7.67,2970379000,0,-5577000.0,220754000,38.493,
71,URI,ARQ,2002-12-31,2003-03-28,2002-12-31,2021-07-28,-26848000,4690557000,,,,,17.398,9814000.0,19231000,19231000,486102000.0,-208951000.0,,2.353,2512798000,,,2512798000,0,99331000.0,0,0.0,0.0,-214643000.0,-115312000.0,-0.166,-115312000.0,-214643000.0,-264398000.0,-2.75,-3.31,-2.75,1331505000,,1331505000,3238979632,-17.0,16.95,170676000.0,2.23,1.0,208060000.0,0.3,1711012000,49755000.0,5473112000,,91798000,0,,,3132502000,,,745412632,-4695000.0,-9323000.0,0.0,-130119000.0,0.0,-156750000.0,-3851000.0,0.0,160862000.0,-4956000.0,-208951000.0,-208951000.0,-208951000.0,0.0,0.0,-0.301,415752000.0,-207692000.0,207038000,0.0,0.56,-1.874,-1.855,2271027000,0.0,9.74,0.264,0.264,466196000,69281000,694162000.0,694162000.0,0.0,,,,,2959000.0,122979000.0,1.0,76531071,76531071,,9.07,2979545000,0,-55447000.0,225587000,38.932,
72,URI,ARQ,2002-09-30,2002-11-14,2002-09-30,2021-07-28,-30125000,5103020000,,,,,19.628,-123079000.0,23926000,23926000,537356000.0,40767000.0,,2.207,2607336000,,,2607336000,0,99171000.0,0,0.0,0.0,115479000.0,214650000.0,0.274,214650000.0,115479000.0,66788000.0,0.53,0.43,0.53,1502730000,,1502730000,3267083727,26.0,6.292,64592000.0,0.844,1.0,245747000.0,0.314,1963403000,48691000.0,5723027000,,93190000,0,,,3317040000,,,683673727,-26000.0,-2953000.0,-4000.0,-58318000.0,0.0,-58322000.0,-125478000.0,0.0,187671000.0,-3897000.0,40767000.0,40767000.0,40767000.0,0.0,0.0,0.052,125884000.0,119863000.0,269491000,0.0,0.455,-4.363,-4.096,2334780000,0.0,8.93,0.242,0.242,541538000,278232000,783103000.0,783103000.0,0.0,,,,,2959000.0,110919000.0,1.0,76559208,76559208,,10.229,3139617000,0,26021000.0,278328000,41.009,
73,URI,ARQ,2002-06-30,2002-08-14,2002-06-30,2021-07-28,-20215000,5047834000,,,,,19.186,-165833000.0,23952000,23952000,491497000.0,51114000.0,,2.244,2653075000,,,2653075000,0,94414000.0,0,0.0,0.0,131326000.0,225740000.0,0.303,225740000.0,131326000.0,83794000.0,0.67,0.51,0.67,1468918000,,1468918000,3681098785,21.0,6.392,-37058000.0,-0.484,1.0,253262000.0,0.34,1972631000,47532000.0,5704326000,,107071000,0,,,3295666000,,,1051975785,-7298000.0,-111640000.0,859000.0,130327000.0,0.0,131186000.0,-277473000.0,0.0,128775000.0,10214000.0,51114000.0,51114000.0,51114000.0,0.0,0.0,0.069,120379000.0,132883000.0,252655000,0.0,0.716,-7.769,-7.387,2284077000,0.0,13.74,0.37,0.37,499482000,237465000,744759000.0,744759000.0,0.0,,,,,2732000.0,106525000.0,1.0,76563012,76563012,,9.727,3075203000,0,32680000.0,255662000,40.166,
74,URI,ARQ,2002-03-31,2002-05-15,2002-03-31,2021-07-28,-29387000,4759680000,,,,,18.3,-80225000.0,31250000,31250000,419757000.0,-280755000.0,,2.194,2518308000,,,2518308000,0,91934000.0,0,0.0,0.0,-225924000.0,-133990000.0,-0.224,-133990000.0,-225924000.0,-275907000.0,-3.82,-2.88,-3.82,1401556000,,1401556000,4452279522,33.0,8.062,-39624000.0,-0.517,1.0,179208000.0,0.299,1889770000,49983000.0,5356968000,,103891000,0,,,3074874000,,,1965221522,3924000.0,-48667000.0,36174000.0,68501000.0,0.0,93195000.0,-129446000.0,0.0,40601000.0,-426000.0,-280755000.0,-280755000.0,-280755000.0,0.0,0.0,-0.469,112379000.0,66829000.0,190454000,0.0,1.402,-11.366,-10.966,2140714000,0.0,25.66,0.686,0.686,422181000,186351000,598965000.0,598965000.0,0.0,,,,,2793000.0,98495000.0,1.0,76586965,76586965,,7.821,2869910000,0,4848000.0,228792000,37.473,
75,URI,ARQ,2001-12-31,2002-03-29,2001-12-31,2021-07-28,-30127000,5061516000,,,,,21.553,-20634000.0,27326000,27326000,458407000.0,32174000.0,,1.929,2459522000,,,2459522000,0,107575000.0,0,0.0,0.0,105245000.0,212820000.0,0.302,212820000.0,105245000.0,54997000.0,0.44,0.34,0.44,1625510000,,1625510000,4504744580,11.0,5.284,241202000.0,3.198,1.0,245598000.0,0.349,2207701000,50248000.0,5286011000,,85764000,0,,,3136006000,,,2072548580,-3190000.0,-11741000.0,1639000.0,-227269000.0,0.0,-225630000.0,-32290000.0,0.0,261836000.0,-7106000.0,32174000.0,32174000.0,32174000.0,0.0,0.0,0.046,135554000.0,110044000.0,204773000,0.0,1.275,18.629,17.844,2157235000,0.0,27.48,0.718,0.718,450273000,467106000,704005000.0,704005000.0,0.0,,,,,2501000.0,109080000.0,1.0,75420254,75420254,,9.334,2853815000,0,22823000.0,297024000,37.839,
76,URI,ARQ,2001-09-30,2001-11-14,2001-09-30,2021-07-28,-23793000,5308246000,,,,,21.78,-67115000.0,30516000,30516000,490241000.0,62052000.0,,2.137,2698443000,,,2698443000,0,108559000.0,0,0.0,0.0,162798000.0,271357000.0,0.341,271357000.0,162798000.0,106072000.0,0.85,0.63,0.85,1596651000,,1596651000,4174411661,9.0,4.805,69304000.0,0.945,1.0,305242000.0,0.384,2216380000,56726000.0,5759793000,,105064000,0,,,3411595000,,,1506484661,-5619000.0,-7399000.0,622000.0,-62133000.0,0.0,-61511000.0,-74944000.0,0.0,136419000.0,-5583000.0,62052000.0,62052000.0,62052000.0,0.0,0.0,0.078,138007000.0,167235000.0,253813000,0.0,0.944,13.048,12.764,2245117000,0.0,20.55,0.514,0.514,539311000,434932000,795483000.0,795483000.0,0.0,,,,,2281000.0,110956000.0,1.0,73308256,73308256,,10.851,3091866000,0,44020000.0,267403000,42.176,
77,URI,ARQ,2001-06-30,2001-10-09,2001-06-30,2021-07-28,-14724000,5314646000,,,,,21.021,-186521000.0,36135000,36135000,481950000.0,13618000.0,,2.255,2759748000,,,2759748000,0,108684000.0,0,0.0,0.0,93391000.0,202075000.0,0.263,202075000.0,93391000.0,36332000.0,0.19,0.14,0.19,1540765000,,1540765000,4031932124,9.0,4.497,55867000.0,0.762,1.0,286063000.0,0.372,2209521000,57059000.0,5828738000,,114570000,0,,,3473881000,,,1308319124,9933000.0,-10106000.0,6402000.0,-49374000.0,0.0,-42972000.0,-198048000.0,0.0,242388000.0,8565000.0,13618000.0,13618000.0,13618000.0,0.0,0.0,0.018,168875000.0,117188000.0,312014000,0.0,0.849,10.158,9.754,2279980000,0.0,17.85,0.437,0.437,490555000,372880000,768013000.0,768013000.0,0.0,,,,,1394000.0,112822000.0,1.0,73295189,73295189,,10.478,3105125000,0,22714000.0,230106000,42.365,
78,URI,ARQ,2001-06-30,2001-08-14,2001-06-30,2021-07-28,-14724000,5314646000,,,,,21.05,-186521000.0,36135000,36135000,481950000.0,13618000.0,,2.255,2759748000,,,2759748000,0,108684000.0,0,0.0,0.0,93391000.0,202075000.0,0.263,202075000.0,93391000.0,36332000.0,0.19,0.14,0.19,1540765000,,1540765000,4440029278,9.0,4.952,55867000.0,0.763,1.0,286063000.0,0.372,2209521000,57059000.0,5828738000,,114570000,0,,,3473881000,,,1716416278,9933000.0,-10106000.0,6402000.0,-49374000.0,0.0,-42972000.0,-198048000.0,0.0,242388000.0,8565000.0,13618000.0,13618000.0,13618000.0,0.0,0.0,0.018,168875000.0,117188000.0,312014000,0.0,1.114,13.327,12.814,2279980000,0.0,23.45,0.573,0.573,490555000,372880000,768013000.0,768013000.0,0.0,,,,,1394000.0,112822000.0,1.0,73194724,73194724,,10.493,3105125000,0,22714000.0,230106000,42.423,
79,URI,ARQ,2001-03-31,2001-05-15,2001-03-31,2021-07-28,-18960000,5112112000,,,,,21.607,-75947000.0,26202000,26202000,416537000.0,3412000.0,,2.178,2751190000,,,2751190000,0,102908000.0,0,0.0,0.0,63362000.0,166270000.0,0.269,166270000.0,63362000.0,5832000.0,0.05,0.04,0.05,1514424000,,1514424000,4175134376,8.0,4.451,-19880000.0,-0.284,1.0,202567000.0,0.327,2221894000,57530000.0,5615206000,,127829000,0,,,3297688000,,,1450146376,-8182000.0,-27695000.0,-23004000.0,75129000.0,0.0,52125000.0,-104361000.0,0.0,56067000.0,-12013000.0,3412000.0,3412000.0,3412000.0,0.0,0.0,0.006,135000000.0,67567000.0,205864000,0.0,0.958,8.931,8.996,2147801000,0.0,20.69,0.49,0.49,420579000,359262000,619104000.0,619104000.0,0.0,,,,,0.0,108893000.0,1.0,70089240,70089240,,8.833,2890218000,0,2420000.0,214784000,41.236,
80,URI,ARQ,2000-12-31,2001-03-22,2000-12-31,2021-07-28,-6947000,5123933000,,,,,22.148,-76021000.0,34384000,34384000,480836000.0,36374000.0,,2.12,2675367000,,,2675367000,0,105285000.0,0,0.0,0.0,123689000.0,228974000.0,0.305,228974000.0,123689000.0,62178000.0,0.52,0.4,0.52,1545943000,,1545943000,3759176100,7.0,3.979,144064000.0,2.064,1.0,270084000.0,0.36,2227008000,61511000.0,5537908000,,133380000,0,,,3277990000,,,1118193100,2669000.0,-27377000.0,152000.0,-105674000.0,0.0,-105522000.0,-104526000.0,0.0,220085000.0,-7368000.0,36374000.0,36374000.0,36374000.0,0.0,0.0,0.048,142560000.0,127524000.0,260155000,0.0,0.723,6.34,6.46,2155074000,0.0,16.02,0.383,0.383,469594000,355850000,750920000.0,750920000.0,0.0,,,,,0.0,118869000.0,1.0,69799819,69799819,,10.758,2896925000,0,25804000.0,206243000,41.503,
81,URI,ARQ,2000-09-30,2000-11-14,2000-09-30,2021-07-28,421000,5265150000,,,,,21.437,-110388000.0,31715000,31715000,518329000.0,75391000.0,,2.295,2801333000,,,2801333000,0,109391000.0,0,0.0,0.0,189932000.0,299323000.0,0.348,299323000.0,189932000.0,128874000.0,1.07,0.79,1.07,1506985000,,1506985000,4026222331,8.0,4.298,-80577000.0,-1.146,1.0,340704000.0,0.397,2194710000,61058000.0,5840058000,,142078000,0,,,3458165000,,,1256604331,-1477000.0,-45343000.0,83000.0,125310000.0,0.0,125393000.0,-156443000.0,0.0,29811000.0,-238000.0,75391000.0,75391000.0,75391000.0,0.0,0.0,0.088,146381000.0,194323000.0,281352000,0.0,0.834,6.816,6.928,2201182000,0.0,17.875,0.443,0.443,549803000,319476000,859033000.0,859033000.0,0.0,,,,,0.0,124492000.0,1.0,70299543,70299543,,12.22,3070440000,0,53483000.0,163520000,43.677,
82,URI,ARQ,2000-06-30,2000-08-11,2000-06-30,2021-07-28,659000,5080622000,,,,,20.369,-274351000.0,33192000,33192000,458148000.0,47199000.0,,2.339,2613621000,,,2613621000,0,106235000.0,0,0.0,0.0,137209000.0,243444000.0,0.334,243444000.0,137209000.0,80682000.0,0.66,0.51,0.66,1431695000,,1431695000,4025725179,8.0,4.637,-105092000.0,-1.495,1.0,271798000.0,0.372,2134556000,56527000.0,5526495000,,156258000,0,,,3348927000,,,1445296179,-1710000.0,-136583000.0,-30949000.0,270321000.0,0.0,239372000.0,-411453000.0,0.0,169259000.0,1112000.0,47199000.0,47199000.0,47199000.0,0.0,0.0,0.065,129822000.0,141976000.0,395238000,0.0,1.01,8.751,8.979,2164917000,0.0,20.563,0.546,0.546,498892000,244085000,729946000.0,729946000.0,0.0,,,,,0.0,109119000.0,1.0,70286251,70286251,,10.385,2946066000,0,33483000.0,93672000,41.915,
83,URI,ARQ,2000-03-31,2000-05-15,2000-03-31,2021-07-28,-453000,4764482000,,,,,19.625,-153536000.0,34902000,34902000,372978000.0,17411000.0,,2.157,2489746000,,,2489746000,0,93521000.0,0,0.0,0.0,79445000.0,172966000.0,0.299,172966000.0,79445000.0,29762000.0,0.24,0.19,0.24,1414283000,,1414283000,3477312322,8.0,4.452,-59970000.0,-0.832,1.0,205984000.0,0.356,2013802000,49683000.0,5205524000,,145797000,0,,,3050199000,,,1022468322,11091000.0,-135054000.0,95000.0,208716000.0,0.0,208811000.0,-290516000.0,0.0,93566000.0,-770000.0,17411000.0,17411000.0,17411000.0,0.0,0.0,0.03,121868000.0,84116000.0,313200000,0.0,0.723,6.932,,2066432000,0.0,14.188,0.422,0.422,403050000,196886000,578962000.0,578962000.0,0.0,,,,,0.0,101850000.0,1.0,72065712,72065712,,8.034,2750680000,0,12351000.0,81851000,38.169,
84,URI,ARQ,1999-12-31,2000-03-30,1999-12-31,2021-07-28,317000,4497738000,,,,,19.393,-109620000.0,23811000,23811000,419155000.0,44347000.0,,2.004,2266148000,,,2266148000,0,99539000.0,0,0.0,0.0,121432000.0,220971000.0,0.33,220971000.0,121432000.0,75145000.0,0.61,0.47,0.61,1397486000,,1397486000,3377325202,9.0,4.657,-53355000.0,-0.74,1.0,249884000.0,0.373,1863372000,46287000.0,4876703000,,129473000,0,,,2800252000,,,1134988202,-7260000.0,-76024000.0,-528000.0,120845000.0,0.0,120317000.0,-184440000.0,0.0,56265000.0,598000.0,44347000.0,44347000.0,44347000.0,0.0,0.0,0.066,124060000.0,125824000.0,242946000,0.0,0.812,7.956,7.875,1964640000,0.0,15.75,0.508,0.508,434985000,179475000,669039000.0,669039000.0,0.0,,,,,0.0,104401000.0,1.0,72062743,72062743,,9.284,2634366000,0,30798000.0,81229000,36.557,
85,URI,ARQ,1999-09-30,1999-11-15,1999-09-30,2021-07-28,-142000,4525950000,,,,,18.781,-140159000.0,31071000,31071000,411639000.0,56208000.0,,2.123,2214589000,,,2214589000,0,93382000.0,0,0.0,0.0,137503000.0,230885000.0,0.345,230885000.0,137503000.0,95268000.0,0.78,0.6,0.78,1353208000,,1353208000,3336320720,10.0,5.219,51439000.0,0.714,1.0,256979000.0,0.384,1687934000,42235000.0,5021534000,,160287000,0,,,2872742000,,,1152802720,11243000.0,-323782000.0,9519000.0,130829000.0,0.0,284148000.0,-464503000.0,0.0,191598000.0,0.0,56208000.0,56208000.0,56208000.0,0.0,0.0,0.084,115021000.0,141958000.0,353470000,0.0,0.852,9.587,,2058192000,0.0,16.0,0.582,0.582,455791000,135128000,668618000.0,668618000.0,0.0,,,,,0.0,98333000.0,1.0,72050170,72050170,,9.28,2838016000,0,39060000.0,89123000,39.389,
86,URI,ARQ,1999-06-30,1999-08-16,1999-06-30,2021-07-28,-301000,3846182000,,,,,19.853,-251448000.0,37309000,37309000,319598000.0,29540000.0,,1.689,1947876000,,,1947876000,0,79304000.0,0,0.0,0.0,76924000.0,156228000.0,0.31,156228000.0,76924000.0,49991000.0,,,,1430370000,,1430370000,3675734940,19.0,6.78,-174400000.0,-2.421,1.0,184064000.0,0.365,1381739000,26933000.0,4375010000,,149267000,0,,,2415812000,,,1765167940,-91018000.0,-443972000.0,17501000.0,510912000.0,0.0,528413000.0,-696479000.0,0.0,77048000.0,0.0,29540000.0,29540000.0,29540000.0,0.0,0.0,0.059,97812000.0,86252000.0,215148000,,1.234,54.236,,1833000000,0.0,24.5,1.044,1.044,355592000,76627000,503662000.0,503662000.0,0.0,,,,,0.0,84601000.0,1.0,72047671,72047671,,6.991,2464443000,0,20451000.0,63674000,34.206,
87,URI,ARQ,1999-03-31,1999-05-17,1999-03-31,2021-07-28,-303000,3053584000,,,,,15.58,-104856000.0,110846000,110846000,258318000.0,16225000.0,,1.469,1260545000,,,1260545000,0,71283000.0,0,0.0,0.0,51892000.0,123175000.0,0.314,123175000.0,51892000.0,27519000.0,0.24,0.18,0.24,1115081000,,1115081000,3193945941,29.0,8.216,-8407000.0,-0.117,1.0,133991000.0,0.342,1045100000,24373000.0,3158183000,,98794000,0,,,1638503000,,,2044246941,90436000.0,-144707000.0,65198000.0,-108063000.0,0.0,244135000.0,-250148000.0,0.0,96449000.0,0.0,16225000.0,16225000.0,16225000.0,0.0,0.0,0.041,77430000.0,56561000.0,197601000,0.0,1.833,960.458,129.832,1440238000,0.0,28.563,1.716,1.716,260445000,53034000,392309000.0,392309000.0,0.0,,,,,0.0,65260000.0,1.0,71569756,71569756,,5.481,2008484000,0,11294000.0,50756000,28.063,
88,URI,ARQ,1998-12-31,1999-03-29,1998-12-31,2021-07-28,-281000,2634663000,,,,,10.259,-25383000.0,20410000,20410000,266622000.0,18274000.0,,2.215,1314574000,,,1314574000,0,67495000.0,0,0.0,0.0,61531000.0,129026000.0,0.31,129026000.0,61531000.0,36544000.0,0.27,0.25,0.27,726230000,,726230000,3497447908,29.0,10.526,-17352000.0,-0.245,1.0,149398000.0,0.359,922065000,24987000.0,3006762000,,70994000,0,,,1608433000,,,2203283908,-1385000.0,-69239000.0,631000.0,80684000.0,3536000.0,81315000.0,-90450000.0,0.0,8031000.0,-281000.0,18274000.0,18274000.0,18274000.0,0.0,0.0,0.044,83374000.0,66024000.0,121940000,0.0,3.034,163.679,155.625,1328517000,0.0,31.125,1.806,1.806,233282000,36809000,416020000.0,416020000.0,0.0,,,,,0.0,66857000.0,1.0,70788238,70788238,,5.877,1712598000,0,18270000.0,43560000,24.193,
89,URI,ARQ,1998-09-30,1998-11-16,1998-09-30,2021-07-28,-283000,2557002000,,,,,10.35,-421764099.0,21795000,21795000,240357000.0,-31493000.0,,2.188,1235508000,,,1235508000,0,132887863.0,0,0.0,0.0,862000.0,133749863.0,0.353,133749863.0,862000.0,-23062000.0,-0.46,-0.41,-0.46,708038000,,708038000,3017973050,192.0,17.808,-223007386.0,-3.26,1.0,138717000.0,0.366,819094000,23924000.0,2951621000,,74895000,0,,,1548964000,,,1804260050,-51362038.0,-835914000.0,206993000.0,506372045.0,-2267205.0,1011972348.0,-1262091099.0,0.0,198756713.0,0.0,-31493000.0,-31493000.0,-31493000.0,0.0,0.0,-0.083,113830000.0,24887000.0,137339000,0.0,2.548,-76.375,,1372070000,0.0,26.375,3.826,3.826,232448000,18535000,379074000.0,379074000.0,0.0,,,,,0.0,60413000.0,1.0,68407964,68407964,,5.541,1737908000,0,8431000.0,20761000,25.405,
90,URI,ARQ,1998-06-30,1998-09-28,1998-06-30,2021-07-28,0,150366175,,,,,1.099,17808928.0,1784124,1784124,5127284.0,-877592.0,,2.955,94818830,,,94818830,2653308,5104881.0,0,0.0,0.0,-2297537.0,2807344.0,0.677,2807344.0,-2297537.0,-5345063.0,,,,38020393,,38020393,810655258,56.0,22.867,19576597.0,0.566,1.0,-977536.0,-0.236,3639033,3047526.0,239761848,,4507505,0,,,112345782,,,717620552,14568559.0,138170090.0,-206456306.0,64662710.0,-1268795.0,-143936899.0,156737789.0,0.0,1767669.0,0.0,-877592.0,-877592.0,-877592.0,0.0,0.0,-0.211,1137679.0,-2115215.0,8833191,,18.875,94.474,,116884902,0.0,20.75,7.756,7.756,16528382,37655085,4149748.0,4149748.0,0.0,,,,,0.0,1865583.0,1.0,34584123,34584123,,0.12,146727142,0,-4467471.0,2382731,4.243,
91,URI,ARQ,1998-06-30,1998-08-14,1998-06-30,2021-07-28,-18786,889164469,,,,,12.098,-48584818.0,5486092,5486092,55075819.0,5581725.0,,1.125,389181344,,,389181344,0,12710230.0,0,0.0,0.0,13209071.0,25919301.0,0.294,25919301.0,13209071.0,9445081.0,0.17,0.14,0.17,418394166,,418394166,1464449096,,,-27335882.0,-0.79,1.0,33085295.0,0.375,429027657,3763990.0,843832064,,33255606,0,,,470770303,,,1080753844,-49298915.0,-233619549.0,0.0,214392747.0,0.0,214392747.0,-284940598.0,0.0,21248936.0,0.0,5581725.0,5581725.0,5581725.0,0.0,0.0,0.063,20023068.0,13062227.0,55855965,0.0,2.583,,,331305311,0.0,31.25,,,67202625,8253698,88161114.0,88161114.0,0.0,,,,,0.0,17294256.0,1.0,34584123,34584123,,2.549,460136812,0,3863356.0,2375648,13.305,
92,URI,ARQ,1998-03-31,1998-05-14,1998-03-31,2021-07-28,-1671,450127183,,,,,11.439,-15192829.0,54785007,54785007,25036658.0,2638351.0,,0.17,26494068,,,26494068,0,5670256.0,0,0.0,0.0,5640856.0,11311112.0,0.289,11311112.0,5640856.0,4468138.0,0.1,0.09,0.1,384633278,,384633278,1190568730,,,-7619211.0,-0.227,1.0,14153508.0,0.361,186314455,1172718.0,235521789,,14933813,0,,,65493905,,,1218859669,-13822521.0,-138170090.0,206456306.0,-73730755.0,0.0,132725551.0,-154121690.0,0.0,7573618.0,0.0,2638351.0,2638351.0,2638351.0,0.0,0.0,0.067,8893355.0,5260153.0,28149318,0.0,3.169,,,152644389,0.0,36.25,,,31443000,2671973,39190166.0,39190166.0,0.0,,,,,0.0,7806931.0,1.0,33623715,33623715,,1.166,263812728,0,1829787.0,544820,7.846,
93,URI,ARQ,1997-12-31,1998-03-13,1997-12-31,2021-07-28,0,169110412,,,,,4.73,,68607528,68607528,,,,0.072,1074474,,,1074474,0,,0,0.0,0.0,,,,,,,,,,157730031,,157730031,782734050,1540.0,432.675,,,1.0,,,50533736,,51043622,,3827446,0,,,11380381,,,850267104,,,,,,,,,,,,,,,,,,,5697830,,5.391,25289.01,,35680244,,25.5,79.962,79.962,7494636,33622,,,,,,,,,,1.0,33343808,33343808,,,118576676,0,,198249,3.556,
94,URI,ARQ,1997-09-30,1997-12-18,1997-09-30,2021-07-28,0,54851474,,,,,2.312,-101248.0,54637568,54637568,0.0,-273457.0,,0.003,0,,,0,0,1542.0,0,0.0,0.0,-273457.0,-271915.0,,-271915.0,-273457.0,-273457.0,-0.02,,-0.02,52834315,,52834315,288099217,,,-334836.0,-0.015,1.0,0.0,,0,0.0,213906,,0,0,,,152527,,,342736785,54637568.0,0.0,54972404.0,0.0,0.0,54972404.0,-101248.0,0.0,-233588.0,0.0,-273457.0,-273457.0,-273457.0,0.0,0.0,,348055.0,-348055.0,67701,0.0,6.487,,,99706,0.0,15.0,,,0,-273457,0.0,0.0,0.0,,,,,0.0,348055.0,1.0,22849119,22849119,,0.0,54851474,0,0.0,0,2.401,
0,URI,ART,2021-06-30,2021-07-28,2021-06-30,2021-07-28,-117000000,19641000000,18239750000.0,2154000000.0,17487000000.0,0.483,70.369,-993000000.0,336000000,336000000,5466000000.0,1001000000.0,0.847,2.856,10790000000,852000000.0,9938000000.0,10790000000,0,1913000000.0,0,0.0,0.0,1916000000.0,3829000000.0,0.435,3829000000.0,1916000000.0,1314000000.0,13.82,13.77,13.82,5094000000,4636250000.0,5094000000,34045222399,18.0,8.891,2138000000.0,29.534,1.0,3344000000.0,0.38,6421000000,602000000.0,21130000000,20288250000.0,174000000,0,0.0,0.0,14547000000,2544000000.0,12003000000.0,23591222399,209000000.0,-1435000000.0,-42000000.0,-508000000.0,0.0,-550000000.0,-2390000000.0,-3000000.0,3131000000.0,18000000.0,1001000000.0,1001000000.0,1001000000.0,0.0,0.0,0.114,1430000000.0,1914000000.0,897000000,0.0,4.631,23.568,23.581,11024000000,0.0,325.89,2.678,2.678,1400000000,6661000000,8810000000.0,8810000000.0,0.0,0.055,0.216,0.094,0.217,98000000.0,1041000000.0,1.0,72390139,72390139,,121.702,13220000000,0,313000000.0,1911000000,182.622,-390000000.0
1,URI,ART,2021-03-31,2021-04-28,2021-03-31,2021-07-28,-140000000,17542000000,17804500000.0,2004000000.0,15538000000.0,0.475,65.558,-254000000.0,278000000,278000000,5292000000.0,920000000.0,1.089,2.697,9623000000,585000000.0,9038000000.0,9623000000,0,1928000000.0,0,0.0,0.0,1820000000.0,3748000000.0,0.443,3748000000.0,1820000000.0,1188000000.0,12.73,12.68,12.73,4745000000,4339500000.0,4745000000,32857039429,18.0,8.767,2518000000.0,34.79,1.0,3170000000.0,0.375,5759000000,632000000.0,19287000000,20229000000.0,114000000,0,0.0,0.0,12797000000,1841000000.0,10956000000.0,23512039429,-235000000.0,-3000000.0,-40000000.0,-2760000000.0,0.0,-2800000000.0,-218000000.0,-2000000.0,2772000000.0,11000000.0,920000000.0,920000000.0,920000000.0,0.0,0.0,0.109,1356000000.0,1814000000.0,562000000,0.0,4.955,25.557,25.518,9741000000,0.0,324.85,2.779,2.779,1254000000,6368000000,8462000000.0,8462000000.0,0.0,0.052,0.212,0.09,0.215,78000000.0,962000000.0,1.0,72378142,72378142,,116.914,11783000000,0,268000000.0,1773000000,162.798,163000000.0
2,URI,ART,2020-12-31,2021-01-27,2020-12-31,2021-07-28,-146000000,17868000000,18136000000.0,2017000000.0,15851000000.0,0.47,62.951,-258000000.0,202000000,202000000,5347000000.0,890000000.0,1.067,2.931,10231000000,704000000.0,9527000000.0,10231000000,0,1988000000.0,0,0.0,0.0,1808000000.0,3796000000.0,0.445,3796000000.0,1808000000.0,1139000000.0,12.24,12.2,12.24,4545000000,4062000000.0,4545000000,27087522941,15.0,7.136,2400000000.0,33.241,1.0,3183000000.0,0.373,5816000000,669000000.0,20191000000,21042500000.0,125000000,0,0.0,0.0,13323000000,1890000000.0,11433000000.0,17058522941,150000000.0,-2000000.0,-285000000.0,-2008000000.0,0.0,-2293000000.0,-223000000.0,-3000000.0,2658000000.0,8000000.0,890000000.0,890000000.0,890000000.0,0.0,0.0,0.104,1383000000.0,1800000000.0,466000000,0.0,3.753,19.167,19.303,9997000000,0.0,236.27,2.0,2.0,1315000000,6165000000,8530000000.0,8530000000.0,0.0,0.049,0.219,0.086,0.212,70000000.0,979000000.0,1.0,72199276,72199276,,118.145,12052000000,0,249000000.0,1768000000,166.927,127000000.0
3,URI,ART,2020-09-30,2020-10-28,2020-09-30,2021-07-28,-214000000,17908000000,18411500000.0,1728000000.0,16180000000.0,0.473,57.682,-280000000.0,174000000,174000000,5428000000.0,931000000.0,0.902,3.304,10575000000,700000000.0,9875000000.0,10575000000,0,2024000000.0,0,0.0,0.0,1899000000.0,3923000000.0,0.451,3923000000.0,1899000000.0,1185000000.0,12.63,12.58,12.63,4161000000,3883250000.0,4161000000,22716887011,12.0,5.791,2450000000.0,33.963,1.0,3279000000.0,0.377,5848000000,714000000.0,20545000000,21652750000.0,108000000,0,0.0,0.0,13747000000,1916000000.0,11831000000.0,12315887011,114000000.0,-4000000.0,-485000000.0,-1885000000.0,0.0,-2370000000.0,-247000000.0,-3000000.0,2730000000.0,1000000.0,931000000.0,931000000.0,931000000.0,0.0,0.0,0.107,1390000000.0,1889000000.0,541000000,0.0,2.96,13.229,13.518,10302000000,0.0,170.73,1.414,1.414,1324000000,5868000000,8707000000.0,8707000000.0,0.0,0.051,0.24,0.088,0.218,62000000.0,989000000.0,1.0,72136631,72136631,,120.702,12060000000,0,254000000.0,1818000000,167.183,-188000000.0
4,URI,ART,2020-06-30,2020-07-29,2020-06-30,2021-07-28,-247000000,17900000000,18785750000.0,1622000000.0,16278000000.0,0.48,54.203,-711000000.0,127000000,127000000,5582000000.0,1114000000.0,0.844,3.582,10937000000,806000000.0,10131000000.0,10937000000,0,2051000000.0,0,0.0,0.0,2003000000.0,4054000000.0,0.45,4054000000.0,2003000000.0,1420000000.0,14.85,14.79,14.85,3907000000,3755500000.0,3907000000,22589358867,11.0,5.572,2184000000.0,30.3,1.0,3426000000.0,0.38,5896000000,583000000.0,20893000000,22212500000.0,107000000,0,0.0,0.0,13993000000,1921000000.0,12072000000.0,11779358867,52000000.0,-56000000.0,-690000000.0,-1408000000.0,0.0,-2098000000.0,-745000000.0,-3000000.0,2895000000.0,0.0,1114000000.0,1114000000.0,1114000000.0,0.0,0.0,0.124,1432000000.0,1994000000.0,316000000,0.0,3.015,10.574,11.005,10361000000,0.0,163.42,1.308,1.308,1226000000,5660000000,9008000000.0,9008000000.0,0.0,0.059,0.297,0.09,0.222,58000000.0,1030000000.0,1.0,72080277,72080277,,124.972,12004000000,0,306000000.0,1820000000,166.537,-299000000.0
5,URI,ART,2020-03-31,2020-04-29,2020-03-31,2021-07-28,-292000000,18868000000,19072500000.0,2214000000.0,16654000000.0,0.491,50.451,-1427000000.0,513000000,513000000,5723000000.0,1172000000.0,1.109,4.191,12127000000,854000000.0,11273000000.0,12127000000,0,2065000000.0,0,0.0,0.0,2153000000.0,4218000000.0,0.451,4218000000.0,2153000000.0,1520000000.0,15.36,15.3,15.36,3635000000,3648250000.0,3635000000,20834894242,10.0,4.94,1574000000.0,21.846,1.0,3636000000.0,0.389,5945000000,633000000.0,22541000000,22608250000.0,115000000,0,0.0,0.0,15233000000,1996000000.0,13237000000.0,9220894242,461000000.0,-76000000.0,-895000000.0,-159000000.0,0.0,-1054000000.0,-1484000000.0,-4000000.0,3001000000.0,-2000000.0,1172000000.0,1172000000.0,1172000000.0,0.0,0.0,0.125,1494000000.0,2142000000.0,484000000,0.0,2.537,7.868,8.332,10688000000,0.0,127.98,0.985,0.985,1413000000,5448000000,9359000000.0,9359000000.0,0.0,0.061,0.321,0.095,0.23,59000000.0,1079000000.0,1.0,72049494,72049494,,129.897,12923000000,0,348000000.0,1878000000,179.363,218000000.0
6,URI,ART,2019-12-31,2020-01-29,2019-12-31,2021-07-28,-186000000,18970000000,19002000000.0,1842000000.0,17128000000.0,0.492,51.495,-1482000000.0,52000000,52000000,5681000000.0,1174000000.0,0.838,3.953,11961000000,997000000.0,10964000000.0,11961000000,0,2038000000.0,0,0.0,0.0,2162000000.0,4200000000.0,0.449,4200000000.0,2162000000.0,1514000000.0,15.18,15.11,15.18,3830000000,3583250000.0,3830000000,23233410128,11.0,5.532,1542000000.0,20.733,1.0,3670000000.0,0.392,6049000000,648000000.0,22632000000,22520250000.0,120000000,0,0.0,0.0,15140000000,2198000000.0,12942000000.0,11324410128,9000000.0,-249000000.0,-859000000.0,-446000000.0,0.0,-1305000000.0,-1710000000.0,-3000000.0,3024000000.0,0.0,1174000000.0,1174000000.0,1174000000.0,0.0,0.0,0.126,1518000000.0,2152000000.0,454000000,0.0,2.957,9.646,10.03,11060000000,0.0,152.26,1.211,1.211,1530000000,5275000000,9351000000.0,9351000000.0,0.0,0.062,0.328,0.096,0.231,61000000.0,1092000000.0,1.0,74375477,74375477,,125.727,12921000000,0,340000000.0,1887000000,173.727,-356000000.0
7,URI,ART,2019-09-30,2019-10-16,2019-09-30,2021-07-28,-217000000,19405000000,18792750000.0,1881000000.0,17524000000.0,0.49,48.566,-1517000000.0,60000000,60000000,5498000000.0,1146000000.0,0.712,4.316,12186000000,973000000.0,11213000000.0,12186000000,0,1992000000.0,0,0.0,0.0,2126000000.0,4118000000.0,0.448,4118000000.0,2126000000.0,1506000000.0,14.58,14.49,14.58,3650000000,3476500000.0,3650000000,21270223098,10.0,5.165,1795000000.0,23.884,1.0,3703000000.0,0.402,6104000000,620000000.0,22784000000,22257000000.0,130000000,0,0.0,0.0,15755000000,2643000000.0,13112000000.0,9144223098,-5000000.0,-2408000000.0,-865000000.0,1453000000.0,0.0,588000000.0,-3907000000.0,-4000000.0,3312000000.0,2000000.0,1146000000.0,1146000000.0,1146000000.0,0.0,0.0,0.125,1587000000.0,2116000000.0,839000000,0.0,2.505,7.979,8.345,11401000000,0.0,121.67,0.994,0.994,1595000000,4937000000,9201000000.0,9201000000.0,0.0,0.061,0.33,0.096,0.231,74000000.0,1126000000.0,1.0,75155939,75155939,,122.425,13301000000,0,360000000.0,1800000000,176.979,-762000000.0
8,URI,ART,2019-06-30,2019-07-17,2019-06-30,2021-07-28,-194000000,19047000000,18030000000.0,1840000000.0,17207000000.0,0.49,45.074,-1466000000.0,75000000,75000000,5221000000.0,1088000000.0,0.726,4.476,12192000000,995000000.0,11197000000.0,12192000000,0,1891000000.0,0,0.0,0.0,2047000000.0,3938000000.0,0.446,3938000000.0,2047000000.0,1456000000.0,13.53,13.42,13.53,3478000000,3397500000.0,3478000000,22263135783,11.0,5.653,1328000000.0,17.21,1.0,3608000000.0,0.409,6153000000,591000000.0,22476000000,21329000000.0,135000000,0,0.0,0.0,15569000000,2535000000.0,13034000000.0,10146135783,-42000000.0,-3103000000.0,-866000000.0,2581000000.0,0.0,1715000000.0,-4552000000.0,-3000000.0,2794000000.0,1000000.0,1088000000.0,1088000000.0,1088000000.0,0.0,0.0,0.123,1570000000.0,2038000000.0,752000000,0.0,2.917,9.325,9.718,11036000000,0.0,131.49,1.149,1.149,1525000000,4546000000,8829000000.0,8829000000.0,0.0,0.06,0.32,0.096,0.232,90000000.0,1118000000.0,1.0,77162794,77162794,,114.42,12894000000,0,368000000.0,1743000000,167.101,-695000000.0
9,URI,ART,2019-03-31,2019-04-17,2019-03-31,2021-07-28,-216000000,18586000000,17045250000.0,1720000000.0,16866000000.0,0.495,42.926,-1575000000.0,52000000,52000000,4951000000.0,1088000000.0,0.769,4.507,12103000000,930000000.0,11173000000.0,12103000000,0,1777000000.0,0,0.0,0.0,1987000000.0,3764000000.0,0.447,3764000000.0,1987000000.0,1464000000.0,13.3,13.18,13.3,3375000000,3319000000.0,3375000000,21938767068,11.0,5.829,1303000000.0,16.573,1.0,3479000000.0,0.413,6210000000,523000000.0,22189000000,19923500000.0,123000000,0,0.0,0.0,15211000000,2238000000.0,12973000000.0,9887767068,-226000000.0,-3087000000.0,-829000000.0,2365000000.0,0.0,1536000000.0,-4638000000.0,-3000000.0,2878000000.0,-2000000.0,1088000000.0,1088000000.0,1088000000.0,0.0,0.0,0.129,1500000000.0,1979000000.0,557000000,0.0,2.93,9.088,9.456,10640000000,0.0,125.76,1.173,1.173,1487000000,4276000000,8430000000.0,8430000000.0,0.0,0.064,0.328,0.1,0.236,98000000.0,1086000000.0,1.0,78624102,78624102,,107.219,12376000000,0,376000000.0,1714000000,157.407,-518000000.0
10,URI,ART,2018-12-31,2019-01-23,2018-12-31,2021-07-28,-237000000,18133000000,16070750000.0,1761000000.0,16372000000.0,0.501,42.756,-1604000000.0,43000000,43000000,4683000000.0,1096000000.0,0.832,4.329,11747000000,903000000.0,10844000000.0,11747000000,0,1671000000.0,0,0.0,0.0,1957000000.0,3628000000.0,0.451,3628000000.0,1957000000.0,1476000000.0,13.26,13.12,13.26,3403000000,3239750000.0,3403000000,20938157334,11.0,5.771,1249000000.0,15.693,1.0,3364000000.0,0.418,6142000000,481000000.0,21579000000,18618000000.0,109000000,0,0.0,0.0,14730000000,2116000000.0,12614000000.0,9234157334,-309000000.0,-2966000000.0,-815000000.0,2212000000.0,0.0,1397000000.0,-4551000000.0,-3000000.0,2853000000.0,-8000000.0,1096000000.0,1096000000.0,1096000000.0,0.0,0.0,0.136,1413000000.0,1951000000.0,536000000,0.0,2.714,8.425,8.75,10214000000,0.0,116.02,1.148,1.148,1545000000,4101000000,8047000000.0,8047000000.0,0.0,0.068,0.338,0.105,0.243,102000000.0,1038000000.0,1.0,79591082,79591082,,101.104,11991000000,0,380000000.0,1687000000,150.658,-355000000.0
11,URI,ART,2018-09-30,2018-10-17,2018-09-30,2021-07-28,-178000000,16354000000,15295000000.0,1692000000.0,14662000000.0,0.501,41.108,-1744000000.0,65000000,65000000,4470000000.0,1683000000.0,0.811,3.905,10078000000,896000000.0,9182000000.0,10078000000,0,1591000000.0,0,0.0,0.0,1852000000.0,3443000000.0,0.449,3443000000.0,1852000000.0,1387000000.0,20.05,19.83,20.05,3334000000,3165500000.0,3334000000,21289508563,11.0,6.183,843000000.0,10.394,1.0,3193000000.0,0.417,5208000000,465000000.0,19072000000,17596500000.0,104000000,0,0.0,0.0,13020000000,2087000000.0,10933000000.0,11276508563,-259000000.0,-2119000000.0,-632000000.0,1645000000.0,0.0,1013000000.0,-3846000000.0,-1000000.0,2587000000.0,-13000000.0,1683000000.0,1683000000.0,1683000000.0,0.0,0.0,0.22,1343000000.0,1850000000.0,688000000,0.0,3.382,6.7,6.935,9439000000,0.0,139.04,1.472,1.472,1438000000,3791000000,7663000000.0,7663000000.0,0.0,0.11,0.532,0.105,0.242,96000000.0,991000000.0,1.0,81102622,81102622,,94.485,11146000000,0,-296000000.0,1628000000,137.431,-395000000.0
12,URI,ART,2018-06-30,2018-07-18,2018-06-30,2021-07-28,-196000000,15108000000,14642500000.0,1506000000.0,13602000000.0,0.499,38.236,-1560000000.0,117000000,117000000,4285000000.0,1549000000.0,0.676,3.775,8986000000,900000000.0,8086000000.0,8986000000,0,1526000000.0,0,0.0,0.0,1727000000.0,3253000000.0,0.445,3253000000.0,1727000000.0,1249000000.0,18.36,18.15,18.36,3164000000,2884750000.0,3164000000,21687536829,13.0,6.667,982000000.0,11.867,1.0,3028000000.0,0.414,4894000000,478000000.0,16854000000,16770000000.0,94000000,0,0.0,0.0,11944000000,2229000000.0,9715000000.0,12818536829,-221000000.0,-1470000000.0,-423000000.0,680000000.0,0.0,257000000.0,-3018000000.0,-2000000.0,2542000000.0,-2000000.0,1549000000.0,1549000000.0,1549000000.0,0.0,0.0,0.212,1308000000.0,1720000000.0,859000000,0.0,4.051,8.275,8.437,8693000000,0.0,154.91,1.753,1.753,1203000000,3458000000,7313000000.0,7313000000.0,0.0,0.106,0.537,0.103,0.236,90000000.0,963000000.0,1.0,82748285,82748285,,88.376,10214000000,0,-300000000.0,1509000000,123.435,-723000000.0
13,URI,ART,2018-03-31,2018-04-18,2018-03-31,2021-07-28,-176000000,14688000000,14186500000.0,1590000000.0,13098000000.0,0.495,36.58,-1318000000.0,278000000,278000000,4118000000.0,1420000000.0,0.969,3.803,9138000000,726000000.0,8412000000.0,9138000000,0,1466000000.0,0,0.0,0.0,1598000000.0,3064000000.0,0.437,3064000000.0,1598000000.0,1119000000.0,16.81,16.6,16.81,3058000000,2580750000.0,3058000000,23907395740,15.0,7.803,931000000.0,11.137,1.0,2901000000.0,0.413,4940000000,479000000.0,16967000000,16344250000.0,84000000,0,0.0,0.0,11630000000,1641000000.0,9989000000.0,15047395740,-59000000.0,-2429000000.0,-256000000.0,1687000000.0,0.0,1431000000.0,-3749000000.0,-4000000.0,2249000000.0,10000000.0,1420000000.0,1420000000.0,1420000000.0,0.0,0.0,0.202,1311000000.0,1590000000.0,513000000,0.0,4.921,10.597,10.708,8145000000,0.0,180.0,2.144,2.144,1154000000,3188000000,7019000000.0,7019000000.0,0.0,0.1,0.55,0.098,0.228,90000000.0,942000000.0,1.0,83596643,83596643,,83.963,9748000000,0,-301000000.0,1455000000,116.608,-51000000.0
14,URI,ART,2017-12-31,2018-01-24,2017-12-31,2021-07-28,-151000000,15030000000,13470000000.0,1772000000.0,13258000000.0,0.493,36.789,-1323000000.0,352000000,352000000,3872000000.0,1346000000.0,1.062,3.839,9440000000,723000000.0,8717000000.0,9440000000,0,1383000000.0,0,0.0,0.0,1512000000.0,2895000000.0,0.436,2895000000.0,1512000000.0,1048000000.0,15.91,15.73,15.91,3106000000,2254500000.0,3106000000,24751020411,16.0,8.55,907000000.0,10.743,1.0,2769000000.0,0.417,4957000000,464000000.0,17493000000,15491000000.0,75000000,0,0.0,0.0,11924000000,1668000000.0,10256000000.0,15663020411,40000000.0,-2377000000.0,-53000000.0,1550000000.0,0.0,1497000000.0,-3705000000.0,-5000000.0,2230000000.0,18000000.0,1346000000.0,1346000000.0,1346000000.0,0.0,0.0,0.203,1262000000.0,1507000000.0,409000000,0.0,5.043,11.637,11.661,8291000000,0.0,185.52,2.359,2.359,1233000000,3005000000,6641000000.0,6641000000.0,0.0,0.1,0.597,0.098,0.228,87000000.0,903000000.0,1.0,84427665,84427665,,78.659,10073000000,0,-298000000.0,1419000000,119.309,104000000.0
15,URI,ART,2017-09-30,2017-10-18,2017-09-30,2021-07-28,-143000000,13744000000,12709500000.0,1639000000.0,12105000000.0,0.491,26.143,-1176000000.0,324000000,324000000,3643000000.0,602000000.0,0.924,5.216,8371000000,694000000.0,7677000000.0,8371000000,0,1311000000.0,0,0.0,0.0,1454000000.0,2765000000.0,0.443,2765000000.0,1454000000.0,954000000.0,7.13,7.04,7.13,2211000000,1890000000.0,2211000000,20252804684,14.0,7.325,913000000.0,10.795,1.0,2599000000.0,0.416,4252000000,500000000.0,15766000000,14687750000.0,82000000,0,0.0,0.0,11533000000,1773000000.0,9760000000.0,12205804684,27000000.0,-1063000000.0,-64000000.0,228000000.0,0.0,169000000.0,-2246000000.0,-7000000.0,2089000000.0,15000000.0,602000000.0,602000000.0,602000000.0,0.0,0.0,0.096,1152000000.0,1447000000.0,612000000,0.0,5.52,20.275,20.241,7842000000,0.0,144.32,1.955,1.955,1151000000,2108000000,6242000000.0,6242000000.0,0.0,0.047,0.319,0.099,0.233,71000000.0,834000000.0,1.0,84574589,84574589,,73.805,9492000000,0,352000000.0,2012000000,112.232,-134000000.0
16,URI,ART,2017-06-30,2017-07-19,2017-06-30,2021-07-28,-185000000,13284000000,12342250000.0,1483000000.0,11801000000.0,0.485,23.042,-1044000000.0,338000000,338000000,3502000000.0,590000000.0,0.85,5.819,8215000000,644000000.0,7571000000.0,8215000000,0,1269000000.0,0,0.0,0.0,1414000000.0,2683000000.0,0.448,2683000000.0,1414000000.0,935000000.0,6.95,6.87,6.95,1948000000,1722000000.0,1948000000,17911906309,13.0,6.676,999000000.0,11.817,1.0,2482000000.0,0.415,4266000000,479000000.0,15151000000,14374000000.0,78000000,0,0.0,0.0,11336000000,1744000000.0,9592000000.0,10034906309,73000000.0,-979000000.0,-214000000.0,266000000.0,0.0,57000000.0,-2029000000.0,-6000000.0,2043000000.0,2000000.0,590000000.0,590000000.0,590000000.0,0.0,0.0,0.099,1071000000.0,1411000000.0,692000000,0.0,5.151,17.008,17.079,7525000000,0.0,118.7,1.677,1.677,990000000,1909000000,5984000000.0,5984000000.0,0.0,0.048,0.343,0.098,0.236,58000000.0,776000000.0,1.0,84540070,84540070,,70.783,9018000000,0,345000000.0,1952000000,106.671,-261000000.0
17,URI,ART,2017-03-31,2017-04-19,2017-03-31,2021-07-28,-210000000,11822000000,12051250000.0,1320000000.0,10502000000.0,0.482,20.742,-958000000.0,337000000,337000000,3391000000.0,583000000.0,1.002,5.744,7349000000,577000000.0,6772000000.0,7349000000,0,1245000000.0,0,0.0,0.0,1421000000.0,2666000000.0,0.459,2666000000.0,1421000000.0,923000000.0,6.8,6.74,6.8,1753000000,1610500000.0,1753000000,17107123002,12.0,6.417,1014000000.0,11.998,1.0,2417000000.0,0.416,3963000000,498000000.0,13554000000,14112250000.0,75000000,0,0.0,0.0,10069000000,1317000000.0,8752000000.0,10095123002,118000000.0,-15000000.0,-385000000.0,-516000000.0,0.0,-870000000.0,-976000000.0,-3000000.0,1972000000.0,-8000000.0,583000000.0,583000000.0,583000000.0,0.0,0.0,0.1,999000000.0,1418000000.0,382000000,0.0,5.759,17.316,17.566,6533000000,0.0,119.45,1.738,1.738,854000000,1763000000,5808000000.0,5808000000.0,0.0,0.048,0.362,0.101,0.245,21000000.0,735000000.0,1.0,84513378,84513378,,68.723,7859000000,0,340000000.0,1911000000,92.991,3000000.0
18,URI,ART,2016-12-31,2017-01-25,2016-12-31,2021-07-28,-218000000,11988000000,12041750000.0,1361000000.0,10627000000.0,0.479,19.547,-829000000.0,312000000,312000000,3359000000.0,566000000.0,1.149,6.274,7790000000,597000000.0,7193000000.0,7790000000,0,1245000000.0,0,0.0,0.0,1420000000.0,2665000000.0,0.463,2665000000.0,1420000000.0,909000000.0,6.49,6.45,6.49,1648000000,1547500000.0,1648000000,17111321272,12.0,6.421,1124000000.0,13.332,1.0,2403000000.0,0.417,4002000000,511000000.0,14280000000,14214500000.0,68000000,0,0.0,0.0,10340000000,1184000000.0,9156000000.0,9633321272,133000000.0,-28000000.0,-527000000.0,-495000000.0,0.0,-964000000.0,-859000000.0,-2000000.0,1953000000.0,3000000.0,566000000.0,566000000.0,566000000.0,0.0,0.0,0.098,988000000.0,1415000000.0,243000000,0.0,5.845,17.02,17.606,6619000000,0.0,114.26,1.672,1.672,920000000,1654000000,5762000000.0,5762000000.0,0.0,0.047,0.366,0.1,0.246,-13000000.0,719000000.0,1.0,84310531,84310531,,68.343,7986000000,0,343000000.0,1896000000,94.721,177000000.0
19,URI,ART,2016-09-30,2016-10-19,2016-09-30,2021-07-28,-196000000,12275000000,12065500000.0,1354000000.0,10921000000.0,0.478,18.273,-812000000.0,297000000,297000000,3368000000.0,582000000.0,0.954,6.976,8002000000,609000000.0,7393000000.0,8002000000,0,1245000000.0,0,0.0,0.0,1415000000.0,2660000000.0,0.462,2660000000.0,1415000000.0,959000000.0,6.52,6.49,6.52,1539000000,1504500000.0,1539000000,14070687634,10.0,5.29,1256000000.0,14.913,1.0,2394000000.0,0.415,4049000000,456000000.0,14511000000,14315750000.0,72000000,0,0.0,0.0,10736000000,1420000000.0,9316000000.0,6365687634,126000000.0,-28000000.0,-610000000.0,-494000000.0,0.0,-1103000000.0,-843000000.0,-3000000.0,2068000000.0,4000000.0,582000000.0,582000000.0,582000000.0,0.0,0.0,0.101,984000000.0,1410000000.0,409000000,0.0,4.136,10.938,11.592,6862000000,0.0,75.58,1.105,1.105,929000000,1501000000,5762000000.0,5762000000.0,0.0,0.048,0.387,0.099,0.246,44000000.0,713000000.0,1.0,84224499,84224499,,68.412,8226000000,0,377000000.0,1863000000,97.668,-66000000.0
20,URI,ART,2016-06-30,2016-07-20,2016-06-30,2021-07-28,-187000000,12120000000,12146250000.0,1264000000.0,10856000000.0,0.478,17.432,-771000000.0,265000000,265000000,3376000000.0,610000000.0,0.838,7.069,7841000000,576000000.0,7265000000.0,7841000000,0,1249000000.0,0,0.0,0.0,1449000000.0,2698000000.0,0.465,2698000000.0,1449000000.0,996000000.0,6.62,6.58,6.62,1502000000,1494000000.0,1502000000,13595209975,9.0,5.039,1221000000.0,14.171,1.0,2428000000.0,0.418,4084000000,453000000.0,14104000000,14493000000.0,71000000,0,0.0,0.0,10618000000,1508000000.0,9110000000.0,6019209975,65000000.0,-42000000.0,-624000000.0,-542000000.0,0.0,-1108000000.0,-816000000.0,-3000000.0,1992000000.0,-3000000.0,610000000.0,610000000.0,610000000.0,0.0,0.0,0.105,984000000.0,1444000000.0,609000000,0.0,4.007,9.868,10.553,6762000000,0.0,69.86,1.037,1.037,867000000,1314000000,5804000000.0,5804000000.0,0.0,0.05,0.408,0.1,0.25,-12000000.0,712000000.0,1.0,86161036,86161036,,67.362,8036000000,0,386000000.0,1790000000,93.267,-244000000.0
21,URI,ART,2016-03-31,2016-04-20,2016-03-31,2021-07-28,-187000000,11784000000,12267500000.0,1182000000.0,10602000000.0,0.474,16.96,-860000000.0,219000000,219000000,3356000000.0,562000000.0,0.962,6.851,7753000000,550000000.0,7203000000.0,7753000000,0,1250000000.0,0,0.0,0.0,1481000000.0,2731000000.0,0.47,2731000000.0,1481000000.0,928000000.0,5.99,5.94,5.99,1501000000,1481250000.0,1501000000,12856534396,9.0,4.708,1064000000.0,12.022,1.0,2456000000.0,0.423,4126000000,553000000.0,13963000000,14712000000.0,74000000,0,0.0,0.0,10283000000,1229000000.0,9054000000.0,5322534396,-38000000.0,-99000000.0,-609000000.0,-371000000.0,0.0,-1000000000.0,-962000000.0,-3000000.0,1924000000.0,0.0,562000000.0,562000000.0,562000000.0,0.0,0.0,0.097,984000000.0,1472000000.0,330000000,0.0,3.546,9.471,10.04,6467000000,0.0,60.14,0.916,0.916,833000000,1180000000,5812000000.0,5812000000.0,0.0,0.046,0.379,0.101,0.255,12000000.0,710000000.0,1.0,88502401,88502401,,65.671,7658000000,0,366000000.0,1797000000,86.529,-47000000.0
22,URI,ART,2015-12-31,2016-01-27,2015-12-31,2021-07-28,-250000000,12083000000,12392000000.0,1294000000.0,10789000000.0,0.469,16.225,-1081000000.0,179000000,179000000,3337000000.0,585000000.0,1.049,7.186,8162000000,607000000.0,7555000000.0,8162000000,0,1244000000.0,0,0.0,0.0,1530000000.0,2774000000.0,0.477,2774000000.0,1530000000.0,963000000.0,6.14,6.07,6.14,1476000000,1479500000.0,1476000000,13062777587,9.0,4.709,914000000.0,10.047,1.0,2480000000.0,0.426,4148000000,567000000.0,14685000000,14783500000.0,69000000,0,0.0,0.0,10607000000,1233000000.0,9374000000.0,5079777587,21000000.0,-86000000.0,-788000000.0,60000000.0,0.0,-775000000.0,-1170000000.0,-3000000.0,1995000000.0,-29000000.0,585000000.0,585000000.0,585000000.0,0.0,0.0,0.101,962000000.0,1518000000.0,271000000,0.0,3.442,8.683,9.094,6631000000,0.0,55.84,0.873,0.873,930000000,1088000000,5817000000.0,5817000000.0,0.0,0.047,0.395,0.103,0.263,44000000.0,714000000.0,1.0,90970229,90970229,,63.944,7935000000,0,378000000.0,1765000000,87.226,61000000.0
23,URI,ART,2015-09-30,2015-10-21,2015-09-30,2021-07-28,-218000000,12598000000,12488000000.0,1426000000.0,11172000000.0,0.469,16.127,-1196000000.0,171000000,171000000,3319000000.0,610000000.0,0.94,7.415,8515000000,639000000.0,7876000000.0,8515000000,0,1238000000.0,0,0.0,0.0,1561000000.0,2799000000.0,0.478,2799000000.0,1561000000.0,982000000.0,6.33,6.15,6.33,1497000000,1559500000.0,1497000000,14582065859,9.0,5.21,696000000.0,7.498,1.0,2539000000.0,0.433,4205000000,579000000.0,15220000000,14738500000.0,77000000,0,0.0,0.0,11101000000,1517000000.0,9584000000.0,6238065859,3000000.0,-90000000.0,-880000000.0,302000000.0,0.0,-573000000.0,-1286000000.0,0.0,1892000000.0,-30000000.0,610000000.0,610000000.0,610000000.0,0.0,0.0,0.104,992000000.0,1547000000.0,475000000,0.0,4.167,10.226,10.616,6874000000,0.0,67.2,1.065,1.065,994000000,919000000,5858000000.0,5858000000.0,0.0,0.049,0.391,0.106,0.266,6000000.0,743000000.0,1.0,92828361,92828361,,63.106,8393000000,126000000,372000000.0,1653000000,90.414,-91000000.0
24,URI,ART,2015-06-30,2015-07-22,2015-06-30,2021-07-28,-146000000,12605000000,12459250000.0,1436000000.0,11169000000.0,0.47,15.214,-1248000000.0,200000000,200000000,3315000000.0,587000000.0,0.908,7.686,8410000000,590000000.0,7820000000.0,8410000000,0,1229000000.0,0,0.0,0.0,1541000000.0,2770000000.0,0.473,2770000000.0,1541000000.0,945000000.0,6.0,5.74,6.0,1451000000,1638500000.0,1451000000,15613571004,10.0,5.637,749000000.0,7.854,1.0,2537000000.0,0.434,4253000000,596000000.0,14980000000,14503500000.0,81000000,0,0.0,0.0,11153000000,1582000000.0,9571000000.0,7403571004,30000000.0,-58000000.0,-866000000.0,284000000.0,0.0,-634000000.0,-1306000000.0,0.0,1997000000.0,-27000000.0,587000000.0,587000000.0,587000000.0,0.0,0.0,0.1,1014000000.0,1523000000.0,683000000,0.0,5.102,12.613,12.938,6821000000,0.0,77.63,1.265,1.265,894000000,704000000,5852000000.0,5852000000.0,0.0,0.047,0.358,0.106,0.263,68000000.0,759000000.0,1.0,95369973,95369973,,61.361,8352000000,187000000,358000000.0,1696000000,87.575,-146000000.0
25,URI,ART,2015-03-31,2015-04-21,2015-03-31,2021-07-28,-163000000,12282000000,12424750000.0,1452000000.0,10830000000.0,0.469,15.407,-1239000000.0,257000000,257000000,3314000000.0,595000000.0,0.934,7.22,8075000000,593000000.0,7482000000.0,8075000000,0,1221000000.0,0,0.0,0.0,1489000000.0,2710000000.0,0.465,2710000000.0,1489000000.0,938000000.0,6.09,5.76,6.09,1494000000,1725000000.0,1494000000,17311364468,12.0,6.388,729000000.0,7.518,1.0,2508000000.0,0.431,4296000000,551000000.0,14249000000,14272250000.0,81000000,0,0.0,0.0,10787000000,1555000000.0,9232000000.0,9493364468,30000000.0,-755000000.0,-894000000.0,973000000.0,0.0,79000000.0,-1994000000.0,0.0,1968000000.0,-23000000.0,595000000.0,595000000.0,595000000.0,0.0,0.0,0.102,1035000000.0,1473000000.0,465000000,0.0,6.354,15.955,16.076,6416000000,0.0,97.9,1.631,1.631,848000000,618000000,5822000000.0,5822000000.0,0.0,0.048,0.345,0.104,0.256,76000000.0,771000000.0,1.0,96970015,96970015,,60.039,7986000000,215000000,343000000.0,1690000000,82.355,-103000000.0
26,URI,ART,2014-12-31,2015-01-21,2014-12-31,2021-07-28,-74000000,12467000000,12166000000.0,1546000000.0,10921000000.0,0.467,18.607,-1244000000.0,158000000,158000000,3253000000.0,540000000.0,1.046,5.94,8052000000,618000000.0,7434000000.0,8052000000,0,1194000000.0,0,0.0,0.0,1405000000.0,2599000000.0,0.457,2599000000.0,1405000000.0,850000000.0,5.54,5.15,5.54,1796000000,1804750000.0,1796000000,16345346013,12.0,6.289,557000000.0,5.771,1.0,2432000000.0,0.428,4378000000,555000000.0,14505000000,13970500000.0,78000000,0,0.0,0.0,10669000000,1478000000.0,9191000000.0,8451346013,-17000000.0,-756000000.0,-611000000.0,807000000.0,0.0,196000000.0,-2000000000.0,0.0,1801000000.0,-14000000.0,540000000.0,540000000.0,540000000.0,0.0,0.0,0.095,1041000000.0,1391000000.0,285000000,0.0,4.706,15.651,15.805,6446000000,0.0,87.56,1.487,1.487,940000000,503000000,5685000000.0,5685000000.0,0.0,0.044,0.299,0.101,0.247,74000000.0,758000000.0,1.0,96520626,96520626,,58.899,8089000000,248000000,310000000.0,1692000000,83.806,68000000.0
27,URI,ART,2014-09-30,2014-10-15,2014-09-30,2021-07-28,-35000000,12483000000,11857000000.0,1378000000.0,11105000000.0,0.46,18.165,-1123000000.0,168000000,168000000,3167000000.0,486000000.0,0.813,5.884,8095000000,618000000.0,7477000000.0,8095000000,0,1166000000.0,0,0.0,0.0,1319000000.0,2485000000.0,0.455,2485000000.0,1319000000.0,765000000.0,5.05,4.61,5.05,1813000000,1812750000.0,1813000000,17252077417,13.0,6.942,779000000.0,7.805,1.0,2292000000.0,0.42,4435000000,554000000.0,14280000000,13587250000.0,112000000,0,0.0,0.0,10667000000,1695000000.0,8972000000.0,9325077417,43000000.0,-752000000.0,-412000000.0,442000000.0,0.0,30000000.0,-1875000000.0,0.0,1902000000.0,-14000000.0,486000000.0,486000000.0,486000000.0,0.0,0.0,0.089,985000000.0,1307000000.0,505000000,0.0,5.143,19.187,18.501,6569000000,0.0,93.43,1.708,1.708,941000000,309000000,5459000000.0,5459000000.0,0.0,0.041,0.268,0.097,0.242,60000000.0,712000000.0,1.0,99808171,99808171,,54.695,8048000000,93000000,279000000.0,1412000000,80.635,-317000000.0
28,URI,ART,2014-06-30,2014-07-16,2014-06-30,2021-07-28,16000000,12467000000,11627000000.0,1396000000.0,11071000000.0,0.449,18.736,-1181000000.0,170000000,170000000,3058000000.0,437000000.0,0.8,5.932,8015000000,621000000.0,7394000000.0,8015000000,0,1138000000.0,0,0.0,0.0,1231000000.0,2369000000.0,0.453,2369000000.0,1231000000.0,680000000.0,4.63,4.12,4.63,1797000000,1786250000.0,1797000000,18225274795,15.0,7.693,546000000.0,5.693,1.0,2168000000.0,0.415,4511000000,551000000.0,14055000000,13411500000.0,119000000,0,0.0,0.0,10660000000,1746000000.0,8914000000.0,10380274795,37000000.0,-765000000.0,-275000000.0,535000000.0,0.0,260000000.0,-1946000000.0,0.0,1727000000.0,-4000000.0,437000000.0,437000000.0,437000000.0,0.0,0.0,0.084,946000000.0,1222000000.0,625000000,0.0,5.776,23.753,23.376,6452000000,0.0,108.23,1.986,1.986,844000000,117000000,5226000000.0,5226000000.0,0.0,0.038,0.245,0.092,0.236,58000000.0,685000000.0,1.0,95909404,95909404,,54.489,7956000000,192000000,243000000.0,1440000000,82.953,-350000000.0
29,URI,ART,2014-03-31,2014-04-16,2014-03-31,2021-07-28,-20000000,11247000000,11341750000.0,1400000000.0,9847000000.0,0.444,18.639,-1223000000.0,227000000,227000000,2983000000.0,426000000.0,1.272,5.197,7039000000,265000000.0,6774000000.0,7039000000,0,1109000000.0,0,0.0,0.0,1152000000.0,2261000000.0,0.449,2261000000.0,1152000000.0,669000000.0,4.54,4.0,4.54,1813000000,1732750000.0,1813000000,15711303937,14.0,6.949,427000000.0,4.39,1.0,2050000000.0,0.407,3916000000,483000000.0,13042000000,13122750000.0,102000000,0,0.0,0.0,9423000000,1101000000.0,8322000000.0,8899303937,80000000.0,-10000000.0,-142000000.0,-180000000.0,0.0,-322000000.0,-1233000000.0,0.0,1650000000.0,-15000000.0,426000000.0,426000000.0,426000000.0,0.0,0.0,0.085,903000000.0,1147000000.0,454000000,0.0,4.909,20.89,20.152,5814000000,0.0,91.49,1.768,1.768,752000000,23000000,5033000000.0,5033000000.0,0.0,0.038,0.246,0.088,0.229,49000000.0,650000000.0,1.0,97270783,97270783,,51.742,7331000000,260000000,243000000.0,1481000000,75.367,299000000.0
30,URI,ART,2013-12-31,2014-01-22,2013-12-31,2021-07-28,19000000,11231000000,11260250000.0,1362000000.0,9869000000.0,0.44,19.61,-1168000000.0,175000000,175000000,2968000000.0,387000000.0,1.059,5.133,7173000000,604000000.0,6569000000.0,7173000000,0,1098000000.0,0,0.0,0.0,1083000000.0,2181000000.0,0.44,2181000000.0,1083000000.0,605000000.0,4.14,3.64,4.14,1828000000,1671000000.0,1828000000,14603646992,13.0,6.696,383000000.0,4.109,1.0,1987000000.0,0.401,3971000000,478000000.0,12972000000,12976000000.0,70000000,0,0.0,0.0,9383000000,1286000000.0,8097000000.0,7605646992,69000000.0,-9000000.0,-109000000.0,-186000000.0,0.0,-295000000.0,-1177000000.0,0.0,1551000000.0,-10000000.0,387000000.0,387000000.0,387000000.0,0.0,0.0,0.078,909000000.0,1078000000.0,292000000,0.0,4.161,19.653,19.708,5795000000,0.0,81.59,1.535,1.535,804000000,-37000000,4955000000.0,4955000000.0,0.0,0.034,0.232,0.083,0.219,46000000.0,642000000.0,1.0,93217882,93217882,,53.155,7260000000,260000000,218000000.0,1459000000,77.882,76000000.0
31,URI,ART,2013-09-30,2013-10-16,2013-09-30,2021-07-28,53000000,11563000000,11209000000.0,1414000000.0,10149000000.0,0.434,18.309,-1237000000.0,125000000,125000000,2951000000.0,288000000.0,0.997,5.761,7582000000,630000000.0,6952000000.0,7582000000,0,1086000000.0,0,0.0,0.0,975000000.0,2061000000.0,0.424,2061000000.0,975000000.0,418000000.0,3.13,2.74,3.13,1707000000,1599750000.0,1707000000,13031482384,13.0,6.323,104000000.0,1.115,1.0,1915000000.0,0.394,4025000000,557000000.0,13577000000,12923750000.0,91000000,0,0.0,0.0,9834000000,1418000000.0,8416000000.0,5574482384,57000000.0,-9000000.0,-93000000.0,61000000.0,0.0,-33000000.0,-1246000000.0,0.0,1341000000.0,-5000000.0,288000000.0,288000000.0,288000000.0,0.0,0.0,0.059,943000000.0,972000000.0,366000000,0.0,3.266,19.356,19.102,6019000000,0.0,59.79,1.146,1.146,807000000,-177000000,4866000000.0,4866000000.0,0.0,0.026,0.18,0.075,0.2,43000000.0,655000000.0,1.0,93234360,93234360,,52.191,7538000000,262000000,130000000.0,1395000000,80.85,-4000000.0
32,URI,ART,2013-06-30,2013-07-16,2013-06-30,2021-07-28,32000000,11326000000,11066250000.0,1363000000.0,9963000000.0,0.431,16.97,-1011000000.0,133000000,133000000,2918000000.0,218000000.0,0.856,6.138,7356000000,624000000.0,6732000000.0,7356000000,0,1083000000.0,0,0.0,0.0,858000000.0,1941000000.0,0.407,1941000000.0,858000000.0,294000000.0,2.38,2.09,2.38,1583000000,1546750000.0,1583000000,11978644473,14.0,6.171,246000000.0,2.637,1.0,1856000000.0,0.389,4057000000,564000000.0,12900000000,12682500000.0,111000000,0,0.0,0.0,9717000000,1592000000.0,8125000000.0,4755644473,92000000.0,0.0,-85000000.0,-58000000.0,0.0,-147000000.0,-1011000000.0,0.0,1257000000.0,-7000000.0,218000000.0,218000000.0,218000000.0,0.0,0.0,0.046,999000000.0,857000000.0,606000000,0.0,3.004,21.815,21.42,5797000000,0.0,50.98,0.996,0.996,751000000,-320000000,4774000000.0,4774000000.0,0.0,0.02,0.141,0.068,0.18,38000000.0,652000000.0,1.0,93284513,93284513,,51.177,7269000000,255000000,76000000.0,1328000000,77.923,-229000000.0
33,URI,ART,2013-03-31,2013-04-16,2013-03-31,2021-07-28,64000000,10921000000,10970250000.0,1311000000.0,9610000000.0,0.416,16.618,-771000000.0,147000000,147000000,2802000000.0,83000000.0,0.958,5.955,7164000000,567000000.0,6597000000.0,7164000000,0,1034000000.0,0,0.0,0.0,666000000.0,1700000000.0,0.373,1700000000.0,666000000.0,99000000.0,0.86,0.68,0.86,1566000000,1499750000.0,1566000000,11937009141,18.0,7.022,105000000.0,1.114,1.0,1759000000.0,0.386,4114000000,567000000.0,12455000000,12593250000.0,103000000,0,0.0,0.0,9326000000,1369000000.0,7957000000.0,4920009141,121000000.0,-1108000000.0,-134000000.0,-1559000000.0,0.0,1127000000.0,-1879000000.0,0.0,876000000.0,-3000000.0,83000000.0,83000000.0,83000000.0,0.0,0.0,0.018,1106000000.0,653000000.0,406000000,0.0,3.142,59.277,60.709,5383000000,0.0,52.21,1.079,1.079,725000000,-403000000,4561000000.0,4561000000.0,0.0,0.008,0.055,0.053,0.146,37000000.0,646000000.0,1.0,94234996,94234996,,48.4,6807000000,255000000,16000000.0,1293000000,72.234,-58000000.0
34,URI,ART,2012-12-31,2013-01-23,2012-12-31,2021-07-28,84000000,11026000000,10064250000.0,1343000000.0,9683000000.0,0.409,16.589,-939000000.0,106000000,106000000,2530000000.0,75000000.0,0.994,6.126,7364000000,630000000.0,6734000000.0,7364000000,0,897000000.0,0,0.0,0.0,604000000.0,1501000000.0,0.365,1501000000.0,604000000.0,88000000.0,0.91,0.79,0.91,1543000000,1130750000.0,1543000000,11855653894,20.0,7.899,-218000000.0,-2.344,1.0,1587000000.0,0.385,4170000000,516000000.0,12763000000,11723750000.0,68000000,0,0.0,0.0,9452000000,1351000000.0,8101000000.0,4597653894,70000000.0,-1165000000.0,-110000000.0,1568000000.0,0.0,1453000000.0,-2104000000.0,0.0,721000000.0,0.0,75000000.0,75000000.0,75000000.0,0.0,0.0,0.018,996000000.0,591000000.0,286000000,0.0,2.98,61.302,54.319,5394000000,0.0,49.43,1.117,1.117,793000000,-424000000,4117000000.0,4117000000.0,0.0,0.007,0.066,0.052,0.147,32000000.0,588000000.0,1.0,93013431,93013431,,44.262,6856000000,265000000,13000000.0,1302000000,73.71,-8000000.0
35,URI,ART,2012-09-30,2012-10-16,2012-09-30,2021-07-28,94000000,10992000000,8343500000.0,1111000000.0,9881000000.0,0.433,16.146,-957000000.0,68000000,68000000,2247000000.0,63000000.0,0.734,6.33,7430000000,651000000.0,6779000000.0,7430000000,0,754000000.0,0,0.0,0.0,485000000.0,1239000000.0,0.343,1239000000.0,485000000.0,106000000.0,0.81,0.63,0.81,1495000000,761000000.0,1495000000,10506372157,22.0,8.48,-307000000.0,-3.316,1.0,1367000000.0,0.378,4228000000,379000000.0,12612000000,10011250000.0,89000000,0,0.0,0.0,9464000000,1514000000.0,7950000000.0,3144372157,42000000.0,-1243000000.0,-107000000.0,1701000000.0,0.0,1590000000.0,-2200000000.0,0.0,650000000.0,2000000.0,63000000.0,63000000.0,63000000.0,-1000000.0,0.0,0.017,897000000.0,470000000.0,408000000,0.0,2.103,49.911,41.926,5529000000,0.0,33.96,0.87,0.87,804000000,-465000000,3614000000.0,3614000000.0,0.0,0.008,0.083,0.048,0.134,26000000.0,521000000.0,1.0,92590464,92590464,,39.032,6764000000,42000000,43000000.0,1106000000,73.053,-403000000.0
36,URI,ART,2012-06-30,2012-07-17,2012-06-30,2021-07-28,73000000,10942000000,6596750000.0,1019000000.0,9923000000.0,0.471,15.048,-970000000.0,41000000,41000000,1972000000.0,55000000.0,0.717,6.819,7344000000,421000000.0,6923000000.0,7344000000,0,602000000.0,0,0.0,0.0,417000000.0,1019000000.0,0.328,1019000000.0,417000000.0,108000000.0,1.07,0.84,1.07,1395000000,390750000.0,1395000000,10494681899,25.0,10.299,-316000000.0,-3.409,1.0,1136000000.0,0.366,4281000000,309000000.0,12543000000,8304500000.0,102000000,0,0.0,0.0,9512000000,1421000000.0,8091000000.0,3191681899,-17000000.0,-1298000000.0,-99000000.0,1698000000.0,0.0,1598000000.0,-2268000000.0,0.0,654000000.0,-1000000.0,55000000.0,55000000.0,55000000.0,-1000000.0,0.0,0.018,732000000.0,404000000.0,605000000,0.0,2.288,58.031,32.178,5514000000,0.0,34.43,1.027,1.027,704000000,-538000000,3108000000.0,3108000000.0,0.0,0.008,0.141,0.05,0.134,19000000.0,460000000.0,1.0,92700607,92700607,,33.527,6661000000,66000000,53000000.0,1106000000,71.855,-402000000.0
37,URI,ART,2012-03-31,2012-04-17,2012-03-31,2021-07-28,85000000,7297000000,4849250000.0,656000000.0,6641000000.0,0.566,1.411,-844000000.0,2876000000,2876000000,1771000000.0,134000000.0,0.627,79.667,6016000000,371000000.0,5645000000.0,6016000000,0,498000000.0,0,0.0,0.0,456000000.0,954000000.0,0.348,954000000.0,456000000.0,210000000.0,2.14,1.84,2.14,90000000,37000000.0,90000000,5748942016,13.0,6.026,-136000000.0,-2.133,1.0,973000000.0,0.355,414000000,246000000.0,8977000000,6596500000.0,85000000,0,0.0,0.0,7170000000,1046000000.0,6124000000.0,2608942016,-179000000.0,-333000000.0,28000000.0,3085000000.0,0.0,288000000.0,-1177000000.0,0.0,708000000.0,2000000.0,134000000.0,134000000.0,134000000.0,0.0,0.0,0.049,520000000.0,453000000.0,384000000,0.0,28.988,19.47,19.117,3245000000,0.0,40.91,0.951,0.951,417000000,-486000000,2744000000.0,2744000000.0,0.0,0.028,3.622,0.069,0.166,14000000.0,414000000.0,1.0,63772721,63772721,,43.028,6883000000,50000000,76000000.0,419000000,107.93,-390000000.0
38,URI,ART,2011-12-31,2012-01-25,2011-12-31,2021-07-28,75000000,4143000000,3948000000.0,723000000.0,3420000000.0,0.661,1.017,-585000000.0,36000000,36000000,1713000000.0,101000000.0,0.837,63.125,3042000000,395000000.0,2647000000.0,3042000000,0,480000000.0,0,0.0,0.0,399000000.0,879000000.0,0.337,879000000.0,399000000.0,164000000.0,1.62,1.38,1.62,64000000,7250000.0,64000000,5193346695,13.0,5.908,23000000.0,0.366,1.0,898000000.0,0.344,372000000,235000000.0,5913000000,5730750000.0,44000000,0,0.0,0.0,4040000000,864000000.0,3176000000.0,2187346695,-167000000.0,-276000000.0,28000000.0,52000000.0,0.0,80000000.0,-861000000.0,0.0,608000000.0,6000000.0,101000000.0,101000000.0,101000000.0,0.0,0.0,0.039,502000000.0,396000000.0,206000000,0.0,34.177,21.657,21.463,2983000000,0.0,34.77,0.838,0.838,464000000,-499000000,2611000000.0,2611000000.0,0.0,0.026,13.931,0.07,0.153,12000000.0,407000000.0,1.0,62909022,62909022,,41.504,3771000000,104000000,63000000.0,470000000,59.944,-141000000.0
39,URI,ART,2011-09-30,2011-10-18,2011-09-30,2021-07-28,63000000,4005000000,3835500000.0,658000000.0,3347000000.0,0.642,0.223,-555000000.0,26000000,26000000,1664000000.0,51000000.0,0.749,282.143,3017000000,401000000.0,2616000000.0,3017000000,0,468000000.0,0,0.0,0.0,325000000.0,793000000.0,0.322,793000000.0,325000000.0,63000000.0,0.79,0.59,0.79,14000000,-13750000.0,14000000,4310374377,13.0,5.436,7000000.0,0.112,1.0,798000000.0,0.324,332000000,262000000.0,5785000000,5658250000.0,56000000,0,0.0,0.0,3950000000,879000000.0,3071000000.0,1319374377,-144000000.0,-198000000.0,25000000.0,11000000.0,0.0,36000000.0,-753000000.0,0.0,562000000.0,11000000.0,51000000.0,51000000.0,51000000.0,5000000.0,0.0,0.021,470000000.0,328000000.0,233000000,0.0,94.241,25.87,26.658,2958000000,0.0,21.06,0.536,0.536,453000000,-528000000,2462000000.0,2462000000.0,0.0,0.013,-3.709,0.057,0.132,11000000.0,394000000.0,1.0,62648356,62648356,,39.299,3673000000,55000000,12000000.0,397000000,58.629,-221000000.0
40,URI,ART,2011-06-30,2011-07-19,2011-06-30,2021-07-28,100000000,3952000000,3770250000.0,674000000.0,3278000000.0,0.624,-0.319,-456000000.0,58000000,58000000,1621000000.0,9000000.0,0.802,-196.4,2976000000,347000000.0,2629000000.0,2976000000,0,457000000.0,0,0.0,0.0,266000000.0,723000000.0,0.307,723000000.0,266000000.0,5000000.0,0.12,0.01,0.12,-20000000,-21000000.0,-20000000,4359266371,16.0,6.029,73000000.0,1.165,1.0,733000000.0,0.311,319000000,261000000.0,5711000000,5652500000.0,70000000,0,0.0,0.0,3928000000,840000000.0,3088000000.0,1441266371,28000000.0,-143000000.0,24000000.0,57000000.0,0.0,80000000.0,-599000000.0,0.0,529000000.0,18000000.0,9000000.0,9000000.0,9000000.0,5000000.0,0.0,0.004,468000000.0,265000000.0,282000000,0.0,-72.063,160.141,191.75,2900000000,0.0,23.01,0.612,0.612,407000000,-593000000,2354000000.0,2354000000.0,0.0,0.002,-0.429,0.047,0.113,10000000.0,386000000.0,1.0,62636522,62636522,,37.582,3633000000,71000000,-4000000.0,399000000,58.001,-166000000.0
41,URI,ART,2011-03-31,2011-04-19,2011-03-31,2021-07-28,99000000,3692000000,3675750000.0,733000000.0,2959000000.0,0.621,-0.464,-289000000.0,205000000,205000000,1589000000.0,-6000000.0,1.202,-128.31,2863000000,199000000.0,2664000000.0,2863000000,0,451000000.0,0,0.0,0.0,228000000.0,679000000.0,0.298,679000000.0,228000000.0,-30000000.0,-0.12,-0.18,-0.12,-29000000,-28500000.0,-29000000,4626841256,20.0,6.814,199000000.0,3.184,1.0,693000000.0,0.304,226000000,258000000.0,5514000000,5636000000.0,63000000,0,0.0,0.0,3721000000,610000000.0,3111000000.0,1968841256,185000000.0,0.0,-2000000.0,-19000000.0,0.0,-22000000.0,-289000000.0,0.0,488000000.0,8000000.0,-6000000.0,-6000000.0,-6000000.0,4000000.0,0.0,-0.003,464000000.0,229000000.0,222000000,0.0,-67.891,-328.14,-262.5,2669000000,0.0,31.5,0.863,0.863,341000000,-620000000,2282000000.0,2282000000.0,0.0,-0.002,0.211,0.04,0.1,9000000.0,376000000.0,1.0,62502897,62502897,,36.51,3466000000,76000000,-24000000.0,385000000,55.453,123000000.0
42,URI,ART,2010-12-31,2011-02-01,2010-12-31,2021-07-28,87000000,3693000000,3648750000.0,725000000.0,2968000000.0,0.613,-0.33,-223000000.0,203000000,203000000,1579000000.0,-26000000.0,1.274,-185.65,2929000000,229000000.0,2700000000.0,2929000000,0,449000000.0,0,0.0,0.0,196000000.0,645000000.0,0.288,645000000.0,196000000.0,-67000000.0,-0.44,-0.44,-0.44,-20000000,-33250000.0,-20000000,4395125675,22.0,6.814,229000000.0,3.777,1.0,658000000.0,0.294,227000000,263000000.0,5623000000,5678250000.0,39000000,0,0.0,0.0,3713000000,569000000.0,3144000000.0,1669125675,34000000.0,0.0,0.0,-201000000.0,0.0,-203000000.0,-223000000.0,0.0,452000000.0,8000000.0,-26000000.0,-26000000.0,-26000000.0,4000000.0,0.0,-0.012,461000000.0,197000000.0,132000000,0.0,-83.456,-64.197,-62.568,2673000000,0.0,27.53,0.746,0.746,377000000,-600000000,2237000000.0,2237000000.0,0.0,-0.007,0.782,0.035,0.088,8000000.0,367000000.0,1.0,60629338,60629338,,36.896,3466000000,69000000,-41000000.0,385000000,57.167,156000000.0
43,URI,ART,2010-09-30,2010-10-20,2010-09-30,2021-07-28,73000000,3744000000,3690250000.0,712000000.0,3032000000.0,0.595,-0.248,-237000000.0,170000000,170000000,1569000000.0,-31000000.0,1.359,-250.6,2939000000,123000000.0,2816000000.0,2939000000,0,448000000.0,0,0.0,0.0,176000000.0,624000000.0,0.284,624000000.0,176000000.0,-74000000.0,-0.52,-0.58,-0.52,-15000000,-33000000.0,-15000000,3834387400,22.0,6.145,191000000.0,3.155,1.0,628000000.0,0.286,227000000,250000000.0,5762000000,5790750000.0,48000000,0,0.0,0.0,3759000000,524000000.0,3235000000.0,1065387400,21000000.0,1000000.0,-2000000.0,-145000000.0,0.0,-175000000.0,-236000000.0,0.0,428000000.0,4000000.0,-31000000.0,-31000000.0,-31000000.0,2000000.0,0.0,-0.014,454000000.0,174000000.0,167000000,0.0,-71.026,-34.367,-33.846,2744000000,0.0,17.6,0.485,0.485,399000000,-579000000,2197000000.0,2197000000.0,0.0,-0.008,0.939,0.03,0.08,8000000.0,371000000.0,1.0,60533375,60533375,,36.294,3517000000,58000000,-43000000.0,384000000,58.1,188000000.0
44,URI,ART,2010-06-30,2010-07-20,2010-06-30,2021-07-28,62000000,3574000000,3728000000.0,531000000.0,3043000000.0,0.586,-0.826,-175000000.0,30000000,30000000,1585000000.0,-54000000.0,1.047,-72.48,2835000000,124000000.0,2711000000.0,2835000000,0,449000000.0,0,0.0,0.0,149000000.0,598000000.0,0.274,598000000.0,149000000.0,-108000000.0,-0.89,-0.91,-0.89,-50000000,-33750000.0,-50000000,3444808717,23.0,5.761,277000000.0,4.576,1.0,599000000.0,0.274,227000000,257000000.0,5645000000,5912500000.0,60000000,0,0.0,0.0,3624000000,507000000.0,3117000000.0,639808717,-95000000.0,-24000000.0,-2000000.0,-326000000.0,0.0,-356000000.0,-199000000.0,0.0,452000000.0,8000000.0,-54000000.0,-54000000.0,-54000000.0,2000000.0,0.0,-0.025,451000000.0,148000000.0,188000000,0.0,-12.796,-11.848,-11.876,2751000000,0.0,10.57,0.293,0.293,344000000,-602000000,2184000000.0,2184000000.0,0.0,-0.014,1.6,0.025,0.068,8000000.0,375000000.0,1.0,60530626,60530626,,36.081,3347000000,57000000,-54000000.0,369000000,55.294,24000000.0
45,URI,ART,2010-03-31,2010-04-21,2010-03-31,2021-07-28,78000000,3584000000,3814000000.0,511000000.0,3073000000.0,0.588,-0.794,-93000000.0,20000000,20000000,1673000000.0,-83000000.0,1.062,-75.667,2830000000,124000000.0,2706000000.0,2830000000,0,463000000.0,0,0.0,0.0,93000000.0,556000000.0,0.248,556000000.0,93000000.0,-140000000.0,-1.37,-1.37,-1.37,-48000000,-32750000.0,-48000000,3456741074,37.0,6.217,339000000.0,5.609,1.0,569000000.0,0.254,230000000,233000000.0,5683000000,6098500000.0,46000000,0,0.0,0.0,3632000000,481000000.0,3151000000.0,646741074,-76000000.0,-23000000.0,-2000000.0,-385000000.0,0.0,-415000000.0,-116000000.0,0.0,432000000.0,23000000.0,-83000000.0,-83000000.0,-83000000.0,2000000.0,0.0,-0.037,475000000.0,94000000.0,138000000,0.0,-13.474,-7.792,-7.81,2775000000,0.0,10.7,0.288,0.288,320000000,-614000000,2242000000.0,2242000000.0,0.0,-0.022,2.534,0.015,0.041,7000000.0,386000000.0,1.0,60443091,60443091,,37.093,3354000000,69000000,-57000000.0,405000000,55.49,30000000.0
46,URI,ART,2009-12-31,2010-02-03,2009-12-31,2021-07-28,67000000,3859000000,3912250000.0,705000000.0,3154000000.0,0.603,-0.316,-69000000.0,169000000,169000000,1748000000.0,-62000000.0,1.529,-204.105,3075000000,125000000.0,2950000000.0,3075000000,0,474000000.0,0,0.0,0.0,113000000.0,587000000.0,0.249,587000000.0,113000000.0,-109000000.0,-1.02,-1.02,-1.02,-19000000,-34750000.0,-19000000,3405995872,30.0,5.802,369000000.0,6.133,1.0,610000000.0,0.259,231000000,222000000.0,6073000000,6309750000.0,44000000,0,0.0,0.0,3878000000,461000000.0,3417000000.0,499995872,92000000.0,-25000000.0,-1000000.0,-239000000.0,0.0,-268000000.0,-94000000.0,0.0,438000000.0,16000000.0,-62000000.0,-62000000.0,-62000000.0,2000000.0,0.0,-0.026,496000000.0,114000000.0,128000000,0.0,-26.316,-8.064,-8.147,2848000000,0.0,8.31,0.212,0.212,337000000,-574000000,2358000000.0,2358000000.0,0.0,-0.016,1.784,0.018,0.048,8000000.0,408000000.0,1.0,60167975,60167975,,39.19,3628000000,66000000,-47000000.0,424000000,60.298,244000000.0
47,URI,ART,2009-09-30,2009-10-28,2009-09-30,2021-07-28,60000000,3895000000,3995250000.0,679000000.0,3216000000.0,0.649,-0.299,-24000000.0,149000000,149000000,1890000000.0,-889000000.0,1.85,-217.389,3102000000,9000000.0,3093000000.0,3102000000,0,493000000.0,0,0.0,0.0,-958000000.0,-465000000.0,-0.179,-465000000.0,-958000000.0,-1123000000.0,-12.1,-12.1,-12.1,-18000000,-37250000.0,-18000000,3505797358,-4.0,-7.539,522000000.0,8.678,1.0,702000000.0,0.271,232000000,165000000.0,6249000000,6492250000.0,52000000,0,0.0,0.0,3913000000,367000000.0,3546000000.0,552797358,83000000.0,-26000000.0,0.0,-419000000.0,0.0,-421000000.0,-50000000.0,0.0,546000000.0,8000000.0,-889000000.0,-889000000.0,-889000000.0,0.0,0.0,-0.343,1660000000.0,-958000000.0,143000000,0.0,-30.711,-0.622,-0.76,2921000000,0.0,9.19,0.213,0.213,369000000,-548000000,2592000000.0,2592000000.0,0.0,-0.223,23.866,-0.148,-0.37,8000000.0,432000000.0,1.0,60152052,60152052,,43.091,3663000000,74000000,-234000000.0,414000000,60.896,312000000.0
48,URI,ART,2009-06-30,2009-07-29,2009-06-30,2021-07-28,33000000,3918000000,4424500000.0,665000000.0,3253000000.0,0.649,-0.765,-104000000.0,125000000,125000000,2016000000.0,-815000000.0,1.905,-86.174,3175000000,9000000.0,3166000000.0,3175000000,0,511000000.0,0,0.0,0.0,-835000000.0,-324000000.0,-0.113,-324000000.0,-835000000.0,-1008000000.0,-10.99,-11.12,-10.99,-46000000,186000000.0,-46000000,3451657264,-4.0,-10.653,418000000.0,6.952,1.0,857000000.0,0.298,230000000,173000000.0,6389000000,6748750000.0,55000000,0,0.0,0.0,3964000000,349000000.0,3615000000.0,401657264,45000000.0,-18000000.0,-602000000.0,255000000.0,0.0,-351000000.0,-122000000.0,0.0,522000000.0,-4000000.0,-813000000.0,-813000000.0,-813000000.0,0.0,-2000000.0,-0.283,1694000000.0,-837000000.0,144000000,0.0,-8.732,-0.494,-0.608,2956000000,0.0,6.68,0.14,0.14,375000000,-548000000,2873000000.0,2873000000.0,0.0,-0.184,-4.371,-0.124,-0.291,8000000.0,466000000.0,1.0,60128333,60128333,,47.781,3688000000,74000000,-195000000.0,407000000,61.335,316000000.0
49,URI,ART,2009-03-31,2009-04-29,2009-03-31,2021-07-28,7000000,3977000000,4847250000.0,622000000.0,3355000000.0,0.637,-0.931,-340000000.0,96000000,96000000,2090000000.0,-761000000.0,1.747,-72.018,3232000000,11000000.0,3221000000.0,3232000000,0,509000000.0,0,0.0,0.0,-711000000.0,-202000000.0,-0.065,-202000000.0,-711000000.0,-903000000.0,-13.04,-13.17,-13.04,-56000000,551000000.0,-56000000,3522003784,-5.0,-17.436,322000000.0,5.355,1.0,999000000.0,0.323,229000000,192000000.0,6528000000,6787500000.0,59000000,0,0.0,0.0,4033000000,356000000.0,3677000000.0,386003784,-419000000.0,-19000000.0,-602000000.0,148000000.0,0.0,-712000000.0,-359000000.0,0.0,662000000.0,-10000000.0,-759000000.0,-998000000.0,-998000000.0,0.0,-2000000.0,-0.323,1713000000.0,-714000000.0,154000000,0.0,-6.893,-0.387,-0.492,3064000000,239000000.0,6.42,0.125,0.125,359000000,-531000000,3089000000.0,3089000000.0,0.0,-0.206,-1.811,-0.105,-0.23,7000000.0,491000000.0,1.0,60125200,60125200,,51.376,3748000000,75000000,-144000000.0,410000000,62.337,266000000.0
50,URI,ART,2008-12-31,2009-02-26,2008-12-31,2021-07-28,16000000,4191000000,5321000000.0,703000000.0,3488000000.0,0.614,-0.483,-429000000.0,77000000,77000000,2164000000.0,-704000000.0,1.646,-145.517,3345000000,13000000.0,3332000000.0,3345000000,0,513000000.0,0,0.0,0.0,-630000000.0,-117000000.0,-0.036,-117000000.0,-630000000.0,-813000000.0,-12.62,-12.62,-12.62,-29000000,1075500000.0,-29000000,3519410069,-6.0,-30.08,335000000.0,5.583,1.0,1103000000.0,0.338,229000000,183000000.0,6803000000,6662750000.0,59000000,0,0.0,0.0,4220000000,427000000.0,3793000000.0,251410069,-304000000.0,-17000000.0,-602000000.0,247000000.0,0.0,-612000000.0,-446000000.0,0.0,764000000.0,-10000000.0,-704000000.0,-943000000.0,-943000000.0,0.0,0.0,-0.289,1733000000.0,-630000000.0,157000000,0.0,-8.669,-0.267,-0.332,3193000000,239000000.0,4.19,0.077,0.077,454000000,-512000000,3267000000.0,3267000000.0,0.0,-0.177,-0.877,-0.095,-0.193,6000000.0,514000000.0,1.0,60002403,60002403,,54.448,3962000000,76000000,-109000000.0,414000000,66.031,276000000.0
51,URI,ART,2008-09-30,2008-10-29,2008-09-30,2021-07-28,68000000,5612000000,5733750000.0,781000000.0,4831000000.0,0.594,14.609,-479000000.0,66000000,66000000,2201000000.0,302000000.0,1.669,5.414,3590000000,11000000.0,3579000000.0,3590000000,0,507000000.0,0,0.0,0.0,703000000.0,1210000000.0,0.355,1210000000.0,703000000.0,494000000.0,0.65,0.37,0.65,875000000,1587250000.0,875000000,4069026082,6.0,3.363,467000000.0,7.797,1.0,1205000000.0,0.354,1393000000,209000000.0,7275000000,6525250000.0,78000000,0,0.0,0.0,4737000000,468000000.0,4269000000.0,545026082,-46000000.0,-17000000.0,-593000000.0,356000000.0,0.0,-491000000.0,-496000000.0,0.0,946000000.0,-5000000.0,304000000.0,65000000.0,65000000.0,0.0,-2000000.0,0.019,612000000.0,593000000.0,211000000,0.0,0.623,8.385,14.0,3367000000,239000000.0,9.1,0.16,0.16,507000000,341000000,3406000000.0,3406000000.0,0.0,0.011,0.041,0.108,0.206,7000000.0,538000000.0,1.0,59892976,59892976,,56.868,4219000000,80000000,190000000.0,631000000,70.442,313000000.0
52,URI,ART,2008-06-30,2008-07-30,2008-06-30,2021-07-28,84000000,5609000000,5760000000.0,768000000.0,4841000000.0,0.612,23.845,-493000000.0,80000000,80000000,2278000000.0,340000000.0,1.313,2.967,2995000000,12000000.0,2983000000.0,2995000000,0,500000000.0,0,0.0,0.0,731000000.0,1231000000.0,0.349,1231000000.0,731000000.0,548000000.0,0.64,0.37,0.64,1414000000,1834750000.0,1414000000,3863780928,5.0,3.139,493000000.0,8.314,1.0,1249000000.0,0.354,1395000000,183000000.0,6544000000,6296000000.0,94000000,0,0.0,0.0,4195000000,585000000.0,3610000000.0,948780928,-24000000.0,-70000000.0,11000000.0,-296000000.0,0.0,-518000000.0,-497000000.0,0.0,986000000.0,5000000.0,340000000.0,101000000.0,101000000.0,-1000000.0,0.0,0.029,630000000.0,619000000.0,311000000,0.0,0.671,9.394,25.0,3370000000,239000000.0,16.0,0.269,0.269,478000000,267000000,3527000000.0,3527000000.0,0.0,0.018,0.055,0.116,0.207,7000000.0,557000000.0,1.0,59298808,59298808,,59.478,4214000000,44000000,208000000.0,562000000,71.064,183000000.0
53,URI,ART,2008-03-31,2008-04-30,2008-03-31,2021-07-28,77000000,5872000000,5774750000.0,1190000000.0,4682000000.0,0.634,23.633,-519000000.0,515000000,515000000,2365000000.0,370000000.0,1.836,1.876,2716000000,157000000.0,2559000000.0,2716000000,0,495000000.0,0,0.0,0.0,778000000.0,1273000000.0,0.348,1273000000.0,778000000.0,588000000.0,3.65,3.3,3.65,2042000000,1906750000.0,2042000000,3828892186,5.0,3.008,442000000.0,5.115,1.0,1297000000.0,0.354,1396000000,190000000.0,6029000000,6212750000.0,95000000,0,0.0,0.0,3830000000,648000000.0,3182000000.0,1627892186,411000000.0,-70000000.0,24000000.0,-87000000.0,0.0,-34000000.0,-523000000.0,0.0,961000000.0,7000000.0,370000000.0,370000000.0,370000000.0,-1000000.0,0.0,0.101,635000000.0,662000000.0,275000000,0.0,0.797,4.4,5.162,3236000000,0.0,18.84,0.445,0.445,452000000,469000000,3662000000.0,3662000000.0,0.0,0.064,0.194,0.125,0.212,12000000.0,578000000.0,1.0,86406167,86406167,,42.381,4476000000,74000000,218000000.0,559000000,51.802,542000000.0
54,URI,ART,2007-12-31,2008-02-29,2007-12-31,2021-07-28,92000000,5842000000,5659250000.0,1120000000.0,4722000000.0,0.659,23.377,-648000000.0,381000000,381000000,2423000000.0,362000000.0,2.154,1.895,2716000000,15000000.0,2701000000.0,2716000000,0,488000000.0,0,0.0,0.0,773000000.0,1261000000.0,0.338,1261000000.0,773000000.0,577000000.0,3.6,3.25,3.6,2018000000,1791500000.0,2018000000,4070118370,5.0,3.228,220000000.0,2.549,1.0,1308000000.0,0.351,1404000000,196000000.0,6253000000,6207500000.0,91000000,0,0.0,0.0,3824000000,520000000.0,3304000000.0,1735118370,262000000.0,-23000000.0,27000000.0,-71000000.0,0.0,-13000000.0,-604000000.0,0.0,868000000.0,11000000.0,362000000.0,362000000.0,362000000.0,1000000.0,0.0,0.097,649000000.0,659000000.0,195000000,0.0,0.86,4.793,5.583,3266000000,0.0,20.1,0.465,0.465,519000000,431000000,3731000000.0,3731000000.0,0.0,0.064,0.202,0.125,0.207,15000000.0,595000000.0,1.0,86324297,86324297,,43.221,4438000000,72000000,215000000.0,539000000,51.411,600000000.0
55,URI,ART,2007-09-30,2007-11-01,2007-09-30,2021-07-28,107000000,5717000000,5540250000.0,919000000.0,4798000000.0,0.637,21.74,-625000000.0,112000000,112000000,2245000000.0,262000000.0,1.534,2.065,2759000000,78000000.0,2681000000.0,2759000000,0,481000000.0,0,0.0,0.0,637000000.0,1118000000.0,0.317,1118000000.0,637000000.0,434000000.0,2.64,2.36,2.64,1865000000,1671500000.0,1865000000,5585173206,9.0,4.996,120000000.0,1.399,1.0,1286000000.0,0.364,1407000000,203000000.0,6358000000,6137750000.0,123000000,0,0.0,0.0,3852000000,599000000.0,3253000000.0,2938173206,-28000000.0,-23000000.0,28000000.0,-322000000.0,0.0,-201000000.0,-581000000.0,0.0,745000000.0,9000000.0,262000000.0,262000000.0,262000000.0,26000000.0,0.0,0.074,630000000.0,656000000.0,248000000,0.0,1.575,11.214,12.973,3333000000,0.0,34.25,0.832,0.832,582000000,278000000,3531000000.0,3531000000.0,0.0,0.047,0.157,0.104,0.18,17000000.0,580000000.0,1.0,85786079,85786079,,41.161,4310000000,51000000,172000000.0,472000000,50.241,320000000.0
56,URI,ART,2007-06-30,2007-08-01,2007-06-30,2021-07-28,78000000,5668000000,5483000000.0,928000000.0,4740000000.0,0.658,20.508,-609000000.0,104000000,104000000,2310000000.0,245000000.0,1.268,2.33,2776000000,121000000.0,2655000000.0,2776000000,0,483000000.0,0,0.0,0.0,634000000.0,1117000000.0,0.31,1117000000.0,634000000.0,415000000.0,2.51,2.23,2.51,1702000000,1580500000.0,1702000000,5311131481,8.0,4.755,209000000.0,2.518,1.0,1297000000.0,0.36,1397000000,219000000.0,6211000000,6282000000.0,162000000,0,0.0,0.0,3966000000,732000000.0,3234000000.0,2639131481,-104000000.0,47000000.0,27000000.0,-404000000.0,0.0,-363000000.0,-561000000.0,0.0,818000000.0,2000000.0,245000000.0,245000000.0,245000000.0,27000000.0,0.0,0.068,639000000.0,658000000.0,348000000,0.0,1.551,10.772,12.669,3281000000,0.0,31.8,0.732,0.732,553000000,166000000,3607000000.0,3607000000.0,0.0,0.045,0.155,0.101,0.176,21000000.0,592000000.0,1.0,82991556,82991556,,43.462,4271000000,48000000,170000000.0,449000000,51.463,196000000.0
57,URI,ART,2007-03-31,2007-05-02,2007-03-31,2021-07-28,51000000,5410000000,5448500000.0,894000000.0,4516000000.0,0.667,19.36,-642000000.0,104000000,104000000,2332000000.0,234000000.0,1.421,2.422,2716000000,61000000.0,2655000000.0,2716000000,0,489000000.0,0,0.0,0.0,611000000.0,1100000000.0,0.303,1100000000.0,611000000.0,395000000.0,2.41,2.14,2.41,1581000000,1505500000.0,1581000000,5350164581,9.0,4.864,123000000.0,1.506,1.0,1304000000.0,0.359,1385000000,216000000.0,6008000000,6495750000.0,169000000,0,0.0,0.0,3829000000,629000000.0,3200000000.0,2738164581,-227000000.0,31000000.0,77000000.0,-464000000.0,0.0,-382000000.0,-610000000.0,0.0,765000000.0,0.0,234000000.0,234000000.0,234000000.0,27000000.0,0.0,0.064,667000000.0,637000000.0,344000000,0.0,1.732,11.702,13.913,3069000000,0.0,33.53,0.753,0.753,500000000,99000000,3636000000.0,3636000000.0,0.0,0.043,0.155,0.094,0.168,19000000.0,609000000.0,1.0,81663125,81663125,,44.524,4025000000,51000000,161000000.0,439000000,49.288,265000000.0
58,URI,ART,2006-12-31,2007-02-27,2006-12-31,2021-07-28,47000000,5366000000,5436250000.0,1005000000.0,4361000000.0,0.67,19.077,-609000000.0,119000000,119000000,2351000000.0,224000000.0,1.678,2.489,2702000000,37000000.0,2665000000.0,2702000000,0,487000000.0,0,0.0,0.0,601000000.0,1088000000.0,0.299,1088000000.0,601000000.0,380000000.0,2.32,2.06,2.32,1538000000,1423000000.0,1538000000,4897618919,8.0,4.501,249000000.0,3.089,1.0,1289000000.0,0.354,1376000000,221000000.0,5974000000,6693250000.0,139000000,0,0.0,0.0,3828000000,599000000.0,3229000000.0,2314618919,-197000000.0,-39000000.0,74000000.0,-481000000.0,0.0,-404000000.0,-648000000.0,0.0,858000000.0,-3000000.0,224000000.0,224000000.0,224000000.0,25000000.0,0.0,0.062,663000000.0,626000000.0,218000000,0.0,1.505,10.333,12.375,2920000000,0.0,28.71,0.636,0.636,502000000,69000000,3640000000.0,3640000000.0,0.0,0.041,0.157,0.09,0.165,16000000.0,613000000.0,1.0,80620652,80620652,,45.15,3990000000,82000000,156000000.0,463000000,49.491,406000000.0
59,URI,ART,2006-09-30,2006-10-31,2006-09-30,2021-07-28,60000000,5488000000,5413250000.0,,,,18.506,,140000000,140000000,,,,2.656,2957000000,,,2957000000,0,,0,0.0,0.0,,,,,,,,,,1501000000,1345750000.0,1501000000,4738472684,,,,,1.0,,,1370000000,,6935000000,6887000000.0,174000000,0,,,3987000000,,,1921472684,,,,,,,,,,,,,,,,,,,267000000,,1.28,,,3066000000,,23.69,,,615000000,16000000,,,,,,,,,,1.0,81109020,81109020,,,4118000000,0,,340000000,50.771,
60,URI,ART,2006-06-30,2006-08-08,2006-06-30,2021-07-28,63000000,5530000000,,,,,17.393,,208000000,208000000,,,,2.944,3116000000,,,3116000000,0,,0,0.0,0.0,,,,,,,,,,1402000000,,1402000000,4678094145,,,,,1.0,,,1372000000,,7066000000,,195000000,0,,,4128000000,,,1770094145,,,,,,,,,,,,,,,,,,,284000000,,1.263,,,3049000000,,21.96,,,566000000,-79000000,,,,,,,,,,1.0,80605380,80605380,,,4158000000,0,,293000000,51.585,
61,URI,ART,2006-03-31,2006-05-09,2006-03-31,2021-07-28,52000000,5361000000,,,,,15.77,,331000000,331000000,,,,3.285,3128000000,,,3128000000,0,,0,0.0,0.0,,,,,,,,,,1251000000,,1251000000,5777408188,,,,,1.0,,,1360000000,,6798000000,,211000000,0,,,4110000000,,,2980408188,,,,,,,,,,,,,,,,,,,318000000,,2.382,,,2822000000,,37.57,,,494000000,-135000000,,,,,,,,,,1.0,79329470,79329470,,,4001000000,0,,274000000,50.435,
62,URI,ART,2005-12-31,2006-03-31,2005-12-31,2021-07-28,50000000,5274000000,,,,,15.754,-516000000.0,316000000,316000000,2398000000.0,187000000.0,,3.291,3152000000,,,3152000000,0,454000000.0,0,0.0,0.0,509000000.0,963000000.0,0.27,963000000.0,509000000.0,310000000.0,1.97,1.8,1.97,1229000000,,1229000000,5527400924,11.0,5.74,127000000.0,1.628,1.0,1165000000.0,0.327,1361000000,199000000.0,6749000000,,174000000,0,,,4045000000,,,2691400924,13000000.0,-37000000.0,-6000000.0,-74000000.0,0.0,-80000000.0,-553000000.0,0.0,643000000.0,3000000.0,187000000.0,187000000.0,187000000.0,0.0,0.0,0.052,665000000.0,500000000.0,211000000,0.0,2.19,14.393,17.513,2697000000,0.0,34.5,0.755,0.755,572000000,-155000000,3563000000.0,3563000000.0,0.0,,,,0.143,8000000.0,596000000.0,1.0,78011621,78011621,,45.673,3913000000,0,123000000.0,262000000,50.159,
63,URI,ART,2004-09-30,2004-11-09,2004-09-30,2021-07-28,26990000,4848735000,4805853750.0,,,0.627,13.178,-324416000.0,149167000,149167000,2118192000.0,-441155000.0,,3.727,3142720000,,,3142720000,0,427626000.0,0,0.0,0.0,-397160000.0,30466000.0,0.01,30466000.0,-397160000.0,-574400000.0,-5.73,-5.7,-5.73,1025806000,1072223750.0,1025806000,4301312074,-11.0,141.184,255590000.0,3.283,1.0,894474000.0,0.297,1327597000,177240000.0,6514691000,6398515250.0,123242000,0,,,3822929000,,,1307759074,72819000.0,-61445000.0,101000.0,181496000.0,0.0,167951000.0,-664708000.0,0.0,580006000.0,-10430000.0,-441155000.0,-441155000.0,-441155000.0,0.0,0.0,-0.146,978185000.0,-83711000.0,262128000,0.0,1.275,-2.964,-2.932,2586764000,0.0,16.8,0.434,0.434,547450000,-325322000,3012666000.0,3012666000.0,0.0,-0.092,-0.411,-0.062,-0.132,20622000.0,476679000.0,1.0,77842802,77842802,,38.702,3521138000,0,-133245000.0,138999000,45.234,
64,URI,ART,2004-06-30,2004-08-09,2004-06-30,2021-07-28,18624000,4833242000,4821385000.0,,,0.616,13.835,-219867000.0,72384000,72384000,2092667000.0,-344890000.0,,3.493,3089660000,,,3089660000,0,420471000.0,0,0.0,0.0,-279782000.0,140689000.0,0.047,140689000.0,-279782000.0,-471280000.0,-4.47,-4.53,-4.47,1075721000,1173163250.0,1075721000,4489102051,-16.0,31.908,301327000.0,3.876,1.0,875415000.0,0.295,1463744000,191498000.0,6386774000,6184368250.0,119617000,0,,,3757521000,,,1471826051,41981000.0,-61840000.0,-410000.0,152228000.0,0.0,148243000.0,-617083000.0,0.0,521194000.0,-10373000.0,-344890000.0,-344890000.0,-344890000.0,0.0,0.0,-0.116,839847000.0,35568000.0,252548000,0.0,1.368,-4.268,-4.235,2557072000,0.0,18.93,0.496,0.496,495056000,-260941000,2968082000.0,2968082000.0,0.0,-0.072,-0.294,-0.045,-0.094,29519000.0,475400000.0,1.0,77750980,77750980,,38.174,3369498000,0,-126390000.0,119685000,43.337,
65,URI,ART,2004-03-31,2004-05-10,2004-03-31,2021-07-28,23886000,4819297000,4821513500.0,,,0.606,13.566,-222744000.0,127144000,127144000,2062023000.0,-356461000.0,,3.605,3227739000,,,3227739000,0,411384000.0,0,0.0,0.0,-281883000.0,129501000.0,0.044,129501000.0,-281883000.0,-489805000.0,-4.62,-4.64,-4.62,1046493000,1252279500.0,1046493000,4412031202,-16.0,34.069,239429000.0,3.104,1.0,858075000.0,0.294,1467592000,207922000.0,6452300000,6001977500.0,114140000,0,,,3772804000,,,1311436202,94216000.0,-61996000.0,4258000.0,259396000.0,0.0,260079000.0,-620116000.0,0.0,462173000.0,-7920000.0,-356461000.0,-356461000.0,-356461000.0,0.0,0.0,-0.122,834990000.0,23085000.0,239994000,0.0,1.253,-3.679,-3.68,2535709000,0.0,17.0,0.449,0.449,448445000,-295903000,2920098000.0,2920098000.0,0.0,-0.074,-0.285,-0.047,-0.097,34652000.0,469358000.0,1.0,77143306,77143306,,37.853,3351705000,0,-133344000.0,98071000,43.448,
66,URI,ART,2003-12-31,2004-03-15,2003-12-31,2021-07-28,25099000,4722141000,4789708250.0,,,0.599,14.828,-196643000.0,79449000,79449000,2019268000.0,-258581000.0,,3.139,3038638000,,,3038638000,0,401910000.0,0,0.0,0.0,-117193000.0,284717000.0,0.099,284717000.0,-117193000.0,-326521000.0,-3.35,-3.35,-3.35,1140875000,1325732000.0,1140875000,4269523777,-36.0,14.996,145663000.0,1.893,1.0,847968000.0,0.296,1441034000,209328000.0,6240296000,5756673000.0,105987000,0,,,3581266000,,,1310334777,60218000.0,-5420000.0,1102000.0,257430000.0,0.0,254957000.0,-537439000.0,0.0,342306000.0,394000.0,-258581000.0,-258581000.0,-258581000.0,0.0,0.0,-0.09,817520000.0,30448000.0,150796000,0.0,1.149,-5.067,-5.084,2478093000,0.0,17.03,0.457,0.457,499433000,-189300000,2867236000.0,2867236000.0,0.0,-0.054,-0.195,-0.02,-0.041,26415000.0,451347000.0,1.0,76942735,76942735,,37.265,3281107000,0,-67940000.0,165052000,42.643,
67,URI,ART,2003-09-30,2003-11-14,2003-09-30,2021-07-28,12225000,4910860000,4781812250.0,,,0.59,18.554,-227217000.0,76348000,76348000,1975529000.0,-162399000.0,,2.28,2555931000,,,2555931000,0,399729000.0,0,0.0,0.0,24489000.0,424218000.0,0.15,424218000.0,24489000.0,-184062000.0,-1.66,-2.36,-1.66,1429564000,1373389500.0,1429564000,3877237511,158.0,9.14,260114000.0,3.376,1.0,843674000.0,0.299,1732340000,208551000.0,5658103000,5564877000.0,111415000,0,,,3259746000,,,1397654511,52422000.0,-14324000.0,237000.0,-108866000.0,0.0,-138835000.0,-302412000.0,0.0,487331000.0,6338000.0,-162399000.0,-162399000.0,-162399000.0,0.0,0.0,-0.058,803076000.0,40598000.0,212103000,0.0,0.978,-8.606,-10.928,2304674000,0.0,18.14,0.496,0.496,535376000,115833000,2819203000.0,2819203000.0,0.0,-0.034,-0.118,0.004,0.009,26861000.0,458793000.0,1.0,77048209,77048209,,36.59,3178520000,0,-21663000.0,265137000,41.254,
68,URI,ART,2003-06-30,2003-08-14,2003-06-30,2021-07-28,9256000,4833756000,4829852250.0,,,0.579,18.092,-338675000.0,30403000,30403000,1966310000.0,-153516000.0,,2.309,2586011000,,,2586011000,0,395515000.0,0,0.0,0.0,29966000.0,425481000.0,0.152,425481000.0,29966000.0,-173856000.0,-1.56,-2.27,-1.56,1392186000,1391681000.0,1392186000,3663673384,122.0,8.611,190000000.0,2.469,1.0,830862000.0,0.297,1732153000,203822000.0,5657211000,5581108000.0,110488000,0,,,3215020000,,,1108065384,6451000.0,-16803000.0,-4000.0,-138625000.0,0.0,-165260000.0,-359266000.0,0.0,528675000.0,2302000.0,-153516000.0,-153516000.0,-153516000.0,0.0,0.0,-0.055,783807000.0,47055000.0,217533000,0.0,0.796,-7.218,-9.231,2317994000,0.0,14.4,0.396,0.396,488607000,83949000,2797172000.0,2797172000.0,0.0,-0.032,-0.11,0.005,0.011,15327000.0,442222000.0,1.0,76948985,76948985,,36.351,3101603000,0,-20340000.0,230367000,40.307,
69,URI,ART,2003-03-31,2003-06-24,2003-03-31,2021-07-28,-10941000,4692076000,4883371750.0,,,0.576,17.504,-368824000.0,32928000,32928000,1952817000.0,-125793000.0,,2.332,2533631000,,,2533631000,0,390637000.0,0,0.0,0.0,68837000.0,459474000.0,0.163,459474000.0,68837000.0,-128116000.0,-1.19,-2.01,-1.19,1340303000,1410864000.0,1340303000,3572721290,52.0,7.776,191138000.0,2.496,1.0,861058000.0,0.306,1721697000,196953000.0,5471082000,5592886750.0,107781000,0,,,3125223000,,,1072018290,1678000.0,-128078000.0,855000.0,-42241000.0,0.0,-68017000.0,-500690000.0,0.0,559962000.0,10423000.0,-125793000.0,-125793000.0,-125793000.0,0.0,0.0,-0.045,775754000.0,85304000.0,191657000,0.0,0.8,-8.522,-11.765,2256469000,0.0,14.0,0.381,0.381,422266000,60558000,2813875000.0,2813875000.0,0.0,-0.026,-0.089,0.012,0.024,10264000.0,437184000.0,1.0,76572735,76572735,,36.748,2970379000,0,-2323000.0,220754000,38.792,
70,URI,ART,2003-03-31,2003-05-15,2003-03-31,2021-07-28,-10941000,4692076000,4883371750.0,,,0.576,17.369,-368824000.0,32928000,32928000,1952817000.0,-125793000.0,,2.332,2533631000,,,2533631000,0,390637000.0,0,0.0,0.0,68837000.0,459474000.0,0.163,459474000.0,68837000.0,-128116000.0,-1.66,-2.48,-1.66,1340303000,1410864000.0,1340303000,3403549389,49.0,7.407,191138000.0,2.477,1.0,861058000.0,0.306,1721697000,196953000.0,5471082000,5592886750.0,107781000,0,,,3125223000,,,902846389,1678000.0,-128078000.0,855000.0,-42241000.0,0.0,-68017000.0,-500690000.0,0.0,559962000.0,10423000.0,-125793000.0,-125793000.0,-125793000.0,0.0,0.0,-0.045,775754000.0,85304000.0,191657000,0.0,0.674,-7.177,-7.048,2256469000,0.0,11.7,0.321,0.321,422266000,60558000,2813875000.0,2813875000.0,0.0,-0.026,-0.089,0.012,0.024,10264000.0,437184000.0,1.0,77166358,77166358,,36.465,2970379000,0,-2323000.0,220754000,38.493,
71,URI,ART,2002-12-31,2003-03-28,2002-12-31,2021-07-28,-26848000,4690557000,4900272750.0,,,0.576,17.398,-359323000.0,19231000,19231000,1934712000.0,-397825000.0,,2.353,2512798000,,,2512798000,0,384850000.0,0,0.0,0.0,-193762000.0,191088000.0,0.068,191088000.0,-193762000.0,-389723000.0,-5.25,-5.25,-5.25,1331505000,1426177250.0,1331505000,3238979632,-17.0,16.95,158586000.0,2.072,1.0,886277000.0,0.314,1711012000,195961000.0,5473112000,5564358250.0,91798000,0,,,3132502000,,,745412632,-8095000.0,-172583000.0,37029000.0,10391000.0,0.0,9309000.0,-536248000.0,0.0,517909000.0,935000.0,-397825000.0,-397825000.0,-397825000.0,0.0,0.0,-0.141,774394000.0,111883000.0,207038000,0.0,0.56,-1.874,-1.855,2271027000,0.0,9.74,0.264,0.264,466196000,69281000,2820989000.0,2820989000.0,0.0,-0.081,-0.279,-0.035,-0.069,11443000.0,438918000.0,1.0,76531071,76531071,,36.861,2979545000,0,8102000.0,225587000,38.932,
72,URI,ART,2002-09-30,2002-11-14,2002-09-30,2021-07-28,-30125000,5103020000,4993012500.0,,,0.567,19.628,-389771000.0,23926000,23926000,1907017000.0,-156700000.0,,2.207,2607336000,,,2607336000,0,393094000.0,0,0.0,0.0,126126000.0,519220000.0,0.183,519220000.0,126126000.0,-70328000.0,-2.18,-1.6,-2.18,1502730000,1499678500.0,1502730000,3267083727,26.0,6.292,229112000.0,2.993,1.0,923815000.0,0.326,1963403000,196454000.0,5723027000,5517583000.0,93190000,0,,,3317040000,,,683673727,-6590000.0,-175001000.0,38668000.0,-86759000.0,0.0,-59571000.0,-564687000.0,0.0,618883000.0,-1215000.0,-156700000.0,-156700000.0,-156700000.0,0.0,0.0,-0.055,494196000.0,429619000.0,269491000,0.0,0.455,-4.363,-4.096,2334780000,0.0,8.93,0.242,0.242,541538000,278232000,2830832000.0,2830832000.0,0.0,-0.031,-0.104,0.023,0.045,10985000.0,425019000.0,1.0,76559208,76559208,,36.976,3139617000,0,86372000.0,278328000,41.009,
73,URI,ART,2002-06-30,2002-08-14,2002-06-30,2021-07-28,-20215000,5047834000,5044319000.0,,,0.564,19.186,-333807000.0,23952000,23952000,1859902000.0,-135415000.0,,2.244,2653075000,,,2653075000,0,402482000.0,0,0.0,0.0,173445000.0,575927000.0,0.203,575927000.0,173445000.0,-31044000.0,-1.86,-1.4,-1.86,1468918000,1523158750.0,1468918000,3681098785,21.0,6.392,233824000.0,3.054,1.0,983310000.0,0.346,1972631000,204489000.0,5704326000,5526774500.0,107071000,0,,,3295666000,,,1051975785,-12183000.0,-179447000.0,39294000.0,-90574000.0,0.0,-62760000.0,-514153000.0,0.0,567631000.0,-2901000.0,-135415000.0,-135415000.0,-135415000.0,0.0,0.0,-0.048,506319000.0,476991000.0,252655000,0.0,0.716,-7.769,-7.387,2284077000,0.0,13.74,0.37,0.37,499482000,237465000,2843212000.0,2843212000.0,0.0,-0.027,-0.089,0.031,0.061,10307000.0,425056000.0,1.0,76563012,76563012,,37.136,3075203000,0,104371000.0,255662000,40.166,
74,URI,ART,2002-03-31,2002-05-15,2002-03-31,2021-07-28,-29387000,4759680000,5111022000.0,,,0.561,18.3,-354495000.0,31250000,31250000,1850355000.0,-172911000.0,,2.194,2518308000,,,2518308000,0,416752000.0,0,0.0,0.0,135510000.0,552262000.0,0.193,552262000.0,135510000.0,-78506000.0,-2.34,-1.77,-2.34,1401556000,1541120500.0,1401556000,4452279522,33.0,8.062,326749000.0,4.266,1.0,1016111000.0,0.354,1889770000,214016000.0,5356968000,5557877500.0,103891000,0,,,3074874000,,,1965221522,5048000.0,-77913000.0,44837000.0,-270275000.0,0.0,-236918000.0,-434728000.0,0.0,681244000.0,-4550000.0,-172911000.0,-172911000.0,-172911000.0,0.0,0.0,-0.06,554815000.0,461296000.0,190454000,0.0,1.402,-11.366,-10.966,2140714000,0.0,25.66,0.686,0.686,422181000,186351000,2866466000.0,2866466000.0,0.0,-0.034,-0.112,0.024,0.047,8969000.0,431353000.0,1.0,76586965,76586965,,37.428,2869910000,0,94405000.0,228792000,37.473,
75,URI,ART,2001-12-31,2002-03-29,2001-12-31,2021-07-28,-30127000,5061516000,5199130000.0,,,0.555,21.553,-350217000.0,27326000,27326000,1847135000.0,111256000.0,,1.929,2459522000,,,2459522000,0,427726000.0,0,0.0,0.0,424796000.0,852522000.0,0.295,852522000.0,424796000.0,203233000.0,1.54,1.18,1.54,1625510000,1569337500.0,1625510000,4504744580,11.0,5.284,346493000.0,4.594,1.0,1039470000.0,0.36,2207701000,221563000.0,5286011000,5622437000.0,85764000,0,,,3136006000,,,2072548580,-7058000.0,-56941000.0,-14341000.0,-263647000.0,0.0,-277988000.0,-409643000.0,0.0,696710000.0,-16137000.0,111256000.0,111256000.0,111256000.0,0.0,0.0,0.039,577436000.0,462034000.0,204773000,0.0,1.275,18.629,17.844,2157235000,0.0,27.48,0.718,0.718,450273000,467106000,2886605000.0,2886605000.0,0.0,0.021,0.071,0.076,0.147,6176000.0,441751000.0,1.0,75420254,75420254,,38.274,2853815000,0,91977000.0,297024000,37.839,
76,URI,ART,2001-09-30,2001-11-14,2001-09-30,2021-07-28,-23793000,5308246000,5214734250.0,,,0.563,21.78,-405604000.0,30516000,30516000,1869564000.0,115456000.0,,2.137,2698443000,,,2698443000,0,425436000.0,0,0.0,0.0,443240000.0,868676000.0,0.296,868676000.0,443240000.0,210414000.0,1.61,1.21,1.61,1596651000,1549445750.0,1596651000,4174411661,9.0,4.805,249355000.0,3.401,1.0,1063956000.0,0.363,2216380000,232826000.0,5759793000,5685411250.0,105064000,0,,,3411595000,,,1506484661,-1199000.0,-72577000.0,-15828000.0,-142052000.0,0.0,-157880000.0,-481879000.0,0.0,654959000.0,-16399000.0,115456000.0,115456000.0,115456000.0,0.0,0.0,0.039,584442000.0,479514000.0,253813000,0.0,0.944,13.048,12.764,2245117000,0.0,20.55,0.514,0.514,539311000,434932000,2933520000.0,2933520000.0,0.0,0.022,0.075,0.078,0.151,3675000.0,451540000.0,1.0,73308256,73308256,,40.016,3091866000,0,94958000.0,267403000,42.176,
77,URI,ART,2001-06-30,2001-10-09,2001-06-30,2021-07-28,-14724000,5314646000,5203960250.0,,,0.576,21.021,-448877000.0,36135000,36135000,1897652000.0,128795000.0,,2.255,2759748000,,,2759748000,0,426268000.0,0,0.0,0.0,470374000.0,896642000.0,0.299,896642000.0,470374000.0,233216000.0,1.83,1.37,1.83,1540765000,1527029250.0,1540765000,4031932124,9.0,4.497,99474000.0,1.357,1.0,1099418000.0,0.367,2209521000,237158000.0,5828738000,5705477500.0,114570000,0,,,3473881000,,,1308319124,2943000.0,-110521000.0,-16367000.0,45391000.0,0.0,29024000.0,-563378000.0,0.0,548351000.0,-11054000.0,128795000.0,128795000.0,128795000.0,0.0,0.0,0.043,592816000.0,506602000.0,312014000,0.0,0.849,10.158,9.754,2279980000,0.0,17.85,0.437,0.437,490555000,372880000,2997070000.0,2997070000.0,0.0,0.025,0.084,0.082,0.157,1394000.0,465076000.0,1.0,73295189,73295189,,40.89,3105125000,0,104421000.0,230106000,42.365,
78,URI,ART,2001-06-30,2001-08-14,2001-06-30,2021-07-28,-14724000,5314646000,5203960250.0,,,0.576,21.05,-448877000.0,36135000,36135000,1897652000.0,128795000.0,,2.255,2759748000,,,2759748000,0,426268000.0,0,0.0,0.0,470374000.0,896642000.0,0.299,896642000.0,470374000.0,233216000.0,1.83,1.37,1.83,1540765000,1527029250.0,1540765000,4440029278,9.0,4.952,99474000.0,1.359,1.0,1099418000.0,0.367,2209521000,237158000.0,5828738000,5705477500.0,114570000,0,,,3473881000,,,1716416278,2943000.0,-110521000.0,-16367000.0,45391000.0,0.0,29024000.0,-563378000.0,0.0,548351000.0,-11054000.0,128795000.0,128795000.0,128795000.0,0.0,0.0,0.043,592816000.0,506602000.0,312014000,0.0,1.114,13.327,12.814,2279980000,0.0,23.45,0.573,0.573,490555000,372880000,2997070000.0,2997070000.0,0.0,0.025,0.084,0.082,0.157,1394000.0,465076000.0,1.0,73194724,73194724,,40.947,3105125000,0,104421000.0,230106000,42.423,
79,URI,ART,2001-03-31,2001-05-15,2001-03-31,2021-07-28,-18960000,5112112000,5145454250.0,,,0.575,21.607,-536707000.0,26202000,26202000,1873850000.0,162376000.0,,2.178,2751190000,,,2751190000,0,423819000.0,0,0.0,0.0,514192000.0,938011000.0,0.317,938011000.0,514192000.0,277566000.0,2.3,1.74,2.3,1514424000,1499761750.0,1514424000,4175134376,8.0,4.451,-61485000.0,-0.877,1.0,1085153000.0,0.367,2221894000,236626000.0,5615206000,5629916750.0,127829000,0,,,3297688000,,,1450146376,-8700000.0,-236998000.0,-53718000.0,365086000.0,0.0,311368000.0,-776783000.0,0.0,475222000.0,-18507000.0,162376000.0,162376000.0,162376000.0,0.0,0.0,0.055,553763000.0,531390000.0,205864000,0.0,0.958,8.931,8.996,2147801000,0.0,20.69,0.49,0.49,420579000,359262000,2959003000.0,2959003000.0,0.0,0.032,0.108,0.091,0.174,0.0,461373000.0,1.0,70089240,70089240,,42.218,2890218000,0,115190000.0,214784000,41.236,
80,URI,ART,2000-12-31,2001-03-22,2000-12-31,2021-07-28,-6947000,5123933000,5058546750.0,,,0.577,22.148,-614296000.0,34384000,34384000,1830291000.0,176375000.0,,2.12,2675367000,,,2675367000,0,414432000.0,0,0.0,0.0,530275000.0,944707000.0,0.324,944707000.0,530275000.0,301496000.0,2.48,1.89,2.48,1545943000,1474726500.0,1545943000,3759176100,7.0,3.979,-101575000.0,-1.455,1.0,1088570000.0,0.373,2227008000,228779000.0,5537908000,5527496250.0,133380000,0,,,3277990000,,,1118193100,10573000.0,-344357000.0,-30619000.0,498673000.0,0.0,468054000.0,-962938000.0,0.0,512721000.0,-7264000.0,176375000.0,176375000.0,176375000.0,0.0,0.0,0.06,540631000.0,547939000.0,260155000,0.0,0.723,6.34,6.46,2155074000,0.0,16.02,0.383,0.383,469594000,355850000,2918861000.0,2918861000.0,0.0,0.035,0.12,0.096,0.182,0.0,454330000.0,1.0,69799819,69799819,,41.818,2896925000,0,125121000.0,206243000,41.503,
81,URI,ART,2000-09-30,2000-11-14,2000-09-30,2021-07-28,421000,5265150000,4901998000.0,,,0.579,21.437,-647895000.0,31715000,31715000,1768610000.0,184348000.0,,2.295,2801333000,,,2801333000,0,408686000.0,0,0.0,0.0,528018000.0,936704000.0,0.33,936704000.0,528018000.0,314463000.0,2.58,1.96,2.58,1506985000,1437612250.0,1506985000,4026222331,8.0,4.298,-298994000.0,-4.253,1.0,1068370000.0,0.377,2194710000,213555000.0,5840058000,5362195000.0,142078000,0,,,3458165000,,,1256604331,644000.0,-393004000.0,-31299000.0,725192000.0,0.0,693893000.0,-1042852000.0,0.0,348901000.0,702000.0,184348000.0,184348000.0,184348000.0,0.0,0.0,0.065,522131000.0,546239000.0,281352000,0.0,0.834,6.816,6.928,2201182000,0.0,17.875,0.443,0.443,549803000,319476000,2836980000.0,2836980000.0,0.0,0.038,0.128,0.098,0.186,0.0,439862000.0,1.0,70299543,70299543,,40.356,3070440000,0,130115000.0,163520000,43.677,
82,URI,ART,2000-06-30,2000-08-11,2000-06-30,2021-07-28,659000,5080622000,4717198000.0,,,0.561,20.369,-677666000.0,33192000,33192000,1661920000.0,165165000.0,,2.339,2613621000,,,2613621000,0,392677000.0,0,0.0,0.0,475589000.0,868266000.0,0.328,868266000.0,475589000.0,280857000.0,2.29,1.77,2.29,1431695000,1399168000.0,1431695000,4025725179,8.0,4.637,-166978000.0,-2.376,1.0,984645000.0,0.372,2134556000,194732000.0,5526495000,5157564000.0,156258000,0,,,3348927000,,,1445296179,13364000.0,-671443000.0,-21863000.0,730711000.0,0.0,852648000.0,-1350912000.0,0.0,510688000.0,940000.0,165165000.0,165165000.0,165165000.0,0.0,0.0,0.062,490771000.0,493874000.0,395238000,0.0,1.01,8.751,8.979,2164917000,0.0,20.563,0.546,0.546,498892000,244085000,2646565000.0,2646565000.0,0.0,0.035,0.118,0.092,0.18,0.0,413703000.0,1.0,70286251,70286251,,37.654,2946066000,0,115692000.0,93672000,41.915,
83,URI,ART,2000-03-31,2000-05-15,2000-03-31,2021-07-28,-453000,4764482000,4408588000.0,,,0.549,19.625,-654763000.0,34902000,34902000,1523370000.0,147506000.0,,2.157,2489746000,,,2489746000,0,365746000.0,0,0.0,0.0,415304000.0,781050000.0,0.323,781050000.0,415304000.0,250166000.0,,,,1414283000,1398836750.0,1414283000,3477312322,8.0,4.452,-236286000.0,-3.279,1.0,896911000.0,0.371,2013802000,165138000.0,5205524000,4869692750.0,145797000,0,,,3050199000,,,1022468322,-75944000.0,-978832000.0,26587000.0,971302000.0,0.0,1141689000.0,-1635938000.0,0.0,418477000.0,-172000.0,147506000.0,147506000.0,147506000.0,0.0,0.0,0.061,458761000.0,438150000.0,313200000,,0.723,6.932,,2066432000,0.0,14.188,0.422,0.422,403050000,196886000,2420281000.0,2420281000.0,0.0,0.033,0.105,0.085,0.172,0.0,389185000.0,1.0,72065712,72065712,,33.584,2750680000,0,102660000.0,81851000,38.169,
84,URI,ART,1999-12-31,2000-03-30,1999-12-31,2021-07-28,317000,4497738000,3980863500.0,,,0.561,19.393,-606083000.0,23811000,23811000,1408710000.0,142666000.0,,2.004,2266148000,,,2266148000,0,343508000.0,0,0.0,0.0,381635000.0,725143000.0,0.325,725143000.0,381635000.0,241807000.0,2.0,1.53,2.0,1397486000,1324036250.0,1397486000,3377325202,9.0,4.657,-184723000.0,-2.563,1.0,824918000.0,0.369,1863372000,139828000.0,4876703000,4357857500.0,129473000,0,,,2800252000,,,1134988202,3401000.0,-988485000.0,91690000.0,654523000.0,0.0,1177013000.0,-1595570000.0,0.0,421360000.0,598000.0,142666000.0,142666000.0,142666000.0,0.0,0.0,0.064,415462000.0,409456000.0,242946000,0.0,0.812,7.956,7.875,1964640000,0.0,15.75,0.508,0.508,434985000,179475000,2233628000.0,2233628000.0,0.0,0.036,0.108,0.088,0.171,0.0,352595000.0,1.0,72062743,72062743,,30.996,2634366000,0,99141000.0,81229000,36.557,
85,URI,ART,1999-09-30,1999-11-15,1999-09-30,2021-07-28,-142000,4525950000,3515094750.0,,,0.563,18.781,-521846000.0,31071000,31071000,1256177000.0,120247000.0,,2.123,2214589000,,,2214589000,0,311464000.0,0,0.0,0.0,327850000.0,639314000.0,0.323,639314000.0,327850000.0,209322000.0,,,,1353208000,1156222250.0,1353208000,3336320720,10.0,5.219,-148720000.0,-2.064,1.0,724432000.0,0.366,1687934000,118528000.0,5021534000,3890372250.0,160287000,0,,,2872742000,,,1152802720,9276000.0,-981700000.0,92849000.0,614362000.0,3536000.0,1138011000.0,-1501580000.0,0.0,373126000.0,-281000.0,120247000.0,120247000.0,120247000.0,0.0,0.0,0.061,373637000.0,350795000.0,353470000,,0.852,9.587,,2058192000,0.0,16.0,0.582,0.582,455791000,135128000,1980609000.0,1980609000.0,0.0,0.034,0.104,0.084,0.166,0.0,315051000.0,1.0,72050170,72050170,,27.489,2838016000,0,89075000.0,89123000,39.389,
86,URI,ART,1999-06-30,1999-08-16,1999-06-30,2021-07-28,-301000,3846182000,3022857750.0,,,0.559,19.853,-803451099.0,37309000,37309000,1084895000.0,32546000.0,,1.689,1947876000,,,1947876000,0,350969863.0,0,0.0,0.0,191209000.0,542178863.0,0.321,542178863.0,191209000.0,90992000.0,,,,1430370000,994929750.0,1430370000,3675734940,19.0,6.78,-423166386.0,-5.873,1.0,606170000.0,0.358,1381739000,100217000.0,4375010000,3372894000.0,149267000,0,,,2415812000,,,1765167940,-53329038.0,-1493832000.0,290323000.0,989905045.0,1268795.0,1865835348.0,-2299168099.0,0.0,380284713.0,-281000.0,32546000.0,32546000.0,32546000.0,0.0,0.0,0.019,372446000.0,233724000.0,215148000,,1.234,54.236,,1833000000,0.0,24.5,1.044,1.044,355592000,76627000,1691065000.0,1691065000.0,0.0,0.011,0.033,0.057,0.113,0.0,277131000.0,1.0,72047671,72047671,,23.471,2464443000,0,58446000.0,63674000,34.206,
87,URI,ART,1999-03-31,1999-05-17,1999-03-31,2021-07-28,-303000,3053584000,2283603367.0,,,0.522,15.58,-534194171.0,110846000,110846000,770424284.0,2128408.0,,1.469,1260545000,,,1260545000,0,276770744.0,0,0.0,0.0,111987463.0,388758207.0,0.326,388758207.0,111987463.0,35655937.0,0.22,0.16,0.22,1115081000,741935792.0,1115081000,3193945941,29.0,8.216,-229189789.0,-3.202,1.0,421128464.0,0.353,1045100000,76331526.0,3158183000,2490099516.0,98794000,0,,,1638503000,,,2044246941,52257521.0,-911689910.0,66365694.0,543655755.0,0.0,1193485449.0,-1445951310.0,0.0,305004382.0,-281000.0,2128408.0,2128408.0,2128408.0,0.0,0.0,0.002,275771679.0,145356785.0,197601000,0.0,1.833,960.458,129.832,1440238000,0.0,28.563,1.716,1.716,260445000,53034000,1191552748.0,1191552748.0,0.0,0.001,0.003,0.045,0.094,0.0,194395583.0,1.0,71569756,71569756,,16.649,2008484000,0,33527529.0,50756000,28.063,
88,URI,ART,1998-12-31,1999-03-29,1998-12-31,2021-07-28,-281000,2634663000,1632739163.0,,,0.747,10.259,-444531000.0,20410000,20410000,796834000.0,13461000.0,,2.215,1314574000,,,1314574000,0,211158000.0,0,0.0,0.0,121117000.0,332275000.0,0.272,332275000.0,121117000.0,56960000.0,0.2,0.18,0.2,726230000,559323861.0,726230000,3497447908,29.0,10.526,-228402000.0,-3.227,1.0,423448000.0,0.347,922065000,64157000.0,3006762000,1759434213.0,70994000,0,,,1608433000,,,2203283908,-52001000.0,-905153000.0,207624000.0,577988000.0,0.0,1082076000.0,-1349925000.0,0.0,216129000.0,-281000.0,13461000.0,13461000.0,13461000.0,0.0,0.0,0.011,278046000.0,145402000.0,121940000,0.0,3.034,163.679,155.625,1328517000,0.0,31.125,1.806,1.806,233282000,36809000,1220282000.0,1220282000.0,0.0,0.008,0.024,0.069,0.099,0.0,195620000.0,1.0,70788238,70788238,,17.238,1712598000,0,43499000.0,43560000,24.193,
89,URI,ART,1998-09-30,1998-11-16,1998-09-30,2021-07-28,-283000,2557002000,1016351016.0,,,0.464,10.35,-423002726.0,21795000,21795000,301642983.0,-23623598.0,,2.188,1235508000,,,1235508000,0,153740799.0,0,0.0,0.0,15732537.0,169473336.0,0.359,169473336.0,15732537.0,-17163505.0,,,,708038000,417198869.0,708038000,3017973050,192.0,17.808,-200625643.0,-2.933,1.0,169957071.0,0.36,819094000,32896042.0,2951621000,1020504619.0,74895000,0,,,1548964000,,,1804260050,-105654749.0,-835914000.0,152058110.0,486180779.0,-4663646.0,933456380.0,-1261488212.0,1841514.0,222377083.0,0.0,-23623598.0,-23623598.0,-23623598.0,0.0,0.0,-0.05,132388465.0,37568606.0,137339000,,2.548,-76.375,,1372070000,0.0,26.375,3.826,3.826,232448000,18535000,471600054.0,471600054.0,0.0,-0.023,-0.057,0.015,0.033,0.0,78156519.0,1.0,68407964,68407964,,6.894,1737908000,0,6460093.0,20761000,25.405,
90,URI,ART,1998-06-30,1998-09-28,1998-06-30,2021-07-28,0,150366175,390813384.0,,,0.237,1.099,-1339875.0,1784124,1784124,61285983.0,7595945.0,,2.955,94818830,,,94818830,2653308,20854478.0,0,0.0,0.0,14597080.0,35451558.0,0.383,35451558.0,14597080.0,5625038.0,,,,38020393,253397948.0,38020393,810655258,56.0,22.867,22046907.0,0.637,1.0,31240071.0,0.338,3639033,8972042.0,239761848,282652845.0,4507505,0,,,112345782,,,717620552,344857.0,0.0,37514.0,-20191266.0,-2396441.0,-23543564.0,501639.0,1841514.0,23386782.0,0.0,7595945.0,7595945.0,7595945.0,0.0,0.0,0.082,18906520.0,12333551.0,8833191,,18.875,94.474,,116884902,0.0,20.75,7.756,7.756,16528382,37655085,92526054.0,92526054.0,0.0,0.019,0.03,0.052,0.158,0.0,18091574.0,1.0,34584123,34584123,,2.675,146727142,0,-1970907.0,2382731,4.243,
91,URI,ART,1998-06-30,1998-08-14,1998-06-30,2021-07-28,-18786,889164469,390813384.0,,,,12.098,,5486092,5486092,,,,1.125,389181344,,,389181344,0,,0,0.0,0.0,,,,,,,,,,418394166,253397948.0,418394166,1464449096,,,,,1.0,,,429027657,,843832064,282652845.0,33255606,0,,,470770303,,,1080753844,,,,,,,,,,,,,,,,,,,55855965,,2.583,,,331305311,,31.25,,,67202625,8253698,,,,,,,,,,1.0,34584123,34584123,,,460136812,0,,2375648,13.305,
92,URI,ART,1998-03-31,1998-05-14,1998-03-31,2021-07-28,-1671,450127183,,,,,11.439,,54785007,54785007,,,,0.17,26494068,,,26494068,0,,0,0.0,0.0,,,,,,,,,,384633278,,384633278,1190568730,,,,,1.0,,,186314455,,235521789,,14933813,0,,,65493905,,,1218859669,,,,,,,,,,,,,,,,,,,28149318,,3.169,,,152644389,,36.25,,,31443000,2671973,,,,,,,,,,1.0,33623715,33623715,,,263812728,0,,544820,7.846,
93,URI,ART,1997-12-31,1998-03-13,1997-12-31,2021-07-28,0,169110412,,,,,4.73,-1695019.0,68607528,68607528,6822118.0,33622.0,,0.072,1074474,,,1074474,0,1300849.0,0,0.0,0.0,508210.0,1809059.0,0.17,1809059.0,508210.0,54138.0,0.0,0.0,0.0,157730031,,157730031,782734050,1540.0,432.675,-592283.0,-0.018,1.0,3811280.0,0.358,50533736,454072.0,51043622,,3827446,0,,,11380381,,,850267104,68607528.0,-51451634.0,154788110.0,-34008142.0,0.0,120779968.0,-53275176.0,0.0,1102736.0,0.0,33622.0,33622.0,33622.0,0.0,0.0,0.003,3573771.0,237509.0,5697830,,5.391,25289.01,,35680244,0.0,25.5,79.962,79.962,7494636,33622,10633398.0,10633398.0,0.0,,,,0.048,0.0,3311669.0,1.0,33343808,33343808,,0.319,118576676,0,20516.0,198249,3.556,
94,URI,ART,1997-09-30,1997-12-18,1997-09-30,2021-07-28,0,54851474,,,,,2.312,,54637568,54637568,,,,0.003,0,,,0,0,,0,0.0,0.0,,,,,,,,,,52834315,,52834315,288099217,,,,,1.0,,,0,,213906,,0,0,,,152527,,,342736785,,,,,,,,,,,,,,,,,,,67701,,6.487,,,99706,,15.0,,,0,-273457,,,,,,,,,,1.0,22849119,22849119,,,54851474,0,,0,2.401,
