None,ticker,dimension,calendardate,datekey,reportperiod,lastupdated,accoci,assets,assetsavg,assetsc,assetsnc,assetturnover,bvps,capex,cashneq,cashnequsd,cor,consolinc,currentratio,de,debt,debtc,debtnc,debtusd,deferredrev,depamor,deposits,divyield,dps,ebit,ebitda,ebitdamargin,ebitdausd,ebitusd,ebt,eps,epsdil,epsusd,equity,equityavg,equityusd,ev,evebit,evebitda,fcf,fcfps,fxusd,gp,grossmargin,intangibles,intexp,invcap,invcapavg,inventory,investments,investmentsc,investmentsnc,liabilities,liabilitiesc,liabilitiesnc,marketcap,ncf,ncfbus,ncfcommon,ncfdebt,ncfdiv,ncff,ncfi,ncfinv,ncfo,ncfx,netinc,netinccmn,netinccmnusd,netincdis,netincnci,netmargin,opex,opinc,payables,payoutratio,pb,pe,pe1,ppnenet,prefdivis,price,ps,ps1,receivables,retearn,revenue,revenueusd,rnd,roa,roe,roic,ros,sbcomp,sgna,sharefactor,sharesbas,shareswa,shareswadil,sps,tangibles,taxassets,taxexp,taxliabilities,tbvps,workingcapital
0,URI,MRY,2020-12-31,2020-12-31,2020-12-31,2021-07-28,-146000000.0,17868000000.0,18136000000.0,2017000000.0,15851000000.0,0.47,63.005,-258000000.0,202000000.0,202000000.0,5347000000.0,890000000.0,1.067,2.931,10231000000.0,704000000.0,9527000000.0,10231000000.0,0.0,1988000000.0,0.0,0.0,0.0,1808000000.0,3796000000.0,0.445,3796000000.0,1808000000.0,1139000000.0,12.24,12.2,12.24,4545000000.0,4062000000.0,4545000000.0,27130206095.0,15.0,7.147,2400000000.0,33.27,1.0,3183000000.0,0.373,5816000000.0,669000000.0,20191000000.0,21042500000.0,125000000.0,0.0,0.0,0.0,13323000000.0,1890000000.0,11433000000.0,16729206095.0,150000000.0,-2000000.0,-285000000.0,-2008000000.0,0.0,-2293000000.0,-223000000.0,-3000000.0,2658000000.0,8000000.0,890000000.0,890000000.0,890000000.0,0.0,0.0,0.104,1383000000.0,1800000000.0,466000000.0,0.0,3.681,18.797,18.947,9997000000.0,0.0,231.91,1.961,1.961,1315000000.0,6165000000.0,8530000000.0,8530000000.0,0.0,0.049,0.219,0.086,0.212,70000000.0,979000000.0,1.0,72136631.0,72136631.0,,118.248,12052000000.0,0.0,249000000.0,1768000000.0,167.072,127000000.0
1,URI,MRY,2019-12-31,2019-12-31,2019-12-31,2021-07-28,-186000000.0,18970000000.0,19002000000.0,1842000000.0,17128000000.0,0.492,50.961,-1482000000.0,52000000.0,52000000.0,5681000000.0,1174000000.0,0.838,3.953,11961000000.0,997000000.0,10964000000.0,11961000000.0,0.0,2038000000.0,0.0,0.0,0.0,2162000000.0,4200000000.0,0.449,4200000000.0,2162000000.0,1514000000.0,15.18,15.11,15.18,3830000000.0,3583250000.0,3830000000.0,24659755947.0,11.0,5.871,1542000000.0,20.517,1.0,3670000000.0,0.392,6049000000.0,648000000.0,22632000000.0,22520250000.0,120000000.0,0.0,0.0,0.0,15140000000.0,2198000000.0,12942000000.0,12533755947.0,9000000.0,-249000000.0,-859000000.0,-446000000.0,0.0,-1305000000.0,-1710000000.0,-3000000.0,3024000000.0,0.0,1174000000.0,1174000000.0,1174000000.0,0.0,0.0,0.126,1518000000.0,2152000000.0,454000000.0,0.0,3.273,10.676,10.986,11060000000.0,0.0,166.77,1.34,1.34,1530000000.0,5275000000.0,9351000000.0,9351000000.0,0.0,0.062,0.328,0.096,0.231,61000000.0,1092000000.0,1.0,75155939.0,75155939.0,,124.421,12921000000.0,0.0,340000000.0,1887000000.0,171.923,-356000000.0
2,URI,MRY,2018-12-31,2018-12-31,2018-12-31,2021-07-28,-237000000.0,18133000000.0,16070750000.0,1761000000.0,16372000000.0,0.501,41.959,-1604000000.0,43000000.0,43000000.0,4683000000.0,1096000000.0,0.832,4.329,11747000000.0,903000000.0,10844000000.0,11747000000.0,0.0,1671000000.0,0.0,0.0,0.0,1957000000.0,3628000000.0,0.451,3628000000.0,1957000000.0,1476000000.0,13.26,13.12,13.26,3403000000.0,3239750000.0,3403000000.0,18328451834.0,9.0,5.052,1249000000.0,15.4,1.0,3364000000.0,0.418,6142000000.0,481000000.0,21579000000.0,18618000000.0,109000000.0,0.0,0.0,0.0,14730000000.0,2116000000.0,12614000000.0,8315451834.0,-309000000.0,-2966000000.0,-815000000.0,2212000000.0,0.0,1397000000.0,-4551000000.0,-3000000.0,2853000000.0,-8000000.0,1096000000.0,1096000000.0,1096000000.0,0.0,0.0,0.136,1413000000.0,1951000000.0,536000000.0,0.0,2.444,7.587,7.732,10214000000.0,0.0,102.53,1.033,1.033,1545000000.0,4101000000.0,8047000000.0,8047000000.0,0.0,0.068,0.338,0.105,0.243,102000000.0,1038000000.0,1.0,81102622.0,81102622.0,,99.22,11991000000.0,0.0,380000000.0,1687000000.0,147.85,-355000000.0
3,URI,MRY,2017-12-31,2017-12-31,2017-12-31,2021-07-28,-151000000.0,15030000000.0,13470000000.0,1772000000.0,13258000000.0,0.493,36.725,-1323000000.0,352000000.0,352000000.0,3872000000.0,1346000000.0,1.062,3.839,9440000000.0,723000000.0,8717000000.0,9440000000.0,0.0,1383000000.0,0.0,0.0,0.0,1512000000.0,2895000000.0,0.436,2895000000.0,1512000000.0,1048000000.0,15.91,15.73,15.91,3106000000.0,2254500000.0,3106000000.0,22586217595.0,15.0,7.802,886000000.0,10.476,1.0,2769000000.0,0.417,4957000000.0,464000000.0,17493000000.0,15491000000.0,75000000.0,0.0,0.0,0.0,11924000000.0,1668000000.0,10256000000.0,14539217595.0,40000000.0,-2377000000.0,-53000000.0,1550000000.0,0.0,1497000000.0,-3684000000.0,-5000000.0,2209000000.0,18000000.0,1346000000.0,1346000000.0,1346000000.0,0.0,0.0,0.203,1262000000.0,1507000000.0,409000000.0,0.0,4.681,10.802,10.805,8291000000.0,0.0,171.91,2.189,2.189,1233000000.0,3005000000.0,6641000000.0,6641000000.0,0.0,0.1,0.597,0.098,0.228,87000000.0,903000000.0,1.0,84574589.0,84574589.0,,78.522,10073000000.0,0.0,-298000000.0,1419000000.0,119.102,104000000.0
4,URI,MRY,2016-12-31,2016-12-31,2016-12-31,2021-07-28,-218000000.0,11988000000.0,12041750000.0,1361000000.0,10627000000.0,0.479,19.567,-829000000.0,312000000.0,312000000.0,3359000000.0,566000000.0,1.149,6.274,7790000000.0,597000000.0,7193000000.0,7790000000.0,0.0,1245000000.0,0.0,0.0,0.0,1420000000.0,2665000000.0,0.463,2665000000.0,1420000000.0,909000000.0,6.49,6.45,6.49,1648000000.0,1547500000.0,1648000000.0,16597422604.0,12.0,6.228,1112000000.0,13.203,1.0,2403000000.0,0.417,4002000000.0,511000000.0,14280000000.0,14214500000.0,68000000.0,0.0,0.0,0.0,10340000000.0,1184000000.0,9156000000.0,8892422604.0,133000000.0,-28000000.0,-527000000.0,-495000000.0,0.0,-964000000.0,-847000000.0,-2000000.0,1941000000.0,3000000.0,566000000.0,566000000.0,566000000.0,0.0,0.0,0.098,988000000.0,1415000000.0,243000000.0,0.0,5.396,15.711,16.268,6619000000.0,0.0,105.58,1.543,1.543,920000000.0,1654000000.0,5762000000.0,5762000000.0,0.0,0.047,0.366,0.1,0.246,-13000000.0,719000000.0,1.0,84224499.0,84224499.0,,68.412,7986000000.0,0.0,343000000.0,1896000000.0,94.818,177000000.0
5,URI,MRY,2015-12-31,2015-12-31,2015-12-31,2021-07-28,-250000000.0,12083000000.0,12392000000.0,1294000000.0,10789000000.0,0.469,15.9,-1081000000.0,179000000.0,179000000.0,3337000000.0,585000000.0,1.049,7.186,8162000000.0,607000000.0,7555000000.0,8162000000.0,0.0,1244000000.0,0.0,0.0,0.0,1530000000.0,2774000000.0,0.477,2774000000.0,1530000000.0,963000000.0,6.14,6.07,6.14,1476000000.0,1479500000.0,1476000000.0,15077769307.0,10.0,5.435,914000000.0,9.846,1.0,2480000000.0,0.426,4148000000.0,567000000.0,14685000000.0,14783500000.0,69000000.0,0.0,0.0,0.0,10607000000.0,1233000000.0,9374000000.0,6733769307.0,21000000.0,-86000000.0,-788000000.0,60000000.0,0.0,-775000000.0,-1170000000.0,-3000000.0,1995000000.0,-29000000.0,585000000.0,585000000.0,585000000.0,0.0,0.0,0.101,962000000.0,1518000000.0,271000000.0,0.0,4.562,11.511,11.814,6631000000.0,0.0,72.54,1.158,1.158,930000000.0,1088000000.0,5817000000.0,5817000000.0,0.0,0.047,0.395,0.103,0.263,44000000.0,714000000.0,1.0,92828361.0,92828361.0,,62.664,7935000000.0,0.0,378000000.0,1765000000.0,85.48,61000000.0
6,URI,MRY,2014-12-31,2014-12-31,2014-12-31,2021-07-28,-74000000.0,12129000000.0,12081500000.0,1298000000.0,10831000000.0,0.471,17.995,-1244000000.0,158000000.0,158000000.0,3253000000.0,540000000.0,0.878,5.752,7962000000.0,618000000.0,7344000000.0,7962000000.0,0.0,1194000000.0,0.0,0.0,0.0,1405000000.0,2599000000.0,0.457,2599000000.0,1405000000.0,850000000.0,5.54,5.15,5.54,1796000000.0,1804750000.0,1796000000.0,18108431524.0,13.0,6.967,557000000.0,5.581,1.0,2432000000.0,0.428,4378000000.0,555000000.0,14077000000.0,13863500000.0,78000000.0,0.0,0.0,0.0,10331000000.0,1478000000.0,8853000000.0,10181431524.0,-17000000.0,-756000000.0,-611000000.0,807000000.0,0.0,196000000.0,-2000000000.0,0.0,1801000000.0,-14000000.0,540000000.0,540000000.0,540000000.0,0.0,0.0,0.095,1041000000.0,1391000000.0,285000000.0,0.0,5.669,18.855,18.413,6446000000.0,0.0,102.01,1.791,1.791,940000000.0,503000000.0,5685000000.0,5685000000.0,0.0,0.045,0.299,0.101,0.247,74000000.0,758000000.0,1.0,99808171.0,99808171.0,,56.959,7751000000.0,0.0,310000000.0,1444000000.0,77.659,-180000000.0
7,URI,MRY,2013-12-31,2013-12-31,2013-12-31,2021-07-28,19000000.0,11231000000.0,11260250000.0,1362000000.0,9869000000.0,0.44,19.607,-1168000000.0,175000000.0,175000000.0,2968000000.0,387000000.0,1.059,5.133,7173000000.0,604000000.0,6569000000.0,7173000000.0,0.0,1098000000.0,0.0,0.0,0.0,1083000000.0,2181000000.0,0.44,2181000000.0,1083000000.0,605000000.0,4.14,3.64,4.14,1828000000.0,1671000000.0,1828000000.0,14724618362.0,14.0,6.751,383000000.0,4.108,1.0,1987000000.0,0.401,3971000000.0,478000000.0,12972000000.0,12976000000.0,70000000.0,0.0,0.0,0.0,9383000000.0,1286000000.0,8097000000.0,7267618362.0,69000000.0,-9000000.0,-109000000.0,-186000000.0,0.0,-295000000.0,-1177000000.0,0.0,1551000000.0,-10000000.0,387000000.0,387000000.0,387000000.0,0.0,0.0,0.078,909000000.0,1078000000.0,292000000.0,0.0,3.976,18.779,18.829,5795000000.0,0.0,77.95,1.467,1.467,804000000.0,-37000000.0,4955000000.0,4955000000.0,0.0,0.034,0.232,0.083,0.219,46000000.0,642000000.0,1.0,93234360.0,93234360.0,,53.146,7260000000.0,260000000.0,218000000.0,1459000000.0,77.868,76000000.0
8,URI,MRY,2012-12-31,2012-12-31,2012-12-31,2021-07-28,84000000.0,11026000000.0,10064250000.0,1343000000.0,9683000000.0,0.409,16.665,-939000000.0,106000000.0,106000000.0,2530000000.0,75000000.0,0.994,6.126,7364000000.0,630000000.0,6734000000.0,7364000000.0,0.0,897000000.0,0.0,0.0,0.0,604000000.0,1501000000.0,0.365,1501000000.0,604000000.0,88000000.0,0.91,0.79,0.91,1543000000.0,1130750000.0,1543000000.0,11576717921.0,19.0,7.713,-218000000.0,-2.354,1.0,1587000000.0,0.385,4170000000.0,516000000.0,12763000000.0,11723750000.0,68000000.0,0.0,0.0,0.0,9452000000.0,1351000000.0,8101000000.0,4214717921.0,70000000.0,-1165000000.0,-110000000.0,1568000000.0,0.0,1453000000.0,-2104000000.0,0.0,721000000.0,0.0,75000000.0,75000000.0,75000000.0,0.0,0.0,0.018,996000000.0,591000000.0,286000000.0,0.0,2.732,56.196,50.022,5394000000.0,0.0,45.52,1.024,1.024,793000000.0,-424000000.0,4117000000.0,4117000000.0,0.0,0.007,0.066,0.052,0.147,32000000.0,588000000.0,1.0,92590464.0,92590464.0,,44.465,6856000000.0,265000000.0,13000000.0,1302000000.0,74.047,-8000000.0
9,URI,MRY,2011-12-31,2011-12-31,2011-12-31,2021-07-28,75000000.0,4143000000.0,3948000000.0,723000000.0,3420000000.0,0.661,1.022,-589000000.0,36000000.0,36000000.0,1713000000.0,101000000.0,0.837,63.125,3042000000.0,395000000.0,2647000000.0,3042000000.0,0.0,480000000.0,0.0,0.0,0.0,399000000.0,879000000.0,0.337,879000000.0,399000000.0,164000000.0,1.62,1.38,1.62,64000000.0,7250000.0,64000000.0,4842258920.0,12.0,5.509,23000000.0,0.367,1.0,898000000.0,0.344,372000000.0,235000000.0,5913000000.0,5730750000.0,44000000.0,0.0,0.0,0.0,4040000000.0,864000000.0,3176000000.0,1851258920.0,-167000000.0,-276000000.0,28000000.0,52000000.0,0.0,80000000.0,-865000000.0,0.0,612000000.0,6000000.0,101000000.0,101000000.0,101000000.0,0.0,0.0,0.039,502000000.0,396000000.0,206000000.0,0.0,28.926,18.329,18.241,2983000000.0,0.0,29.55,0.709,0.709,464000000.0,-499000000.0,2611000000.0,2611000000.0,0.0,0.026,13.931,0.07,0.153,12000000.0,407000000.0,1.0,62648356.0,62648356.0,,41.677,3771000000.0,104000000.0,63000000.0,470000000.0,60.193,-141000000.0
10,URI,MRY,2010-12-31,2010-12-31,2010-12-31,2021-07-28,87000000.0,3693000000.0,3648750000.0,725000000.0,2968000000.0,0.613,-0.33,-223000000.0,203000000.0,203000000.0,1579000000.0,-26000000.0,1.274,-185.65,2929000000.0,229000000.0,2700000000.0,2929000000.0,0.0,449000000.0,0.0,0.0,0.0,196000000.0,645000000.0,0.288,645000000.0,196000000.0,-67000000.0,-0.44,-0.44,-0.44,-20000000.0,-33250000.0,-20000000.0,4146134281.0,21.0,6.428,229000000.0,3.783,1.0,658000000.0,0.294,227000000.0,263000000.0,5623000000.0,5678250000.0,39000000.0,0.0,0.0,0.0,3713000000.0,569000000.0,3144000000.0,1377134281.0,34000000.0,0.0,0.0,-201000000.0,0.0,-203000000.0,-223000000.0,0.0,452000000.0,8000000.0,-26000000.0,-26000000.0,-26000000.0,4000000.0,0.0,-0.012,461000000.0,197000000.0,132000000.0,0.0,-68.857,-52.967,-51.705,2673000000.0,0.0,22.75,0.616,0.616,377000000.0,-600000000.0,2237000000.0,2237000000.0,0.0,-0.007,0.782,0.035,0.088,8000000.0,367000000.0,1.0,60533375.0,60533375.0,,36.955,3466000000.0,69000000.0,-41000000.0,385000000.0,57.258,156000000.0
11,URI,MRY,2009-12-31,2009-12-31,2009-12-31,2021-07-28,67000000.0,3859000000.0,3912250000.0,705000000.0,3154000000.0,0.603,-0.316,-69000000.0,169000000.0,169000000.0,1748000000.0,-62000000.0,1.529,-204.105,3075000000.0,125000000.0,2950000000.0,3075000000.0,0.0,474000000.0,0.0,0.0,0.0,113000000.0,587000000.0,0.249,587000000.0,113000000.0,-109000000.0,-1.02,-1.02,-1.02,-19000000.0,-34750000.0,-19000000.0,3543091630.0,31.0,6.036,369000000.0,6.134,1.0,610000000.0,0.259,231000000.0,222000000.0,6073000000.0,6309750000.0,44000000.0,0.0,0.0,0.0,3878000000.0,461000000.0,3417000000.0,590091630.0,92000000.0,-25000000.0,-1000000.0,-265000000.0,0.0,-268000000.0,-94000000.0,0.0,438000000.0,16000000.0,-62000000.0,-62000000.0,-62000000.0,2000000.0,0.0,-0.026,496000000.0,114000000.0,128000000.0,0.0,-31.057,-9.518,-9.618,2848000000.0,0.0,9.81,0.25,0.25,337000000.0,-574000000.0,2358000000.0,2358000000.0,0.0,-0.016,1.784,0.018,0.048,8000000.0,408000000.0,1.0,60152052.0,60152052.0,,39.201,3628000000.0,66000000.0,-47000000.0,424000000.0,60.314,244000000.0
12,URI,MRY,2008-12-31,2008-12-31,2008-12-31,2021-07-28,16000000.0,4191000000.0,5321000000.0,703000000.0,3488000000.0,0.614,-0.484,-429000000.0,77000000.0,77000000.0,2149000000.0,-704000000.0,1.646,-145.517,3345000000.0,13000000.0,3332000000.0,3345000000.0,0.0,513000000.0,0.0,0.0,0.0,-630000000.0,-117000000.0,-0.036,-117000000.0,-630000000.0,-813000000.0,-12.62,-12.62,-12.62,-29000000.0,1075500000.0,-29000000.0,4070223941.0,-6.0,-34.788,335000000.0,5.593,1.0,1118000000.0,0.342,229000000.0,183000000.0,6803000000.0,6662750000.0,59000000.0,0.0,0.0,0.0,4220000000.0,427000000.0,3793000000.0,546223941.0,-304000000.0,-17000000.0,-602000000.0,247000000.0,0.0,-612000000.0,-446000000.0,0.0,764000000.0,-10000000.0,-704000000.0,-943000000.0,-943000000.0,0.0,0.0,-0.289,1748000000.0,-630000000.0,157000000.0,0.0,-18.835,-0.579,-0.723,3193000000.0,239000000.0,9.12,0.167,0.167,454000000.0,-512000000.0,3267000000.0,3267000000.0,0.0,-0.177,-0.877,-0.095,-0.193,6000000.0,509000000.0,1.0,59892976.0,59892976.0,,54.547,3962000000.0,76000000.0,-109000000.0,414000000.0,66.151,276000000.0
13,URI,MRY,2007-12-31,2007-12-31,2007-12-31,2021-07-28,92000000.0,5842000000.0,5659250000.0,1120000000.0,4722000000.0,0.656,23.524,-648000000.0,381000000.0,381000000.0,2405000000.0,362000000.0,2.154,1.895,2716000000.0,15000000.0,2701000000.0,2716000000.0,0.0,491000000.0,0.0,0.0,0.0,780000000.0,1271000000.0,0.342,1271000000.0,780000000.0,584000000.0,3.6,3.25,3.6,2018000000.0,1791500000.0,2018000000.0,4222032410.0,5.0,3.322,220000000.0,2.565,1.0,1310000000.0,0.353,1404000000.0,196000000.0,6253000000.0,6207500000.0,91000000.0,0.0,0.0,0.0,3824000000.0,520000000.0,3304000000.0,1575032410.0,262000000.0,-23000000.0,27000000.0,-71000000.0,0.0,-13000000.0,-604000000.0,0.0,868000000.0,11000000.0,369000000.0,369000000.0,369000000.0,1000000.0,-7000000.0,0.099,652000000.0,658000000.0,195000000.0,0.0,0.78,4.268,5.1,3266000000.0,0.0,18.36,0.424,0.424,519000000.0,431000000.0,3715000000.0,3715000000.0,0.0,0.065,0.206,0.126,0.21,15000000.0,598000000.0,1.0,85786079.0,85786079.0,,43.305,4438000000.0,72000000.0,215000000.0,539000000.0,51.733,600000000.0
14,URI,MRY,2006-12-31,2006-12-31,2006-12-31,2021-07-28,47000000.0,5366000000.0,5516500000.0,1005000000.0,4361000000.0,0.657,18.962,-599000000.0,119000000.0,119000000.0,2335000000.0,224000000.0,1.678,2.489,2702000000.0,37000000.0,2665000000.0,2702000000.0,0.0,458000000.0,0.0,0.0,0.0,611000000.0,1069000000.0,0.295,1069000000.0,611000000.0,390000000.0,2.32,2.06,2.32,1538000000.0,1423000000.0,1538000000.0,4879602379.0,8.0,4.565,259000000.0,3.193,1.0,1292000000.0,0.356,1376000000.0,221000000.0,5974000000.0,6249500000.0,139000000.0,0.0,0.0,0.0,3828000000.0,599000000.0,3229000000.0,2062602379.0,-197000000.0,-39000000.0,74000000.0,-481000000.0,0.0,-404000000.0,-648000000.0,0.0,858000000.0,-3000000.0,234000000.0,234000000.0,234000000.0,25000000.0,-10000000.0,0.065,667000000.0,625000000.0,218000000.0,0.0,1.341,8.815,10.961,2920000000.0,0.0,25.43,0.569,0.569,502000000.0,69000000.0,3627000000.0,3627000000.0,0.0,0.042,0.164,0.098,0.168,16000000.0,617000000.0,1.0,81109020.0,81109020.0,,44.718,3990000000.0,82000000.0,156000000.0,463000000.0,49.193,406000000.0
15,URI,MRY,2005-12-31,2005-12-31,2005-12-31,2021-07-28,50000000.0,5470000000.0,5163000000.0,1404000000.0,4066000000.0,0.637,15.788,-486000000.0,316000000.0,316000000.0,2173000000.0,187000000.0,2.595,3.451,3152000000.0,27000000.0,3125000000.0,3152000000.0,0.0,424000000.0,0.0,0.0,0.0,511000000.0,935000000.0,0.284,935000000.0,511000000.0,316000000.0,1.97,1.8,1.97,1229000000.0,1135500000.0,1229000000.0,4814296139.0,9.0,5.149,143000000.0,1.837,1.0,1115000000.0,0.339,1361000000.0,195000000.0,6404000000.0,6582000000.0,155000000.0,0.0,0.0,0.0,4241000000.0,541000000.0,3700000000.0,1820743139.0,13000000.0,-40000000.0,-6000000.0,-74000000.0,0.0,-80000000.0,-541000000.0,0.0,629000000.0,5000000.0,187000000.0,187000000.0,187000000.0,15000000.0,0.0,0.057,591000000.0,524000000.0,223000000.0,0.0,1.481,9.737,11.873,2625000000.0,0.0,23.39,0.554,0.554,511000000.0,-155000000.0,3288000000.0,3288000000.0,0.0,0.036,0.165,0.078,0.155,8000000.0,553000000.0,1.0,77842802.0,77842802.0,,42.239,4109000000.0,196000000.0,129000000.0,458000000.0,52.786,863000000.0
16,URI,MRY,2004-12-31,2004-12-31,2004-12-31,2021-07-28,37000000.0,4882000000.0,4845818500.0,,,0.585,13.18,-365000000.0,303000000.0,303000000.0,1902000000.0,-84000000.0,,3.758,3167000000.0,,,3167000000.0,0.0,445000000.0,0.0,0.0,0.0,285000000.0,730000000.0,0.257,730000000.0,285000000.0,-56000000.0,-0.88,-0.79,-0.88,1026000000.0,1043505000.0,1026000000.0,4464781958.0,16.0,6.116,360000000.0,4.625,1.0,933000000.0,0.329,1330000000.0,341000000.0,6416000000.0,6442441250.0,119000000.0,0.0,,,3856000000.0,,,1471228958.0,224000000.0,-102000000.0,1000000.0,-51000000.0,0.0,-64000000.0,-444000000.0,23000000.0,725000000.0,7000000.0,-84000000.0,-84000000.0,-84000000.0,156000000.0,0.0,-0.03,486000000.0,447000000.0,217000000.0,0.0,1.434,-17.515,-21.477,2520000000.0,0.0,18.9,0.519,0.519,490000000.0,-342000000.0,2835000000.0,2835000000.0,0.0,-0.017,-0.08,0.044,0.101,22000000.0,449000000.0,1.0,77842802.0,77842802.0,,36.42,3552000000.0,0.0,28000000.0,149000000.0,45.63,
17,URI,MRY,2003-12-31,2003-12-31,2003-12-31,2021-07-28,22000000.0,4694000000.0,4782673000.0,,,0.603,13.874,-179000000.0,79000000.0,79000000.0,2100000000.0,-254000000.0,,3.391,3039000000.0,,,3039000000.0,0.0,403000000.0,0.0,0.0,0.0,-94000000.0,309000000.0,0.107,309000000.0,-94000000.0,-303000000.0,-3.29,-3.29,-3.29,1069000000.0,1307763250.0,1069000000.0,3963531505.0,-42.0,12.827,127000000.0,1.648,1.0,782000000.0,0.271,1439000000.0,209000000.0,6215000000.0,5750349000.0,106000000.0,0.0,,,3625000000.0,,,1483948505.0,60000000.0,-5000000.0,1000000.0,248000000.0,0.0,246000000.0,-488000000.0,0.0,306000000.0,-4000000.0,-254000000.0,-254000000.0,-254000000.0,0.0,0.0,-0.088,818000000.0,-36000000.0,151000000.0,0.0,1.388,-5.842,-5.854,2469000000.0,0.0,19.26,0.515,0.515,483000000.0,-258000000.0,2882000000.0,2882000000.0,0.0,-0.053,-0.194,-0.016,-0.033,26000000.0,449000000.0,1.0,77048209.0,77048209.0,,37.405,3255000000.0,0.0,-49000000.0,163000000.0,42.246,
18,URI,MRY,2002-12-31,2002-12-31,2002-12-31,2021-07-28,-26848000.0,4690557000.0,4900272750.0,,,0.576,17.392,-318000000.0,19231000.0,19231000.0,1945000000.0,-406000000.0,,2.353,2512798000.0,,,2512798000.0,0.0,385000000.0,0.0,0.0,0.0,-209000000.0,176000000.0,0.062,176000000.0,-209000000.0,-405000000.0,-4.88,-4.88,-4.88,1331505000.0,1426177250.0,1331505000.0,3407187078.0,-16.0,19.359,160000000.0,2.09,1.0,876000000.0,0.311,1711012000.0,196000000.0,5473112000.0,5564358250.0,91798000.0,0.0,,,3132502000.0,,,823777078.0,-8000000.0,-173000000.0,37000000.0,10000000.0,0.0,9000000.0,-495000000.0,0.0,478000000.0,0.0,-406000000.0,-406000000.0,-406000000.0,0.0,0.0,-0.144,780000000.0,96000000.0,207038000.0,0.0,0.619,-2.029,-2.205,2271027000.0,0.0,10.76,0.292,0.292,466196000.0,69281000.0,2821000000.0,2821000000.0,0.0,-0.083,-0.285,-0.038,-0.074,11000000.0,443000000.0,1.0,76559208.0,76559208.0,,36.847,2979545000.0,0.0,1000000.0,225587000.0,38.918,
19,URI,MRY,2001-12-31,2001-12-31,2001-12-31,2021-07-28,-30127000.0,5061516000.0,5199130000.0,,,0.555,22.174,-350217000.0,27326000.0,27326000.0,1847135000.0,111256000.0,,1.929,2459522000.0,,,2459522000.0,0.0,427726000.0,0.0,0.0,0.0,418037000.0,845763000.0,0.293,845763000.0,418037000.0,196474000.0,1.54,1.18,1.54,1625510000.0,1569337500.0,1625510000.0,4332024411.0,10.0,5.122,346493000.0,4.727,1.0,1039470000.0,0.36,2207701000.0,221563000.0,5286011000.0,5622437000.0,85764000.0,0.0,,,3136006000.0,,,1664097411.0,-7058000.0,-56941000.0,-14341000.0,-263647000.0,0.0,-277988000.0,-409643000.0,0.0,696710000.0,-16137000.0,111256000.0,111256000.0,111256000.0,0.0,0.0,0.039,577436000.0,462034000.0,204773000.0,0.0,1.024,14.957,14.74,2157235000.0,0.0,22.7,0.576,0.576,450273000.0,467106000.0,2886605000.0,2886605000.0,0.0,0.021,0.071,0.074,0.145,6176000.0,441751000.0,1.0,73308256.0,73308256.0,,39.376,2853815000.0,0.0,85218000.0,297024000.0,38.929,
20,URI,MRY,2000-12-31,2000-12-31,2000-12-31,2021-07-28,-6947000.0,5123933000.0,5058546750.0,,,0.577,15.863,-614296000.0,34384000.0,34384000.0,1830291000.0,176375000.0,,2.94,2675367000.0,,,2675367000.0,0.0,414432000.0,0.0,0.0,0.0,530275000.0,944707000.0,0.324,944707000.0,530275000.0,301496000.0,2.48,1.89,2.48,1115143000.0,1367026500.0,1115143000.0,3714303259.0,7.0,3.932,-101575000.0,-1.445,1.0,1088570000.0,0.373,2227008000.0,228779000.0,5537908000.0,5527496250.0,133380000.0,0.0,,,3277990000.0,,,944685259.0,10573000.0,-344357000.0,-30619000.0,498673000.0,0.0,468054000.0,-962938000.0,0.0,512721000.0,-7264000.0,176375000.0,176375000.0,176375000.0,0.0,0.0,0.06,540631000.0,547939000.0,260155000.0,0.0,0.847,5.356,5.419,2155074000.0,0.0,13.438,0.324,0.324,469594000.0,355850000.0,2918861000.0,2918861000.0,0.0,0.035,0.129,0.096,0.182,0.0,454330000.0,1.0,70299543.0,70299543.0,,41.52,2896925000.0,0.0,125121000.0,206243000.0,41.208,
21,URI,MRY,1999-12-31,1999-12-31,1999-12-31,2021-07-28,317000.0,4497738000.0,3980863500.0,,,0.561,13.417,-606083000.0,23811000.0,23811000.0,1408710000.0,142666000.0,,2.897,2266148000.0,,,2266148000.0,0.0,343508000.0,0.0,0.0,0.0,381635000.0,725143000.0,0.325,725143000.0,381635000.0,241807000.0,2.0,1.53,2.0,966686000.0,1216336250.0,966686000.0,3417377161.0,9.0,4.713,-184723000.0,-2.564,1.0,824918000.0,0.369,1863372000.0,139828000.0,4876703000.0,4357857500.0,129473000.0,0.0,,,2800252000.0,,,1233859161.0,3401000.0,-988485000.0,91690000.0,654523000.0,0.0,1177013000.0,-1595570000.0,0.0,421360000.0,598000.0,142666000.0,142666000.0,142666000.0,0.0,0.0,0.064,415462000.0,409456000.0,242946000.0,0.0,1.276,8.649,8.562,1964640000.0,0.0,17.125,0.552,0.552,434985000.0,179475000.0,2233628000.0,2233628000.0,0.0,0.036,0.117,0.088,0.171,0.0,352595000.0,1.0,72050170.0,72050170.0,,31.001,2634366000.0,0.0,99141000.0,81229000.0,36.563,
22,URI,MRY,1998-12-31,1998-12-31,1998-12-31,2021-07-28,-281000.0,2634663000.0,1448039590.0,,,0.843,10.616,-444531000.0,20410000.0,20410000.0,796834000.0,13461000.0,,2.215,1314574000.0,,,1314574000.0,0.0,212311000.0,0.0,0.0,0.0,121117000.0,333428000.0,0.273,333428000.0,121117000.0,56960000.0,0.2,0.18,0.2,726230000.0,464230418.0,726230000.0,3479726808.0,29.0,10.436,-228402000.0,-3.339,1.0,423448000.0,0.347,922065000.0,64157000.0,3006762000.0,1608416659.0,70994000.0,0.0,,,1608433000.0,,,2266013808.0,-52001000.0,-905153000.0,207624000.0,577988000.0,0.0,1082076000.0,-1349925000.0,0.0,216129000.0,-281000.0,13461000.0,13461000.0,13461000.0,0.0,0.0,0.011,278046000.0,145402000.0,121940000.0,0.0,3.12,168.339,165.625,1328517000.0,0.0,33.125,1.857,1.857,233282000.0,36809000.0,1220282000.0,1220282000.0,0.0,0.009,0.029,0.075,0.099,0.0,195620000.0,1.0,68407964.0,68407964.0,,17.838,1712598000.0,0.0,43499000.0,43560000.0,25.035,
23,URI,MRY,1997-12-31,1997-12-31,1997-12-31,2021-07-28,0.0,826010000.0,,,,,19.536,-280673000.0,72411000.0,72411000.0,340546000.0,3898000.0,,0.85,264573000.0,,,264573000.0,0.0,95521000.0,0.0,0.0,0.0,45253000.0,140774000.0,0.287,140774000.0,45253000.0,33406000.0,0.08,0.08,0.08,446388000.0,,446388000.0,386647467.0,9.0,2.747,-187544000.0,-8.208,1.0,149292000.0,0.305,73648000.0,11847000.0,944524000.0,,21778000.0,0.0,,,379622000.0,,,441285035.0,69505000.0,-115528000.0,340738000.0,35809000.0,0.0,372706000.0,-396330000.0,0.0,93129000.0,0.0,3898000.0,3898000.0,3898000.0,0.0,0.0,0.008,104549000.0,44743000.0,41392000.0,0.0,0.989,113.208,241.412,559294000.0,0.0,19.313,0.901,0.901,82592000.0,44068000.0,489838000.0,489838000.0,0.0,,,,0.092,0.0,70835000.0,1.0,22849119.0,22849119.0,,21.438,752362000.0,0.0,29508000.0,24395000.0,32.927,
24,URI,MRY,1996-12-31,1996-12-31,1996-12-31,2021-07-28,,,,,,,,-117772000.0,,,241445000.0,37726000.0,,,,,,,,74681000.0,,,0.0,49424000.0,124105000.0,0.35,124105000.0,49424000.0,38146000.0,1.67,1.67,1.67,,,,,,,-31801000.0,,1.0,113033000.0,0.319,,11278000.0,,,,,,,,,,,-822000.0,-15033000.0,-105000.0,80110000.0,0.0,43475000.0,-130268000.0,2537000.0,85971000.0,0.0,37726000.0,37726000.0,37726000.0,0.0,0.0,0.106,64108000.0,48925000.0,,0.0,,,,,0.0,,,,,,354478000.0,354478000.0,0.0,,,,0.139,0.0,54721000.0,1.0,,,,,,,420000.0,,,
25,URI,MRY,1995-12-31,1995-12-31,1995-12-31,2021-07-28,,,,,,,,-25215616.0,,,27608531.0,10183799.0,,,,,,,,8081861.0,,,0.0,15392976.0,23474837.0,0.434,23474837.0,15392976.0,11701338.0,,,,,,,,,,-11013770.0,,1.0,26511684.0,0.49,,3691638.0,,,,,,,,,,,201691.0,-7829319.0,170406.0,22303474.0,-3861677.0,18647627.0,-32647782.0,397153.0,14201846.0,0.0,10183799.0,10183799.0,10183799.0,0.0,0.0,0.188,11090352.0,15421332.0,,,,,,,0.0,,,,,,54120215.0,54120215.0,0.0,,,,0.284,0.0,10852925.0,1.0,,,,,,,1517539.0,,,
0,URI,MRQ,2021-06-30,2021-06-30,2021-06-30,2021-07-28,-117000000.0,19641000000.0,,2154000000.0,17487000000.0,,70.38,-746000000.0,336000000.0,336000000.0,1412000000.0,293000000.0,0.847,2.856,10790000000.0,852000000.0,9938000000.0,10790000000.0,0.0,475000000.0,0.0,0.0,0.0,477000000.0,952000000.0,0.416,952000000.0,477000000.0,377000000.0,4.03,4.02,4.03,5094000000.0,,5094000000.0,32434351079.0,17.0,8.471,430000000.0,5.941,1.0,875000000.0,0.383,6421000000.0,100000000.0,21130000000.0,,174000000.0,0.0,0.0,0.0,14547000000.0,2544000000.0,12003000000.0,23089351079.0,58000000.0,-1434000000.0,-2000000.0,1049000000.0,0.0,1047000000.0,-2174000000.0,-1000000.0,1176000000.0,9000000.0,293000000.0,293000000.0,293000000.0,0.0,0.0,0.128,394000000.0,481000000.0,897000000.0,0.0,4.533,23.066,23.083,11024000000.0,0.0,319.01,2.621,2.621,1400000000.0,6661000000.0,2287000000.0,2287000000.0,0.0,,,,,35000000.0,301000000.0,1.0,72378142.0,72378142.0,,31.598,13220000000.0,0.0,84000000.0,1911000000.0,182.652,-390000000.0
1,URI,MRQ,2021-03-31,2021-03-31,2021-03-31,2021-07-28,-140000000.0,17542000000.0,,2004000000.0,15538000000.0,,65.721,-40000000.0,278000000.0,278000000.0,1343000000.0,203000000.0,1.089,2.697,9623000000.0,585000000.0,9038000000.0,9623000000.0,0.0,466000000.0,0.0,0.0,0.0,374000000.0,840000000.0,0.408,840000000.0,374000000.0,275000000.0,2.81,2.8,2.81,4745000000.0,,4745000000.0,33804943580.0,19.0,9.019,718000000.0,9.945,1.0,714000000.0,0.347,5759000000.0,99000000.0,19287000000.0,,114000000.0,0.0,0.0,0.0,12797000000.0,1841000000.0,10956000000.0,23775943580.0,76000000.0,-1000000.0,-30000000.0,-619000000.0,0.0,-649000000.0,-34000000.0,0.0,758000000.0,1000000.0,203000000.0,203000000.0,203000000.0,0.0,0.0,0.099,342000000.0,372000000.0,562000000.0,0.0,5.011,25.843,25.869,9741000000.0,0.0,329.31,2.81,2.81,1254000000.0,6368000000.0,2057000000.0,2057000000.0,0.0,,,,,21000000.0,250000000.0,1.0,72199276.0,72199276.0,,28.491,11783000000.0,0.0,72000000.0,1773000000.0,163.201,163000000.0
2,URI,MRQ,2020-12-31,2020-12-31,2020-12-31,2021-07-28,-146000000.0,17868000000.0,,2017000000.0,15851000000.0,,63.005,58000000.0,202000000.0,202000000.0,1410000000.0,297000000.0,1.067,2.931,10231000000.0,704000000.0,9527000000.0,10231000000.0,0.0,480000000.0,0.0,0.0,0.0,512000000.0,992000000.0,0.435,992000000.0,512000000.0,387000000.0,4.1,4.08,4.1,4545000000.0,,4545000000.0,27130206095.0,15.0,7.147,428000000.0,5.933,1.0,869000000.0,0.381,5816000000.0,125000000.0,20191000000.0,,125000000.0,0.0,0.0,0.0,13323000000.0,1890000000.0,11433000000.0,16729206095.0,28000000.0,0.0,-5000000.0,-407000000.0,0.0,-412000000.0,63000000.0,-1000000.0,370000000.0,7000000.0,297000000.0,297000000.0,297000000.0,0.0,0.0,0.13,359000000.0,510000000.0,466000000.0,0.0,3.681,18.797,18.947,9997000000.0,0.0,231.91,1.961,1.961,1315000000.0,6165000000.0,2279000000.0,2279000000.0,0.0,,,,,24000000.0,258000000.0,1.0,72136631.0,72136631.0,,31.593,12052000000.0,0.0,90000000.0,1768000000.0,167.072,127000000.0
3,URI,MRQ,2020-09-30,2020-09-30,2020-09-30,2021-07-28,-214000000.0,17908000000.0,,1728000000.0,16180000000.0,,57.727,-265000000.0,174000000.0,174000000.0,1301000000.0,208000000.0,0.902,3.304,10575000000.0,700000000.0,9875000000.0,10575000000.0,0.0,492000000.0,0.0,0.0,0.0,553000000.0,1045000000.0,0.478,1045000000.0,553000000.0,275000000.0,2.88,2.87,2.88,4161000000.0,,4161000000.0,23388008336.0,12.0,5.962,562000000.0,7.797,1.0,886000000.0,0.405,5848000000.0,278000000.0,20545000000.0,,108000000.0,0.0,0.0,0.0,13747000000.0,1916000000.0,11831000000.0,12578008336.0,47000000.0,0.0,-5000000.0,-531000000.0,0.0,-536000000.0,-245000000.0,-1000000.0,827000000.0,1000000.0,208000000.0,208000000.0,208000000.0,0.0,0.0,0.095,335000000.0,551000000.0,541000000.0,0.0,3.023,13.51,13.816,10302000000.0,0.0,174.5,1.445,1.445,1324000000.0,5868000000.0,2187000000.0,2187000000.0,0.0,,,,,18000000.0,232000000.0,1.0,72080277.0,72080277.0,,30.341,12060000000.0,0.0,67000000.0,1818000000.0,167.313,-188000000.0
4,URI,MRQ,2020-06-30,2020-06-30,2020-06-30,2021-07-28,-247000000.0,17900000000.0,,1622000000.0,16278000000.0,,54.227,-7000000.0,127000000.0,127000000.0,1238000000.0,212000000.0,0.844,3.582,10937000000.0,806000000.0,10131000000.0,10937000000.0,0.0,490000000.0,0.0,0.0,0.0,381000000.0,871000000.0,0.449,871000000.0,381000000.0,251000000.0,2.94,2.93,2.94,3907000000.0,,3907000000.0,22352256586.0,11.0,5.514,810000000.0,11.242,1.0,701000000.0,0.362,5896000000.0,130000000.0,20893000000.0,,107000000.0,0.0,0.0,0.0,13993000000.0,1921000000.0,12072000000.0,10738256586.0,-386000000.0,-2000000.0,0.0,-1203000000.0,0.0,-1203000000.0,-2000000.0,0.0,817000000.0,2000000.0,212000000.0,212000000.0,212000000.0,0.0,0.0,0.109,320000000.0,381000000.0,316000000.0,0.0,2.748,9.639,10.036,10361000000.0,0.0,149.04,1.192,1.192,1226000000.0,5660000000.0,1939000000.0,1939000000.0,0.0,,,,,15000000.0,222000000.0,1.0,72049494.0,72049494.0,,26.912,12004000000.0,0.0,39000000.0,1820000000.0,166.608,-299000000.0
5,URI,MRQ,2020-03-31,2020-03-31,2020-03-31,2021-07-28,-292000000.0,18868000000.0,,2214000000.0,16654000000.0,,48.874,-44000000.0,513000000.0,513000000.0,1398000000.0,173000000.0,1.109,4.191,12127000000.0,854000000.0,11273000000.0,12127000000.0,0.0,526000000.0,0.0,0.0,0.0,362000000.0,888000000.0,0.418,888000000.0,362000000.0,226000000.0,2.33,2.33,2.33,3635000000.0,,3635000000.0,19562236583.0,9.0,4.638,600000000.0,8.067,1.0,727000000.0,0.342,5945000000.0,136000000.0,22541000000.0,,115000000.0,0.0,0.0,0.0,15233000000.0,1996000000.0,13237000000.0,7653236583.0,461000000.0,0.0,-275000000.0,133000000.0,0.0,-142000000.0,-39000000.0,-1000000.0,644000000.0,-2000000.0,173000000.0,173000000.0,173000000.0,0.0,0.0,0.081,369000000.0,358000000.0,484000000.0,0.0,2.105,6.53,6.699,10688000000.0,0.0,102.9,0.818,0.818,1413000000.0,5448000000.0,2125000000.0,2125000000.0,0.0,,,,,13000000.0,267000000.0,1.0,74375477.0,74375477.0,,28.571,12923000000.0,0.0,53000000.0,1878000000.0,173.754,218000000.0
6,URI,MRQ,2019-12-31,2019-12-31,2019-12-31,2021-07-28,-186000000.0,18970000000.0,,1842000000.0,17128000000.0,,50.961,36000000.0,52000000.0,52000000.0,1491000000.0,338000000.0,0.838,3.953,11961000000.0,997000000.0,10964000000.0,11961000000.0,0.0,516000000.0,0.0,0.0,0.0,603000000.0,1119000000.0,0.456,1119000000.0,603000000.0,433000000.0,4.48,4.45,4.48,3830000000.0,,3830000000.0,24659755947.0,11.0,5.871,478000000.0,6.36,1.0,965000000.0,0.393,6049000000.0,170000000.0,22632000000.0,,120000000.0,0.0,0.0,0.0,15140000000.0,2198000000.0,12942000000.0,12533755947.0,-8000000.0,-2000000.0,-205000000.0,-284000000.0,0.0,-489000000.0,39000000.0,-1000000.0,442000000.0,0.0,338000000.0,338000000.0,338000000.0,0.0,0.0,0.138,366000000.0,599000000.0,454000000.0,0.0,3.273,10.676,10.986,11060000000.0,0.0,166.77,1.34,1.34,1530000000.0,5275000000.0,2456000000.0,2456000000.0,0.0,,,,,16000000.0,268000000.0,1.0,75155939.0,75155939.0,,32.679,12921000000.0,0.0,95000000.0,1887000000.0,171.923,-356000000.0
7,URI,MRQ,2019-09-30,2019-09-30,2019-09-30,2021-07-28,-217000000.0,19405000000.0,,1881000000.0,17524000000.0,,47.303,-696000000.0,60000000.0,60000000.0,1455000000.0,391000000.0,0.712,4.316,12186000000.0,973000000.0,11213000000.0,12186000000.0,0.0,519000000.0,0.0,0.0,0.0,657000000.0,1176000000.0,0.473,1176000000.0,657000000.0,510000000.0,5.1,5.08,5.1,3650000000.0,,3650000000.0,21734570644.0,10.0,5.278,296000000.0,3.836,1.0,1033000000.0,0.415,6104000000.0,147000000.0,22784000000.0,,130000000.0,0.0,0.0,0.0,15755000000.0,2643000000.0,13112000000.0,9617570644.0,-15000000.0,-52000000.0,-210000000.0,-54000000.0,0.0,-264000000.0,-743000000.0,-1000000.0,992000000.0,0.0,391000000.0,391000000.0,391000000.0,0.0,0.0,0.157,377000000.0,656000000.0,839000000.0,0.0,2.635,8.392,8.549,11401000000.0,0.0,124.64,1.045,1.045,1595000000.0,4937000000.0,2488000000.0,2488000000.0,0.0,,,,,14000000.0,273000000.0,1.0,77162794.0,77162794.0,,32.244,13301000000.0,0.0,119000000.0,1800000000.0,172.376,-762000000.0
8,URI,MRQ,2019-06-30,2019-06-30,2019-06-30,2021-07-28,-194000000.0,19047000000.0,,1840000000.0,17207000000.0,,44.236,-723000000.0,75000000.0,75000000.0,1379000000.0,270000000.0,0.726,4.476,12192000000.0,995000000.0,11197000000.0,12192000000.0,0.0,504000000.0,0.0,0.0,0.0,531000000.0,1035000000.0,0.452,1035000000.0,531000000.0,351000000.0,3.45,3.44,3.45,3478000000.0,,3478000000.0,22478914648.0,11.0,5.708,200000000.0,2.544,1.0,911000000.0,0.398,6153000000.0,180000000.0,22476000000.0,,135000000.0,0.0,0.0,0.0,15569000000.0,2535000000.0,13034000000.0,10427914648.0,23000000.0,-22000000.0,-205000000.0,46000000.0,0.0,-159000000.0,-741000000.0,-1000000.0,923000000.0,0.0,270000000.0,270000000.0,270000000.0,0.0,0.0,0.118,382000000.0,529000000.0,752000000.0,0.0,2.998,9.584,9.803,11036000000.0,0.0,132.63,1.181,1.181,1525000000.0,4546000000.0,2290000000.0,2290000000.0,0.0,,,,,16000000.0,271000000.0,1.0,78624102.0,78624102.0,,29.126,12894000000.0,0.0,81000000.0,1743000000.0,163.996,-695000000.0
9,URI,MRQ,2019-03-31,2019-03-31,2019-03-31,2021-07-28,-216000000.0,18586000000.0,,1720000000.0,16866000000.0,,42.404,-99000000.0,52000000.0,52000000.0,1356000000.0,175000000.0,0.769,4.507,12103000000.0,930000000.0,11173000000.0,12103000000.0,0.0,499000000.0,0.0,0.0,0.0,371000000.0,870000000.0,0.411,870000000.0,371000000.0,220000000.0,2.21,2.19,2.21,3375000000.0,,3375000000.0,20797281118.0,10.0,5.525,568000000.0,7.136,1.0,761000000.0,0.359,6210000000.0,151000000.0,22189000000.0,,123000000.0,0.0,0.0,0.0,15211000000.0,2238000000.0,12973000000.0,9093281118.0,9000000.0,-173000000.0,-239000000.0,-154000000.0,0.0,-393000000.0,-265000000.0,0.0,667000000.0,0.0,175000000.0,175000000.0,175000000.0,0.0,0.0,0.083,393000000.0,368000000.0,557000000.0,0.0,2.694,8.358,8.59,10640000000.0,0.0,114.25,1.079,1.079,1487000000.0,4276000000.0,2117000000.0,2117000000.0,0.0,,,,,15000000.0,280000000.0,1.0,79591082.0,79591082.0,,26.598,12376000000.0,0.0,45000000.0,1714000000.0,155.495,-518000000.0
10,URI,MRQ,2018-12-31,2018-12-31,2018-12-31,2021-07-28,-237000000.0,18133000000.0,,1761000000.0,16372000000.0,,41.959,1000000.0,43000000.0,43000000.0,1308000000.0,310000000.0,0.832,4.329,11747000000.0,903000000.0,10844000000.0,11747000000.0,0.0,470000000.0,0.0,0.0,0.0,567000000.0,1037000000.0,0.45,1037000000.0,567000000.0,425000000.0,3.82,3.78,3.82,3403000000.0,,3403000000.0,18328451834.0,9.0,5.052,731000000.0,9.013,1.0,998000000.0,0.433,6142000000.0,142000000.0,21579000000.0,,109000000.0,0.0,0.0,0.0,14730000000.0,2116000000.0,12614000000.0,8315451834.0,-22000000.0,-2161000000.0,-211000000.0,1615000000.0,0.0,1404000000.0,-2158000000.0,-2000000.0,730000000.0,2000000.0,310000000.0,310000000.0,310000000.0,0.0,0.0,0.134,435000000.0,563000000.0,536000000.0,0.0,2.444,7.587,7.732,10214000000.0,0.0,102.53,1.033,1.033,1545000000.0,4101000000.0,2306000000.0,2306000000.0,0.0,,,,,29000000.0,302000000.0,1.0,81102622.0,81102622.0,,28.433,11991000000.0,0.0,115000000.0,1687000000.0,147.85,-355000000.0
11,URI,MRQ,2018-09-30,2018-09-30,2018-09-30,2021-07-28,-178000000.0,16354000000.0,,1692000000.0,14662000000.0,,40.291,-645000000.0,65000000.0,65000000.0,1178000000.0,333000000.0,0.811,3.905,10078000000.0,896000000.0,9182000000.0,10078000000.0,0.0,418000000.0,0.0,0.0,0.0,578000000.0,996000000.0,0.471,996000000.0,578000000.0,460000000.0,4.05,4.01,4.05,3334000000.0,,3334000000.0,22406619426.0,12.0,6.508,-171000000.0,-2.067,1.0,938000000.0,0.443,5208000000.0,118000000.0,19072000000.0,,104000000.0,0.0,0.0,0.0,13020000000.0,2087000000.0,10933000000.0,13537619426.0,-52000000.0,-747000000.0,-211000000.0,1074000000.0,0.0,863000000.0,-1388000000.0,0.0,474000000.0,-1000000.0,333000000.0,333000000.0,333000000.0,0.0,0.0,0.157,360000000.0,578000000.0,688000000.0,0.0,4.06,8.044,8.16,9439000000.0,0.0,163.6,1.767,1.767,1438000000.0,3791000000.0,2116000000.0,2116000000.0,0.0,,,,,30000000.0,265000000.0,1.0,82748285.0,82748285.0,,25.572,11146000000.0,0.0,127000000.0,1628000000.0,134.698,-395000000.0
12,URI,MRQ,2018-06-30,2018-06-30,2018-06-30,2021-07-28,-196000000.0,15108000000.0,,1506000000.0,13602000000.0,,37.848,-832000000.0,117000000.0,117000000.0,1109000000.0,270000000.0,0.676,3.775,8986000000.0,900000000.0,8086000000.0,8986000000.0,0.0,390000000.0,0.0,0.0,0.0,471000000.0,861000000.0,0.455,861000000.0,471000000.0,359000000.0,3.22,3.2,3.22,3164000000.0,,3164000000.0,21200536440.0,12.0,6.517,175000000.0,2.093,1.0,782000000.0,0.414,4894000000.0,112000000.0,16854000000.0,,94000000.0,0.0,0.0,0.0,11944000000.0,2229000000.0,9715000000.0,12340536440.0,-161000000.0,-6000000.0,-168000000.0,-170000000.0,0.0,-338000000.0,-827000000.0,-1000000.0,1007000000.0,-3000000.0,270000000.0,270000000.0,270000000.0,0.0,0.0,0.143,312000000.0,470000000.0,859000000.0,0.0,3.9,7.967,8.04,8693000000.0,0.0,147.62,1.687,1.687,1203000000.0,3458000000.0,1891000000.0,1891000000.0,0.0,,,,,24000000.0,239000000.0,1.0,83596643.0,83596643.0,,22.621,10214000000.0,0.0,89000000.0,1509000000.0,122.182,-723000000.0
13,URI,MRQ,2018-03-31,2018-03-31,2018-03-31,2021-07-28,-176000000.0,14688000000.0,,1590000000.0,13098000000.0,,36.22,-128000000.0,278000000.0,278000000.0,1088000000.0,183000000.0,0.969,3.803,9138000000.0,726000000.0,8412000000.0,9138000000.0,0.0,393000000.0,0.0,0.0,0.0,341000000.0,734000000.0,0.423,734000000.0,341000000.0,232000000.0,2.18,2.15,2.18,3058000000.0,,3058000000.0,23671190575.0,15.0,7.726,514000000.0,6.088,1.0,646000000.0,0.373,4940000000.0,109000000.0,16967000000.0,,84000000.0,0.0,0.0,0.0,11630000000.0,1641000000.0,9989000000.0,14583190575.0,-74000000.0,-52000000.0,-225000000.0,-307000000.0,0.0,-532000000.0,-178000000.0,0.0,642000000.0,-6000000.0,183000000.0,183000000.0,183000000.0,0.0,0.0,0.106,306000000.0,340000000.0,513000000.0,0.0,4.769,10.27,10.275,8145000000.0,0.0,172.73,2.078,2.078,1154000000.0,3188000000.0,1734000000.0,1734000000.0,0.0,,,,,19000000.0,232000000.0,1.0,84427665.0,84427665.0,,20.538,9748000000.0,0.0,49000000.0,1455000000.0,115.46,-51000000.0
14,URI,MRQ,2017-12-31,2017-12-31,2017-12-31,2021-07-28,-151000000.0,15030000000.0,,1772000000.0,13258000000.0,,36.725,-139000000.0,352000000.0,352000000.0,1095000000.0,897000000.0,1.062,3.839,9440000000.0,723000000.0,8717000000.0,9440000000.0,0.0,390000000.0,0.0,0.0,0.0,462000000.0,852000000.0,0.443,852000000.0,462000000.0,336000000.0,10.6,10.47,10.6,3106000000.0,,3106000000.0,22586217595.0,15.0,7.802,314000000.0,3.713,1.0,827000000.0,0.43,4957000000.0,126000000.0,17493000000.0,,75000000.0,0.0,0.0,0.0,11924000000.0,1668000000.0,10256000000.0,14539217595.0,28000000.0,-1314000000.0,-28000000.0,1048000000.0,0.0,1020000000.0,-1442000000.0,0.0,453000000.0,-3000000.0,897000000.0,897000000.0,897000000.0,0.0,0.0,0.467,365000000.0,462000000.0,409000000.0,0.0,4.681,10.802,10.805,8291000000.0,0.0,171.91,2.189,2.189,1233000000.0,3005000000.0,1922000000.0,1922000000.0,0.0,,,,,23000000.0,255000000.0,1.0,84574589.0,84574589.0,,22.726,10073000000.0,0.0,-561000000.0,1419000000.0,119.102,104000000.0
15,URI,MRQ,2017-09-30,2017-09-30,2017-09-30,2021-07-28,-143000000.0,13744000000.0,,1639000000.0,12105000000.0,,26.153,-461000000.0,324000000.0,324000000.0,993000000.0,199000000.0,0.924,5.216,8371000000.0,694000000.0,7677000000.0,8371000000.0,0.0,353000000.0,0.0,0.0,0.0,453000000.0,806000000.0,0.456,806000000.0,453000000.0,322000000.0,2.36,2.33,2.36,2211000000.0,,2211000000.0,19606089312.0,13.0,7.091,-34000000.0,-0.402,1.0,773000000.0,0.438,4252000000.0,131000000.0,15766000000.0,,82000000.0,0.0,0.0,0.0,11533000000.0,1773000000.0,9760000000.0,11729089312.0,-14000000.0,-98000000.0,-2000000.0,109000000.0,0.0,107000000.0,-558000000.0,-1000000.0,427000000.0,10000000.0,199000000.0,199000000.0,199000000.0,0.0,0.0,0.113,325000000.0,448000000.0,612000000.0,0.0,5.305,19.484,19.459,7842000000.0,0.0,138.74,1.879,1.879,1151000000.0,2108000000.0,1766000000.0,1766000000.0,0.0,,,,,24000000.0,237000000.0,1.0,84540070.0,84540070.0,,20.89,9492000000.0,0.0,123000000.0,2012000000.0,112.278,-134000000.0
16,URI,MRQ,2017-06-30,2017-06-30,2017-06-30,2021-07-28,-185000000.0,13284000000.0,,1483000000.0,11801000000.0,,23.05,-590000000.0,338000000.0,338000000.0,942000000.0,141000000.0,0.85,5.819,8215000000.0,644000000.0,7571000000.0,8215000000.0,0.0,330000000.0,0.0,0.0,0.0,342000000.0,672000000.0,0.421,672000000.0,342000000.0,229000000.0,1.67,1.65,1.67,1948000000.0,,1948000000.0,16537502834.0,12.0,6.164,117000000.0,1.384,1.0,655000000.0,0.41,4266000000.0,113000000.0,15151000000.0,,78000000.0,0.0,0.0,0.0,11336000000.0,1744000000.0,9592000000.0,9525502834.0,1000000.0,-965000000.0,-1000000.0,837000000.0,0.0,836000000.0,-1551000000.0,-3000000.0,707000000.0,9000000.0,141000000.0,141000000.0,141000000.0,0.0,0.0,0.088,315000000.0,340000000.0,692000000.0,0.0,4.89,16.145,16.217,7525000000.0,0.0,112.71,1.592,1.592,990000000.0,1909000000.0,1597000000.0,1597000000.0,0.0,,,,,24000000.0,218000000.0,1.0,84513378.0,84513378.0,,18.896,9018000000.0,0.0,88000000.0,1952000000.0,106.705,-261000000.0
17,URI,MRQ,2017-03-31,2017-03-31,2017-03-31,2021-07-28,-210000000.0,11822000000.0,,1320000000.0,10502000000.0,,20.792,-133000000.0,337000000.0,337000000.0,842000000.0,109000000.0,1.002,5.744,7349000000.0,577000000.0,6772000000.0,7349000000.0,0.0,310000000.0,0.0,0.0,0.0,255000000.0,565000000.0,0.417,565000000.0,255000000.0,161000000.0,1.29,1.27,1.29,1753000000.0,,1753000000.0,18021031902.0,13.0,6.76,489000000.0,5.8,1.0,514000000.0,0.379,3963000000.0,94000000.0,13554000000.0,,75000000.0,0.0,0.0,0.0,10069000000.0,1317000000.0,8752000000.0,10543031902.0,25000000.0,0.0,-22000000.0,-444000000.0,0.0,-466000000.0,-133000000.0,-1000000.0,622000000.0,2000000.0,109000000.0,109000000.0,109000000.0,0.0,0.0,0.08,257000000.0,257000000.0,382000000.0,0.0,6.014,18.084,18.39,6533000000.0,0.0,125.05,1.815,1.815,854000000.0,1763000000.0,1356000000.0,1356000000.0,0.0,,,,,16000000.0,193000000.0,1.0,84310531.0,84310531.0,,16.083,7859000000.0,0.0,52000000.0,1911000000.0,93.215,3000000.0
18,URI,MRQ,2016-12-31,2016-12-31,2016-12-31,2021-07-28,-218000000.0,11988000000.0,,1361000000.0,10627000000.0,,19.567,8000000.0,312000000.0,312000000.0,866000000.0,153000000.0,1.149,6.274,7790000000.0,597000000.0,7193000000.0,7790000000.0,0.0,318000000.0,0.0,0.0,0.0,404000000.0,722000000.0,0.474,722000000.0,404000000.0,242000000.0,1.81,1.79,1.81,1648000000.0,,1648000000.0,16597422604.0,12.0,6.228,319000000.0,3.787,1.0,657000000.0,0.431,4002000000.0,162000000.0,14280000000.0,,68000000.0,0.0,0.0,0.0,10340000000.0,1184000000.0,9156000000.0,8892422604.0,15000000.0,0.0,-39000000.0,-274000000.0,0.0,-308000000.0,18000000.0,-2000000.0,311000000.0,-6000000.0,153000000.0,153000000.0,153000000.0,0.0,0.0,0.1,255000000.0,402000000.0,243000000.0,0.0,5.396,15.711,16.268,6619000000.0,0.0,105.58,1.543,1.543,920000000.0,1654000000.0,1523000000.0,1523000000.0,0.0,,,,,7000000.0,186000000.0,1.0,84224499.0,84224499.0,,18.083,7986000000.0,0.0,89000000.0,1896000000.0,94.818,177000000.0
19,URI,MRQ,2016-09-30,2016-09-30,2016-09-30,2021-07-28,-196000000.0,12275000000.0,,1354000000.0,10921000000.0,,17.862,-329000000.0,297000000.0,297000000.0,852000000.0,187000000.0,0.954,6.976,8002000000.0,609000000.0,7393000000.0,8002000000.0,0.0,311000000.0,0.0,0.0,0.0,413000000.0,724000000.0,0.48,724000000.0,413000000.0,303000000.0,2.18,2.16,2.18,1539000000.0,,1539000000.0,14338779716.0,10.0,5.391,54000000.0,0.627,1.0,656000000.0,0.435,4049000000.0,110000000.0,14511000000.0,,72000000.0,0.0,0.0,0.0,10736000000.0,1420000000.0,9316000000.0,6762779716.0,32000000.0,-14000000.0,-152000000.0,147000000.0,0.0,-5000000.0,-343000000.0,0.0,383000000.0,-3000000.0,187000000.0,187000000.0,187000000.0,0.0,0.0,0.124,244000000.0,412000000.0,409000000.0,0.0,4.394,11.62,12.038,6862000000.0,0.0,78.49,1.174,1.174,929000000.0,1501000000.0,1508000000.0,1508000000.0,0.0,,,,,11000000.0,179000000.0,1.0,86161036.0,86161036.0,,17.502,8226000000.0,0.0,116000000.0,1863000000.0,95.472,-66000000.0
20,URI,MRQ,2016-06-30,2016-06-30,2016-06-30,2021-07-28,-187000000.0,12120000000.0,,1264000000.0,10856000000.0,,16.971,-504000000.0,265000000.0,265000000.0,831000000.0,134000000.0,0.838,7.069,7841000000.0,576000000.0,7265000000.0,7841000000.0,0.0,306000000.0,0.0,0.0,0.0,349000000.0,655000000.0,0.461,655000000.0,349000000.0,217000000.0,1.52,1.52,1.52,1502000000.0,,1502000000.0,13472511107.0,9.0,4.994,139000000.0,1.571,1.0,590000000.0,0.415,4084000000.0,132000000.0,14104000000.0,,71000000.0,0.0,0.0,0.0,10618000000.0,1508000000.0,9110000000.0,5938511107.0,46000000.0,-1000000.0,-172000000.0,55000000.0,0.0,-91000000.0,-505000000.0,0.0,643000000.0,-1000000.0,134000000.0,134000000.0,134000000.0,0.0,0.0,0.094,243000000.0,347000000.0,609000000.0,0.0,3.954,9.735,10.136,6762000000.0,0.0,67.1,1.023,1.023,867000000.0,1314000000.0,1421000000.0,1421000000.0,0.0,,,,,-13000000.0,177000000.0,1.0,88502401.0,88502401.0,,16.056,8036000000.0,0.0,83000000.0,1790000000.0,90.8,-244000000.0
21,URI,MRQ,2016-03-31,2016-03-31,2016-03-31,2021-07-28,-187000000.0,11784000000.0,,1182000000.0,10602000000.0,,16.5,-4000000.0,219000000.0,219000000.0,810000000.0,92000000.0,0.962,6.851,7753000000.0,550000000.0,7203000000.0,7753000000.0,0.0,310000000.0,0.0,0.0,0.0,254000000.0,564000000.0,0.431,564000000.0,254000000.0,147000000.0,1.01,1.01,1.01,1501000000.0,,1501000000.0,13640438542.0,9.0,4.995,600000000.0,6.596,1.0,500000000.0,0.382,4126000000.0,107000000.0,13963000000.0,,74000000.0,0.0,0.0,0.0,10283000000.0,1229000000.0,9054000000.0,5657438542.0,40000000.0,-13000000.0,-164000000.0,-423000000.0,0.0,-560000000.0,-17000000.0,0.0,604000000.0,13000000.0,92000000.0,92000000.0,92000000.0,0.0,0.0,0.07,246000000.0,254000000.0,330000000.0,0.0,3.769,10.067,10.382,6467000000.0,0.0,62.19,0.973,0.973,833000000.0,1180000000.0,1310000000.0,1310000000.0,0.0,,,,,-18000000.0,177000000.0,1.0,90970229.0,90970229.0,,14.4,7658000000.0,0.0,55000000.0,1797000000.0,84.181,-47000000.0
22,URI,MRQ,2015-12-31,2015-12-31,2015-12-31,2021-07-28,-250000000.0,12083000000.0,,1294000000.0,10789000000.0,,15.9,25000000.0,179000000.0,179000000.0,875000000.0,169000000.0,1.049,7.186,8162000000.0,607000000.0,7555000000.0,8162000000.0,0.0,318000000.0,0.0,0.0,0.0,399000000.0,717000000.0,0.471,717000000.0,399000000.0,292000000.0,1.81,1.8,1.81,1476000000.0,,1476000000.0,15077769307.0,10.0,5.435,463000000.0,4.988,1.0,648000000.0,0.425,4148000000.0,107000000.0,14685000000.0,,69000000.0,0.0,0.0,0.0,10607000000.0,1233000000.0,9374000000.0,6733769307.0,8000000.0,0.0,-122000000.0,-273000000.0,0.0,-447000000.0,22000000.0,-3000000.0,438000000.0,-5000000.0,169000000.0,169000000.0,169000000.0,0.0,0.0,0.111,251000000.0,397000000.0,271000000.0,0.0,4.562,11.511,11.814,6631000000.0,0.0,72.54,1.158,1.158,930000000.0,1088000000.0,1523000000.0,1523000000.0,0.0,,,,,64000000.0,180000000.0,1.0,92828361.0,92828361.0,,16.407,7935000000.0,0.0,123000000.0,1765000000.0,85.48,61000000.0
23,URI,MRQ,2015-09-30,2015-09-30,2015-09-30,2021-07-28,-218000000.0,12598000000.0,,1426000000.0,11172000000.0,,15.697,-288000000.0,171000000.0,171000000.0,860000000.0,215000000.0,0.94,7.415,8515000000.0,639000000.0,7876000000.0,8515000000.0,0.0,315000000.0,0.0,0.0,0.0,447000000.0,762000000.0,0.492,762000000.0,447000000.0,340000000.0,2.28,2.25,2.28,1497000000.0,,1497000000.0,13936966879.0,9.0,4.979,19000000.0,0.199,1.0,690000000.0,0.445,4205000000.0,107000000.0,15220000000.0,,77000000.0,0.0,0.0,0.0,11101000000.0,1517000000.0,9584000000.0,5726966879.0,-29000000.0,-28000000.0,-166000000.0,99000000.0,0.0,-10000000.0,-316000000.0,0.0,307000000.0,-10000000.0,215000000.0,215000000.0,215000000.0,0.0,0.0,0.139,244000000.0,446000000.0,475000000.0,0.0,3.826,9.388,9.487,6874000000.0,0.0,60.05,0.978,0.978,994000000.0,919000000.0,1550000000.0,1550000000.0,0.0,,,,,-45000000.0,178000000.0,1.0,95369973.0,95369973.0,,16.252,8393000000.0,126000000.0,125000000.0,1653000000.0,88.005,-91000000.0
24,URI,MRQ,2015-06-30,2015-06-30,2015-06-30,2021-07-28,-146000000.0,12605000000.0,,1436000000.0,11169000000.0,,14.963,-593000000.0,200000000.0,200000000.0,811000000.0,86000000.0,0.908,7.686,8410000000.0,590000000.0,7820000000.0,8410000000.0,0.0,307000000.0,0.0,0.0,0.0,381000000.0,688000000.0,0.481,688000000.0,381000000.0,149000000.0,0.89,0.88,0.89,1451000000.0,,1451000000.0,16314512714.0,11.0,5.89,-18000000.0,-0.186,1.0,618000000.0,0.432,4253000000.0,232000000.0,14980000000.0,,81000000.0,0.0,0.0,0.0,11153000000.0,1582000000.0,9571000000.0,8496512714.0,-57000000.0,-58000000.0,-157000000.0,226000000.0,0.0,17000000.0,-651000000.0,0.0,575000000.0,2000000.0,86000000.0,86000000.0,86000000.0,0.0,0.0,0.06,243000000.0,375000000.0,683000000.0,0.0,5.856,14.474,14.603,6821000000.0,0.0,87.62,1.452,1.452,894000000.0,704000000.0,1429000000.0,1429000000.0,0.0,,,,,11000000.0,175000000.0,1.0,96970015.0,96970015.0,,14.737,8352000000.0,187000000.0,63000000.0,1696000000.0,86.13,-146000000.0
25,URI,MRQ,2015-03-31,2015-03-31,2015-03-31,2021-07-28,-163000000.0,12282000000.0,,1452000000.0,10830000000.0,,15.479,-225000000.0,257000000.0,257000000.0,791000000.0,115000000.0,0.934,7.22,8075000000.0,593000000.0,7482000000.0,8075000000.0,0.0,304000000.0,0.0,0.0,0.0,303000000.0,607000000.0,0.462,607000000.0,303000000.0,182000000.0,1.19,1.16,1.19,1494000000.0,,1494000000.0,16692820266.0,11.0,6.16,450000000.0,4.662,1.0,524000000.0,0.398,4296000000.0,121000000.0,14249000000.0,,81000000.0,0.0,0.0,0.0,10787000000.0,1555000000.0,9232000000.0,8798820266.0,99000000.0,0.0,-343000000.0,8000000.0,0.0,-335000000.0,-225000000.0,0.0,675000000.0,-16000000.0,115000000.0,115000000.0,115000000.0,0.0,0.0,0.087,224000000.0,300000000.0,465000000.0,0.0,5.889,14.788,14.969,6416000000.0,0.0,91.16,1.511,1.511,848000000.0,618000000.0,1315000000.0,1315000000.0,0.0,,,,,14000000.0,181000000.0,1.0,96520626.0,96520626.0,,13.624,7986000000.0,215000000.0,67000000.0,1690000000.0,82.739,-103000000.0
26,URI,MRQ,2014-12-31,2014-12-31,2014-12-31,2021-07-28,-74000000.0,12129000000.0,,1298000000.0,10831000000.0,,17.995,-90000000.0,158000000.0,158000000.0,857000000.0,194000000.0,0.878,5.752,7962000000.0,618000000.0,7344000000.0,7962000000.0,0.0,312000000.0,0.0,0.0,0.0,430000000.0,742000000.0,0.474,742000000.0,430000000.0,311000000.0,1.97,1.86,1.97,1796000000.0,,1796000000.0,18108431524.0,13.0,6.967,245000000.0,2.455,1.0,707000000.0,0.452,4378000000.0,119000000.0,14077000000.0,,78000000.0,0.0,0.0,0.0,10331000000.0,1478000000.0,8853000000.0,10181431524.0,-10000000.0,-4000000.0,-214000000.0,-31000000.0,0.0,-245000000.0,-94000000.0,0.0,335000000.0,-6000000.0,194000000.0,194000000.0,194000000.0,0.0,0.0,0.124,281000000.0,426000000.0,285000000.0,0.0,5.669,18.855,18.413,6446000000.0,0.0,102.01,1.791,1.791,940000000.0,503000000.0,1564000000.0,1564000000.0,0.0,,,,,26000000.0,209000000.0,1.0,99808171.0,99808171.0,,15.67,7751000000.0,0.0,117000000.0,1444000000.0,77.659,-180000000.0
27,URI,MRQ,2014-09-30,2014-09-30,2014-09-30,2021-07-28,-35000000.0,12483000000.0,,1378000000.0,11105000000.0,,18.903,-340000000.0,168000000.0,168000000.0,856000000.0,192000000.0,0.813,5.884,8095000000.0,618000000.0,7477000000.0,8095000000.0,0.0,306000000.0,0.0,0.0,0.0,427000000.0,733000000.0,0.475,733000000.0,427000000.0,303000000.0,1.95,1.84,1.95,1813000000.0,,1813000000.0,18500534784.0,14.0,7.445,72000000.0,0.751,1.0,688000000.0,0.446,4435000000.0,124000000.0,14280000000.0,,112000000.0,0.0,0.0,0.0,10667000000.0,1695000000.0,8972000000.0,10655534784.0,-2000000.0,4000000.0,-152000000.0,81000000.0,0.0,-71000000.0,-336000000.0,0.0,412000000.0,-7000000.0,192000000.0,192000000.0,192000000.0,0.0,0.0,0.124,266000000.0,422000000.0,505000000.0,0.0,5.877,21.925,22.0,6569000000.0,0.0,111.1,1.952,1.952,941000000.0,309000000.0,1544000000.0,1544000000.0,0.0,,,,,17000000.0,194000000.0,1.0,95909404.0,95909404.0,,16.099,8048000000.0,93000000.0,111000000.0,1412000000.0,83.913,-317000000.0
28,URI,MRQ,2014-06-30,2014-06-30,2014-06-30,2021-07-28,16000000.0,12467000000.0,,1396000000.0,11071000000.0,,18.474,-584000000.0,170000000.0,170000000.0,810000000.0,94000000.0,0.8,5.932,8015000000.0,621000000.0,7394000000.0,8015000000.0,0.0,299000000.0,0.0,0.0,0.0,329000000.0,628000000.0,0.449,628000000.0,329000000.0,142000000.0,0.98,0.9,0.98,1797000000.0,,1797000000.0,16999169104.0,14.0,7.176,-38000000.0,-0.391,1.0,589000000.0,0.421,4511000000.0,187000000.0,14055000000.0,,119000000.0,0.0,0.0,0.0,10660000000.0,1746000000.0,8914000000.0,10187169104.0,-57000000.0,-755000000.0,-185000000.0,915000000.0,0.0,730000000.0,-1339000000.0,0.0,546000000.0,6000000.0,94000000.0,94000000.0,94000000.0,0.0,0.0,0.067,264000000.0,325000000.0,625000000.0,0.0,5.669,23.312,22.62,6452000000.0,0.0,104.73,1.949,1.949,844000000.0,117000000.0,1399000000.0,1399000000.0,0.0,,,,,19000000.0,187000000.0,1.0,97270783.0,97270783.0,,14.383,7956000000.0,192000000.0,48000000.0,1440000000.0,81.792,-350000000.0
29,URI,MRQ,2014-03-31,2014-03-31,2014-03-31,2021-07-28,-20000000.0,11247000000.0,,1400000000.0,9847000000.0,,19.449,-230000000.0,227000000.0,227000000.0,730000000.0,60000000.0,1.272,5.197,7039000000.0,265000000.0,6774000000.0,7039000000.0,0.0,277000000.0,0.0,0.0,0.0,219000000.0,496000000.0,0.421,496000000.0,219000000.0,94000000.0,0.63,0.56,0.63,1813000000.0,,1813000000.0,15848105717.0,14.0,7.009,278000000.0,2.982,1.0,448000000.0,0.38,3916000000.0,125000000.0,13042000000.0,,102000000.0,0.0,0.0,0.0,9423000000.0,1101000000.0,8322000000.0,8850105717.0,52000000.0,-1000000.0,-60000000.0,-158000000.0,0.0,-218000000.0,-231000000.0,0.0,508000000.0,-7000000.0,60000000.0,60000000.0,60000000.0,0.0,0.0,0.051,230000000.0,218000000.0,454000000.0,0.0,4.881,20.775,20.912,5814000000.0,0.0,94.94,1.758,1.758,752000000.0,23000000.0,1178000000.0,1178000000.0,0.0,,,,,12000000.0,168000000.0,1.0,93217882.0,93217882.0,,12.637,7331000000.0,260000000.0,34000000.0,1481000000.0,78.644,299000000.0
30,URI,MRQ,2013-12-31,2013-12-31,2013-12-31,2021-07-28,19000000.0,11231000000.0,,1362000000.0,9869000000.0,,19.607,31000000.0,175000000.0,175000000.0,771000000.0,140000000.0,1.059,5.133,7173000000.0,604000000.0,6569000000.0,7173000000.0,0.0,284000000.0,0.0,0.0,0.0,344000000.0,628000000.0,0.469,628000000.0,344000000.0,226000000.0,1.49,1.31,1.49,1828000000.0,,1828000000.0,14724618362.0,14.0,6.751,467000000.0,5.009,1.0,567000000.0,0.424,3971000000.0,118000000.0,12972000000.0,,70000000.0,0.0,0.0,0.0,9383000000.0,1286000000.0,8097000000.0,7267618362.0,50000000.0,0.0,-15000000.0,-396000000.0,0.0,-411000000.0,31000000.0,0.0,436000000.0,-6000000.0,140000000.0,140000000.0,140000000.0,0.0,0.0,0.105,225000000.0,342000000.0,292000000.0,0.0,3.976,18.779,18.829,5795000000.0,0.0,77.95,1.467,1.467,804000000.0,-37000000.0,1338000000.0,1338000000.0,0.0,,,,,12000000.0,163000000.0,1.0,93234360.0,93234360.0,,14.351,7260000000.0,260000000.0,86000000.0,1459000000.0,77.868,76000000.0
31,URI,MRQ,2013-09-30,2013-09-30,2013-09-30,2021-07-28,53000000.0,11563000000.0,,1414000000.0,10149000000.0,,18.299,-398000000.0,125000000.0,125000000.0,747000000.0,143000000.0,0.997,5.761,7582000000.0,630000000.0,6952000000.0,7582000000.0,0.0,278000000.0,0.0,0.0,0.0,339000000.0,617000000.0,0.471,617000000.0,339000000.0,218000000.0,1.53,1.35,1.53,1707000000.0,,1707000000.0,12660554263.0,13.0,6.143,-161000000.0,-1.726,1.0,564000000.0,0.43,4025000000.0,121000000.0,13577000000.0,,91000000.0,0.0,0.0,0.0,9834000000.0,1418000000.0,8416000000.0,5437554263.0,-8000000.0,-9000000.0,-15000000.0,174000000.0,0.0,159000000.0,-407000000.0,0.0,237000000.0,3000000.0,143000000.0,143000000.0,143000000.0,0.0,0.0,0.109,227000000.0,337000000.0,366000000.0,0.0,3.185,18.88,18.623,6019000000.0,0.0,58.29,1.117,1.117,807000000.0,-177000000.0,1311000000.0,1311000000.0,0.0,,,,,15000000.0,167000000.0,1.0,93284513.0,93284513.0,,14.054,7538000000.0,262000000.0,75000000.0,1395000000.0,80.807,-4000000.0
32,URI,MRQ,2013-06-30,2013-06-30,2013-06-30,2021-07-28,32000000.0,11326000000.0,,1363000000.0,9963000000.0,,16.798,-626000000.0,133000000.0,133000000.0,735000000.0,83000000.0,0.856,6.138,7356000000.0,624000000.0,6732000000.0,7356000000.0,0.0,270000000.0,0.0,0.0,0.0,250000000.0,520000000.0,0.431,520000000.0,250000000.0,131000000.0,0.89,0.78,0.89,1583000000.0,,1583000000.0,11720268650.0,14.0,6.038,-157000000.0,-1.666,1.0,471000000.0,0.391,4057000000.0,119000000.0,12900000000.0,,111000000.0,0.0,0.0,0.0,9717000000.0,1592000000.0,8125000000.0,4703268650.0,-14000000.0,0.0,-52000000.0,200000000.0,0.0,148000000.0,-626000000.0,0.0,469000000.0,-5000000.0,83000000.0,83000000.0,83000000.0,0.0,0.0,0.069,221000000.0,250000000.0,606000000.0,0.0,2.971,21.575,20.971,5797000000.0,0.0,49.91,0.985,0.985,751000000.0,-320000000.0,1206000000.0,1206000000.0,0.0,,,,,10000000.0,152000000.0,1.0,94234996.0,94234996.0,,12.798,7269000000.0,255000000.0,48000000.0,1328000000.0,77.137,-229000000.0
33,URI,MRQ,2013-03-31,2013-03-31,2013-03-31,2021-07-28,64000000.0,10921000000.0,,1311000000.0,9610000000.0,,16.836,-175000000.0,147000000.0,147000000.0,715000000.0,21000000.0,0.958,5.955,7164000000.0,567000000.0,6597000000.0,7164000000.0,0.0,266000000.0,0.0,0.0,0.0,150000000.0,416000000.0,0.378,416000000.0,150000000.0,30000000.0,0.22,0.19,0.22,1566000000.0,,1566000000.0,12370948302.0,19.0,7.277,234000000.0,2.516,1.0,385000000.0,0.35,4114000000.0,120000000.0,12455000000.0,,103000000.0,0.0,0.0,0.0,9326000000.0,1369000000.0,7957000000.0,5112948302.0,41000000.0,0.0,-27000000.0,-164000000.0,0.0,-191000000.0,-175000000.0,0.0,409000000.0,-2000000.0,21000000.0,21000000.0,21000000.0,0.0,0.0,0.019,236000000.0,149000000.0,406000000.0,0.0,3.265,61.602,63.919,5383000000.0,0.0,54.97,1.121,1.121,725000000.0,-403000000.0,1100000000.0,1100000000.0,0.0,,,,,9000000.0,160000000.0,1.0,93013431.0,93013431.0,,11.826,6807000000.0,255000000.0,9000000.0,1293000000.0,73.183,-58000000.0
34,URI,MRQ,2012-12-31,2012-12-31,2012-12-31,2021-07-28,84000000.0,11026000000.0,,1343000000.0,9683000000.0,,16.665,-38000000.0,106000000.0,106000000.0,754000000.0,41000000.0,0.994,6.126,7364000000.0,630000000.0,6734000000.0,7364000000.0,0.0,272000000.0,0.0,0.0,0.0,236000000.0,508000000.0,0.407,508000000.0,236000000.0,39000000.0,0.49,0.42,0.49,1543000000.0,,1543000000.0,11576717921.0,19.0,7.713,188000000.0,2.03,1.0,495000000.0,0.396,4170000000.0,197000000.0,12763000000.0,,68000000.0,0.0,0.0,0.0,9452000000.0,1351000000.0,8101000000.0,4214717921.0,38000000.0,0.0,1000000.0,-149000000.0,0.0,-149000000.0,-38000000.0,0.0,226000000.0,-1000000.0,41000000.0,41000000.0,41000000.0,0.0,0.0,0.033,259000000.0,236000000.0,286000000.0,0.0,2.732,56.196,50.022,5394000000.0,0.0,45.52,1.024,1.024,793000000.0,-424000000.0,1249000000.0,1249000000.0,0.0,,,,,9000000.0,176000000.0,1.0,92590464.0,92590464.0,,13.49,6856000000.0,265000000.0,-2000000.0,1302000000.0,74.047,-8000000.0
35,URI,MRQ,2012-09-30,2012-09-30,2012-09-30,2021-07-28,94000000.0,10992000000.0,,1111000000.0,9881000000.0,,16.127,-172000000.0,68000000.0,68000000.0,714000000.0,73000000.0,0.734,6.33,7430000000.0,651000000.0,6779000000.0,7430000000.0,0.0,275000000.0,0.0,0.0,0.0,222000000.0,497000000.0,0.408,497000000.0,222000000.0,94000000.0,0.78,0.7,0.78,1495000000.0,,1495000000.0,10335236855.0,21.0,8.342,-19000000.0,-0.205,1.0,505000000.0,0.414,4228000000.0,128000000.0,12612000000.0,,89000000.0,0.0,0.0,0.0,9464000000.0,1514000000.0,7950000000.0,3032236855.0,27000000.0,0.0,-7000000.0,55000000.0,0.0,45000000.0,-172000000.0,0.0,153000000.0,1000000.0,73000000.0,73000000.0,73000000.0,0.0,0.0,0.06,283000000.0,222000000.0,408000000.0,0.0,2.028,48.131,40.383,5529000000.0,0.0,32.71,0.839,0.839,804000000.0,-465000000.0,1219000000.0,1219000000.0,0.0,,,,,10000000.0,164000000.0,1.0,92700607.0,92700607.0,,13.15,6764000000.0,42000000.0,21000000.0,1106000000.0,72.966,-403000000.0
36,URI,MRQ,2012-06-30,2012-06-30,2012-06-30,2021-07-28,73000000.0,10942000000.0,,1019000000.0,9923000000.0,,21.875,-386000000.0,41000000.0,41000000.0,619000000.0,-52000000.0,0.717,6.819,7344000000.0,421000000.0,6923000000.0,7344000000.0,0.0,221000000.0,0.0,0.0,0.0,58000000.0,279000000.0,0.281,279000000.0,58000000.0,-64000000.0,-0.63,-0.63,-0.63,1395000000.0,,1395000000.0,5310823423.0,13.0,5.212,-298000000.0,-4.673,1.0,374000000.0,0.377,4281000000.0,122000000.0,12543000000.0,,102000000.0,0.0,0.0,0.0,9512000000.0,1421000000.0,8091000000.0,2170823423.0,15000000.0,-1108000000.0,-101000000.0,-1301000000.0,0.0,1422000000.0,-1494000000.0,0.0,88000000.0,-1000000.0,-52000000.0,-52000000.0,-52000000.0,0.0,0.0,-0.052,328000000.0,46000000.0,605000000.0,0.0,1.556,39.47,31.813,5514000000.0,0.0,34.04,0.698,0.698,704000000.0,-538000000.0,993000000.0,993000000.0,0.0,,,,,9000000.0,146000000.0,1.0,63772721.0,63772721.0,,15.571,6661000000.0,66000000.0,-12000000.0,1106000000.0,104.449,-402000000.0
37,URI,MRQ,2012-03-31,2012-03-31,2012-03-31,2021-07-28,85000000.0,7297000000.0,,656000000.0,6641000000.0,,1.431,-343000000.0,2876000000.0,2876000000.0,443000000.0,13000000.0,0.627,79.667,6016000000.0,371000000.0,5645000000.0,6016000000.0,0.0,129000000.0,0.0,0.0,0.0,88000000.0,217000000.0,0.331,217000000.0,88000000.0,19000000.0,0.21,0.17,0.21,90000000.0,,90000000.0,5704167954.0,13.0,5.979,-89000000.0,-1.415,1.0,213000000.0,0.325,414000000.0,69000000.0,8977000000.0,,85000000.0,0.0,0.0,0.0,7170000000.0,1046000000.0,6124000000.0,2698167954.0,-10000000.0,-57000000.0,-3000000.0,2963000000.0,0.0,135000000.0,-400000000.0,0.0,254000000.0,1000000.0,13000000.0,13000000.0,13000000.0,0.0,0.0,0.02,126000000.0,87000000.0,384000000.0,0.0,29.98,20.136,20.042,3245000000.0,0.0,42.89,0.983,0.983,417000000.0,-486000000.0,656000000.0,656000000.0,0.0,,,,,4000000.0,102000000.0,1.0,62909022.0,62909022.0,,10.428,6883000000.0,50000000.0,6000000.0,419000000.0,109.412,-390000000.0
38,URI,MRQ,2011-12-31,2011-12-31,2011-12-31,2021-07-28,75000000.0,4143000000.0,,723000000.0,3420000000.0,,1.022,-60000000.0,36000000.0,36000000.0,471000000.0,29000000.0,0.837,63.125,3042000000.0,395000000.0,2647000000.0,3042000000.0,0.0,129000000.0,0.0,0.0,0.0,117000000.0,246000000.0,0.33,246000000.0,117000000.0,57000000.0,0.45,0.39,0.45,64000000.0,,64000000.0,4842258920.0,12.0,5.509,99000000.0,1.58,1.0,275000000.0,0.369,372000000.0,60000000.0,5913000000.0,,44000000.0,0.0,0.0,0.0,4040000000.0,864000000.0,3176000000.0,1851258920.0,10000000.0,-78000000.0,4000000.0,-16000000.0,0.0,-12000000.0,-138000000.0,0.0,159000000.0,1000000.0,29000000.0,29000000.0,29000000.0,-1000000.0,0.0,0.039,160000000.0,115000000.0,206000000.0,0.0,28.926,18.329,18.241,2983000000.0,0.0,29.55,0.709,0.709,464000000.0,-499000000.0,746000000.0,746000000.0,0.0,,,,,3000000.0,109000000.0,1.0,62648356.0,62648356.0,,11.908,3771000000.0,104000000.0,28000000.0,470000000.0,60.193,-141000000.0
39,URI,MRQ,2011-09-30,2011-09-30,2011-09-30,2021-07-28,63000000.0,4005000000.0,,658000000.0,3347000000.0,,0.224,-185000000.0,26000000.0,26000000.0,439000000.0,65000000.0,0.749,282.143,3017000000.0,401000000.0,2616000000.0,3017000000.0,0.0,123000000.0,0.0,0.0,0.0,154000000.0,277000000.0,0.388,277000000.0,154000000.0,96000000.0,1.04,0.91,1.04,14000000.0,,14000000.0,3972799030.0,12.0,5.01,-28000000.0,-0.447,1.0,274000000.0,0.384,332000000.0,58000000.0,5785000000.0,,56000000.0,0.0,0.0,0.0,3950000000.0,879000000.0,3071000000.0,1054799030.0,-32000000.0,-55000000.0,1000000.0,52000000.0,0.0,53000000.0,-240000000.0,0.0,157000000.0,-2000000.0,65000000.0,65000000.0,65000000.0,0.0,0.0,0.091,118000000.0,156000000.0,233000000.0,0.0,75.343,20.682,21.316,2958000000.0,0.0,16.84,0.428,0.428,453000000.0,-528000000.0,713000000.0,713000000.0,0.0,,,,,3000000.0,103000000.0,1.0,62636522.0,62636522.0,,11.383,3673000000.0,55000000.0,31000000.0,397000000.0,58.64,-221000000.0
40,URI,MRQ,2011-06-30,2011-06-30,2011-06-30,2021-07-28,100000000.0,3952000000.0,,674000000.0,3278000000.0,,-0.32,-260000000.0,58000000.0,58000000.0,418000000.0,27000000.0,0.802,-196.4,2976000000.0,347000000.0,2629000000.0,2976000000.0,0.0,117000000.0,0.0,0.0,0.0,97000000.0,214000000.0,0.34,214000000.0,97000000.0,38000000.0,0.44,0.37,0.44,-20000000.0,,-20000000.0,4245573584.0,16.0,5.872,-118000000.0,-1.888,1.0,211000000.0,0.335,319000000.0,59000000.0,5711000000.0,,70000000.0,0.0,0.0,0.0,3928000000.0,840000000.0,3088000000.0,1587573584.0,-147000000.0,-143000000.0,26000000.0,86000000.0,0.0,112000000.0,-403000000.0,0.0,142000000.0,2000000.0,27000000.0,27000000.0,27000000.0,1000000.0,0.0,0.043,116000000.0,95000000.0,282000000.0,0.0,-79.379,176.397,211.667,2900000000.0,0.0,25.4,0.674,0.674,407000000.0,-593000000.0,629000000.0,629000000.0,0.0,,,,,4000000.0,100000000.0,1.0,62502897.0,62502897.0,,10.064,3633000000.0,71000000.0,11000000.0,399000000.0,58.125,-166000000.0
41,URI,MRQ,2011-03-31,2011-03-31,2011-03-31,2021-07-28,99000000.0,3692000000.0,,733000000.0,2959000000.0,,-0.478,-84000000.0,205000000.0,205000000.0,385000000.0,-20000000.0,1.202,-128.31,2863000000.0,199000000.0,2664000000.0,2863000000.0,0.0,111000000.0,0.0,0.0,0.0,31000000.0,142000000.0,0.272,142000000.0,31000000.0,-27000000.0,-0.34,-0.34,-0.34,-29000000.0,,-29000000.0,4743744369.0,21.0,6.986,70000000.0,1.155,1.0,138000000.0,0.264,226000000.0,58000000.0,5514000000.0,,63000000.0,0.0,0.0,0.0,3721000000.0,610000000.0,3111000000.0,2017744369.0,2000000.0,0.0,-3000000.0,-70000000.0,0.0,-73000000.0,-84000000.0,0.0,154000000.0,5000000.0,-20000000.0,-20000000.0,-20000000.0,0.0,0.0,-0.038,108000000.0,30000000.0,222000000.0,0.0,-69.577,-336.291,-277.333,2669000000.0,0.0,33.28,0.884,0.884,341000000.0,-620000000.0,523000000.0,523000000.0,0.0,,,,,2000000.0,95000000.0,1.0,60629338.0,60629338.0,,8.626,3466000000.0,76000000.0,-7000000.0,385000000.0,57.167,123000000.0
42,URI,MRQ,2010-12-31,2010-12-31,2010-12-31,2021-07-28,87000000.0,3693000000.0,,725000000.0,2968000000.0,,-0.33,-26000000.0,203000000.0,203000000.0,422000000.0,-21000000.0,1.274,-185.65,2929000000.0,229000000.0,2700000000.0,2929000000.0,0.0,117000000.0,0.0,0.0,0.0,43000000.0,160000000.0,0.268,160000000.0,43000000.0,-44000000.0,-0.35,-0.35,-0.35,-20000000.0,,-20000000.0,4146134281.0,21.0,6.428,83000000.0,1.371,1.0,175000000.0,0.293,227000000.0,87000000.0,5623000000.0,,39000000.0,0.0,0.0,0.0,3713000000.0,569000000.0,3144000000.0,1377134281.0,33000000.0,0.0,1000000.0,-57000000.0,0.0,-56000000.0,-26000000.0,0.0,109000000.0,6000000.0,-21000000.0,-21000000.0,-21000000.0,4000000.0,0.0,-0.035,128000000.0,47000000.0,132000000.0,0.0,-68.857,-52.967,-51.705,2673000000.0,0.0,22.75,0.616,0.616,377000000.0,-600000000.0,597000000.0,597000000.0,0.0,,,,,2000000.0,96000000.0,1.0,60533375.0,60533375.0,,9.862,3466000000.0,69000000.0,-23000000.0,385000000.0,57.258,156000000.0
43,URI,MRQ,2010-09-30,2010-09-30,2010-09-30,2021-07-28,73000000.0,3744000000.0,,712000000.0,3032000000.0,,-0.248,-86000000.0,170000000.0,170000000.0,396000000.0,23000000.0,1.359,-250.6,2939000000.0,123000000.0,2816000000.0,2939000000.0,0.0,112000000.0,0.0,0.0,0.0,95000000.0,207000000.0,0.342,207000000.0,95000000.0,38000000.0,0.37,0.33,0.37,-15000000.0,,-15000000.0,3703274490.0,21.0,5.935,38000000.0,0.628,1.0,209000000.0,0.345,227000000.0,57000000.0,5762000000.0,,48000000.0,0.0,0.0,0.0,3759000000.0,524000000.0,3235000000.0,898274490.0,140000000.0,0.0,0.0,98000000.0,0.0,97000000.0,-86000000.0,0.0,124000000.0,5000000.0,23000000.0,23000000.0,23000000.0,0.0,0.0,0.038,116000000.0,93000000.0,167000000.0,0.0,-59.885,-28.977,-28.538,2744000000.0,0.0,14.84,0.409,0.409,399000000.0,-579000000.0,605000000.0,605000000.0,0.0,,,,,2000000.0,95000000.0,1.0,60530626.0,60530626.0,,9.995,3517000000.0,58000000.0,15000000.0,384000000.0,58.103,188000000.0
44,URI,MRQ,2010-06-30,2010-06-30,2010-06-30,2021-07-28,62000000.0,3574000000.0,,531000000.0,3043000000.0,,-0.827,-93000000.0,30000000.0,30000000.0,386000000.0,12000000.0,1.047,-72.48,2835000000.0,124000000.0,2711000000.0,2835000000.0,0.0,111000000.0,0.0,0.0,0.0,59000000.0,170000000.0,0.305,170000000.0,59000000.0,3000000.0,0.2,0.18,0.2,-50000000.0,,-50000000.0,3373329608.0,23.0,5.641,8000000.0,0.132,1.0,171000000.0,0.307,227000000.0,56000000.0,5645000000.0,,60000000.0,0.0,0.0,0.0,3624000000.0,507000000.0,3117000000.0,563329608.0,10000000.0,0.0,0.0,10000000.0,0.0,10000000.0,-93000000.0,0.0,101000000.0,-8000000.0,12000000.0,12000000.0,12000000.0,0.0,0.0,0.022,112000000.0,59000000.0,188000000.0,0.0,-11.267,-10.432,-10.472,2751000000.0,0.0,9.32,0.258,0.258,344000000.0,-602000000.0,557000000.0,557000000.0,0.0,,,,,3000000.0,90000000.0,1.0,60443091.0,60443091.0,,9.215,3347000000.0,57000000.0,-9000000.0,369000000.0,55.374,24000000.0
45,URI,MRQ,2010-03-31,2010-03-31,2010-03-31,2021-07-28,78000000.0,3584000000.0,,511000000.0,3073000000.0,,-0.798,-18000000.0,20000000.0,20000000.0,375000000.0,-40000000.0,1.062,-75.667,2830000000.0,124000000.0,2706000000.0,2830000000.0,0.0,109000000.0,0.0,0.0,0.0,-1000000.0,108000000.0,0.226,108000000.0,-1000000.0,-64000000.0,-0.67,-0.67,-0.67,-48000000.0,,-48000000.0,3470375606.0,37.0,6.242,100000000.0,1.662,1.0,103000000.0,0.215,230000000.0,63000000.0,5683000000.0,,46000000.0,0.0,0.0,0.0,3632000000.0,481000000.0,3151000000.0,564375606.0,-149000000.0,0.0,-1000000.0,-252000000.0,0.0,-254000000.0,-18000000.0,0.0,118000000.0,5000000.0,-40000000.0,-40000000.0,-40000000.0,0.0,0.0,-0.084,105000000.0,-2000000.0,138000000.0,0.0,-11.758,-6.8,-6.847,2775000000.0,0.0,9.38,0.252,0.252,320000000.0,-614000000.0,478000000.0,478000000.0,0.0,,,,,1000000.0,86000000.0,1.0,60167975.0,60167975.0,,7.944,3354000000.0,69000000.0,-24000000.0,405000000.0,55.744,30000000.0
46,URI,MRQ,2009-12-31,2009-12-31,2009-12-31,2021-07-28,67000000.0,3859000000.0,,705000000.0,3154000000.0,,-0.316,-40000000.0,169000000.0,169000000.0,412000000.0,-26000000.0,1.529,-204.105,3075000000.0,125000000.0,2950000000.0,3075000000.0,0.0,116000000.0,0.0,0.0,0.0,23000000.0,139000000.0,0.25,139000000.0,23000000.0,-51000000.0,-0.42,-0.42,-0.42,-19000000.0,,-19000000.0,3543091630.0,31.0,6.036,45000000.0,0.748,1.0,145000000.0,0.26,231000000.0,74000000.0,6073000000.0,,44000000.0,0.0,0.0,0.0,3878000000.0,461000000.0,3417000000.0,590091630.0,20000000.0,1000000.0,-1000000.0,-27000000.0,0.0,-28000000.0,-39000000.0,0.0,85000000.0,2000000.0,-26000000.0,-26000000.0,-26000000.0,2000000.0,0.0,-0.047,121000000.0,24000000.0,128000000.0,0.0,-31.057,-9.518,-9.618,2848000000.0,0.0,9.81,0.25,0.25,337000000.0,-574000000.0,557000000.0,557000000.0,0.0,,,,,2000000.0,100000000.0,1.0,60152052.0,60152052.0,,9.26,3628000000.0,66000000.0,-25000000.0,424000000.0,60.314,244000000.0
47,URI,MRQ,2009-09-30,2009-09-30,2009-09-30,2021-07-28,60000000.0,3895000000.0,,679000000.0,3216000000.0,,-0.299,-24000000.0,149000000.0,149000000.0,412000000.0,0.0,1.85,-217.389,3102000000.0,9000000.0,3093000000.0,3102000000.0,0.0,113000000.0,0.0,0.0,0.0,68000000.0,181000000.0,0.306,181000000.0,68000000.0,4000000.0,0.0,0.0,0.0,-18000000.0,,-18000000.0,3669321830.0,-4.0,-7.891,124000000.0,2.062,1.0,180000000.0,0.304,232000000.0,64000000.0,6249000000.0,,52000000.0,0.0,0.0,0.0,3913000000.0,367000000.0,3546000000.0,619321830.0,24000000.0,-25000000.0,0.0,-83000000.0,0.0,-84000000.0,-49000000.0,0.0,148000000.0,9000000.0,0.0,0.0,0.0,0.0,0.0,0.0,113000000.0,67000000.0,143000000.0,,-34.407,-0.697,-0.851,2921000000.0,0.0,10.3,0.239,0.239,369000000.0,-548000000.0,592000000.0,592000000.0,0.0,,,,,2000000.0,99000000.0,1.0,60128333.0,60128333.0,,9.846,3663000000.0,74000000.0,4000000.0,414000000.0,60.92,312000000.0
48,URI,MRQ,2009-06-30,2009-06-30,2009-06-30,2021-07-28,33000000.0,3918000000.0,,665000000.0,3253000000.0,,-0.765,-11000000.0,125000000.0,125000000.0,474000000.0,-17000000.0,1.905,-86.174,3175000000.0,9000000.0,3166000000.0,3175000000.0,0.0,125000000.0,0.0,0.0,0.0,3000000.0,128000000.0,0.208,128000000.0,3000000.0,-29000000.0,-0.28,-0.28,-0.28,-46000000.0,,-46000000.0,3526212548.0,-4.0,-10.817,70000000.0,1.164,1.0,141000000.0,0.229,230000000.0,32000000.0,6389000000.0,,55000000.0,0.0,0.0,0.0,3964000000.0,349000000.0,3615000000.0,390212548.0,29000000.0,1000000.0,0.0,-49000000.0,0.0,-49000000.0,-10000000.0,0.0,81000000.0,7000000.0,-17000000.0,-17000000.0,-17000000.0,0.0,0.0,-0.028,136000000.0,5000000.0,144000000.0,0.0,-8.483,-0.48,-0.591,2956000000.0,0.0,6.49,0.136,0.136,375000000.0,-548000000.0,615000000.0,615000000.0,0.0,,,,,2000000.0,101000000.0,1.0,60125200.0,60125200.0,,10.229,3688000000.0,74000000.0,-12000000.0,407000000.0,61.339,316000000.0
49,URI,MRQ,2009-03-31,2009-03-31,2009-03-31,2021-07-28,7000000.0,3977000000.0,,622000000.0,3355000000.0,,-0.933,6000000.0,96000000.0,96000000.0,450000000.0,-19000000.0,1.747,-72.018,3232000000.0,11000000.0,3221000000.0,3232000000.0,0.0,120000000.0,0.0,0.0,0.0,19000000.0,139000000.0,0.234,139000000.0,19000000.0,-33000000.0,-0.32,-0.32,-0.32,-56000000.0,,-56000000.0,3520610117.0,-5.0,-17.515,130000000.0,2.167,1.0,144000000.0,0.242,229000000.0,52000000.0,6528000000.0,,59000000.0,0.0,0.0,0.0,4033000000.0,356000000.0,3677000000.0,252610117.0,19000000.0,-2000000.0,0.0,-106000000.0,0.0,-107000000.0,4000000.0,0.0,124000000.0,-2000000.0,-19000000.0,-19000000.0,-19000000.0,0.0,0.0,-0.032,126000000.0,18000000.0,154000000.0,0.0,-4.511,-0.253,-0.323,3064000000.0,0.0,4.21,0.082,0.082,359000000.0,-531000000.0,594000000.0,594000000.0,0.0,,,,,2000000.0,108000000.0,1.0,60002403.0,60002403.0,,9.9,3748000000.0,75000000.0,-14000000.0,410000000.0,62.464,266000000.0
50,URI,MRQ,2008-12-31,2008-12-31,2008-12-31,2021-07-28,16000000.0,4191000000.0,,703000000.0,3488000000.0,,-0.484,5000000.0,77000000.0,77000000.0,544000000.0,-853000000.0,1.646,-145.517,3345000000.0,13000000.0,3332000000.0,3345000000.0,0.0,135000000.0,0.0,0.0,0.0,-1048000000.0,-913000000.0,-1.154,-913000000.0,-1048000000.0,-1065000000.0,-11.5,-11.5,-11.5,-29000000.0,,-29000000.0,4070223941.0,-6.0,-34.788,198000000.0,3.306,1.0,247000000.0,0.312,229000000.0,17000000.0,6803000000.0,,59000000.0,0.0,0.0,0.0,4220000000.0,427000000.0,3793000000.0,546223941.0,11000000.0,0.0,1000000.0,-181000000.0,0.0,-181000000.0,5000000.0,0.0,193000000.0,-6000000.0,-853000000.0,-853000000.0,-853000000.0,0.0,0.0,-1.078,1295000000.0,-1048000000.0,157000000.0,0.0,-18.835,-0.579,-0.723,3193000000.0,0.0,9.12,0.167,0.167,454000000.0,-512000000.0,791000000.0,791000000.0,0.0,,,,,2000000.0,120000000.0,1.0,59892976.0,59892976.0,,13.207,3962000000.0,76000000.0,-212000000.0,414000000.0,66.151,276000000.0
51,URI,MRQ,2008-09-30,2008-09-30,2008-09-30,2021-07-28,68000000.0,5612000000.0,,781000000.0,4831000000.0,,14.756,-104000000.0,66000000.0,66000000.0,537000000.0,74000000.0,1.669,5.414,3590000000.0,11000000.0,3579000000.0,3590000000.0,0.0,129000000.0,0.0,0.0,0.0,191000000.0,320000000.0,0.367,320000000.0,191000000.0,119000000.0,1.11,0.98,1.11,875000000.0,,875000000.0,3818713834.0,5.0,3.143,20000000.0,0.337,1.0,336000000.0,0.385,1393000000.0,72000000.0,7275000000.0,,78000000.0,0.0,0.0,0.0,4737000000.0,468000000.0,4269000000.0,903713834.0,-14000000.0,-17000000.0,-603000000.0,591000000.0,0.0,-14000000.0,-121000000.0,0.0,124000000.0,-3000000.0,76000000.0,76000000.0,76000000.0,0.0,-2000000.0,0.087,148000000.0,188000000.0,211000000.0,0.0,1.033,13.488,23.446,3367000000.0,0.0,15.24,0.266,0.266,507000000.0,341000000.0,873000000.0,873000000.0,0.0,,,,,2000000.0,132000000.0,1.0,59298808.0,59298808.0,,14.722,4219000000.0,80000000.0,43000000.0,631000000.0,71.148,313000000.0
52,URI,MRQ,2008-06-30,2008-06-30,2008-06-30,2021-07-28,84000000.0,5609000000.0,,768000000.0,4841000000.0,,16.365,-247000000.0,80000000.0,80000000.0,545000000.0,37000000.0,1.313,2.967,2995000000.0,12000000.0,2983000000.0,2995000000.0,0.0,126000000.0,0.0,0.0,0.0,127000000.0,253000000.0,0.304,253000000.0,127000000.0,76000000.0,-2.33,-2.33,-2.33,1414000000.0,,1414000000.0,3895424935.0,5.0,3.144,-26000000.0,-0.301,1.0,286000000.0,0.344,1395000000.0,51000000.0,6544000000.0,,94000000.0,0.0,0.0,0.0,4195000000.0,585000000.0,3610000000.0,1694424935.0,-435000000.0,0.0,0.0,-156000000.0,0.0,-410000000.0,-247000000.0,0.0,221000000.0,1000000.0,37000000.0,-202000000.0,-202000000.0,0.0,0.0,-0.243,158000000.0,128000000.0,311000000.0,0.0,1.198,16.293,30.641,3370000000.0,239000000.0,19.61,0.482,0.482,478000000.0,267000000.0,831000000.0,831000000.0,0.0,,,,,1000000.0,128000000.0,1.0,86406167.0,86406167.0,,9.617,4214000000.0,44000000.0,39000000.0,562000000.0,48.77,183000000.0
53,URI,MRQ,2008-03-31,2008-03-31,2008-03-31,2021-07-28,77000000.0,5872000000.0,,1190000000.0,4682000000.0,,23.655,-83000000.0,515000000.0,515000000.0,523000000.0,38000000.0,1.836,1.876,2716000000.0,157000000.0,2559000000.0,2716000000.0,0.0,123000000.0,0.0,0.0,0.0,102000000.0,225000000.0,0.291,225000000.0,102000000.0,59000000.0,0.37,0.34,0.37,2042000000.0,,2042000000.0,3961349755.0,5.0,3.095,143000000.0,1.657,1.0,249000000.0,0.323,1396000000.0,43000000.0,6029000000.0,,95000000.0,0.0,0.0,0.0,3830000000.0,648000000.0,3182000000.0,1626349755.0,134000000.0,0.0,0.0,-7000000.0,0.0,-7000000.0,-83000000.0,0.0,226000000.0,-2000000.0,38000000.0,38000000.0,38000000.0,0.0,0.0,0.049,147000000.0,102000000.0,275000000.0,0.0,0.796,4.337,5.162,3236000000.0,0.0,18.84,0.446,0.446,452000000.0,469000000.0,772000000.0,772000000.0,0.0,,,,,1000000.0,129000000.0,1.0,86324297.0,86324297.0,,8.943,4476000000.0,74000000.0,21000000.0,559000000.0,51.851,542000000.0
54,URI,MRQ,2007-12-31,2007-12-31,2007-12-31,2021-07-28,92000000.0,5842000000.0,,1120000000.0,4722000000.0,,23.524,-45000000.0,381000000.0,381000000.0,586000000.0,153000000.0,2.154,1.895,2716000000.0,15000000.0,2701000000.0,2716000000.0,0.0,132000000.0,0.0,0.0,0.0,285000000.0,417000000.0,0.451,417000000.0,285000000.0,242000000.0,1.5,1.38,1.5,2018000000.0,,2018000000.0,4222032410.0,5.0,3.322,330000000.0,3.847,1.0,339000000.0,0.366,1404000000.0,43000000.0,6253000000.0,,91000000.0,0.0,0.0,0.0,3824000000.0,520000000.0,3304000000.0,1575032410.0,269000000.0,0.0,9000000.0,-72000000.0,0.0,-60000000.0,-45000000.0,0.0,375000000.0,-1000000.0,155000000.0,155000000.0,155000000.0,0.0,-2000000.0,0.168,168000000.0,171000000.0,195000000.0,0.0,0.78,4.268,5.1,3266000000.0,0.0,18.36,0.424,0.424,519000000.0,431000000.0,925000000.0,925000000.0,0.0,,,,,3000000.0,152000000.0,1.0,85786079.0,85786079.0,,10.783,4438000000.0,72000000.0,87000000.0,539000000.0,51.733,600000000.0
55,URI,MRQ,2007-09-30,2007-09-30,2007-09-30,2021-07-28,107000000.0,5717000000.0,,919000000.0,4798000000.0,,22.472,-118000000.0,112000000.0,112000000.0,611000000.0,112000000.0,1.534,2.065,2759000000.0,78000000.0,2681000000.0,2759000000.0,0.0,124000000.0,0.0,0.0,0.0,220000000.0,344000000.0,0.347,344000000.0,220000000.0,174000000.0,1.1,0.98,1.1,1865000000.0,,1865000000.0,5341838357.0,8.0,4.731,46000000.0,0.554,1.0,379000000.0,0.383,1407000000.0,46000000.0,6358000000.0,,123000000.0,0.0,0.0,0.0,3852000000.0,599000000.0,3253000000.0,2669838357.0,8000000.0,-2000000.0,2000000.0,-61000000.0,0.0,-41000000.0,-122000000.0,0.0,164000000.0,7000000.0,113000000.0,113000000.0,113000000.0,-1000000.0,-1000000.0,0.114,163000000.0,216000000.0,248000000.0,0.0,1.432,9.709,12.186,3333000000.0,0.0,32.17,0.718,0.718,582000000.0,278000000.0,990000000.0,990000000.0,0.0,,,,,2000000.0,150000000.0,1.0,82991556.0,82991556.0,,11.929,4310000000.0,51000000.0,61000000.0,472000000.0,51.933,320000000.0
56,URI,MRQ,2007-06-30,2007-06-30,2007-06-30,2021-07-28,78000000.0,5668000000.0,,928000000.0,4740000000.0,,20.842,-273000000.0,104000000.0,104000000.0,630000000.0,67000000.0,1.268,2.33,2776000000.0,121000000.0,2655000000.0,2776000000.0,0.0,118000000.0,0.0,0.0,0.0,176000000.0,294000000.0,0.306,294000000.0,176000000.0,118000000.0,0.68,0.6,0.68,1702000000.0,,1702000000.0,5269318088.0,8.0,4.73,-77000000.0,-0.943,1.0,332000000.0,0.345,1397000000.0,58000000.0,6211000000.0,,162000000.0,0.0,0.0,0.0,3966000000.0,732000000.0,3234000000.0,2657318088.0,0.0,0.0,13000000.0,53000000.0,0.0,74000000.0,-273000000.0,0.0,196000000.0,3000000.0,69000000.0,69000000.0,69000000.0,0.0,-2000000.0,0.072,160000000.0,172000000.0,348000000.0,0.0,1.561,10.34,12.964,3281000000.0,0.0,32.54,0.716,0.716,553000000.0,166000000.0,962000000.0,962000000.0,0.0,,,,,6000000.0,147000000.0,1.0,81663125.0,81663125.0,,11.78,4271000000.0,48000000.0,49000000.0,449000000.0,52.3,196000000.0
57,URI,MRQ,2007-03-31,2007-03-31,2007-03-31,2021-07-28,51000000.0,5410000000.0,,894000000.0,4516000000.0,,19.61,-212000000.0,104000000.0,104000000.0,580000000.0,30000000.0,1.421,2.422,2716000000.0,61000000.0,2655000000.0,2716000000.0,0.0,117000000.0,0.0,0.0,0.0,97000000.0,214000000.0,0.255,214000000.0,97000000.0,48000000.0,0.31,0.28,0.31,1581000000.0,,1581000000.0,4800067930.0,8.0,4.424,-79000000.0,-0.98,1.0,258000000.0,0.308,1385000000.0,49000000.0,6008000000.0,,169000000.0,0.0,0.0,0.0,3829000000.0,629000000.0,3200000000.0,2217067930.0,-15000000.0,-21000000.0,3000000.0,9000000.0,0.0,14000000.0,-164000000.0,0.0,133000000.0,2000000.0,30000000.0,30000000.0,30000000.0,2000000.0,0.0,0.036,159000000.0,99000000.0,344000000.0,0.0,1.402,9.086,11.364,3069000000.0,0.0,27.5,0.605,0.605,500000000.0,99000000.0,838000000.0,838000000.0,0.0,,,,,4000000.0,147000000.0,1.0,80620652.0,80620652.0,,10.394,4025000000.0,51000000.0,18000000.0,439000000.0,49.925,265000000.0
58,URI,MRQ,2006-12-31,2006-12-31,2006-12-31,2021-07-28,47000000.0,5366000000.0,,1005000000.0,4361000000.0,,18.962,-23000000.0,119000000.0,119000000.0,576000000.0,53000000.0,1.678,2.489,2702000000.0,37000000.0,2665000000.0,2702000000.0,0.0,117000000.0,0.0,0.0,0.0,160000000.0,277000000.0,0.299,277000000.0,160000000.0,107000000.0,0.55,0.5,0.55,1538000000.0,,1538000000.0,4879602379.0,8.0,4.565,229000000.0,2.823,1.0,350000000.0,0.378,1376000000.0,53000000.0,5974000000.0,,139000000.0,0.0,0.0,0.0,3828000000.0,599000000.0,3229000000.0,2062602379.0,-21000000.0,0.0,11000000.0,-259000000.0,0.0,-248000000.0,-22000000.0,0.0,252000000.0,-3000000.0,63000000.0,63000000.0,63000000.0,24000000.0,-10000000.0,0.068,177000000.0,173000000.0,218000000.0,0.0,1.341,8.815,10.961,2920000000.0,0.0,25.43,0.569,0.569,502000000.0,69000000.0,926000000.0,926000000.0,0.0,,,,,5000000.0,164000000.0,1.0,81109020.0,81109020.0,,11.417,3990000000.0,82000000.0,44000000.0,463000000.0,49.193,406000000.0
59,URI,MRQ,2006-09-30,2006-09-30,2006-09-30,2021-07-28,60000000.0,5561000000.0,,1120000000.0,4441000000.0,,18.622,-96000000.0,140000000.0,140000000.0,612000000.0,95000000.0,1.286,2.705,2957000000.0,285000000.0,2672000000.0,2957000000.0,0.0,117000000.0,0.0,0.0,0.0,212000000.0,329000000.0,0.335,329000000.0,212000000.0,151000000.0,0.97,0.85,0.97,1501000000.0,,1501000000.0,4782075085.0,8.0,4.698,141000000.0,1.749,1.0,371000000.0,0.377,1370000000.0,61000000.0,6137000000.0,,153000000.0,0.0,0.0,0.0,4060000000.0,871000000.0,3189000000.0,1874075085.0,-68000000.0,0.0,1000000.0,-207000000.0,0.0,-203000000.0,-102000000.0,0.0,237000000.0,0.0,95000000.0,95000000.0,95000000.0,-7000000.0,0.0,0.097,166000000.0,205000000.0,263000000.0,0.0,1.249,8.519,10.153,3002000000.0,0.0,23.25,0.553,0.553,541000000.0,16000000.0,983000000.0,983000000.0,0.0,,,,,6000000.0,156000000.0,1.0,80605380.0,80605380.0,,12.195,4191000000.0,73000000.0,56000000.0,413000000.0,51.994,249000000.0
60,URI,MRQ,2006-06-30,2006-06-30,2006-06-30,2021-07-28,63000000.0,5593000000.0,,1160000000.0,4433000000.0,,17.673,-303000000.0,208000000.0,208000000.0,598000000.0,56000000.0,1.905,2.989,3116000000.0,26000000.0,3090000000.0,3116000000.0,0.0,114000000.0,0.0,0.0,0.0,151000000.0,265000000.0,0.288,265000000.0,151000000.0,97000000.0,0.59,0.51,0.59,1402000000.0,,1402000000.0,5333956451.0,10.0,5.432,-160000000.0,-2.017,1.0,321000000.0,0.349,1372000000.0,54000000.0,6520000000.0,,172000000.0,0.0,0.0,0.0,4191000000.0,609000000.0,3582000000.0,2536956451.0,-123000000.0,-16000000.0,62000000.0,-7000000.0,0.0,55000000.0,-322000000.0,0.0,143000000.0,1000000.0,56000000.0,56000000.0,56000000.0,3000000.0,0.0,0.061,168000000.0,153000000.0,280000000.0,0.0,1.81,12.622,15.085,2981000000.0,0.0,31.98,0.749,0.749,497000000.0,-79000000.0,919000000.0,919000000.0,0.0,,,,,4000000.0,151000000.0,1.0,79329470.0,79329470.0,,11.585,4221000000.0,63000000.0,41000000.0,354000000.0,53.208,551000000.0
61,URI,MRQ,2006-03-31,2006-03-31,2006-03-31,2021-07-28,52000000.0,5546000000.0,,1356000000.0,4190000000.0,,16.036,-177000000.0,331000000.0,331000000.0,549000000.0,20000000.0,2.201,3.433,3128000000.0,27000000.0,3101000000.0,3128000000.0,0.0,110000000.0,0.0,0.0,0.0,88000000.0,198000000.0,0.248,198000000.0,88000000.0,35000000.0,0.21,0.19,0.21,1251000000.0,,1251000000.0,5527400924.0,10.0,5.776,49000000.0,0.628,1.0,250000000.0,0.313,1360000000.0,53000000.0,6367000000.0,,190000000.0,0.0,0.0,0.0,4295000000.0,616000000.0,3679000000.0,2691400924.0,15000000.0,-23000000.0,0.0,-8000000.0,0.0,-8000000.0,-202000000.0,0.0,226000000.0,-1000000.0,20000000.0,20000000.0,20000000.0,5000000.0,0.0,0.025,156000000.0,94000000.0,306000000.0,0.0,2.151,13.802,16.748,2751000000.0,0.0,34.5,0.802,0.802,442000000.0,-135000000.0,799000000.0,799000000.0,0.0,,,,,1000000.0,146000000.0,1.0,78011621.0,78011621.0,,10.242,4186000000.0,185000000.0,15000000.0,459000000.0,53.659,740000000.0
62,URI,MRQ,2005-12-31,2005-12-31,2005-12-31,2021-07-28,50000000.0,5470000000.0,,1404000000.0,4066000000.0,,15.788,11000000.0,316000000.0,316000000.0,393000000.0,49000000.0,2.595,3.451,3152000000.0,27000000.0,3125000000.0,3152000000.0,0.0,88000000.0,0.0,0.0,0.0,138000000.0,226000000.0,0.328,226000000.0,138000000.0,89000000.0,0.52,0.48,0.52,1229000000.0,,1229000000.0,4814296139.0,9.0,5.149,226000000.0,2.903,1.0,297000000.0,0.43,1361000000.0,49000000.0,6404000000.0,,155000000.0,0.0,0.0,0.0,4241000000.0,541000000.0,3700000000.0,1820743139.0,165000000.0,-37000000.0,-7000000.0,-8000000.0,0.0,-13000000.0,-41000000.0,0.0,215000000.0,4000000.0,49000000.0,49000000.0,49000000.0,15000000.0,0.0,0.071,144000000.0,153000000.0,223000000.0,0.0,1.481,9.737,11.873,2625000000.0,0.0,23.39,0.554,0.554,511000000.0,-155000000.0,690000000.0,690000000.0,0.0,,,,,2000000.0,134000000.0,1.0,77842802.0,77842802.0,,8.864,4109000000.0,196000000.0,40000000.0,458000000.0,52.786,863000000.0
63,URI,MRQ,2005-09-30,2005-09-30,2005-09-30,2021-07-28,50000000.0,5188000000.0,,,,,15.172,-155000000.0,151000000.0,151000000.0,634000000.0,76000000.0,,3.393,3158000000.0,,,3158000000.0,0.0,115000000.0,0.0,0.0,0.0,178000000.0,293000000.0,0.299,293000000.0,178000000.0,126000000.0,0.8,0.71,0.8,1181000000.0,,1181000000.0,4527834627.0,7.0,4.046,-59000000.0,-0.758,1.0,345000000.0,0.352,1334000000.0,52000000.0,6861000000.0,,180000000.0,0.0,,,4007000000.0,,,1534281627.0,-103000000.0,-3000000.0,-1000000.0,-41000000.0,0.0,-43000000.0,-158000000.0,0.0,96000000.0,2000000.0,76000000.0,76000000.0,76000000.0,0.0,0.0,0.078,172000000.0,173000000.0,243000000.0,0.0,1.299,9.133,9.709,2781000000.0,0.0,19.71,0.485,0.485,584000000.0,-204000000.0,979000000.0,979000000.0,0.0,,,,,1000000.0,162000000.0,1.0,77842802.0,77842802.0,,12.577,3854000000.0,0.0,50000000.0,239000000.0,49.51,
64,URI,MRQ,2005-06-30,2005-06-30,2005-06-30,2021-07-28,34000000.0,5093000000.0,,,,,14.003,-261000000.0,254000000.0,254000000.0,605000000.0,50000000.0,,3.672,3176000000.0,,,3176000000.0,0.0,111000000.0,0.0,0.0,0.0,129000000.0,240000000.0,0.27,240000000.0,129000000.0,82000000.0,0.53,0.48,0.53,1090000000.0,,1090000000.0,4566756028.0,9.0,4.762,-68000000.0,-0.874,1.0,283000000.0,0.319,1326000000.0,47000000.0,6689000000.0,,178000000.0,0.0,,,4003000000.0,,,1573203028.0,-88000000.0,0.0,1000000.0,-19000000.0,0.0,-19000000.0,-261000000.0,0.0,193000000.0,-1000000.0,50000000.0,50000000.0,50000000.0,0.0,0.0,0.056,151000000.0,132000000.0,336000000.0,0.0,1.443,34.2,31.092,2698000000.0,0.0,20.21,0.517,0.517,517000000.0,-280000000.0,888000000.0,888000000.0,0.0,,,,,4000000.0,136000000.0,1.0,77842802.0,77842802.0,,11.408,3767000000.0,0.0,32000000.0,187000000.0,48.392,
65,URI,MRQ,2005-03-31,2005-03-31,2005-03-31,2021-07-28,39000000.0,4901000000.0,,,,,13.386,-81000000.0,342000000.0,342000000.0,530000000.0,12000000.0,,3.703,3143000000.0,,,3143000000.0,0.0,110000000.0,0.0,0.0,0.0,66000000.0,176000000.0,0.24,176000000.0,66000000.0,19000000.0,0.12,0.11,0.12,1042000000.0,,1042000000.0,4566756028.0,9.0,4.916,44000000.0,0.565,1.0,202000000.0,0.276,1328000000.0,47000000.0,6374000000.0,,149000000.0,0.0,,,3859000000.0,,,1573203028.0,39000000.0,0.0,1000000.0,-6000000.0,0.0,-5000000.0,-81000000.0,0.0,125000000.0,0.0,12000000.0,12000000.0,12000000.0,0.0,0.0,0.016,136000000.0,66000000.0,256000000.0,0.0,1.51,43.7,37.426,2523000000.0,0.0,20.21,0.538,0.538,443000000.0,-330000000.0,732000000.0,732000000.0,0.0,,,,,1000000.0,122000000.0,1.0,77842802.0,77842802.0,,9.404,3573000000.0,0.0,7000000.0,158000000.0,45.9,
66,URI,MRQ,2004-12-31,2004-12-31,2004-12-31,2021-07-28,37000000.0,4882000000.0,,,,,13.18,-36000000.0,303000000.0,303000000.0,339000000.0,30000000.0,,3.758,3167000000.0,,,3167000000.0,0.0,119000000.0,0.0,0.0,0.0,291000000.0,410000000.0,0.728,410000000.0,291000000.0,77000000.0,0.58,0.67,0.58,1026000000.0,,1026000000.0,4464781958.0,16.0,6.116,144000000.0,1.85,1.0,224000000.0,0.398,1330000000.0,214000000.0,6416000000.0,,119000000.0,0.0,,,3856000000.0,,,1471228958.0,154000000.0,-41000000.0,1000000.0,21000000.0,0.0,22000000.0,-54000000.0,23000000.0,180000000.0,6000000.0,30000000.0,30000000.0,30000000.0,156000000.0,0.0,0.053,-55000000.0,279000000.0,217000000.0,0.0,1.434,-17.515,-21.477,2520000000.0,0.0,18.9,0.519,0.519,490000000.0,-342000000.0,563000000.0,563000000.0,0.0,,,,,4000000.0,96000000.0,1.0,77842802.0,77842802.0,,7.233,3552000000.0,0.0,47000000.0,149000000.0,45.63,
67,URI,MRQ,2004-09-30,2004-09-30,2004-09-30,2021-07-28,26990000.0,4848735000.0,,,,,13.193,-104000000.0,149167000.0,149167000.0,557000000.0,-46000000.0,,3.727,3142720000.0,,,3142720000.0,0.0,111000000.0,0.0,0.0,0.0,22000000.0,133000000.0,0.155,133000000.0,22000000.0,-17000000.0,-0.58,-0.58,-0.58,1025806000.0,,1025806000.0,4252739072.0,-13.0,47.533,96000000.0,1.235,1.0,301000000.0,0.351,1327597000.0,39000000.0,6514691000.0,,123242000.0,0.0,,,3822929000.0,,,1235463072.0,77000000.0,0.0,0.0,-6000000.0,0.0,-20000000.0,-104000000.0,0.0,200000000.0,1000000.0,-46000000.0,-46000000.0,-46000000.0,0.0,0.0,-0.054,278000000.0,23000000.0,262128000.0,0.0,1.204,-2.98,-2.91,2586764000.0,0.0,15.89,0.408,0.408,547450000.0,-325322000.0,858000000.0,858000000.0,0.0,,,,,5000000.0,123000000.0,1.0,77750980.0,77750980.0,,11.035,3521138000.0,0.0,29000000.0,138999000.0,45.287,
68,URI,MRQ,2004-06-30,2004-06-30,2004-06-30,2021-07-28,18624000.0,4833242000.0,,,,,13.944,-116000000.0,72384000.0,72384000.0,526000000.0,40000000.0,,3.493,3089660000.0,,,3089660000.0,0.0,108000000.0,0.0,0.0,0.0,102000000.0,210000000.0,0.272,210000000.0,102000000.0,64000000.0,0.42,0.39,0.42,1075721000.0,,1075721000.0,4480688744.0,-18.0,26.379,33000000.0,0.428,1.0,245000000.0,0.318,1463744000.0,38000000.0,6386774000.0,,119617000.0,0.0,,,3757521000.0,,,1380093744.0,-55000000.0,0.0,-3000000.0,-84000000.0,0.0,-87000000.0,-116000000.0,0.0,149000000.0,-1000000.0,40000000.0,40000000.0,40000000.0,0.0,0.0,0.052,131000000.0,114000000.0,252548000.0,0.0,1.283,-4.099,-4.02,2557072000.0,0.0,17.89,0.464,0.464,495056000.0,-260941000.0,771000000.0,771000000.0,0.0,,,,,3000000.0,115000000.0,1.0,77143306.0,77143306.0,,9.994,3369498000.0,0.0,24000000.0,119685000.0,43.678,
69,URI,MRQ,2004-03-31,2004-03-31,2004-03-31,2021-07-28,23886000.0,4819297000.0,,,,,13.601,-109000000.0,127144000.0,127144000.0,480000000.0,-108000000.0,,3.605,3227739000.0,,,3227739000.0,0.0,107000000.0,0.0,0.0,0.0,-130000000.0,-23000000.0,-0.036,-23000000.0,-130000000.0,-180000000.0,-1.39,-1.39,-1.39,1046493000.0,,1046493000.0,4326461401.0,-17.0,28.538,87000000.0,1.131,1.0,163000000.0,0.253,1467592000.0,50000000.0,6452300000.0,,114140000.0,0.0,,,3772804000.0,,,1367272401.0,48000000.0,-61000000.0,3000000.0,18000000.0,0.0,21000000.0,-170000000.0,0.0,196000000.0,1000000.0,-108000000.0,-108000000.0,-108000000.0,0.0,0.0,-0.168,132000000.0,31000000.0,239994000.0,0.0,1.307,-3.87,-3.888,2535709000.0,0.0,17.77,0.466,0.466,448445000.0,-295903000.0,643000000.0,643000000.0,0.0,,,,,10000000.0,115000000.0,1.0,76942735.0,76942735.0,,8.357,3351705000.0,0.0,-72000000.0,98071000.0,43.561,
70,URI,MRQ,2003-12-31,2003-12-31,2003-12-31,2021-07-28,22000000.0,4694000000.0,,,,,13.874,58031000.0,79000000.0,79000000.0,610573000.0,-300552000.0,,3.391,3039000000.0,,,3039000000.0,0.0,102602000.0,0.0,0.0,0.0,-333132000.0,-230530000.0,-0.305,-230530000.0,-333132000.0,-383336000.0,-3.91,-3.79,-3.91,1069000000.0,,1069000000.0,3963531505.0,-42.0,12.827,37562000.0,0.488,1.0,146386000.0,0.193,1439000000.0,50204000.0,6215000000.0,,106000000.0,0.0,,,3625000000.0,,,1483948505.0,2883000.0,1000.0,763000.0,226747000.0,0.0,228085000.0,-189439000.0,0.0,-20469000.0,-15294000.0,-300552000.0,-300552000.0,-300552000.0,0.0,0.0,-0.397,430676000.0,-284290000.0,151000000.0,0.0,1.388,-5.842,-5.854,2469000000.0,0.0,19.26,0.515,0.515,483000000.0,-258000000.0,756959000.0,756959000.0,0.0,,,,,2098000.0,113186000.0,1.0,77048209.0,77048209.0,,9.824,3255000000.0,0.0,-82784000.0,163000000.0,42.246,
71,URI,MRQ,2003-09-30,2003-09-30,2003-09-30,2021-07-28,12225000.0,4910860000.0,,,,,18.578,-11621000.0,76348000.0,76348000.0,546575000.0,31884000.0,,2.28,2555931000.0,,,2555931000.0,0.0,103385000.0,0.0,0.0,0.0,110002000.0,213387000.0,0.265,213387000.0,110002000.0,56582000.0,0.43,0.34,0.43,1429564000.0,,1429564000.0,3793717169.0,410.0,9.273,134706000.0,1.751,1.0,258559000.0,0.321,1732340000.0,53420000.0,5658103000.0,,111415000.0,0.0,,,3259746000.0,,,1238109169.0,45945000.0,-474000.0,237000.0,-28559000.0,0.0,-31897000.0,-68624000.0,0.0,146327000.0,139000.0,31884000.0,31884000.0,31884000.0,0.0,0.0,0.04,145153000.0,113406000.0,212103000.0,0.0,0.866,-7.258,-8.792,2304674000.0,0.0,16.09,0.439,0.439,535376000.0,115833000.0,805134000.0,805134000.0,0.0,,,,,14493000.0,127490000.0,1.0,76948985.0,76948985.0,,10.463,3178520000.0,0.0,24698000.0,265137000.0,41.307,
72,URI,MRQ,2003-06-30,2003-06-30,2003-06-30,2021-07-28,9256000.0,4833756000.0,,,,,18.181,-135684000.0,30403000.0,30403000.0,504990000.0,23391000.0,,2.309,2586011000.0,,,2586011000.0,0.0,99292000.0,0.0,0.0,0.0,92455000.0,191747000.0,0.263,191747000.0,92455000.0,38054000.0,0.3,0.25,0.3,1392186000.0,,1392186000.0,3564298289.0,242.0,8.685,-38196000.0,-0.499,1.0,223066000.0,0.306,1732153000.0,54401000.0,5657211000.0,,110488000.0,0.0,,,3215020000.0,,,1063595289.0,-2525000.0,-365000.0,0.0,33943000.0,0.0,33943000.0,-136049000.0,0.0,97488000.0,2093000.0,23391000.0,23391000.0,23391000.0,0.0,0.0,0.032,128432000.0,94634000.0,217533000.0,0.0,0.764,-6.578,-8.029,2317994000.0,0.0,13.89,0.38,0.38,488607000.0,83949000.0,728056000.0,728056000.0,0.0,,,,,7795000.0,111563000.0,1.0,76572735.0,76572735.0,,9.508,3101603000.0,0.0,14663000.0,230367000.0,40.505,
73,URI,MRQ,2003-03-31,2003-03-31,2003-03-31,2021-07-28,-10941000.0,4692076000.0,,,,,17.513,-89726000.0,32928000.0,32928000.0,437862000.0,-8723000.0,,2.332,2533631000.0,,,2533631000.0,0.0,97721000.0,0.0,0.0,0.0,36675000.0,134396000.0,0.227,134396000.0,36675000.0,-14300000.0,-0.11,-0.11,-0.11,1340303000.0,,1340303000.0,3229795903.0,60.0,7.268,-7072000.0,-0.092,1.0,153989000.0,0.26,1721697000.0,50975000.0,5471082000.0,,107781000.0,0.0,,,3125223000.0,,,736228903.0,13697000.0,-4162000.0,0.0,15869000.0,0.0,15869000.0,-93888000.0,0.0,82654000.0,9062000.0,-8723000.0,-8723000.0,-8723000.0,0.0,0.0,-0.015,113739000.0,40250000.0,191657000.0,0.0,0.549,-5.496,-7.074,2256469000.0,0.0,9.62,0.262,0.262,422266000.0,60558000.0,591851000.0,591851000.0,0.0,,,,,1614000.0,96761000.0,1.0,76531071.0,76531071.0,,7.733,2970379000.0,0.0,-5577000.0,220754000.0,38.813,
74,URI,MRQ,2002-12-31,2002-12-31,2002-12-31,2021-07-28,-26848000.0,4690557000.0,,,,,17.392,51137000.0,19231000.0,19231000.0,496390000.0,-217126000.0,,2.353,2512798000.0,,,2512798000.0,0.0,99481000.0,0.0,0.0,0.0,-229881000.0,-130400000.0,-0.188,-130400000.0,-229881000.0,-279675000.0,-2.45,-2.99,-2.45,1331505000.0,,1331505000.0,3407187078.0,-16.0,19.359,172090000.0,2.248,1.0,197783000.0,0.285,1711012000.0,49794000.0,5473112000.0,,91798000.0,0.0,,,3132502000.0,,,823777078.0,-4600000.0,-9740000.0,-29000.0,-130510000.0,0.0,-157059000.0,37397000.0,0.0,120953000.0,-5891000.0,-217126000.0,-217126000.0,-217126000.0,0.0,0.0,-0.313,421358000.0,-223575000.0,207038000.0,0.0,0.619,-2.029,-2.205,2271027000.0,0.0,10.76,0.292,0.292,466196000.0,69281000.0,694173000.0,694173000.0,0.0,,,,,2516000.0,127061000.0,1.0,76559208.0,76559208.0,,9.067,2979545000.0,0.0,-62549000.0,225587000.0,38.918,
75,URI,MRQ,2002-09-30,2002-09-30,2002-09-30,2021-07-28,-30125000.0,5103020000.0,,,,,19.627,-123079000.0,23926000.0,23926000.0,537356000.0,40767000.0,,2.207,2607336000.0,,,2607336000.0,0.0,99171000.0,0.0,0.0,0.0,115479000.0,214650000.0,0.274,214650000.0,115479000.0,66788000.0,0.53,0.43,0.53,1502730000.0,,1502730000.0,3275314821.0,27.0,6.391,64592000.0,0.844,1.0,245747000.0,0.314,1963403000.0,48691000.0,5723027000.0,,93190000.0,0.0,,,3317040000.0,,,646191821.0,-26000.0,-2953000.0,-4000.0,-58318000.0,0.0,-58322000.0,-125478000.0,0.0,187671000.0,-3897000.0,40767000.0,40767000.0,40767000.0,0.0,0.0,0.052,125884000.0,119863000.0,269491000.0,0.0,0.43,-4.124,-4.0,2334780000.0,0.0,8.44,0.228,0.228,541538000.0,278232000.0,783103000.0,783103000.0,0.0,,,,,2959000.0,110919000.0,1.0,76563012.0,76563012.0,,10.228,3139617000.0,0.0,26021000.0,278328000.0,41.007,
76,URI,MRQ,2002-06-30,2002-06-30,2002-06-30,2021-07-28,-20215000.0,5047834000.0,,,,,19.18,-165833000.0,23952000.0,23952000.0,491497000.0,51114000.0,,2.244,2653075000.0,,,2653075000.0,0.0,94414000.0,0.0,0.0,0.0,131326000.0,225740000.0,0.303,225740000.0,131326000.0,83794000.0,0.67,0.51,0.67,1468918000.0,,1468918000.0,4156653837.0,25.0,7.303,-37058000.0,-0.484,1.0,253262000.0,0.34,1972631000.0,47532000.0,5704326000.0,,107071000.0,0.0,,,3295666000.0,,,1669595837.0,-7298000.0,-111640000.0,859000.0,130327000.0,0.0,131186000.0,-277473000.0,0.0,128775000.0,10214000.0,51114000.0,51114000.0,51114000.0,0.0,0.0,0.069,120379000.0,132883000.0,252655000.0,0.0,1.137,-12.329,-12.179,2284077000.0,0.0,21.8,0.587,0.587,499482000.0,237465000.0,744759000.0,744759000.0,0.0,,,,,2732000.0,106525000.0,1.0,76586965.0,76586965.0,,9.724,3075203000.0,0.0,32680000.0,255662000.0,40.153,
77,URI,MRQ,2002-03-31,2002-03-31,2002-03-31,2021-07-28,-29387000.0,4759680000.0,,,,,18.583,-80225000.0,31250000.0,31250000.0,419757000.0,-280755000.0,,2.194,2518308000.0,,,2518308000.0,0.0,91934000.0,0.0,0.0,0.0,-225924000.0,-133990000.0,-0.224,-133990000.0,-225924000.0,-275907000.0,-3.75,-2.83,-3.75,1401556000.0,,1401556000.0,4504744580.0,35.0,8.258,-39624000.0,-0.525,1.0,179208000.0,0.299,1889770000.0,49983000.0,5356968000.0,,103891000.0,0.0,,,3074874000.0,,,2072548580.0,3924000.0,-48667000.0,36174000.0,68501000.0,0.0,93195000.0,-129446000.0,0.0,40601000.0,-426000.0,-280755000.0,-280755000.0,-280755000.0,0.0,0.0,-0.469,112379000.0,66829000.0,190454000.0,0.0,1.479,-11.986,-12.106,2140714000.0,0.0,27.48,0.723,0.723,422181000.0,186351000.0,598965000.0,598965000.0,0.0,,,,,2793000.0,98495000.0,1.0,75420254.0,75420254.0,,7.942,2869910000.0,0.0,4848000.0,228792000.0,38.052,
78,URI,MRQ,2001-12-31,2001-12-31,2001-12-31,2021-07-28,-30127000.0,5061516000.0,,,,,22.174,-20634000.0,27326000.0,27326000.0,458407000.0,32174000.0,,1.929,2459522000.0,,,2459522000.0,0.0,107575000.0,0.0,0.0,0.0,98486000.0,206061000.0,0.293,206061000.0,98486000.0,48238000.0,0.44,0.34,0.44,1625510000.0,,1625510000.0,4332024411.0,10.0,5.122,241202000.0,3.29,1.0,245598000.0,0.349,2207701000.0,50248000.0,5286011000.0,,85764000.0,0.0,,,3136006000.0,,,1664097411.0,-3190000.0,-11741000.0,1639000.0,-227269000.0,0.0,-225630000.0,-32290000.0,0.0,261836000.0,-7106000.0,32174000.0,32174000.0,32174000.0,0.0,0.0,0.046,135554000.0,110044000.0,204773000.0,0.0,1.024,14.957,14.74,2157235000.0,0.0,22.7,0.576,0.576,450273000.0,467106000.0,704005000.0,704005000.0,0.0,,,,,2501000.0,109080000.0,1.0,73308256.0,73308256.0,,9.603,2853815000.0,0.0,16064000.0,297024000.0,38.929,
79,URI,MRQ,2001-09-30,2001-09-30,2001-09-30,2021-07-28,-23793000.0,5308246000.0,,,,,21.814,-67115000.0,30516000.0,30516000.0,490241000.0,62052000.0,,2.137,2698443000.0,,,2698443000.0,0.0,108559000.0,0.0,0.0,0.0,162798000.0,271357000.0,0.341,271357000.0,162798000.0,106072000.0,0.85,0.63,0.85,1596651000.0,,1596651000.0,3992809514.0,9.0,4.596,69304000.0,0.947,1.0,305242000.0,0.384,2216380000.0,56726000.0,5759793000.0,,105064000.0,0.0,,,3411595000.0,,,1269196514.0,-5619000.0,-7399000.0,622000.0,-62133000.0,0.0,-61511000.0,-74944000.0,0.0,136419000.0,-5583000.0,62052000.0,62052000.0,62052000.0,0.0,0.0,0.078,138007000.0,167235000.0,253813000.0,0.0,0.795,10.993,10.77,2245117000.0,0.0,17.34,0.433,0.433,539311000.0,434932000.0,795483000.0,795483000.0,0.0,,,,,2281000.0,110956000.0,1.0,73194724.0,73194724.0,,10.868,3091866000.0,0.0,44020000.0,267403000.0,42.242,
80,URI,MRQ,2001-06-30,2001-06-30,2001-06-30,2021-07-28,-14724000.0,5314646000.0,,,,,21.983,-186521000.0,36135000.0,36135000.0,481950000.0,13618000.0,,2.255,2759748000.0,,,2759748000.0,0.0,108684000.0,0.0,0.0,0.0,93391000.0,202075000.0,0.263,202075000.0,93391000.0,36332000.0,0.19,0.14,0.19,1540765000.0,,1540765000.0,4543803778.0,10.0,5.068,55867000.0,0.797,1.0,286063000.0,0.372,2209521000.0,57059000.0,5828738000.0,,114570000.0,0.0,,,3473881000.0,,,1818815778.0,9933000.0,-10106000.0,6402000.0,-49374000.0,0.0,-42972000.0,-198048000.0,0.0,242388000.0,8565000.0,13618000.0,13618000.0,13618000.0,0.0,0.0,0.018,168875000.0,117188000.0,312014000.0,0.0,1.18,14.122,14.18,2279980000.0,0.0,25.95,0.607,0.607,490555000.0,372880000.0,768013000.0,768013000.0,0.0,,,,,1394000.0,112822000.0,1.0,70089240.0,70089240.0,,10.958,3105125000.0,0.0,22714000.0,230106000.0,44.302,
81,URI,MRQ,2001-03-31,2001-03-31,2001-03-31,2021-07-28,-18960000.0,5112112000.0,,,,,21.697,-75947000.0,26202000.0,26202000.0,416537000.0,3412000.0,,2.178,2751190000.0,,,2751190000.0,0.0,102908000.0,0.0,0.0,0.0,63362000.0,166270000.0,0.269,166270000.0,63362000.0,5832000.0,0.05,0.04,0.05,1514424000.0,,1514424000.0,3780814044.0,7.0,4.031,-19880000.0,-0.285,1.0,202567000.0,0.327,2221894000.0,57530000.0,5615206000.0,,127829000.0,0.0,,,3297688000.0,,,1139831044.0,-8182000.0,-27695000.0,-23004000.0,75129000.0,0.0,52125000.0,-104361000.0,0.0,56067000.0,-12013000.0,3412000.0,3412000.0,3412000.0,0.0,0.0,0.006,135000000.0,67567000.0,205864000.0,0.0,0.753,7.02,7.1,2147801000.0,0.0,16.33,0.385,0.385,420579000.0,359262000.0,619104000.0,619104000.0,0.0,,,,,0.0,108893000.0,1.0,69799819.0,69799819.0,,8.87,2890218000.0,0.0,2420000.0,214784000.0,41.407,
82,URI,MRQ,2000-12-31,2000-12-31,2000-12-31,2021-07-28,-6947000.0,5123933000.0,,,,,15.863,-76021000.0,34384000.0,34384000.0,480836000.0,36374000.0,,2.94,2675367000.0,,,2675367000.0,0.0,105285000.0,0.0,0.0,0.0,123689000.0,228974000.0,0.305,228974000.0,123689000.0,62178000.0,0.52,0.4,0.52,1115143000.0,,1115143000.0,3714303259.0,7.0,3.932,144064000.0,2.049,1.0,270084000.0,0.36,2227008000.0,61511000.0,5537908000.0,,133380000.0,0.0,,,3277990000.0,,,944685259.0,2669000.0,-27377000.0,152000.0,-105674000.0,0.0,-105522000.0,-104526000.0,0.0,220085000.0,-7368000.0,36374000.0,36374000.0,36374000.0,0.0,0.0,0.048,142560000.0,127524000.0,260155000.0,0.0,0.847,5.356,5.419,2155074000.0,0.0,13.438,0.324,0.324,469594000.0,355850000.0,750920000.0,750920000.0,0.0,,,,,0.0,118869000.0,1.0,70299543.0,70299543.0,,10.682,2896925000.0,0.0,25804000.0,206243000.0,41.208,
83,URI,MRQ,2000-09-30,2000-09-30,2000-09-30,2021-07-28,421000.0,5265150000.0,,,,,21.441,-110388000.0,31715000.0,31715000.0,518329000.0,75391000.0,,2.295,2801333000.0,,,2801333000.0,0.0,109391000.0,0.0,0.0,0.0,189932000.0,299323000.0,0.348,299323000.0,189932000.0,128874000.0,1.07,0.79,1.07,1506985000.0,,1506985000.0,4276084805.0,8.0,4.58,-80577000.0,-1.146,1.0,340704000.0,0.397,2194710000.0,61058000.0,5840058000.0,,142078000.0,0.0,,,3458165000.0,,,1695655805.0,-1477000.0,-45343000.0,83000.0,125310000.0,0.0,125393000.0,-156443000.0,0.0,29811000.0,-238000.0,75391000.0,75391000.0,75391000.0,0.0,0.0,0.088,146381000.0,194323000.0,281352000.0,0.0,1.125,9.198,9.351,2201182000.0,0.0,24.125,0.598,0.598,549803000.0,319476000.0,859033000.0,859033000.0,0.0,,,,,0.0,124492000.0,1.0,70286251.0,70286251.0,,12.222,3070440000.0,0.0,53483000.0,163520000.0,43.685,
84,URI,MRQ,2000-06-30,2000-06-30,2000-06-30,2021-07-28,659000.0,5080622000.0,,,,,19.867,-274351000.0,33192000.0,33192000.0,458148000.0,47199000.0,,2.339,2613621000.0,,,2613621000.0,0.0,106235000.0,0.0,0.0,0.0,137209000.0,243444000.0,0.334,243444000.0,137209000.0,80682000.0,0.66,0.51,0.66,1431695000.0,,1431695000.0,3688969318.0,8.0,4.258,-105092000.0,-1.458,1.0,271798000.0,0.372,2134556000.0,56527000.0,5526495000.0,,156258000.0,0.0,,,3348927000.0,,,1234125318.0,-1710000.0,-136583000.0,-30949000.0,270321000.0,0.0,239372000.0,-411453000.0,0.0,169259000.0,1112000.0,47199000.0,47199000.0,47199000.0,0.0,0.0,0.065,129822000.0,141976000.0,395238000.0,0.0,0.862,7.472,7.478,2164917000.0,0.0,17.125,0.466,0.466,498892000.0,244085000.0,729946000.0,729946000.0,0.0,,,,,0.0,109119000.0,1.0,72065712.0,72065712.0,,10.129,2946066000.0,0.0,33483000.0,93672000.0,40.88,
85,URI,MRQ,2000-03-31,2000-03-31,2000-03-31,2021-07-28,-453000.0,4764482000.0,,,,,19.626,-153536000.0,34902000.0,34902000.0,372978000.0,17411000.0,,2.157,2489746000.0,,,2489746000.0,0.0,93521000.0,0.0,0.0,0.0,79445000.0,172966000.0,0.299,172966000.0,79445000.0,29762000.0,0.24,0.19,0.24,1414283000.0,,1414283000.0,3485419317.0,9.0,4.503,-59970000.0,-0.832,1.0,205984000.0,0.356,2013802000.0,49683000.0,5205524000.0,,145797000.0,0.0,,,3050199000.0,,,1243082317.0,11091000.0,-135054000.0,95000.0,208716000.0,0.0,208811000.0,-290516000.0,0.0,93566000.0,-770000.0,17411000.0,17411000.0,17411000.0,0.0,0.0,0.03,121868000.0,84116000.0,313200000.0,0.0,0.879,8.641,8.668,2066432000.0,0.0,17.25,0.514,0.514,403050000.0,196886000.0,578962000.0,578962000.0,0.0,,,,,0.0,101850000.0,1.0,72062743.0,72062743.0,,8.034,2750680000.0,0.0,12351000.0,81851000.0,38.171,
86,URI,MRQ,1999-12-31,1999-12-31,1999-12-31,2021-07-28,317000.0,4497738000.0,,,,,13.417,-109481000.0,23811000.0,23811000.0,419155000.0,44347000.0,,2.897,2266148000.0,,,2266148000.0,0.0,96417000.0,0.0,0.0,0.0,121432000.0,217849000.0,0.326,217849000.0,121432000.0,75145000.0,0.61,0.47,0.61,966686000.0,,966686000.0,3417377161.0,9.0,4.713,-53216000.0,-0.739,1.0,249884000.0,0.373,1863372000.0,46287000.0,4876703000.0,,129473000.0,0.0,,,2800252000.0,,,1233859161.0,-7260000.0,-76024000.0,-528000.0,120845000.0,0.0,120317000.0,-184301000.0,0.0,56265000.0,459000.0,44347000.0,44347000.0,44347000.0,0.0,0.0,0.066,124060000.0,125824000.0,242946000.0,0.0,1.276,8.649,8.562,1964640000.0,0.0,17.125,0.552,0.552,434985000.0,179475000.0,669039000.0,669039000.0,0.0,,,,,0.0,104401000.0,1.0,72050170.0,72050170.0,,9.286,2634366000.0,0.0,30798000.0,81229000.0,36.563,
87,URI,MRQ,1999-09-30,1999-09-30,1999-09-30,2021-07-28,-142000.0,4525950000.0,,,,,18.782,-140296000.0,31071000.0,31071000.0,411639000.0,56208000.0,,2.123,2214589000.0,,,2214589000.0,0.0,94610000.0,0.0,0.0,0.0,137503000.0,232113000.0,0.347,232113000.0,137503000.0,95268000.0,0.78,0.6,0.78,1353208000.0,,1353208000.0,3477603844.0,11.0,5.455,51302000.0,0.712,1.0,256979000.0,0.384,1687934000.0,42235000.0,5021534000.0,,160287000.0,0.0,,,2872742000.0,,,1567036844.0,11243000.0,-323782000.0,9519000.0,130829000.0,0.0,284148000.0,-464640000.0,0.0,191598000.0,137000.0,56208000.0,56208000.0,56208000.0,0.0,0.0,0.084,115021000.0,141958000.0,353470000.0,0.0,1.158,13.44,13.182,2058192000.0,0.0,21.75,0.791,0.791,455791000.0,135128000.0,668618000.0,668618000.0,0.0,,,,,0.0,98333000.0,1.0,72047671.0,72047671.0,,9.28,2838016000.0,0.0,39060000.0,89123000.0,39.391,
88,URI,MRQ,1999-06-30,1999-06-30,1999-06-30,2021-07-28,-301000.0,3846182000.0,,,,,19.986,-251450000.0,37309000.0,37309000.0,319598000.0,25886000.0,,1.689,1947876000.0,,,1947876000.0,0.0,80308000.0,0.0,0.0,0.0,70808000.0,151116000.0,0.3,151116000.0,70808000.0,43875000.0,0.36,0.28,0.36,1430370000.0,,1430370000.0,3261006802.0,18.0,6.933,-174424000.0,-2.437,1.0,184064000.0,0.365,1381739000.0,26933000.0,4375010000.0,,149267000.0,0.0,,,2415812000.0,,,2111307802.0,-91018000.0,-443972000.0,17501000.0,510912000.0,0.0,528413000.0,-696481000.0,0.0,77026000.0,24000.0,25886000.0,25886000.0,25886000.0,0.0,0.0,0.051,98951000.0,85113000.0,215148000.0,0.0,1.476,73.076,71.951,1833000000.0,0.0,29.5,1.249,1.249,355592000.0,76627000.0,503662000.0,503662000.0,0.0,,,,,0.0,84601000.0,1.0,71569756.0,71569756.0,,7.037,2464443000.0,0.0,17989000.0,63674000.0,34.434,
89,URI,MRQ,1999-03-31,1999-03-31,1999-03-31,2021-07-28,-303000.0,3053584000.0,,,,,15.752,-104856000.0,110846000.0,110846000.0,258318000.0,16225000.0,,1.469,1260545000.0,,,1260545000.0,0.0,72173000.0,0.0,0.0,0.0,51892000.0,124065000.0,0.316,124065000.0,51892000.0,27519000.0,0.24,0.18,0.24,1115081000.0,,1115081000.0,3311628783.0,21.0,8.164,-8385000.0,-0.118,1.0,133991000.0,0.342,1045100000.0,24373000.0,3158183000.0,,98794000.0,0.0,,,1638503000.0,,,2017464783.0,90436000.0,-144707000.0,65198000.0,-108063000.0,0.0,244135000.0,-250148000.0,0.0,96471000.0,-22000.0,16225000.0,16225000.0,16225000.0,0.0,0.0,0.041,77430000.0,56561000.0,197601000.0,0.0,1.809,86.509,129.545,1440238000.0,0.0,28.5,1.4,1.4,260445000.0,53034000.0,392309000.0,392309000.0,0.0,,,,,0.0,65260000.0,1.0,70788238.0,70788238.0,,5.542,2008484000.0,0.0,11294000.0,50756000.0,28.373,
90,URI,MRQ,1998-12-31,1998-12-31,1998-12-31,2021-07-28,-281000.0,2634663000.0,,,,,10.616,-29027000.0,20410000.0,20410000.0,266622000.0,18274000.0,,2.215,1314574000.0,,,1314574000.0,0.0,68648000.0,0.0,0.0,0.0,61531000.0,130179000.0,0.313,130179000.0,61531000.0,36544000.0,0.27,0.25,0.27,726230000.0,,726230000.0,3479726808.0,29.0,10.436,-17352000.0,-0.254,1.0,149398000.0,0.359,922065000.0,24987000.0,3006762000.0,,70994000.0,0.0,,,1608433000.0,,,2266013808.0,-1385000.0,-69239000.0,631000.0,80684000.0,0.0,81315000.0,-94094000.0,0.0,11675000.0,-281000.0,18274000.0,18274000.0,18274000.0,0.0,0.0,0.044,83374000.0,66024000.0,121940000.0,0.0,3.12,168.339,165.625,1328517000.0,0.0,33.125,1.857,1.857,233282000.0,36809000.0,416020000.0,416020000.0,0.0,,,,,0.0,66857000.0,1.0,68407964.0,68407964.0,,6.081,1712598000.0,0.0,18270000.0,43560000.0,25.035,
91,URI,MRQ,1998-09-30,1998-09-30,1998-09-30,2021-07-28,-283000.0,2557002000.0,,,,,20.473,-162995000.0,21795000.0,21795000.0,240357000.0,-31493000.0,,2.188,1235508000.0,,,1235508000.0,0.0,64154000.0,0.0,0.0,0.0,862000.0,65016000.0,0.172,65016000.0,862000.0,-23062000.0,-0.46,-0.41,-0.46,708038000.0,,708038000.0,920909442.0,11.0,3.597,-46999000.0,-1.359,1.0,138717000.0,0.366,819094000.0,23924000.0,2951621000.0,,74895000.0,0.0,,,1548964000.0,,,827874736.0,-6533000.0,-454781000.0,-83000.0,198540000.0,1244000.0,496165000.0,-618694000.0,0.0,115996000.0,0.0,-31493000.0,-31493000.0,-31493000.0,0.0,0.0,-0.083,113830000.0,24887000.0,137339000.0,0.0,1.169,148.232,797.933,1372070000.0,0.0,23.938,0.857,0.857,232448000.0,18535000.0,379074000.0,379074000.0,0.0,,,,,0.0,60413000.0,1.0,34584123.0,34584123.0,,10.961,1737908000.0,0.0,8431000.0,20761000.0,50.252,
92,URI,MRQ,1998-06-30,1998-06-30,1998-06-30,2021-07-28,0.0,150366175.0,,,,,1.131,-161122000.0,1784124.0,1784124.0,166625000.0,20315000.0,,2.955,94818830.0,,,94818830.0,2653308.0,44733000.0,0.0,0.0,0.0,41665000.0,86398000.0,0.34,86398000.0,41665000.0,32207000.0,0.17,0.14,0.17,38020393.0,,38020393.0,1383905091.0,13.0,5.174,-107877000.0,-3.208,1.0,87422000.0,0.344,3639033.0,9458000.0,239761848.0,,4507505.0,0.0,,,112345782.0,,,1412196030.0,-33443000.0,-234893000.0,369000.0,312859000.0,-1165000.0,312063000.0,-398751000.0,0.0,53245000.0,0.0,20315000.0,20315000.0,20315000.0,0.0,0.0,0.08,49193000.0,38229000.0,8833191.0,0.0,37.143,28.953,57.534,116884902.0,0.0,42.0,1.972,1.972,16528382.0,37655085.0,254047000.0,254047000.0,0.0,,,,,0.0,42197000.0,1.0,33623715.0,33623715.0,,7.556,146727142.0,0.0,11892000.0,2382731.0,4.364,
93,URI,MRQ,1998-03-31,1998-03-31,1998-03-31,2021-07-28,-1671.0,450127183.0,,,,,11.535,-91387000.0,54785007.0,54785007.0,123230000.0,6704000.0,,0.17,26494068.0,,,26494068.0,0.0,34776000.0,0.0,0.0,0.0,17057000.0,51833000.0,0.303,51833000.0,17057000.0,11270000.0,0.11,0.11,0.11,384633278.0,,384633278.0,799405954.0,,,-56174000.0,-1.685,1.0,47911000.0,0.28,186314455.0,5787000.0,235521789.0,,14933813.0,0.0,,,65493905.0,,,866939008.0,-10640000.0,-146240000.0,206707000.0,-14095000.0,-79000.0,192533000.0,-238386000.0,0.0,35213000.0,0.0,6704000.0,6704000.0,6704000.0,0.0,0.0,0.039,31650000.0,16261000.0,28149318.0,0.0,2.254,,,152644389.0,0.0,26.0,,,31443000.0,2671973.0,171141000.0,171141000.0,0.0,,,,,0.0,26154000.0,1.0,33343808.0,33343808.0,,5.133,263812728.0,0.0,4566000.0,544820.0,7.912,
94,URI,MRQ,1997-12-31,1997-12-31,1997-12-31,2021-07-28,0.0,826010000.0,,,,,19.536,-85364000.0,72411000.0,72411000.0,112908000.0,10059000.0,,0.85,264573000.0,,,264573000.0,0.0,29583000.0,0.0,0.0,0.0,23223000.0,52806000.0,0.326,52806000.0,23223000.0,17692000.0,0.21,0.21,0.21,446388000.0,,446388000.0,386647467.0,9.0,2.747,-38927000.0,-1.704,1.0,49106000.0,0.303,73648000.0,5531000.0,944524000.0,,21778000.0,0.0,,,379622000.0,,,441285035.0,12413000.0,-78921000.0,99816000.0,34415000.0,0.0,130390000.0,-164414000.0,0.0,46437000.0,0.0,10059000.0,10059000.0,10059000.0,0.0,0.0,0.062,26548000.0,22558000.0,41392000.0,0.0,0.989,113.208,241.412,559294000.0,0.0,19.313,0.901,0.901,82592000.0,44068000.0,162014000.0,162014000.0,0.0,,,,,0.0,22347000.0,1.0,22849119.0,22849119.0,,7.091,752362000.0,0.0,7633000.0,24395000.0,32.927,
95,URI,MRQ,1997-09-30,1997-09-30,1997-09-30,2021-07-28,0.0,54851474.0,,,,,2.312,-185921283.0,54637568.0,54637568.0,83372000.0,11698000.0,,0.003,0.0,,,0.0,0.0,54741969.0,0.0,,0.0,21685000.0,76426969.0,0.592,76426969.0,21685000.0,19061000.0,0.24,0.24,0.24,52834315.0,,52834315.0,,,,-155591287.0,-6.81,1.0,45648000.0,0.354,0.0,2624000.0,213906.0,,0.0,0.0,,,152527.0,,,,59668260.0,-36607000.0,240922000.0,6231187.0,1809911.0,251518797.0,-222180533.0,347750.0,30329996.0,0.0,11698000.0,11698000.0,11698000.0,0.0,0.0,0.091,24494000.0,21154000.0,67701.0,0.0,,,,99706.0,0.0,,,,0.0,-273457.0,129020000.0,129020000.0,0.0,,,,,0.0,21002000.0,1.0,22849119.0,22849119.0,,5.647,54851474.0,0.0,7363000.0,0.0,2.401,
96,URI,MRQ,1996-06-30,1996-06-30,1996-06-30,2021-07-28,0.0,162169068.0,,,,,,,4015527.0,4015527.0,,,,4.607,119384668.0,,,119384668.0,2016607.0,,0.0,,0.0,,,,,,,,,,28924552.0,,28924552.0,,,,,,1.0,,,4436997.0,,273101212.0,,3249010.0,1103354.0,,,133244516.0,,,,,,,,,,,,,,,,,,,,,,5754595.0,,,,,132744473.0,,,,,14592845.0,28596758.0,,,,,,,,,,1.0,,,,,157732071.0,0.0,,5390311.0,,
0,URI,MRT,2021-06-30,2021-06-30,2021-06-30,2021-07-28,-117000000.0,19641000000.0,18239750000.0,2154000000.0,17487000000.0,0.483,70.38,-993000000.0,336000000.0,336000000.0,5466000000.0,1001000000.0,0.847,2.856,10790000000.0,852000000.0,9938000000.0,10790000000.0,0.0,1913000000.0,0.0,0.0,0.0,1916000000.0,3829000000.0,0.435,3829000000.0,1916000000.0,1314000000.0,13.82,13.77,13.82,5094000000.0,4636250000.0,5094000000.0,32434351079.0,17.0,8.471,2138000000.0,29.539,1.0,3344000000.0,0.38,6421000000.0,602000000.0,21130000000.0,20288250000.0,174000000.0,0.0,0.0,0.0,14547000000.0,2544000000.0,12003000000.0,23089351079.0,209000000.0,-1435000000.0,-42000000.0,-508000000.0,0.0,-550000000.0,-2390000000.0,-3000000.0,3131000000.0,18000000.0,1001000000.0,1001000000.0,1001000000.0,0.0,0.0,0.114,1430000000.0,1914000000.0,897000000.0,0.0,4.533,23.066,23.083,11024000000.0,0.0,319.01,2.621,2.621,1400000000.0,6661000000.0,8810000000.0,8810000000.0,0.0,0.055,0.216,0.094,0.217,98000000.0,1041000000.0,1.0,72378142.0,72378142.0,,121.722,13220000000.0,0.0,313000000.0,1911000000.0,182.652,-390000000.0
1,URI,MRT,2021-03-31,2021-03-31,2021-03-31,2021-07-28,-140000000.0,17542000000.0,17804500000.0,2004000000.0,15538000000.0,0.475,65.721,-254000000.0,278000000.0,278000000.0,5292000000.0,920000000.0,1.089,2.697,9623000000.0,585000000.0,9038000000.0,9623000000.0,0.0,1928000000.0,0.0,0.0,0.0,1820000000.0,3748000000.0,0.443,3748000000.0,1820000000.0,1188000000.0,12.73,12.68,12.73,4745000000.0,4339500000.0,4745000000.0,33804943580.0,19.0,9.019,2518000000.0,34.876,1.0,3170000000.0,0.375,5759000000.0,632000000.0,19287000000.0,20229000000.0,114000000.0,0.0,0.0,0.0,12797000000.0,1841000000.0,10956000000.0,23775943580.0,-235000000.0,-3000000.0,-40000000.0,-2760000000.0,0.0,-2800000000.0,-218000000.0,-2000000.0,2772000000.0,11000000.0,920000000.0,920000000.0,920000000.0,0.0,0.0,0.109,1356000000.0,1814000000.0,562000000.0,0.0,5.011,25.843,25.869,9741000000.0,0.0,329.31,2.81,2.81,1254000000.0,6368000000.0,8462000000.0,8462000000.0,0.0,0.052,0.212,0.09,0.215,78000000.0,962000000.0,1.0,72199276.0,72199276.0,,117.203,11783000000.0,0.0,268000000.0,1773000000.0,163.201,163000000.0
2,URI,MRT,2020-12-31,2020-12-31,2020-12-31,2021-07-28,-146000000.0,17868000000.0,18136000000.0,2017000000.0,15851000000.0,0.47,63.005,-258000000.0,202000000.0,202000000.0,5347000000.0,890000000.0,1.067,2.931,10231000000.0,704000000.0,9527000000.0,10231000000.0,0.0,1988000000.0,0.0,0.0,0.0,1808000000.0,3796000000.0,0.445,3796000000.0,1808000000.0,1139000000.0,12.24,12.2,12.24,4545000000.0,4062000000.0,4545000000.0,27130206095.0,15.0,7.147,2400000000.0,33.27,1.0,3183000000.0,0.373,5816000000.0,669000000.0,20191000000.0,21042500000.0,125000000.0,0.0,0.0,0.0,13323000000.0,1890000000.0,11433000000.0,16729206095.0,150000000.0,-2000000.0,-285000000.0,-2008000000.0,0.0,-2293000000.0,-223000000.0,-3000000.0,2658000000.0,8000000.0,890000000.0,890000000.0,890000000.0,0.0,0.0,0.104,1383000000.0,1800000000.0,466000000.0,0.0,3.681,18.797,18.947,9997000000.0,0.0,231.91,1.961,1.961,1315000000.0,6165000000.0,8530000000.0,8530000000.0,0.0,0.049,0.219,0.086,0.212,70000000.0,979000000.0,1.0,72136631.0,72136631.0,,118.248,12052000000.0,0.0,249000000.0,1768000000.0,167.072,127000000.0
3,URI,MRT,2020-09-30,2020-09-30,2020-09-30,2021-07-28,-214000000.0,17908000000.0,18411500000.0,1728000000.0,16180000000.0,0.473,57.727,-280000000.0,174000000.0,174000000.0,5428000000.0,931000000.0,0.902,3.304,10575000000.0,700000000.0,9875000000.0,10575000000.0,0.0,2024000000.0,0.0,0.0,0.0,1899000000.0,3923000000.0,0.451,3923000000.0,1899000000.0,1185000000.0,12.63,12.58,12.63,4161000000.0,3883250000.0,4161000000.0,23388008336.0,12.0,5.962,2450000000.0,33.99,1.0,3279000000.0,0.377,5848000000.0,714000000.0,20545000000.0,21652750000.0,108000000.0,0.0,0.0,0.0,13747000000.0,1916000000.0,11831000000.0,12578008336.0,114000000.0,-4000000.0,-485000000.0,-1885000000.0,0.0,-2370000000.0,-247000000.0,-3000000.0,2730000000.0,1000000.0,931000000.0,931000000.0,931000000.0,0.0,0.0,0.107,1390000000.0,1889000000.0,541000000.0,0.0,3.023,13.51,13.816,10302000000.0,0.0,174.5,1.445,1.445,1324000000.0,5868000000.0,8707000000.0,8707000000.0,0.0,0.051,0.24,0.088,0.218,62000000.0,989000000.0,1.0,72080277.0,72080277.0,,120.796,12060000000.0,0.0,254000000.0,1818000000.0,167.313,-188000000.0
4,URI,MRT,2020-06-30,2020-06-30,2020-06-30,2021-07-28,-247000000.0,17900000000.0,18785750000.0,1622000000.0,16278000000.0,0.48,54.227,-711000000.0,127000000.0,127000000.0,5582000000.0,1114000000.0,0.844,3.582,10937000000.0,806000000.0,10131000000.0,10937000000.0,0.0,2051000000.0,0.0,0.0,0.0,2003000000.0,4054000000.0,0.45,4054000000.0,2003000000.0,1420000000.0,14.85,14.79,14.85,3907000000.0,3755500000.0,3907000000.0,22352256586.0,11.0,5.514,2184000000.0,30.312,1.0,3426000000.0,0.38,5896000000.0,583000000.0,20893000000.0,22212500000.0,107000000.0,0.0,0.0,0.0,13993000000.0,1921000000.0,12072000000.0,10738256586.0,52000000.0,-56000000.0,-690000000.0,-1408000000.0,0.0,-2098000000.0,-745000000.0,-3000000.0,2895000000.0,0.0,1114000000.0,1114000000.0,1114000000.0,0.0,0.0,0.124,1432000000.0,1994000000.0,316000000.0,0.0,2.748,9.639,10.036,10361000000.0,0.0,149.04,1.192,1.192,1226000000.0,5660000000.0,9008000000.0,9008000000.0,0.0,0.059,0.297,0.09,0.222,58000000.0,1030000000.0,1.0,72049494.0,72049494.0,,125.025,12004000000.0,0.0,306000000.0,1820000000.0,166.608,-299000000.0
5,URI,MRT,2020-03-31,2020-03-31,2020-03-31,2021-07-28,-292000000.0,18868000000.0,19072500000.0,2214000000.0,16654000000.0,0.491,48.874,-1427000000.0,513000000.0,513000000.0,5723000000.0,1172000000.0,1.109,4.191,12127000000.0,854000000.0,11273000000.0,12127000000.0,0.0,2065000000.0,0.0,0.0,0.0,2153000000.0,4218000000.0,0.451,4218000000.0,2153000000.0,1520000000.0,15.36,15.3,15.36,3635000000.0,3648250000.0,3635000000.0,19562236583.0,9.0,4.638,1574000000.0,21.163,1.0,3636000000.0,0.389,5945000000.0,633000000.0,22541000000.0,22608250000.0,115000000.0,0.0,0.0,0.0,15233000000.0,1996000000.0,13237000000.0,7653236583.0,461000000.0,-76000000.0,-895000000.0,-159000000.0,0.0,-1054000000.0,-1484000000.0,-4000000.0,3001000000.0,-2000000.0,1172000000.0,1172000000.0,1172000000.0,0.0,0.0,0.125,1494000000.0,2142000000.0,484000000.0,0.0,2.105,6.53,6.699,10688000000.0,0.0,102.9,0.818,0.818,1413000000.0,5448000000.0,9359000000.0,9359000000.0,0.0,0.061,0.321,0.095,0.23,59000000.0,1079000000.0,1.0,74375477.0,74375477.0,,125.834,12923000000.0,0.0,348000000.0,1878000000.0,173.754,218000000.0
6,URI,MRT,2019-12-31,2019-12-31,2019-12-31,2021-07-28,-186000000.0,18970000000.0,19002000000.0,1842000000.0,17128000000.0,0.492,50.961,-1482000000.0,52000000.0,52000000.0,5681000000.0,1174000000.0,0.838,3.953,11961000000.0,997000000.0,10964000000.0,11961000000.0,0.0,2038000000.0,0.0,0.0,0.0,2162000000.0,4200000000.0,0.449,4200000000.0,2162000000.0,1514000000.0,15.18,15.11,15.18,3830000000.0,3583250000.0,3830000000.0,24659755947.0,11.0,5.871,1542000000.0,20.517,1.0,3670000000.0,0.392,6049000000.0,648000000.0,22632000000.0,22520250000.0,120000000.0,0.0,0.0,0.0,15140000000.0,2198000000.0,12942000000.0,12533755947.0,9000000.0,-249000000.0,-859000000.0,-446000000.0,0.0,-1305000000.0,-1710000000.0,-3000000.0,3024000000.0,0.0,1174000000.0,1174000000.0,1174000000.0,0.0,0.0,0.126,1518000000.0,2152000000.0,454000000.0,0.0,3.273,10.676,10.986,11060000000.0,0.0,166.77,1.34,1.34,1530000000.0,5275000000.0,9351000000.0,9351000000.0,0.0,0.062,0.328,0.096,0.231,61000000.0,1092000000.0,1.0,75155939.0,75155939.0,,124.421,12921000000.0,0.0,340000000.0,1887000000.0,171.923,-356000000.0
7,URI,MRT,2019-09-30,2019-09-30,2019-09-30,2021-07-28,-217000000.0,19405000000.0,18792750000.0,1881000000.0,17524000000.0,0.49,47.303,-1517000000.0,60000000.0,60000000.0,5498000000.0,1146000000.0,0.712,4.316,12186000000.0,973000000.0,11213000000.0,12186000000.0,0.0,1992000000.0,0.0,0.0,0.0,2126000000.0,4118000000.0,0.448,4118000000.0,2126000000.0,1506000000.0,14.58,14.49,14.58,3650000000.0,3476500000.0,3650000000.0,21734570644.0,10.0,5.278,1795000000.0,23.263,1.0,3703000000.0,0.402,6104000000.0,620000000.0,22784000000.0,22257000000.0,130000000.0,0.0,0.0,0.0,15755000000.0,2643000000.0,13112000000.0,9617570644.0,-5000000.0,-2408000000.0,-865000000.0,1453000000.0,0.0,588000000.0,-3907000000.0,-4000000.0,3312000000.0,2000000.0,1146000000.0,1146000000.0,1146000000.0,0.0,0.0,0.125,1587000000.0,2116000000.0,839000000.0,0.0,2.635,8.392,8.549,11401000000.0,0.0,124.64,1.045,1.045,1595000000.0,4937000000.0,9201000000.0,9201000000.0,0.0,0.061,0.33,0.096,0.231,74000000.0,1126000000.0,1.0,77162794.0,77162794.0,,119.241,13301000000.0,0.0,360000000.0,1800000000.0,172.376,-762000000.0
8,URI,MRT,2019-06-30,2019-06-30,2019-06-30,2021-07-28,-194000000.0,19047000000.0,18030000000.0,1840000000.0,17207000000.0,0.49,44.236,-1466000000.0,75000000.0,75000000.0,5221000000.0,1088000000.0,0.726,4.476,12192000000.0,995000000.0,11197000000.0,12192000000.0,0.0,1891000000.0,0.0,0.0,0.0,2047000000.0,3938000000.0,0.446,3938000000.0,2047000000.0,1456000000.0,13.53,13.42,13.53,3478000000.0,3397500000.0,3478000000.0,22478914648.0,11.0,5.708,1328000000.0,16.89,1.0,3608000000.0,0.409,6153000000.0,591000000.0,22476000000.0,21329000000.0,135000000.0,0.0,0.0,0.0,15569000000.0,2535000000.0,13034000000.0,10427914648.0,-42000000.0,-3103000000.0,-866000000.0,2581000000.0,0.0,1715000000.0,-4552000000.0,-3000000.0,2794000000.0,1000000.0,1088000000.0,1088000000.0,1088000000.0,0.0,0.0,0.123,1570000000.0,2038000000.0,752000000.0,0.0,2.998,9.584,9.803,11036000000.0,0.0,132.63,1.181,1.181,1525000000.0,4546000000.0,8829000000.0,8829000000.0,0.0,0.06,0.32,0.096,0.232,90000000.0,1118000000.0,1.0,78624102.0,78624102.0,,112.294,12894000000.0,0.0,368000000.0,1743000000.0,163.996,-695000000.0
9,URI,MRT,2019-03-31,2019-03-31,2019-03-31,2021-07-28,-216000000.0,18586000000.0,17045250000.0,1720000000.0,16866000000.0,0.495,42.404,-1575000000.0,52000000.0,52000000.0,4951000000.0,1088000000.0,0.769,4.507,12103000000.0,930000000.0,11173000000.0,12103000000.0,0.0,1777000000.0,0.0,0.0,0.0,1987000000.0,3764000000.0,0.447,3764000000.0,1987000000.0,1464000000.0,13.3,13.18,13.3,3375000000.0,3319000000.0,3375000000.0,20797281118.0,10.0,5.525,1303000000.0,16.371,1.0,3479000000.0,0.413,6210000000.0,523000000.0,22189000000.0,19923500000.0,123000000.0,0.0,0.0,0.0,15211000000.0,2238000000.0,12973000000.0,9093281118.0,-226000000.0,-3087000000.0,-829000000.0,2365000000.0,0.0,1536000000.0,-4638000000.0,-3000000.0,2878000000.0,-2000000.0,1088000000.0,1088000000.0,1088000000.0,0.0,0.0,0.129,1500000000.0,1979000000.0,557000000.0,0.0,2.694,8.358,8.59,10640000000.0,0.0,114.25,1.079,1.079,1487000000.0,4276000000.0,8430000000.0,8430000000.0,0.0,0.064,0.328,0.1,0.236,98000000.0,1086000000.0,1.0,79591082.0,79591082.0,,105.916,12376000000.0,0.0,376000000.0,1714000000.0,155.495,-518000000.0
10,URI,MRT,2018-12-31,2018-12-31,2018-12-31,2021-07-28,-237000000.0,18133000000.0,16070750000.0,1761000000.0,16372000000.0,0.501,41.959,-1604000000.0,43000000.0,43000000.0,4683000000.0,1096000000.0,0.832,4.329,11747000000.0,903000000.0,10844000000.0,11747000000.0,0.0,1671000000.0,0.0,0.0,0.0,1957000000.0,3628000000.0,0.451,3628000000.0,1957000000.0,1476000000.0,13.26,13.12,13.26,3403000000.0,3239750000.0,3403000000.0,18328451834.0,9.0,5.052,1249000000.0,15.4,1.0,3364000000.0,0.418,6142000000.0,481000000.0,21579000000.0,18618000000.0,109000000.0,0.0,0.0,0.0,14730000000.0,2116000000.0,12614000000.0,8315451834.0,-309000000.0,-2966000000.0,-815000000.0,2212000000.0,0.0,1397000000.0,-4551000000.0,-3000000.0,2853000000.0,-8000000.0,1096000000.0,1096000000.0,1096000000.0,0.0,0.0,0.136,1413000000.0,1951000000.0,536000000.0,0.0,2.444,7.587,7.732,10214000000.0,0.0,102.53,1.033,1.033,1545000000.0,4101000000.0,8047000000.0,8047000000.0,0.0,0.068,0.338,0.105,0.243,102000000.0,1038000000.0,1.0,81102622.0,81102622.0,,99.22,11991000000.0,0.0,380000000.0,1687000000.0,147.85,-355000000.0
11,URI,MRT,2018-09-30,2018-09-30,2018-09-30,2021-07-28,-178000000.0,16354000000.0,15295000000.0,1692000000.0,14662000000.0,0.501,40.291,-1744000000.0,65000000.0,65000000.0,4470000000.0,1683000000.0,0.811,3.905,10078000000.0,896000000.0,9182000000.0,10078000000.0,0.0,1591000000.0,0.0,0.0,0.0,1852000000.0,3443000000.0,0.449,3443000000.0,1852000000.0,1387000000.0,20.05,19.83,20.05,3334000000.0,3165500000.0,3334000000.0,22406619426.0,12.0,6.508,832000000.0,10.055,1.0,3193000000.0,0.417,5208000000.0,465000000.0,19072000000.0,17596500000.0,104000000.0,0.0,0.0,0.0,13020000000.0,2087000000.0,10933000000.0,13537619426.0,-259000000.0,-2119000000.0,-632000000.0,1645000000.0,0.0,1013000000.0,-3835000000.0,-1000000.0,2576000000.0,-13000000.0,1683000000.0,1683000000.0,1683000000.0,0.0,0.0,0.22,1343000000.0,1850000000.0,688000000.0,0.0,4.06,8.044,8.16,9439000000.0,0.0,163.6,1.767,1.767,1438000000.0,3791000000.0,7663000000.0,7663000000.0,0.0,0.11,0.532,0.105,0.242,96000000.0,991000000.0,1.0,82748285.0,82748285.0,,92.606,11146000000.0,0.0,-296000000.0,1628000000.0,134.698,-395000000.0
12,URI,MRT,2018-06-30,2018-06-30,2018-06-30,2021-07-28,-196000000.0,15108000000.0,14642500000.0,1506000000.0,13602000000.0,0.499,37.848,-1560000000.0,117000000.0,117000000.0,4285000000.0,1549000000.0,0.676,3.775,8986000000.0,900000000.0,8086000000.0,8986000000.0,0.0,1526000000.0,0.0,0.0,0.0,1727000000.0,3253000000.0,0.445,3253000000.0,1727000000.0,1249000000.0,18.36,18.15,18.36,3164000000.0,2884750000.0,3164000000.0,21200536440.0,12.0,6.517,969000000.0,11.591,1.0,3028000000.0,0.414,4894000000.0,478000000.0,16854000000.0,16770000000.0,94000000.0,0.0,0.0,0.0,11944000000.0,2229000000.0,9715000000.0,12340536440.0,-221000000.0,-1470000000.0,-423000000.0,680000000.0,0.0,257000000.0,-3005000000.0,-2000000.0,2529000000.0,-2000000.0,1549000000.0,1549000000.0,1549000000.0,0.0,0.0,0.212,1308000000.0,1720000000.0,859000000.0,0.0,3.9,7.967,8.04,8693000000.0,0.0,147.62,1.687,1.687,1203000000.0,3458000000.0,7313000000.0,7313000000.0,0.0,0.106,0.537,0.103,0.236,90000000.0,963000000.0,1.0,83596643.0,83596643.0,,87.48,10214000000.0,0.0,-300000000.0,1509000000.0,122.182,-723000000.0
13,URI,MRT,2018-03-31,2018-03-31,2018-03-31,2021-07-28,-176000000.0,14688000000.0,14186500000.0,1590000000.0,13098000000.0,0.495,36.22,-1318000000.0,278000000.0,278000000.0,4118000000.0,1420000000.0,0.969,3.803,9138000000.0,726000000.0,8412000000.0,9138000000.0,0.0,1466000000.0,0.0,0.0,0.0,1598000000.0,3064000000.0,0.437,3064000000.0,1598000000.0,1119000000.0,16.81,16.6,16.81,3058000000.0,2580750000.0,3058000000.0,23671190575.0,15.0,7.726,911000000.0,10.79,1.0,2901000000.0,0.413,4940000000.0,479000000.0,16967000000.0,16344250000.0,84000000.0,0.0,0.0,0.0,11630000000.0,1641000000.0,9989000000.0,14583190575.0,-59000000.0,-2429000000.0,-256000000.0,1687000000.0,0.0,1431000000.0,-3729000000.0,-4000000.0,2229000000.0,10000000.0,1420000000.0,1420000000.0,1420000000.0,0.0,0.0,0.202,1311000000.0,1590000000.0,513000000.0,0.0,4.769,10.27,10.275,8145000000.0,0.0,172.73,2.078,2.078,1154000000.0,3188000000.0,7019000000.0,7019000000.0,0.0,0.1,0.55,0.098,0.228,90000000.0,942000000.0,1.0,84427665.0,84427665.0,,83.136,9748000000.0,0.0,-301000000.0,1455000000.0,115.46,-51000000.0
14,URI,MRT,2017-12-31,2017-12-31,2017-12-31,2021-07-28,-151000000.0,15030000000.0,13470000000.0,1772000000.0,13258000000.0,0.493,36.725,-1323000000.0,352000000.0,352000000.0,3872000000.0,1346000000.0,1.062,3.839,9440000000.0,723000000.0,8717000000.0,9440000000.0,0.0,1383000000.0,0.0,0.0,0.0,1512000000.0,2895000000.0,0.436,2895000000.0,1512000000.0,1048000000.0,15.91,15.73,15.91,3106000000.0,2254500000.0,3106000000.0,22586217595.0,15.0,7.802,886000000.0,10.476,1.0,2769000000.0,0.417,4957000000.0,464000000.0,17493000000.0,15491000000.0,75000000.0,0.0,0.0,0.0,11924000000.0,1668000000.0,10256000000.0,14539217595.0,40000000.0,-2377000000.0,-53000000.0,1550000000.0,0.0,1497000000.0,-3684000000.0,-5000000.0,2209000000.0,18000000.0,1346000000.0,1346000000.0,1346000000.0,0.0,0.0,0.203,1262000000.0,1507000000.0,409000000.0,0.0,4.681,10.802,10.805,8291000000.0,0.0,171.91,2.189,2.189,1233000000.0,3005000000.0,6641000000.0,6641000000.0,0.0,0.1,0.597,0.098,0.228,87000000.0,903000000.0,1.0,84574589.0,84574589.0,,78.522,10073000000.0,0.0,-298000000.0,1419000000.0,119.102,104000000.0
15,URI,MRT,2017-09-30,2017-09-30,2017-09-30,2021-07-28,-143000000.0,13744000000.0,12709500000.0,1639000000.0,12105000000.0,0.491,26.153,-1176000000.0,324000000.0,324000000.0,3643000000.0,602000000.0,0.924,5.216,8371000000.0,694000000.0,7677000000.0,8371000000.0,0.0,1311000000.0,0.0,0.0,0.0,1454000000.0,2765000000.0,0.443,2765000000.0,1454000000.0,954000000.0,7.13,7.04,7.13,2211000000.0,1890000000.0,2211000000.0,19606089312.0,13.0,7.091,891000000.0,10.539,1.0,2599000000.0,0.416,4252000000.0,500000000.0,15766000000.0,14687750000.0,82000000.0,0.0,0.0,0.0,11533000000.0,1773000000.0,9760000000.0,11729089312.0,27000000.0,-1063000000.0,-64000000.0,228000000.0,0.0,169000000.0,-2224000000.0,-7000000.0,2067000000.0,15000000.0,602000000.0,602000000.0,602000000.0,0.0,0.0,0.096,1152000000.0,1447000000.0,612000000.0,0.0,5.305,19.484,19.459,7842000000.0,0.0,138.74,1.879,1.879,1151000000.0,2108000000.0,6242000000.0,6242000000.0,0.0,0.047,0.319,0.099,0.233,71000000.0,834000000.0,1.0,84540070.0,84540070.0,,73.835,9492000000.0,0.0,352000000.0,2012000000.0,112.278,-134000000.0
16,URI,MRT,2017-06-30,2017-06-30,2017-06-30,2021-07-28,-185000000.0,13284000000.0,12342250000.0,1483000000.0,11801000000.0,0.485,23.05,-1044000000.0,338000000.0,338000000.0,3502000000.0,590000000.0,0.85,5.819,8215000000.0,644000000.0,7571000000.0,8215000000.0,0.0,1269000000.0,0.0,0.0,0.0,1414000000.0,2683000000.0,0.448,2683000000.0,1414000000.0,935000000.0,6.95,6.87,6.95,1948000000.0,1722000000.0,1948000000.0,16537502834.0,12.0,6.164,979000000.0,11.584,1.0,2482000000.0,0.415,4266000000.0,479000000.0,15151000000.0,14374000000.0,78000000.0,0.0,0.0,0.0,11336000000.0,1744000000.0,9592000000.0,9525502834.0,73000000.0,-979000000.0,-214000000.0,266000000.0,0.0,57000000.0,-2009000000.0,-6000000.0,2023000000.0,2000000.0,590000000.0,590000000.0,590000000.0,0.0,0.0,0.099,1071000000.0,1411000000.0,692000000.0,0.0,4.89,16.145,16.217,7525000000.0,0.0,112.71,1.592,1.592,990000000.0,1909000000.0,5984000000.0,5984000000.0,0.0,0.048,0.343,0.098,0.236,58000000.0,776000000.0,1.0,84513378.0,84513378.0,,70.805,9018000000.0,0.0,345000000.0,1952000000.0,106.705,-261000000.0
17,URI,MRT,2017-03-31,2017-03-31,2017-03-31,2021-07-28,-210000000.0,11822000000.0,12051250000.0,1320000000.0,10502000000.0,0.482,20.792,-958000000.0,337000000.0,337000000.0,3391000000.0,583000000.0,1.002,5.744,7349000000.0,577000000.0,6772000000.0,7349000000.0,0.0,1245000000.0,0.0,0.0,0.0,1421000000.0,2666000000.0,0.459,2666000000.0,1421000000.0,923000000.0,6.8,6.74,6.8,1753000000.0,1610500000.0,1753000000.0,18021031902.0,13.0,6.76,1001000000.0,11.873,1.0,2417000000.0,0.416,3963000000.0,498000000.0,13554000000.0,14112250000.0,75000000.0,0.0,0.0,0.0,10069000000.0,1317000000.0,8752000000.0,10543031902.0,118000000.0,-15000000.0,-385000000.0,-516000000.0,0.0,-870000000.0,-963000000.0,-3000000.0,1959000000.0,-8000000.0,583000000.0,583000000.0,583000000.0,0.0,0.0,0.1,999000000.0,1418000000.0,382000000.0,0.0,6.014,18.084,18.39,6533000000.0,0.0,125.05,1.815,1.815,854000000.0,1763000000.0,5808000000.0,5808000000.0,0.0,0.048,0.362,0.101,0.245,21000000.0,735000000.0,1.0,84310531.0,84310531.0,,68.888,7859000000.0,0.0,340000000.0,1911000000.0,93.215,3000000.0
18,URI,MRT,2016-12-31,2016-12-31,2016-12-31,2021-07-28,-218000000.0,11988000000.0,12041750000.0,1361000000.0,10627000000.0,0.479,19.567,-829000000.0,312000000.0,312000000.0,3359000000.0,566000000.0,1.149,6.274,7790000000.0,597000000.0,7193000000.0,7790000000.0,0.0,1245000000.0,0.0,0.0,0.0,1420000000.0,2665000000.0,0.463,2665000000.0,1420000000.0,909000000.0,6.49,6.45,6.49,1648000000.0,1547500000.0,1648000000.0,16597422604.0,12.0,6.228,1112000000.0,13.203,1.0,2403000000.0,0.417,4002000000.0,511000000.0,14280000000.0,14214500000.0,68000000.0,0.0,0.0,0.0,10340000000.0,1184000000.0,9156000000.0,8892422604.0,133000000.0,-28000000.0,-527000000.0,-495000000.0,0.0,-964000000.0,-847000000.0,-2000000.0,1941000000.0,3000000.0,566000000.0,566000000.0,566000000.0,0.0,0.0,0.098,988000000.0,1415000000.0,243000000.0,0.0,5.396,15.711,16.268,6619000000.0,0.0,105.58,1.543,1.543,920000000.0,1654000000.0,5762000000.0,5762000000.0,0.0,0.047,0.366,0.1,0.246,-13000000.0,719000000.0,1.0,84224499.0,84224499.0,,68.412,7986000000.0,0.0,343000000.0,1896000000.0,94.818,177000000.0
19,URI,MRT,2016-09-30,2016-09-30,2016-09-30,2021-07-28,-196000000.0,12275000000.0,12065500000.0,1354000000.0,10921000000.0,0.478,17.862,-812000000.0,297000000.0,297000000.0,3368000000.0,582000000.0,0.954,6.976,8002000000.0,609000000.0,7393000000.0,8002000000.0,0.0,1245000000.0,0.0,0.0,0.0,1415000000.0,2660000000.0,0.462,2660000000.0,1415000000.0,959000000.0,6.52,6.49,6.52,1539000000.0,1504500000.0,1539000000.0,14338779716.0,10.0,5.391,1256000000.0,14.577,1.0,2394000000.0,0.415,4049000000.0,456000000.0,14511000000.0,14315750000.0,72000000.0,0.0,0.0,0.0,10736000000.0,1420000000.0,9316000000.0,6762779716.0,126000000.0,-28000000.0,-610000000.0,-494000000.0,0.0,-1103000000.0,-843000000.0,-3000000.0,2068000000.0,4000000.0,582000000.0,582000000.0,582000000.0,0.0,0.0,0.101,984000000.0,1410000000.0,409000000.0,0.0,4.394,11.62,12.038,6862000000.0,0.0,78.49,1.174,1.174,929000000.0,1501000000.0,5762000000.0,5762000000.0,0.0,0.048,0.387,0.099,0.246,44000000.0,713000000.0,1.0,86161036.0,86161036.0,,66.875,8226000000.0,0.0,377000000.0,1863000000.0,95.472,-66000000.0
20,URI,MRT,2016-06-30,2016-06-30,2016-06-30,2021-07-28,-187000000.0,12120000000.0,12146250000.0,1264000000.0,10856000000.0,0.478,16.971,-771000000.0,265000000.0,265000000.0,3376000000.0,610000000.0,0.838,7.069,7841000000.0,576000000.0,7265000000.0,7841000000.0,0.0,1249000000.0,0.0,0.0,0.0,1449000000.0,2698000000.0,0.465,2698000000.0,1449000000.0,996000000.0,6.62,6.58,6.62,1502000000.0,1494000000.0,1502000000.0,13472511107.0,9.0,4.994,1221000000.0,13.796,1.0,2428000000.0,0.418,4084000000.0,453000000.0,14104000000.0,14493000000.0,71000000.0,0.0,0.0,0.0,10618000000.0,1508000000.0,9110000000.0,5938511107.0,65000000.0,-42000000.0,-624000000.0,-542000000.0,0.0,-1108000000.0,-816000000.0,-3000000.0,1992000000.0,-3000000.0,610000000.0,610000000.0,610000000.0,0.0,0.0,0.105,984000000.0,1444000000.0,609000000.0,0.0,3.954,9.735,10.136,6762000000.0,0.0,67.1,1.023,1.023,867000000.0,1314000000.0,5804000000.0,5804000000.0,0.0,0.05,0.408,0.1,0.25,-12000000.0,712000000.0,1.0,88502401.0,88502401.0,,65.58,8036000000.0,0.0,386000000.0,1790000000.0,90.8,-244000000.0
21,URI,MRT,2016-03-31,2016-03-31,2016-03-31,2021-07-28,-187000000.0,11784000000.0,12267500000.0,1182000000.0,10602000000.0,0.474,16.5,-860000000.0,219000000.0,219000000.0,3356000000.0,562000000.0,0.962,6.851,7753000000.0,550000000.0,7203000000.0,7753000000.0,0.0,1250000000.0,0.0,0.0,0.0,1481000000.0,2731000000.0,0.47,2731000000.0,1481000000.0,928000000.0,5.99,5.94,5.99,1501000000.0,1481250000.0,1501000000.0,13640438542.0,9.0,4.995,1064000000.0,11.696,1.0,2456000000.0,0.423,4126000000.0,553000000.0,13963000000.0,14712000000.0,74000000.0,0.0,0.0,0.0,10283000000.0,1229000000.0,9054000000.0,5657438542.0,-38000000.0,-99000000.0,-609000000.0,-371000000.0,0.0,-1000000000.0,-962000000.0,-3000000.0,1924000000.0,0.0,562000000.0,562000000.0,562000000.0,0.0,0.0,0.097,984000000.0,1472000000.0,330000000.0,0.0,3.769,10.067,10.382,6467000000.0,0.0,62.19,0.973,0.973,833000000.0,1180000000.0,5812000000.0,5812000000.0,0.0,0.046,0.379,0.101,0.255,12000000.0,710000000.0,1.0,90970229.0,90970229.0,,63.889,7658000000.0,0.0,366000000.0,1797000000.0,84.181,-47000000.0
22,URI,MRT,2015-12-31,2015-12-31,2015-12-31,2021-07-28,-250000000.0,12083000000.0,12392000000.0,1294000000.0,10789000000.0,0.469,15.9,-1081000000.0,179000000.0,179000000.0,3337000000.0,585000000.0,1.049,7.186,8162000000.0,607000000.0,7555000000.0,8162000000.0,0.0,1244000000.0,0.0,0.0,0.0,1530000000.0,2774000000.0,0.477,2774000000.0,1530000000.0,963000000.0,6.14,6.07,6.14,1476000000.0,1479500000.0,1476000000.0,15077769307.0,10.0,5.435,914000000.0,9.846,1.0,2480000000.0,0.426,4148000000.0,567000000.0,14685000000.0,14783500000.0,69000000.0,0.0,0.0,0.0,10607000000.0,1233000000.0,9374000000.0,6733769307.0,21000000.0,-86000000.0,-788000000.0,60000000.0,0.0,-775000000.0,-1170000000.0,-3000000.0,1995000000.0,-29000000.0,585000000.0,585000000.0,585000000.0,0.0,0.0,0.101,962000000.0,1518000000.0,271000000.0,0.0,4.562,11.511,11.814,6631000000.0,0.0,72.54,1.158,1.158,930000000.0,1088000000.0,5817000000.0,5817000000.0,0.0,0.047,0.395,0.103,0.263,44000000.0,714000000.0,1.0,92828361.0,92828361.0,,62.664,7935000000.0,0.0,378000000.0,1765000000.0,85.48,61000000.0
23,URI,MRT,2015-09-30,2015-09-30,2015-09-30,2021-07-28,-218000000.0,12598000000.0,12403500000.0,1426000000.0,11172000000.0,0.472,15.697,-1196000000.0,171000000.0,171000000.0,3319000000.0,610000000.0,0.94,7.415,8515000000.0,639000000.0,7876000000.0,8515000000.0,0.0,1238000000.0,0.0,0.0,0.0,1561000000.0,2799000000.0,0.478,2799000000.0,1561000000.0,982000000.0,6.33,6.15,6.33,1497000000.0,1559500000.0,1497000000.0,13936966879.0,9.0,4.979,696000000.0,7.298,1.0,2539000000.0,0.433,4205000000.0,579000000.0,15220000000.0,14631500000.0,77000000.0,0.0,0.0,0.0,11101000000.0,1517000000.0,9584000000.0,5726966879.0,3000000.0,-90000000.0,-880000000.0,302000000.0,0.0,-573000000.0,-1286000000.0,0.0,1892000000.0,-30000000.0,610000000.0,610000000.0,610000000.0,0.0,0.0,0.104,992000000.0,1547000000.0,475000000.0,0.0,3.826,9.388,9.487,6874000000.0,0.0,60.05,0.978,0.978,994000000.0,919000000.0,5858000000.0,5858000000.0,0.0,0.049,0.391,0.107,0.266,6000000.0,743000000.0,1.0,95369973.0,95369973.0,,61.424,8393000000.0,126000000.0,372000000.0,1653000000.0,88.005,-91000000.0
24,URI,MRT,2015-06-30,2015-06-30,2015-06-30,2021-07-28,-146000000.0,12605000000.0,12374750000.0,1436000000.0,11169000000.0,0.473,14.963,-1248000000.0,200000000.0,200000000.0,3315000000.0,587000000.0,0.908,7.686,8410000000.0,590000000.0,7820000000.0,8410000000.0,0.0,1229000000.0,0.0,0.0,0.0,1541000000.0,2770000000.0,0.473,2770000000.0,1541000000.0,945000000.0,6.0,5.74,6.0,1451000000.0,1638500000.0,1451000000.0,16314512714.0,11.0,5.89,749000000.0,7.724,1.0,2537000000.0,0.434,4253000000.0,596000000.0,14980000000.0,14396500000.0,81000000.0,0.0,0.0,0.0,11153000000.0,1582000000.0,9571000000.0,8496512714.0,30000000.0,-58000000.0,-866000000.0,284000000.0,0.0,-634000000.0,-1306000000.0,0.0,1997000000.0,-27000000.0,587000000.0,587000000.0,587000000.0,0.0,0.0,0.1,1014000000.0,1523000000.0,683000000.0,0.0,5.856,14.474,14.603,6821000000.0,0.0,87.62,1.452,1.452,894000000.0,704000000.0,5852000000.0,5852000000.0,0.0,0.047,0.358,0.107,0.263,68000000.0,759000000.0,1.0,96970015.0,96970015.0,,60.349,8352000000.0,187000000.0,358000000.0,1696000000.0,86.13,-146000000.0
25,URI,MRT,2015-03-31,2015-03-31,2015-03-31,2021-07-28,-163000000.0,12282000000.0,12340250000.0,1452000000.0,10830000000.0,0.472,15.479,-1239000000.0,257000000.0,257000000.0,3314000000.0,595000000.0,0.934,7.22,8075000000.0,593000000.0,7482000000.0,8075000000.0,0.0,1221000000.0,0.0,0.0,0.0,1489000000.0,2710000000.0,0.465,2710000000.0,1489000000.0,938000000.0,6.09,5.76,6.09,1494000000.0,1725000000.0,1494000000.0,16692820266.0,11.0,6.16,729000000.0,7.553,1.0,2508000000.0,0.431,4296000000.0,551000000.0,14249000000.0,14165250000.0,81000000.0,0.0,0.0,0.0,10787000000.0,1555000000.0,9232000000.0,8798820266.0,30000000.0,-755000000.0,-894000000.0,973000000.0,0.0,79000000.0,-1994000000.0,0.0,1968000000.0,-23000000.0,595000000.0,595000000.0,595000000.0,0.0,0.0,0.102,1035000000.0,1473000000.0,465000000.0,0.0,5.889,14.788,14.969,6416000000.0,0.0,91.16,1.511,1.511,848000000.0,618000000.0,5822000000.0,5822000000.0,0.0,0.048,0.345,0.105,0.256,76000000.0,771000000.0,1.0,96520626.0,96520626.0,,60.319,7986000000.0,215000000.0,343000000.0,1690000000.0,82.739,-103000000.0
26,URI,MRT,2014-12-31,2014-12-31,2014-12-31,2021-07-28,-74000000.0,12129000000.0,12081500000.0,1298000000.0,10831000000.0,0.471,17.995,-1244000000.0,158000000.0,158000000.0,3253000000.0,540000000.0,0.878,5.752,7962000000.0,618000000.0,7344000000.0,7962000000.0,0.0,1194000000.0,0.0,0.0,0.0,1405000000.0,2599000000.0,0.457,2599000000.0,1405000000.0,850000000.0,5.54,5.15,5.54,1796000000.0,1804750000.0,1796000000.0,18108431524.0,13.0,6.967,557000000.0,5.581,1.0,2432000000.0,0.428,4378000000.0,555000000.0,14077000000.0,13863500000.0,78000000.0,0.0,0.0,0.0,10331000000.0,1478000000.0,8853000000.0,10181431524.0,-17000000.0,-756000000.0,-611000000.0,807000000.0,0.0,196000000.0,-2000000000.0,0.0,1801000000.0,-14000000.0,540000000.0,540000000.0,540000000.0,0.0,0.0,0.095,1041000000.0,1391000000.0,285000000.0,0.0,5.669,18.855,18.413,6446000000.0,0.0,102.01,1.791,1.791,940000000.0,503000000.0,5685000000.0,5685000000.0,0.0,0.045,0.299,0.101,0.247,74000000.0,758000000.0,1.0,99808171.0,99808171.0,,56.959,7751000000.0,0.0,310000000.0,1444000000.0,77.659,-180000000.0
27,URI,MRT,2014-09-30,2014-09-30,2014-09-30,2021-07-28,-35000000.0,12483000000.0,11857000000.0,1378000000.0,11105000000.0,0.46,18.903,-1123000000.0,168000000.0,168000000.0,3167000000.0,486000000.0,0.813,5.884,8095000000.0,618000000.0,7477000000.0,8095000000.0,0.0,1166000000.0,0.0,0.0,0.0,1319000000.0,2485000000.0,0.455,2485000000.0,1319000000.0,765000000.0,5.05,4.61,5.05,1813000000.0,1812750000.0,1813000000.0,18500534784.0,14.0,7.445,779000000.0,8.122,1.0,2292000000.0,0.42,4435000000.0,554000000.0,14280000000.0,13587250000.0,112000000.0,0.0,0.0,0.0,10667000000.0,1695000000.0,8972000000.0,10655534784.0,43000000.0,-752000000.0,-412000000.0,442000000.0,0.0,30000000.0,-1875000000.0,0.0,1902000000.0,-14000000.0,486000000.0,486000000.0,486000000.0,0.0,0.0,0.089,985000000.0,1307000000.0,505000000.0,0.0,5.877,21.925,22.0,6569000000.0,0.0,111.1,1.952,1.952,941000000.0,309000000.0,5459000000.0,5459000000.0,0.0,0.041,0.268,0.097,0.242,60000000.0,712000000.0,1.0,95909404.0,95909404.0,,56.918,8048000000.0,93000000.0,279000000.0,1412000000.0,83.913,-317000000.0
28,URI,MRT,2014-06-30,2014-06-30,2014-06-30,2021-07-28,16000000.0,12467000000.0,11627000000.0,1396000000.0,11071000000.0,0.449,18.474,-1181000000.0,170000000.0,170000000.0,3058000000.0,437000000.0,0.8,5.932,8015000000.0,621000000.0,7394000000.0,8015000000.0,0.0,1138000000.0,0.0,0.0,0.0,1231000000.0,2369000000.0,0.453,2369000000.0,1231000000.0,680000000.0,4.63,4.12,4.63,1797000000.0,1786250000.0,1797000000.0,16999169104.0,14.0,7.176,546000000.0,5.613,1.0,2168000000.0,0.415,4511000000.0,551000000.0,14055000000.0,13411500000.0,119000000.0,0.0,0.0,0.0,10660000000.0,1746000000.0,8914000000.0,10187169104.0,37000000.0,-765000000.0,-275000000.0,535000000.0,0.0,260000000.0,-1946000000.0,0.0,1727000000.0,-4000000.0,437000000.0,437000000.0,437000000.0,0.0,0.0,0.084,946000000.0,1222000000.0,625000000.0,0.0,5.669,23.312,22.62,6452000000.0,0.0,104.73,1.949,1.949,844000000.0,117000000.0,5226000000.0,5226000000.0,0.0,0.038,0.245,0.092,0.236,58000000.0,685000000.0,1.0,97270783.0,97270783.0,,53.726,7956000000.0,192000000.0,243000000.0,1440000000.0,81.792,-350000000.0
29,URI,MRT,2014-03-31,2014-03-31,2014-03-31,2021-07-28,-20000000.0,11247000000.0,11341750000.0,1400000000.0,9847000000.0,0.444,19.449,-1223000000.0,227000000.0,227000000.0,2983000000.0,426000000.0,1.272,5.197,7039000000.0,265000000.0,6774000000.0,7039000000.0,0.0,1109000000.0,0.0,0.0,0.0,1152000000.0,2261000000.0,0.449,2261000000.0,1152000000.0,669000000.0,4.54,4.0,4.54,1813000000.0,1732750000.0,1813000000.0,15848105717.0,14.0,7.009,427000000.0,4.581,1.0,2050000000.0,0.407,3916000000.0,483000000.0,13042000000.0,13122750000.0,102000000.0,0.0,0.0,0.0,9423000000.0,1101000000.0,8322000000.0,8850105717.0,80000000.0,-10000000.0,-142000000.0,-180000000.0,0.0,-322000000.0,-1233000000.0,0.0,1650000000.0,-15000000.0,426000000.0,426000000.0,426000000.0,0.0,0.0,0.085,903000000.0,1147000000.0,454000000.0,0.0,4.881,20.775,20.912,5814000000.0,0.0,94.94,1.758,1.758,752000000.0,23000000.0,5033000000.0,5033000000.0,0.0,0.038,0.246,0.088,0.229,49000000.0,650000000.0,1.0,93217882.0,93217882.0,,53.992,7331000000.0,260000000.0,243000000.0,1481000000.0,78.644,299000000.0
30,URI,MRT,2013-12-31,2013-12-31,2013-12-31,2021-07-28,19000000.0,11231000000.0,11260250000.0,1362000000.0,9869000000.0,0.44,19.607,-1168000000.0,175000000.0,175000000.0,2968000000.0,387000000.0,1.059,5.133,7173000000.0,604000000.0,6569000000.0,7173000000.0,0.0,1098000000.0,0.0,0.0,0.0,1083000000.0,2181000000.0,0.44,2181000000.0,1083000000.0,605000000.0,4.14,3.64,4.14,1828000000.0,1671000000.0,1828000000.0,14724618362.0,14.0,6.751,383000000.0,4.108,1.0,1987000000.0,0.401,3971000000.0,478000000.0,12972000000.0,12976000000.0,70000000.0,0.0,0.0,0.0,9383000000.0,1286000000.0,8097000000.0,7267618362.0,69000000.0,-9000000.0,-109000000.0,-186000000.0,0.0,-295000000.0,-1177000000.0,0.0,1551000000.0,-10000000.0,387000000.0,387000000.0,387000000.0,0.0,0.0,0.078,909000000.0,1078000000.0,292000000.0,0.0,3.976,18.779,18.829,5795000000.0,0.0,77.95,1.467,1.467,804000000.0,-37000000.0,4955000000.0,4955000000.0,0.0,0.034,0.232,0.083,0.219,46000000.0,642000000.0,1.0,93234360.0,93234360.0,,53.146,7260000000.0,260000000.0,218000000.0,1459000000.0,77.868,76000000.0
31,URI,MRT,2013-09-30,2013-09-30,2013-09-30,2021-07-28,53000000.0,11563000000.0,11209000000.0,1414000000.0,10149000000.0,0.434,18.299,-1237000000.0,125000000.0,125000000.0,2951000000.0,288000000.0,0.997,5.761,7582000000.0,630000000.0,6952000000.0,7582000000.0,0.0,1086000000.0,0.0,0.0,0.0,975000000.0,2061000000.0,0.424,2061000000.0,975000000.0,418000000.0,3.13,2.74,3.13,1707000000.0,1599750000.0,1707000000.0,12660554263.0,13.0,6.143,104000000.0,1.115,1.0,1915000000.0,0.394,4025000000.0,557000000.0,13577000000.0,12923750000.0,91000000.0,0.0,0.0,0.0,9834000000.0,1418000000.0,8416000000.0,5437554263.0,57000000.0,-9000000.0,-93000000.0,61000000.0,0.0,-33000000.0,-1246000000.0,0.0,1341000000.0,-5000000.0,288000000.0,288000000.0,288000000.0,0.0,0.0,0.059,943000000.0,972000000.0,366000000.0,0.0,3.185,18.88,18.623,6019000000.0,0.0,58.29,1.117,1.117,807000000.0,-177000000.0,4866000000.0,4866000000.0,0.0,0.026,0.18,0.075,0.2,43000000.0,655000000.0,1.0,93284513.0,93284513.0,,52.163,7538000000.0,262000000.0,130000000.0,1395000000.0,80.807,-4000000.0
32,URI,MRT,2013-06-30,2013-06-30,2013-06-30,2021-07-28,32000000.0,11326000000.0,11066250000.0,1363000000.0,9963000000.0,0.431,16.798,-1011000000.0,133000000.0,133000000.0,2918000000.0,218000000.0,0.856,6.138,7356000000.0,624000000.0,6732000000.0,7356000000.0,0.0,1083000000.0,0.0,0.0,0.0,858000000.0,1941000000.0,0.407,1941000000.0,858000000.0,294000000.0,2.38,2.09,2.38,1583000000.0,1546750000.0,1583000000.0,11720268650.0,14.0,6.038,246000000.0,2.61,1.0,1856000000.0,0.389,4057000000.0,564000000.0,12900000000.0,12682500000.0,111000000.0,0.0,0.0,0.0,9717000000.0,1592000000.0,8125000000.0,4703268650.0,92000000.0,0.0,-85000000.0,-58000000.0,0.0,-147000000.0,-1011000000.0,0.0,1257000000.0,-7000000.0,218000000.0,218000000.0,218000000.0,0.0,0.0,0.046,999000000.0,857000000.0,606000000.0,0.0,2.971,21.575,20.971,5797000000.0,0.0,49.91,0.985,0.985,751000000.0,-320000000.0,4774000000.0,4774000000.0,0.0,0.02,0.141,0.068,0.18,38000000.0,652000000.0,1.0,94234996.0,94234996.0,,50.661,7269000000.0,255000000.0,76000000.0,1328000000.0,77.137,-229000000.0
33,URI,MRT,2013-03-31,2013-03-31,2013-03-31,2021-07-28,64000000.0,10921000000.0,10970250000.0,1311000000.0,9610000000.0,0.416,16.836,-771000000.0,147000000.0,147000000.0,2802000000.0,83000000.0,0.958,5.955,7164000000.0,567000000.0,6597000000.0,7164000000.0,0.0,1034000000.0,0.0,0.0,0.0,666000000.0,1700000000.0,0.373,1700000000.0,666000000.0,99000000.0,0.86,0.68,0.86,1566000000.0,1499750000.0,1566000000.0,12370948302.0,19.0,7.277,105000000.0,1.129,1.0,1759000000.0,0.386,4114000000.0,567000000.0,12455000000.0,12593250000.0,103000000.0,0.0,0.0,0.0,9326000000.0,1369000000.0,7957000000.0,5112948302.0,121000000.0,-1108000000.0,-134000000.0,-1559000000.0,0.0,1127000000.0,-1879000000.0,0.0,876000000.0,-3000000.0,83000000.0,83000000.0,83000000.0,0.0,0.0,0.018,1106000000.0,653000000.0,406000000.0,0.0,3.265,61.602,63.919,5383000000.0,0.0,54.97,1.121,1.121,725000000.0,-403000000.0,4561000000.0,4561000000.0,0.0,0.008,0.055,0.053,0.146,37000000.0,646000000.0,1.0,93013431.0,93013431.0,,49.036,6807000000.0,255000000.0,16000000.0,1293000000.0,73.183,-58000000.0
34,URI,MRT,2012-12-31,2012-12-31,2012-12-31,2021-07-28,84000000.0,11026000000.0,10064250000.0,1343000000.0,9683000000.0,0.409,16.665,-939000000.0,106000000.0,106000000.0,2530000000.0,75000000.0,0.994,6.126,7364000000.0,630000000.0,6734000000.0,7364000000.0,0.0,897000000.0,0.0,0.0,0.0,604000000.0,1501000000.0,0.365,1501000000.0,604000000.0,88000000.0,0.91,0.79,0.91,1543000000.0,1130750000.0,1543000000.0,11576717921.0,19.0,7.713,-218000000.0,-2.354,1.0,1587000000.0,0.385,4170000000.0,516000000.0,12763000000.0,11723750000.0,68000000.0,0.0,0.0,0.0,9452000000.0,1351000000.0,8101000000.0,4214717921.0,70000000.0,-1165000000.0,-110000000.0,1568000000.0,0.0,1453000000.0,-2104000000.0,0.0,721000000.0,0.0,75000000.0,75000000.0,75000000.0,0.0,0.0,0.018,996000000.0,591000000.0,286000000.0,0.0,2.732,56.196,50.022,5394000000.0,0.0,45.52,1.024,1.024,793000000.0,-424000000.0,4117000000.0,4117000000.0,0.0,0.007,0.066,0.052,0.147,32000000.0,588000000.0,1.0,92590464.0,92590464.0,,44.465,6856000000.0,265000000.0,13000000.0,1302000000.0,74.047,-8000000.0
35,URI,MRT,2012-09-30,2012-09-30,2012-09-30,2021-07-28,94000000.0,10992000000.0,8343500000.0,1111000000.0,9881000000.0,0.433,16.127,-961000000.0,68000000.0,68000000.0,2247000000.0,63000000.0,0.734,6.33,7430000000.0,651000000.0,6779000000.0,7430000000.0,0.0,754000000.0,0.0,0.0,0.0,485000000.0,1239000000.0,0.343,1239000000.0,485000000.0,106000000.0,0.81,0.63,0.81,1495000000.0,761000000.0,1495000000.0,10335236855.0,21.0,8.342,-307000000.0,-3.312,1.0,1367000000.0,0.378,4228000000.0,379000000.0,12612000000.0,10011250000.0,89000000.0,0.0,0.0,0.0,9464000000.0,1514000000.0,7950000000.0,3032236855.0,42000000.0,-1243000000.0,-107000000.0,1701000000.0,0.0,1590000000.0,-2204000000.0,0.0,654000000.0,2000000.0,63000000.0,63000000.0,63000000.0,-1000000.0,0.0,0.017,897000000.0,470000000.0,408000000.0,0.0,2.028,48.131,40.383,5529000000.0,0.0,32.71,0.839,0.839,804000000.0,-465000000.0,3614000000.0,3614000000.0,0.0,0.008,0.083,0.048,0.134,26000000.0,521000000.0,1.0,92700607.0,92700607.0,,38.986,6764000000.0,42000000.0,43000000.0,1106000000.0,72.966,-403000000.0
36,URI,MRT,2012-06-30,2012-06-30,2012-06-30,2021-07-28,73000000.0,10942000000.0,6596750000.0,1019000000.0,9923000000.0,0.471,21.875,-974000000.0,41000000.0,41000000.0,1972000000.0,55000000.0,0.717,6.819,7344000000.0,421000000.0,6923000000.0,7344000000.0,0.0,602000000.0,0.0,0.0,0.0,417000000.0,1019000000.0,0.328,1019000000.0,417000000.0,108000000.0,1.07,0.84,1.07,1395000000.0,390750000.0,1395000000.0,5310823423.0,13.0,5.212,-316000000.0,-4.955,1.0,1136000000.0,0.366,4281000000.0,309000000.0,12543000000.0,8304500000.0,102000000.0,0.0,0.0,0.0,9512000000.0,1421000000.0,8091000000.0,2170823423.0,-17000000.0,-1298000000.0,-99000000.0,1698000000.0,0.0,1598000000.0,-2272000000.0,0.0,658000000.0,-1000000.0,55000000.0,55000000.0,55000000.0,-1000000.0,0.0,0.018,732000000.0,404000000.0,605000000.0,0.0,1.556,39.47,31.813,5514000000.0,0.0,34.04,0.698,0.698,704000000.0,-538000000.0,3108000000.0,3108000000.0,0.0,0.008,0.141,0.05,0.134,19000000.0,460000000.0,1.0,63772721.0,63772721.0,,48.736,6661000000.0,66000000.0,53000000.0,1106000000.0,104.449,-402000000.0
37,URI,MRT,2012-03-31,2012-03-31,2012-03-31,2021-07-28,85000000.0,7297000000.0,4849250000.0,656000000.0,6641000000.0,0.566,1.431,-848000000.0,2876000000.0,2876000000.0,1771000000.0,134000000.0,0.627,79.667,6016000000.0,371000000.0,5645000000.0,6016000000.0,0.0,498000000.0,0.0,0.0,0.0,456000000.0,954000000.0,0.348,954000000.0,456000000.0,210000000.0,2.14,1.84,2.14,90000000.0,37000000.0,90000000.0,5704167954.0,13.0,5.979,-136000000.0,-2.162,1.0,973000000.0,0.355,414000000.0,246000000.0,8977000000.0,6596500000.0,85000000.0,0.0,0.0,0.0,7170000000.0,1046000000.0,6124000000.0,2698167954.0,-179000000.0,-333000000.0,28000000.0,3085000000.0,0.0,288000000.0,-1181000000.0,0.0,712000000.0,2000000.0,134000000.0,134000000.0,134000000.0,0.0,0.0,0.049,520000000.0,453000000.0,384000000.0,0.0,29.98,20.136,20.042,3245000000.0,0.0,42.89,0.983,0.983,417000000.0,-486000000.0,2744000000.0,2744000000.0,0.0,0.028,3.622,0.069,0.166,14000000.0,414000000.0,1.0,62909022.0,62909022.0,,43.619,6883000000.0,50000000.0,76000000.0,419000000.0,109.412,-390000000.0
38,URI,MRT,2011-12-31,2011-12-31,2011-12-31,2021-07-28,75000000.0,4143000000.0,3948000000.0,723000000.0,3420000000.0,0.661,1.022,-589000000.0,36000000.0,36000000.0,1713000000.0,101000000.0,0.837,63.125,3042000000.0,395000000.0,2647000000.0,3042000000.0,0.0,480000000.0,0.0,0.0,0.0,399000000.0,879000000.0,0.337,879000000.0,399000000.0,164000000.0,1.62,1.38,1.62,64000000.0,7250000.0,64000000.0,4842258920.0,12.0,5.509,23000000.0,0.367,1.0,898000000.0,0.344,372000000.0,235000000.0,5913000000.0,5730750000.0,44000000.0,0.0,0.0,0.0,4040000000.0,864000000.0,3176000000.0,1851258920.0,-167000000.0,-276000000.0,28000000.0,52000000.0,0.0,80000000.0,-865000000.0,0.0,612000000.0,6000000.0,101000000.0,101000000.0,101000000.0,0.0,0.0,0.039,502000000.0,396000000.0,206000000.0,0.0,28.926,18.329,18.241,2983000000.0,0.0,29.55,0.709,0.709,464000000.0,-499000000.0,2611000000.0,2611000000.0,0.0,0.026,13.931,0.07,0.153,12000000.0,407000000.0,1.0,62648356.0,62648356.0,,41.677,3771000000.0,104000000.0,63000000.0,470000000.0,60.193,-141000000.0
39,URI,MRT,2011-09-30,2011-09-30,2011-09-30,2021-07-28,63000000.0,4005000000.0,3835500000.0,658000000.0,3347000000.0,0.642,0.224,-555000000.0,26000000.0,26000000.0,1664000000.0,51000000.0,0.749,282.143,3017000000.0,401000000.0,2616000000.0,3017000000.0,0.0,468000000.0,0.0,0.0,0.0,325000000.0,793000000.0,0.322,793000000.0,325000000.0,63000000.0,0.79,0.59,0.79,14000000.0,-13750000.0,14000000.0,3972799030.0,12.0,5.01,7000000.0,0.112,1.0,798000000.0,0.324,332000000.0,262000000.0,5785000000.0,5658250000.0,56000000.0,0.0,0.0,0.0,3950000000.0,879000000.0,3071000000.0,1054799030.0,-144000000.0,-198000000.0,25000000.0,11000000.0,0.0,36000000.0,-753000000.0,0.0,562000000.0,11000000.0,51000000.0,51000000.0,51000000.0,5000000.0,0.0,0.021,470000000.0,328000000.0,233000000.0,0.0,75.343,20.682,21.316,2958000000.0,0.0,16.84,0.428,0.428,453000000.0,-528000000.0,2462000000.0,2462000000.0,0.0,0.013,-3.709,0.057,0.132,11000000.0,394000000.0,1.0,62636522.0,62636522.0,,39.306,3673000000.0,55000000.0,12000000.0,397000000.0,58.64,-221000000.0
40,URI,MRT,2011-06-30,2011-06-30,2011-06-30,2021-07-28,100000000.0,3952000000.0,3770250000.0,674000000.0,3278000000.0,0.624,-0.32,-456000000.0,58000000.0,58000000.0,1621000000.0,9000000.0,0.802,-196.4,2976000000.0,347000000.0,2629000000.0,2976000000.0,0.0,457000000.0,0.0,0.0,0.0,266000000.0,723000000.0,0.307,723000000.0,266000000.0,5000000.0,0.12,0.01,0.12,-20000000.0,-21000000.0,-20000000.0,4245573584.0,16.0,5.872,73000000.0,1.168,1.0,733000000.0,0.311,319000000.0,261000000.0,5711000000.0,5652500000.0,70000000.0,0.0,0.0,0.0,3928000000.0,840000000.0,3088000000.0,1587573584.0,28000000.0,-143000000.0,24000000.0,57000000.0,0.0,80000000.0,-599000000.0,0.0,529000000.0,18000000.0,9000000.0,9000000.0,9000000.0,5000000.0,0.0,0.004,468000000.0,265000000.0,282000000.0,0.0,-79.379,176.397,211.667,2900000000.0,0.0,25.4,0.674,0.674,407000000.0,-593000000.0,2354000000.0,2354000000.0,0.0,0.002,-0.429,0.047,0.113,10000000.0,386000000.0,1.0,62502897.0,62502897.0,,37.662,3633000000.0,71000000.0,-4000000.0,399000000.0,58.125,-166000000.0
41,URI,MRT,2011-03-31,2011-03-31,2011-03-31,2021-07-28,99000000.0,3692000000.0,3675750000.0,733000000.0,2959000000.0,0.621,-0.478,-289000000.0,205000000.0,205000000.0,1589000000.0,-6000000.0,1.202,-128.31,2863000000.0,199000000.0,2664000000.0,2863000000.0,0.0,451000000.0,0.0,0.0,0.0,228000000.0,679000000.0,0.298,679000000.0,228000000.0,-30000000.0,-0.12,-0.18,-0.12,-29000000.0,-28500000.0,-29000000.0,4743744369.0,21.0,6.986,199000000.0,3.282,1.0,693000000.0,0.304,226000000.0,258000000.0,5514000000.0,5636000000.0,63000000.0,0.0,0.0,0.0,3721000000.0,610000000.0,3111000000.0,2017744369.0,185000000.0,0.0,-2000000.0,-19000000.0,0.0,-22000000.0,-289000000.0,0.0,488000000.0,8000000.0,-6000000.0,-6000000.0,-6000000.0,4000000.0,0.0,-0.003,464000000.0,229000000.0,222000000.0,0.0,-69.577,-336.291,-277.333,2669000000.0,0.0,33.28,0.884,0.884,341000000.0,-620000000.0,2282000000.0,2282000000.0,0.0,-0.002,0.211,0.04,0.1,9000000.0,376000000.0,1.0,60629338.0,60629338.0,,37.639,3466000000.0,76000000.0,-24000000.0,385000000.0,57.167,123000000.0
42,URI,MRT,2010-12-31,2010-12-31,2010-12-31,2021-07-28,87000000.0,3693000000.0,3648750000.0,725000000.0,2968000000.0,0.613,-0.33,-223000000.0,203000000.0,203000000.0,1579000000.0,-26000000.0,1.274,-185.65,2929000000.0,229000000.0,2700000000.0,2929000000.0,0.0,449000000.0,0.0,0.0,0.0,196000000.0,645000000.0,0.288,645000000.0,196000000.0,-67000000.0,-0.44,-0.44,-0.44,-20000000.0,-33250000.0,-20000000.0,4146134281.0,21.0,6.428,229000000.0,3.783,1.0,658000000.0,0.294,227000000.0,263000000.0,5623000000.0,5678250000.0,39000000.0,0.0,0.0,0.0,3713000000.0,569000000.0,3144000000.0,1377134281.0,34000000.0,0.0,0.0,-201000000.0,0.0,-203000000.0,-223000000.0,0.0,452000000.0,8000000.0,-26000000.0,-26000000.0,-26000000.0,4000000.0,0.0,-0.012,461000000.0,197000000.0,132000000.0,0.0,-68.857,-52.967,-51.705,2673000000.0,0.0,22.75,0.616,0.616,377000000.0,-600000000.0,2237000000.0,2237000000.0,0.0,-0.007,0.782,0.035,0.088,8000000.0,367000000.0,1.0,60533375.0,60533375.0,,36.955,3466000000.0,69000000.0,-41000000.0,385000000.0,57.258,156000000.0
43,URI,MRT,2010-09-30,2010-09-30,2010-09-30,2021-07-28,73000000.0,3744000000.0,3690250000.0,712000000.0,3032000000.0,0.595,-0.248,-237000000.0,170000000.0,170000000.0,1569000000.0,-31000000.0,1.359,-250.6,2939000000.0,123000000.0,2816000000.0,2939000000.0,0.0,448000000.0,0.0,0.0,0.0,176000000.0,624000000.0,0.284,624000000.0,176000000.0,-74000000.0,-0.52,-0.58,-0.52,-15000000.0,-33000000.0,-15000000.0,3703274490.0,21.0,5.935,191000000.0,3.155,1.0,628000000.0,0.286,227000000.0,250000000.0,5762000000.0,5790750000.0,48000000.0,0.0,0.0,0.0,3759000000.0,524000000.0,3235000000.0,898274490.0,21000000.0,1000000.0,-2000000.0,-171000000.0,0.0,-175000000.0,-236000000.0,0.0,428000000.0,4000000.0,-31000000.0,-31000000.0,-31000000.0,2000000.0,0.0,-0.014,454000000.0,174000000.0,167000000.0,0.0,-59.885,-28.977,-28.538,2744000000.0,0.0,14.84,0.409,0.409,399000000.0,-579000000.0,2197000000.0,2197000000.0,0.0,-0.008,0.939,0.03,0.08,8000000.0,371000000.0,1.0,60530626.0,60530626.0,,36.296,3517000000.0,58000000.0,-43000000.0,384000000.0,58.103,188000000.0
44,URI,MRT,2010-06-30,2010-06-30,2010-06-30,2021-07-28,62000000.0,3574000000.0,3728000000.0,531000000.0,3043000000.0,0.586,-0.827,-175000000.0,30000000.0,30000000.0,1585000000.0,-54000000.0,1.047,-72.48,2835000000.0,124000000.0,2711000000.0,2835000000.0,0.0,449000000.0,0.0,0.0,0.0,149000000.0,598000000.0,0.274,598000000.0,149000000.0,-108000000.0,-0.89,-0.91,-0.89,-50000000.0,-33750000.0,-50000000.0,3373329608.0,23.0,5.641,277000000.0,4.583,1.0,599000000.0,0.274,227000000.0,257000000.0,5645000000.0,5912500000.0,60000000.0,0.0,0.0,0.0,3624000000.0,507000000.0,3117000000.0,563329608.0,-95000000.0,-24000000.0,-2000000.0,-352000000.0,0.0,-356000000.0,-199000000.0,0.0,452000000.0,8000000.0,-54000000.0,-54000000.0,-54000000.0,2000000.0,0.0,-0.025,451000000.0,148000000.0,188000000.0,0.0,-11.267,-10.432,-10.472,2751000000.0,0.0,9.32,0.258,0.258,344000000.0,-602000000.0,2184000000.0,2184000000.0,0.0,-0.014,1.6,0.025,0.068,8000000.0,375000000.0,1.0,60443091.0,60443091.0,,36.133,3347000000.0,57000000.0,-54000000.0,369000000.0,55.374,24000000.0
45,URI,MRT,2010-03-31,2010-03-31,2010-03-31,2021-07-28,78000000.0,3584000000.0,3814000000.0,511000000.0,3073000000.0,0.588,-0.798,-93000000.0,20000000.0,20000000.0,1673000000.0,-83000000.0,1.062,-75.667,2830000000.0,124000000.0,2706000000.0,2830000000.0,0.0,463000000.0,0.0,0.0,0.0,93000000.0,556000000.0,0.248,556000000.0,93000000.0,-140000000.0,-1.37,-1.37,-1.37,-48000000.0,-32750000.0,-48000000.0,3470375606.0,37.0,6.242,339000000.0,5.634,1.0,569000000.0,0.254,230000000.0,233000000.0,5683000000.0,6098500000.0,46000000.0,0.0,0.0,0.0,3632000000.0,481000000.0,3151000000.0,564375606.0,-76000000.0,-23000000.0,-2000000.0,-411000000.0,0.0,-415000000.0,-116000000.0,0.0,432000000.0,23000000.0,-83000000.0,-83000000.0,-83000000.0,2000000.0,0.0,-0.037,475000000.0,94000000.0,138000000.0,0.0,-11.758,-6.8,-6.847,2775000000.0,0.0,9.38,0.252,0.252,320000000.0,-614000000.0,2242000000.0,2242000000.0,0.0,-0.022,2.534,0.015,0.041,7000000.0,386000000.0,1.0,60167975.0,60167975.0,,37.262,3354000000.0,69000000.0,-57000000.0,405000000.0,55.744,30000000.0
46,URI,MRT,2009-12-31,2009-12-31,2009-12-31,2021-07-28,67000000.0,3859000000.0,3912250000.0,705000000.0,3154000000.0,0.603,-0.316,-69000000.0,169000000.0,169000000.0,1748000000.0,-62000000.0,1.529,-204.105,3075000000.0,125000000.0,2950000000.0,3075000000.0,0.0,474000000.0,0.0,0.0,0.0,113000000.0,587000000.0,0.249,587000000.0,113000000.0,-109000000.0,-1.02,-1.02,-1.02,-19000000.0,-34750000.0,-19000000.0,3543091630.0,31.0,6.036,369000000.0,6.134,1.0,610000000.0,0.259,231000000.0,222000000.0,6073000000.0,6309750000.0,44000000.0,0.0,0.0,0.0,3878000000.0,461000000.0,3417000000.0,590091630.0,92000000.0,-25000000.0,-1000000.0,-265000000.0,0.0,-268000000.0,-94000000.0,0.0,438000000.0,16000000.0,-62000000.0,-62000000.0,-62000000.0,2000000.0,0.0,-0.026,496000000.0,114000000.0,128000000.0,0.0,-31.057,-9.518,-9.618,2848000000.0,0.0,9.81,0.25,0.25,337000000.0,-574000000.0,2358000000.0,2358000000.0,0.0,-0.016,1.784,0.018,0.048,8000000.0,408000000.0,1.0,60152052.0,60152052.0,,39.201,3628000000.0,66000000.0,-47000000.0,424000000.0,60.314,244000000.0
47,URI,MRT,2009-09-30,2009-09-30,2009-09-30,2021-07-28,60000000.0,3895000000.0,3995250000.0,679000000.0,3216000000.0,0.649,-0.299,-24000000.0,149000000.0,149000000.0,1880000000.0,-889000000.0,1.85,-217.389,3102000000.0,9000000.0,3093000000.0,3102000000.0,0.0,493000000.0,0.0,0.0,0.0,-958000000.0,-465000000.0,-0.179,-465000000.0,-958000000.0,-1123000000.0,-12.1,-12.1,-12.1,-18000000.0,-37250000.0,-18000000.0,3669321830.0,-4.0,-7.891,522000000.0,8.681,1.0,712000000.0,0.275,232000000.0,165000000.0,6249000000.0,6492250000.0,52000000.0,0.0,0.0,0.0,3913000000.0,367000000.0,3546000000.0,619321830.0,83000000.0,-26000000.0,1000000.0,-419000000.0,0.0,-421000000.0,-50000000.0,0.0,546000000.0,8000000.0,-889000000.0,-889000000.0,-889000000.0,0.0,0.0,-0.343,1670000000.0,-958000000.0,143000000.0,0.0,-34.407,-0.697,-0.851,2921000000.0,0.0,10.3,0.239,0.239,369000000.0,-548000000.0,2592000000.0,2592000000.0,0.0,-0.223,23.866,-0.148,-0.37,8000000.0,428000000.0,1.0,60128333.0,60128333.0,,43.108,3663000000.0,74000000.0,-234000000.0,414000000.0,60.92,312000000.0
48,URI,MRT,2009-06-30,2009-06-30,2009-06-30,2021-07-28,33000000.0,3918000000.0,4424500000.0,665000000.0,3253000000.0,0.649,-0.765,-104000000.0,125000000.0,125000000.0,2005000000.0,-815000000.0,1.905,-86.174,3175000000.0,9000000.0,3166000000.0,3175000000.0,0.0,509000000.0,0.0,0.0,0.0,-835000000.0,-326000000.0,-0.113,-326000000.0,-835000000.0,-1008000000.0,-10.99,-11.12,-10.99,-46000000.0,186000000.0,-46000000.0,3526212548.0,-4.0,-10.817,418000000.0,6.952,1.0,868000000.0,0.302,230000000.0,173000000.0,6389000000.0,6748750000.0,55000000.0,0.0,0.0,0.0,3964000000.0,349000000.0,3615000000.0,390212548.0,45000000.0,-18000000.0,-602000000.0,255000000.0,0.0,-351000000.0,-122000000.0,0.0,522000000.0,-4000000.0,-813000000.0,-813000000.0,-813000000.0,0.0,-2000000.0,-0.283,1705000000.0,-837000000.0,144000000.0,0.0,-8.483,-0.48,-0.591,2956000000.0,0.0,6.49,0.136,0.136,375000000.0,-548000000.0,2873000000.0,2873000000.0,0.0,-0.184,-4.371,-0.124,-0.291,8000000.0,461000000.0,1.0,60125200.0,60125200.0,,47.784,3688000000.0,74000000.0,-195000000.0,407000000.0,61.339,316000000.0
49,URI,MRT,2009-03-31,2009-03-31,2009-03-31,2021-07-28,7000000.0,3977000000.0,4847250000.0,622000000.0,3355000000.0,0.637,-0.933,-340000000.0,96000000.0,96000000.0,2076000000.0,-761000000.0,1.747,-72.018,3232000000.0,11000000.0,3221000000.0,3232000000.0,0.0,510000000.0,0.0,0.0,0.0,-711000000.0,-201000000.0,-0.065,-201000000.0,-711000000.0,-903000000.0,-13.04,-13.17,-13.04,-56000000.0,551000000.0,-56000000.0,3520610117.0,-5.0,-17.515,322000000.0,5.366,1.0,1013000000.0,0.328,229000000.0,192000000.0,6528000000.0,6787500000.0,59000000.0,0.0,0.0,0.0,4033000000.0,356000000.0,3677000000.0,252610117.0,-419000000.0,-19000000.0,-602000000.0,148000000.0,0.0,-712000000.0,-359000000.0,0.0,662000000.0,-10000000.0,-759000000.0,-998000000.0,-998000000.0,0.0,-2000000.0,-0.323,1727000000.0,-714000000.0,154000000.0,0.0,-4.511,-0.253,-0.323,3064000000.0,239000000.0,4.21,0.082,0.082,359000000.0,-531000000.0,3089000000.0,3089000000.0,0.0,-0.206,-1.811,-0.105,-0.23,7000000.0,488000000.0,1.0,60002403.0,60002403.0,,51.481,3748000000.0,75000000.0,-144000000.0,410000000.0,62.464,266000000.0
50,URI,MRT,2008-12-31,2008-12-31,2008-12-31,2021-07-28,16000000.0,4191000000.0,5321000000.0,703000000.0,3488000000.0,0.614,-0.484,-429000000.0,77000000.0,77000000.0,2149000000.0,-704000000.0,1.646,-145.517,3345000000.0,13000000.0,3332000000.0,3345000000.0,0.0,513000000.0,0.0,0.0,0.0,-630000000.0,-117000000.0,-0.036,-117000000.0,-630000000.0,-813000000.0,-12.62,-12.62,-12.62,-29000000.0,1075500000.0,-29000000.0,4070223941.0,-6.0,-34.788,335000000.0,5.593,1.0,1118000000.0,0.342,229000000.0,183000000.0,6803000000.0,6662750000.0,59000000.0,0.0,0.0,0.0,4220000000.0,427000000.0,3793000000.0,546223941.0,-304000000.0,-17000000.0,-602000000.0,247000000.0,0.0,-612000000.0,-446000000.0,0.0,764000000.0,-10000000.0,-704000000.0,-943000000.0,-943000000.0,0.0,0.0,-0.289,1748000000.0,-630000000.0,157000000.0,0.0,-18.835,-0.579,-0.723,3193000000.0,239000000.0,9.12,0.167,0.167,454000000.0,-512000000.0,3267000000.0,3267000000.0,0.0,-0.177,-0.877,-0.095,-0.193,6000000.0,509000000.0,1.0,59892976.0,59892976.0,,54.547,3962000000.0,76000000.0,-109000000.0,414000000.0,66.151,276000000.0
51,URI,MRT,2008-09-30,2008-09-30,2008-09-30,2021-07-28,68000000.0,5612000000.0,5733750000.0,781000000.0,4831000000.0,0.593,14.756,-479000000.0,66000000.0,66000000.0,2191000000.0,302000000.0,1.669,5.414,3590000000.0,11000000.0,3579000000.0,3590000000.0,0.0,510000000.0,0.0,0.0,0.0,705000000.0,1215000000.0,0.357,1215000000.0,705000000.0,496000000.0,0.65,0.37,0.65,875000000.0,1587250000.0,875000000.0,3818713834.0,5.0,3.143,467000000.0,7.875,1.0,1210000000.0,0.356,1393000000.0,209000000.0,7275000000.0,6525250000.0,78000000.0,0.0,0.0,0.0,4737000000.0,468000000.0,4269000000.0,903713834.0,-46000000.0,-17000000.0,-594000000.0,356000000.0,0.0,-491000000.0,-496000000.0,0.0,946000000.0,-5000000.0,306000000.0,67000000.0,67000000.0,0.0,-4000000.0,0.02,621000000.0,589000000.0,211000000.0,0.0,1.033,13.488,23.446,3367000000.0,239000000.0,15.24,0.266,0.266,507000000.0,341000000.0,3401000000.0,3401000000.0,0.0,0.012,0.042,0.108,0.207,7000000.0,541000000.0,1.0,59298808.0,59298808.0,,57.354,4219000000.0,80000000.0,190000000.0,631000000.0,71.148,313000000.0
52,URI,MRT,2008-06-30,2008-06-30,2008-06-30,2021-07-28,84000000.0,5609000000.0,5760000000.0,768000000.0,4841000000.0,0.611,16.365,-493000000.0,80000000.0,80000000.0,2265000000.0,340000000.0,1.313,2.967,2995000000.0,12000000.0,2983000000.0,2995000000.0,0.0,505000000.0,0.0,0.0,0.0,734000000.0,1239000000.0,0.352,1239000000.0,734000000.0,551000000.0,0.64,0.37,0.64,1414000000.0,1834750000.0,1414000000.0,3895424935.0,5.0,3.144,493000000.0,5.706,1.0,1253000000.0,0.356,1395000000.0,183000000.0,6544000000.0,6296000000.0,94000000.0,0.0,0.0,0.0,4195000000.0,585000000.0,3610000000.0,1694424935.0,-24000000.0,-2000000.0,11000000.0,-296000000.0,0.0,-518000000.0,-497000000.0,0.0,986000000.0,5000000.0,343000000.0,104000000.0,104000000.0,-1000000.0,-3000000.0,0.03,636000000.0,617000000.0,311000000.0,0.0,1.198,16.293,30.641,3370000000.0,239000000.0,19.61,0.482,0.482,478000000.0,267000000.0,3518000000.0,3518000000.0,0.0,0.018,0.057,0.117,0.209,7000000.0,559000000.0,1.0,86406167.0,86406167.0,,40.715,4214000000.0,44000000.0,208000000.0,562000000.0,48.77,183000000.0
53,URI,MRT,2008-03-31,2008-03-31,2008-03-31,2021-07-28,77000000.0,5872000000.0,5774750000.0,1190000000.0,4682000000.0,0.632,23.655,-519000000.0,515000000.0,515000000.0,2350000000.0,370000000.0,1.836,1.876,2716000000.0,157000000.0,2559000000.0,2716000000.0,0.0,497000000.0,0.0,0.0,0.0,783000000.0,1280000000.0,0.351,1280000000.0,783000000.0,593000000.0,3.65,3.3,3.65,2042000000.0,1906750000.0,2042000000.0,3961349755.0,5.0,3.095,442000000.0,5.12,1.0,1299000000.0,0.356,1396000000.0,190000000.0,6029000000.0,6212750000.0,95000000.0,0.0,0.0,0.0,3830000000.0,648000000.0,3182000000.0,1626349755.0,411000000.0,-2000000.0,24000000.0,-87000000.0,0.0,-34000000.0,-523000000.0,0.0,961000000.0,7000000.0,375000000.0,375000000.0,375000000.0,-1000000.0,-5000000.0,0.103,638000000.0,661000000.0,275000000.0,0.0,0.796,4.337,5.162,3236000000.0,0.0,18.84,0.446,0.446,452000000.0,469000000.0,3649000000.0,3649000000.0,0.0,0.065,0.197,0.126,0.215,12000000.0,578000000.0,1.0,86324297.0,86324297.0,,42.271,4476000000.0,74000000.0,218000000.0,559000000.0,51.851,542000000.0
54,URI,MRT,2007-12-31,2007-12-31,2007-12-31,2021-07-28,92000000.0,5842000000.0,5659250000.0,1120000000.0,4722000000.0,0.656,23.524,-648000000.0,381000000.0,381000000.0,2405000000.0,362000000.0,2.154,1.895,2716000000.0,15000000.0,2701000000.0,2716000000.0,0.0,491000000.0,0.0,0.0,0.0,780000000.0,1271000000.0,0.342,1271000000.0,780000000.0,584000000.0,3.6,3.25,3.6,2018000000.0,1791500000.0,2018000000.0,4222032410.0,5.0,3.322,220000000.0,2.565,1.0,1310000000.0,0.353,1404000000.0,196000000.0,6253000000.0,6207500000.0,91000000.0,0.0,0.0,0.0,3824000000.0,520000000.0,3304000000.0,1575032410.0,262000000.0,-23000000.0,27000000.0,-71000000.0,0.0,-13000000.0,-604000000.0,0.0,868000000.0,11000000.0,369000000.0,369000000.0,369000000.0,1000000.0,-7000000.0,0.099,652000000.0,658000000.0,195000000.0,0.0,0.78,4.268,5.1,3266000000.0,0.0,18.36,0.424,0.424,519000000.0,431000000.0,3715000000.0,3715000000.0,0.0,0.065,0.206,0.126,0.21,15000000.0,598000000.0,1.0,85786079.0,85786079.0,,43.305,4438000000.0,72000000.0,215000000.0,539000000.0,51.733,600000000.0
55,URI,MRT,2007-09-30,2007-09-30,2007-09-30,2021-07-28,107000000.0,5717000000.0,5540250000.0,919000000.0,4798000000.0,0.671,22.472,-626000000.0,112000000.0,112000000.0,2397000000.0,262000000.0,1.534,2.065,2759000000.0,78000000.0,2681000000.0,2759000000.0,0.0,476000000.0,0.0,0.0,0.0,653000000.0,1129000000.0,0.304,1129000000.0,653000000.0,447000000.0,2.64,2.36,2.64,1865000000.0,1671500000.0,1865000000.0,5341838357.0,8.0,4.731,119000000.0,1.434,1.0,1319000000.0,0.355,1407000000.0,206000000.0,6358000000.0,6137750000.0,123000000.0,0.0,0.0,0.0,3852000000.0,599000000.0,3253000000.0,2669838357.0,-28000000.0,-23000000.0,29000000.0,-258000000.0,0.0,-201000000.0,-581000000.0,0.0,745000000.0,9000000.0,275000000.0,275000000.0,275000000.0,25000000.0,-13000000.0,0.074,659000000.0,660000000.0,248000000.0,0.0,1.432,9.709,12.186,3333000000.0,0.0,32.17,0.718,0.718,582000000.0,278000000.0,3716000000.0,3716000000.0,0.0,0.05,0.165,0.106,0.176,17000000.0,608000000.0,1.0,82991556.0,82991556.0,,44.776,4310000000.0,51000000.0,172000000.0,472000000.0,51.933,320000000.0
56,URI,MRT,2007-06-30,2007-06-30,2007-06-30,2021-07-28,78000000.0,5668000000.0,5501250000.0,928000000.0,4740000000.0,0.674,20.842,-604000000.0,104000000.0,104000000.0,2398000000.0,245000000.0,1.268,2.33,2776000000.0,121000000.0,2655000000.0,2776000000.0,0.0,469000000.0,0.0,0.0,0.0,645000000.0,1114000000.0,0.3,1114000000.0,645000000.0,424000000.0,2.51,2.23,2.51,1702000000.0,1580500000.0,1702000000.0,5269318088.0,8.0,4.73,214000000.0,2.621,1.0,1311000000.0,0.353,1397000000.0,221000000.0,6211000000.0,6082500000.0,162000000.0,0.0,0.0,0.0,3966000000.0,732000000.0,3234000000.0,2657318088.0,-104000000.0,-21000000.0,28000000.0,-404000000.0,0.0,-363000000.0,-561000000.0,0.0,818000000.0,2000000.0,257000000.0,257000000.0,257000000.0,19000000.0,-12000000.0,0.069,662000000.0,649000000.0,348000000.0,0.0,1.561,10.34,12.964,3281000000.0,0.0,32.54,0.716,0.716,553000000.0,166000000.0,3709000000.0,3709000000.0,0.0,0.047,0.163,0.106,0.174,21000000.0,614000000.0,1.0,81663125.0,81663125.0,,45.418,4271000000.0,48000000.0,167000000.0,449000000.0,52.3,196000000.0
57,URI,MRT,2007-03-31,2007-03-31,2007-03-31,2021-07-28,51000000.0,5410000000.0,5482500000.0,894000000.0,4516000000.0,0.669,19.61,-634000000.0,104000000.0,104000000.0,2366000000.0,234000000.0,1.421,2.422,2716000000.0,61000000.0,2655000000.0,2716000000.0,0.0,465000000.0,0.0,0.0,0.0,620000000.0,1085000000.0,0.296,1085000000.0,620000000.0,403000000.0,2.42,2.14,2.42,1581000000.0,1505500000.0,1581000000.0,4800067930.0,8.0,4.424,131000000.0,1.625,1.0,1300000000.0,0.355,1385000000.0,217000000.0,6008000000.0,6159750000.0,169000000.0,0.0,0.0,0.0,3829000000.0,629000000.0,3200000000.0,2217067930.0,-227000000.0,-37000000.0,77000000.0,-464000000.0,0.0,-382000000.0,-610000000.0,0.0,765000000.0,0.0,244000000.0,244000000.0,244000000.0,22000000.0,-10000000.0,0.067,670000000.0,630000000.0,344000000.0,0.0,1.402,9.086,11.364,3069000000.0,0.0,27.5,0.605,0.605,500000000.0,99000000.0,3666000000.0,3666000000.0,0.0,0.045,0.162,0.101,0.169,19000000.0,618000000.0,1.0,80620652.0,80620652.0,,45.472,4025000000.0,51000000.0,159000000.0,439000000.0,49.925,265000000.0
58,URI,MRT,2006-12-31,2006-12-31,2006-12-31,2021-07-28,47000000.0,5366000000.0,5516500000.0,1005000000.0,4361000000.0,0.657,18.962,-599000000.0,119000000.0,119000000.0,2335000000.0,224000000.0,1.678,2.489,2702000000.0,37000000.0,2665000000.0,2702000000.0,0.0,458000000.0,0.0,0.0,0.0,611000000.0,1069000000.0,0.295,1069000000.0,611000000.0,390000000.0,2.32,2.06,2.32,1538000000.0,1423000000.0,1538000000.0,4879602379.0,8.0,4.565,259000000.0,3.193,1.0,1292000000.0,0.356,1376000000.0,221000000.0,5974000000.0,6249500000.0,139000000.0,0.0,0.0,0.0,3828000000.0,599000000.0,3229000000.0,2062602379.0,-197000000.0,-39000000.0,74000000.0,-481000000.0,0.0,-404000000.0,-648000000.0,0.0,858000000.0,-3000000.0,234000000.0,234000000.0,234000000.0,25000000.0,-10000000.0,0.065,667000000.0,625000000.0,218000000.0,0.0,1.341,8.815,10.961,2920000000.0,0.0,25.43,0.569,0.569,502000000.0,69000000.0,3627000000.0,3627000000.0,0.0,0.042,0.164,0.098,0.168,16000000.0,617000000.0,1.0,81109020.0,81109020.0,,44.718,3990000000.0,82000000.0,156000000.0,463000000.0,49.193,406000000.0
59,URI,MRT,2006-09-30,2006-09-30,2006-09-30,2021-07-28,60000000.0,5561000000.0,5542500000.0,1120000000.0,4441000000.0,0.612,18.622,-565000000.0,140000000.0,140000000.0,2152000000.0,220000000.0,1.286,2.705,2957000000.0,285000000.0,2672000000.0,2957000000.0,0.0,429000000.0,0.0,0.0,0.0,589000000.0,1018000000.0,0.3,1018000000.0,589000000.0,372000000.0,2.29,2.03,2.29,1501000000.0,1345750000.0,1501000000.0,4782075085.0,8.0,4.698,256000000.0,3.176,1.0,1239000000.0,0.365,1370000000.0,217000000.0,6137000000.0,6357000000.0,153000000.0,0.0,0.0,0.0,4060000000.0,871000000.0,3189000000.0,1874075085.0,-11000000.0,-76000000.0,56000000.0,-230000000.0,0.0,-169000000.0,-667000000.0,0.0,821000000.0,4000000.0,220000000.0,220000000.0,220000000.0,16000000.0,0.0,0.065,634000000.0,605000000.0,263000000.0,0.0,1.249,8.519,10.153,3002000000.0,0.0,23.25,0.553,0.553,541000000.0,16000000.0,3391000000.0,3391000000.0,0.0,0.04,0.163,0.093,0.174,13000000.0,587000000.0,1.0,80605380.0,80605380.0,,42.069,4191000000.0,73000000.0,152000000.0,413000000.0,51.994,249000000.0
60,URI,MRT,2006-06-30,2006-06-30,2006-06-30,2021-07-28,63000000.0,5593000000.0,5449250000.0,1160000000.0,4433000000.0,0.622,17.673,-624000000.0,208000000.0,208000000.0,2174000000.0,201000000.0,1.905,2.989,3116000000.0,26000000.0,3090000000.0,3116000000.0,0.0,427000000.0,0.0,0.0,0.0,555000000.0,982000000.0,0.29,982000000.0,555000000.0,347000000.0,2.12,1.89,2.12,1402000000.0,1265750000.0,1402000000.0,5333956451.0,10.0,5.432,56000000.0,0.706,1.0,1213000000.0,0.358,1372000000.0,208000000.0,6520000000.0,6538000000.0,172000000.0,0.0,0.0,0.0,4191000000.0,609000000.0,3582000000.0,2536956451.0,-46000000.0,-79000000.0,54000000.0,-64000000.0,0.0,-9000000.0,-723000000.0,0.0,680000000.0,6000000.0,201000000.0,201000000.0,201000000.0,23000000.0,0.0,0.059,640000000.0,573000000.0,280000000.0,0.0,1.81,12.622,15.085,2981000000.0,0.0,31.98,0.749,0.749,497000000.0,-79000000.0,3387000000.0,3387000000.0,0.0,0.037,0.159,0.085,0.164,8000000.0,593000000.0,1.0,79329470.0,79329470.0,,42.695,4221000000.0,63000000.0,146000000.0,354000000.0,53.208,551000000.0
61,URI,MRT,2006-03-31,2006-03-31,2006-03-31,2021-07-28,52000000.0,5546000000.0,5324250000.0,1356000000.0,4190000000.0,0.63,16.036,-582000000.0,331000000.0,331000000.0,2181000000.0,195000000.0,2.201,3.433,3128000000.0,27000000.0,3101000000.0,3128000000.0,0.0,424000000.0,0.0,0.0,0.0,533000000.0,957000000.0,0.285,957000000.0,533000000.0,332000000.0,2.06,1.86,2.06,1251000000.0,1187750000.0,1251000000.0,5527400924.0,10.0,5.776,148000000.0,1.897,1.0,1175000000.0,0.35,1360000000.0,201000000.0,6367000000.0,6580250000.0,190000000.0,0.0,0.0,0.0,4295000000.0,616000000.0,3679000000.0,2691400924.0,-11000000.0,-63000000.0,-7000000.0,-76000000.0,0.0,-83000000.0,-662000000.0,0.0,730000000.0,4000000.0,195000000.0,195000000.0,195000000.0,20000000.0,0.0,0.058,623000000.0,552000000.0,306000000.0,0.0,2.151,13.802,16.748,2751000000.0,0.0,34.5,0.802,0.802,442000000.0,-135000000.0,3356000000.0,3356000000.0,0.0,0.037,0.164,0.081,0.159,8000000.0,578000000.0,1.0,78011621.0,78011621.0,,43.019,4186000000.0,185000000.0,137000000.0,459000000.0,53.659,740000000.0
62,URI,MRT,2005-12-31,2005-12-31,2005-12-31,2021-07-28,50000000.0,5470000000.0,5163000000.0,1404000000.0,4066000000.0,0.637,15.788,-486000000.0,316000000.0,316000000.0,2173000000.0,187000000.0,2.595,3.451,3152000000.0,27000000.0,3125000000.0,3152000000.0,0.0,424000000.0,0.0,0.0,0.0,511000000.0,935000000.0,0.284,935000000.0,511000000.0,316000000.0,1.97,1.8,1.97,1229000000.0,1135500000.0,1229000000.0,4814296139.0,9.0,5.149,143000000.0,1.837,1.0,1115000000.0,0.339,1361000000.0,195000000.0,6404000000.0,6582000000.0,155000000.0,0.0,0.0,0.0,4241000000.0,541000000.0,3700000000.0,1820743139.0,13000000.0,-40000000.0,-6000000.0,-74000000.0,0.0,-80000000.0,-541000000.0,0.0,629000000.0,5000000.0,187000000.0,187000000.0,187000000.0,15000000.0,0.0,0.057,591000000.0,524000000.0,223000000.0,0.0,1.481,9.737,11.873,2625000000.0,0.0,23.39,0.554,0.554,511000000.0,-155000000.0,3288000000.0,3288000000.0,0.0,0.036,0.165,0.078,0.155,8000000.0,553000000.0,1.0,77842802.0,77842802.0,,42.239,4109000000.0,196000000.0,129000000.0,458000000.0,52.786,863000000.0
63,URI,MRT,2005-09-30,2005-09-30,2005-09-30,2021-07-28,50000000.0,5188000000.0,5016000000.0,,,0.63,15.172,-533000000.0,151000000.0,151000000.0,2108000000.0,168000000.0,,3.393,3158000000.0,,,3158000000.0,0.0,455000000.0,0.0,0.0,0.0,664000000.0,1119000000.0,0.354,1119000000.0,664000000.0,304000000.0,2.03,1.97,2.03,1181000000.0,1084750000.0,1181000000.0,4527834627.0,7.0,4.046,61000000.0,0.784,1.0,1054000000.0,0.333,1334000000.0,360000000.0,6861000000.0,6585000000.0,180000000.0,0.0,,,4007000000.0,,,1534281627.0,2000000.0,-44000000.0,2000000.0,-45000000.0,0.0,-45000000.0,-554000000.0,23000000.0,594000000.0,7000000.0,168000000.0,168000000.0,168000000.0,156000000.0,0.0,0.053,404000000.0,650000000.0,243000000.0,0.0,1.299,9.133,9.709,2781000000.0,0.0,19.71,0.485,0.485,584000000.0,-204000000.0,3162000000.0,3162000000.0,0.0,0.033,0.155,0.101,0.21,10000000.0,516000000.0,1.0,77842802.0,77842802.0,,40.62,3854000000.0,0.0,136000000.0,239000000.0,49.51,
64,URI,MRT,2005-06-30,2005-06-30,2005-06-30,2021-07-28,34000000.0,5093000000.0,4931183750.0,,,0.617,14.003,-482000000.0,254000000.0,254000000.0,2031000000.0,46000000.0,,3.672,3176000000.0,,,3176000000.0,0.0,451000000.0,0.0,0.0,0.0,508000000.0,959000000.0,0.315,959000000.0,508000000.0,161000000.0,0.65,0.68,0.65,1090000000.0,1045951500.0,1090000000.0,4566756028.0,9.0,4.762,216000000.0,2.775,1.0,1010000000.0,0.332,1326000000.0,347000000.0,6689000000.0,6498422750.0,178000000.0,0.0,,,4003000000.0,,,1573203028.0,182000000.0,-41000000.0,3000000.0,-10000000.0,0.0,-22000000.0,-500000000.0,23000000.0,698000000.0,6000000.0,46000000.0,46000000.0,46000000.0,156000000.0,0.0,0.015,510000000.0,500000000.0,336000000.0,0.0,1.443,34.2,31.092,2698000000.0,0.0,20.21,0.517,0.517,517000000.0,-280000000.0,3041000000.0,3041000000.0,0.0,0.009,0.044,0.078,0.167,14000000.0,477000000.0,1.0,77842802.0,77842802.0,,39.066,3767000000.0,0.0,115000000.0,187000000.0,48.392,
65,URI,MRT,2005-03-31,2005-03-31,2005-03-31,2021-07-28,39000000.0,4901000000.0,4866244250.0,,,0.601,13.386,-337000000.0,342000000.0,342000000.0,1952000000.0,36000000.0,,3.703,3143000000.0,,,3143000000.0,0.0,448000000.0,0.0,0.0,0.0,481000000.0,929000000.0,0.318,929000000.0,481000000.0,143000000.0,0.54,0.59,0.54,1042000000.0,1042381750.0,1042000000.0,4566756028.0,9.0,4.916,317000000.0,4.072,1.0,972000000.0,0.332,1328000000.0,338000000.0,6374000000.0,6422866250.0,149000000.0,0.0,,,3859000000.0,,,1573203028.0,215000000.0,-41000000.0,-1000000.0,-75000000.0,0.0,-90000000.0,-355000000.0,23000000.0,654000000.0,6000000.0,36000000.0,36000000.0,36000000.0,156000000.0,0.0,0.012,490000000.0,482000000.0,256000000.0,0.0,1.51,43.7,37.426,2523000000.0,0.0,20.21,0.538,0.538,443000000.0,-330000000.0,2924000000.0,2924000000.0,0.0,0.007,0.035,0.075,0.165,13000000.0,456000000.0,1.0,77842802.0,77842802.0,,37.563,3573000000.0,0.0,107000000.0,158000000.0,45.9,
66,URI,MRT,2004-12-31,2004-12-31,2004-12-31,2021-07-28,37000000.0,4882000000.0,4845818500.0,,,0.585,13.18,-365000000.0,303000000.0,303000000.0,1902000000.0,-84000000.0,,3.758,3167000000.0,,,3167000000.0,0.0,445000000.0,0.0,0.0,0.0,285000000.0,730000000.0,0.257,730000000.0,285000000.0,-56000000.0,-0.88,-0.79,-0.88,1026000000.0,1043505000.0,1026000000.0,4464781958.0,16.0,6.116,360000000.0,4.625,1.0,933000000.0,0.329,1330000000.0,341000000.0,6416000000.0,6442441250.0,119000000.0,0.0,,,3856000000.0,,,1471228958.0,224000000.0,-102000000.0,1000000.0,-51000000.0,0.0,-64000000.0,-444000000.0,23000000.0,725000000.0,7000000.0,-84000000.0,-84000000.0,-84000000.0,156000000.0,0.0,-0.03,486000000.0,447000000.0,217000000.0,0.0,1.434,-17.515,-21.477,2520000000.0,0.0,18.9,0.519,0.519,490000000.0,-342000000.0,2835000000.0,2835000000.0,0.0,-0.017,-0.08,0.044,0.101,22000000.0,449000000.0,1.0,77842802.0,77842802.0,,36.42,3552000000.0,0.0,28000000.0,149000000.0,45.63,
67,URI,MRT,2004-09-30,2004-09-30,2004-09-30,2021-07-28,26990000.0,4848735000.0,4798818500.0,,,0.631,13.193,-270969000.0,149167000.0,149167000.0,2173573000.0,-414552000.0,,3.727,3142720000.0,,,3142720000.0,0.0,428602000.0,0.0,0.0,0.0,-339132000.0,89470000.0,0.03,89470000.0,-339132000.0,-516336000.0,-5.46,-5.37,-5.46,1025806000.0,1054255000.0,1025806000.0,4252739072.0,-13.0,47.533,253562000.0,3.261,1.0,855386000.0,0.282,1327597000.0,177204000.0,6514691000.0,6392191250.0,123242000.0,0.0,,,3822929000.0,,,1235463072.0,72883000.0,-60999000.0,763000.0,154747000.0,0.0,142085000.0,-579439000.0,0.0,524531000.0,-14294000.0,-414552000.0,-414552000.0,-414552000.0,0.0,0.0,-0.137,971676000.0,-116290000.0,262128000.0,0.0,1.204,-2.98,-2.91,2586764000.0,0.0,15.89,0.408,0.408,547450000.0,-325322000.0,3028959000.0,3028959000.0,0.0,-0.086,-0.393,-0.053,-0.112,20098000.0,466186000.0,1.0,77750980.0,77750980.0,,38.957,3521138000.0,0.0,-101784000.0,138999000.0,45.287,
68,URI,MRT,2004-06-30,2004-06-30,2004-06-30,2021-07-28,18624000.0,4833242000.0,4814349750.0,,,0.618,13.944,-178590000.0,72384000.0,72384000.0,2163148000.0,-336668000.0,,3.493,3089660000.0,,,3089660000.0,0.0,420987000.0,0.0,0.0,0.0,-251130000.0,169857000.0,0.057,169857000.0,-251130000.0,-442754000.0,-4.45,-4.45,-4.45,1075721000.0,1155194500.0,1075721000.0,4480688744.0,-18.0,26.379,292268000.0,3.789,1.0,812945000.0,0.273,1463744000.0,191624000.0,6386774000.0,6178044250.0,119617000.0,0.0,,,3757521000.0,,,1380093744.0,41828000.0,-61473000.0,1000000.0,132188000.0,0.0,130188000.0,-544063000.0,0.0,470858000.0,-15155000.0,-336668000.0,-336668000.0,-336668000.0,0.0,0.0,-0.113,838829000.0,-25884000.0,252548000.0,0.0,1.283,-4.099,-4.02,2557072000.0,0.0,17.89,0.464,0.464,495056000.0,-260941000.0,2976093000.0,2976093000.0,0.0,-0.07,-0.291,-0.041,-0.084,29591000.0,470676000.0,1.0,77143306.0,77143306.0,,38.579,3369498000.0,0.0,-106086000.0,119685000.0,43.678,
69,URI,MRT,2004-03-31,2004-03-31,2004-03-31,2021-07-28,23886000.0,4819297000.0,4814478250.0,,,0.609,13.601,-198274000.0,127144000.0,127144000.0,2142138000.0,-353277000.0,,3.605,3227739000.0,,,3227739000.0,0.0,412279000.0,0.0,0.0,0.0,-260675000.0,151604000.0,0.052,151604000.0,-260675000.0,-468700000.0,-4.57,-4.59,-4.57,1046493000.0,1234310750.0,1046493000.0,4326461401.0,-17.0,28.538,221072000.0,2.873,1.0,791011000.0,0.27,1467592000.0,208025000.0,6452300000.0,5995653500.0,114140000.0,0.0,,,3772804000.0,,,1367272401.0,94303000.0,-61838000.0,4000000.0,250131000.0,0.0,251131000.0,-564112000.0,0.0,419346000.0,-12062000.0,-353277000.0,-353277000.0,-353277000.0,0.0,0.0,-0.12,836261000.0,-45250000.0,239994000.0,0.0,1.307,-3.87,-3.888,2535709000.0,0.0,17.77,0.466,0.466,448445000.0,-295903000.0,2933149000.0,2933149000.0,0.0,-0.073,-0.286,-0.043,-0.089,34386000.0,467239000.0,1.0,76942735.0,76942735.0,,38.121,3351705000.0,0.0,-115423000.0,98071000.0,43.561,
70,URI,MRT,2003-12-31,2003-12-31,2003-12-31,2021-07-28,22000000.0,4694000000.0,4782673000.0,,,0.603,13.874,-179000000.0,79000000.0,79000000.0,2100000000.0,-254000000.0,,3.391,3039000000.0,,,3039000000.0,0.0,403000000.0,0.0,0.0,0.0,-94000000.0,309000000.0,0.107,309000000.0,-94000000.0,-303000000.0,-3.29,-3.29,-3.29,1069000000.0,1307763250.0,1069000000.0,3963531505.0,-42.0,12.827,127000000.0,1.648,1.0,782000000.0,0.271,1439000000.0,209000000.0,6215000000.0,5750349000.0,106000000.0,0.0,,,3625000000.0,,,1483948505.0,60000000.0,-5000000.0,1000000.0,248000000.0,0.0,246000000.0,-488000000.0,0.0,306000000.0,-4000000.0,-254000000.0,-254000000.0,-254000000.0,0.0,0.0,-0.088,818000000.0,-36000000.0,151000000.0,0.0,1.388,-5.842,-5.854,2469000000.0,0.0,19.26,0.515,0.515,483000000.0,-258000000.0,2882000000.0,2882000000.0,0.0,-0.053,-0.194,-0.016,-0.033,26000000.0,449000000.0,1.0,77048209.0,77048209.0,,37.405,3255000000.0,0.0,-49000000.0,163000000.0,42.246,
71,URI,MRT,2003-09-30,2003-09-30,2003-09-30,2021-07-28,12225000.0,4910860000.0,4781812250.0,,,0.59,18.578,-185894000.0,76348000.0,76348000.0,1985817000.0,-170574000.0,,2.28,2555931000.0,,,2555931000.0,0.0,399879000.0,0.0,0.0,0.0,9251000.0,409130000.0,0.145,409130000.0,9251000.0,-199339000.0,-1.83,-2.51,-1.83,1429564000.0,1373389500.0,1429564000.0,3793717169.0,410.0,9.273,261528000.0,3.399,1.0,833397000.0,0.296,1732340000.0,208590000.0,5658103000.0,5564877000.0,111415000.0,0.0,,,3259746000.0,,,1238109169.0,52517000.0,-14741000.0,208000.0,-109257000.0,0.0,-139144000.0,-261164000.0,0.0,447422000.0,5403000.0,-170574000.0,-170574000.0,-170574000.0,0.0,0.0,-0.061,808682000.0,24715000.0,212103000.0,0.0,0.866,-7.258,-8.792,2304674000.0,0.0,16.09,0.439,0.439,535376000.0,115833000.0,2819214000.0,2819214000.0,0.0,-0.036,-0.124,0.002,0.003,26418000.0,462875000.0,1.0,76948985.0,76948985.0,,36.637,3178520000.0,0.0,-28765000.0,265137000.0,41.307,
72,URI,MRT,2003-06-30,2003-06-30,2003-06-30,2021-07-28,9256000.0,4833756000.0,4829852250.0,,,0.579,18.181,-297352000.0,30403000.0,30403000.0,1976598000.0,-161691000.0,,2.309,2586011000.0,,,2586011000.0,0.0,395665000.0,0.0,0.0,0.0,14728000.0,410393000.0,0.147,410393000.0,14728000.0,-189133000.0,-1.73,-2.42,-1.73,1392186000.0,1391681000.0,1392186000.0,3564298289.0,242.0,8.685,191414000.0,2.5,1.0,820585000.0,0.293,1732153000.0,203861000.0,5657211000.0,5581108000.0,110488000.0,0.0,,,3215020000.0,,,1063595289.0,6546000.0,-17220000.0,-33000.0,-139016000.0,0.0,-165569000.0,-318018000.0,0.0,488766000.0,1367000.0,-161691000.0,-161691000.0,-161691000.0,0.0,0.0,-0.058,789413000.0,31172000.0,217533000.0,0.0,0.764,-6.578,-8.029,2317994000.0,0.0,13.89,0.38,0.38,488607000.0,83949000.0,2797183000.0,2797183000.0,0.0,-0.033,-0.116,0.003,0.005,14884000.0,446304000.0,1.0,76572735.0,76572735.0,,36.53,3101603000.0,0.0,-27442000.0,230367000.0,40.505,
73,URI,MRT,2003-03-31,2003-03-31,2003-03-31,2021-07-28,-10941000.0,4692076000.0,4883371750.0,,,0.576,17.513,-327501000.0,32928000.0,32928000.0,1963105000.0,-133968000.0,,2.332,2533631000.0,,,2533631000.0,0.0,390787000.0,0.0,0.0,0.0,53599000.0,444386000.0,0.158,444386000.0,53599000.0,-143393000.0,-1.36,-2.16,-1.36,1340303000.0,1410864000.0,1340303000.0,3229795903.0,60.0,7.268,192552000.0,2.516,1.0,850781000.0,0.302,1721697000.0,196992000.0,5471082000.0,5592886750.0,107781000.0,0.0,,,3125223000.0,,,736228903.0,1773000.0,-128495000.0,826000.0,-42632000.0,0.0,-68326000.0,-459442000.0,0.0,520053000.0,9488000.0,-133968000.0,-133968000.0,-133968000.0,0.0,0.0,-0.048,781360000.0,69421000.0,191657000.0,0.0,0.549,-5.496,-7.074,2256469000.0,0.0,9.62,0.262,0.262,422266000.0,60558000.0,2813886000.0,2813886000.0,0.0,-0.027,-0.095,0.01,0.019,9821000.0,441266000.0,1.0,76531071.0,76531071.0,,36.768,2970379000.0,0.0,-9425000.0,220754000.0,38.813,
74,URI,MRT,2002-12-31,2002-12-31,2002-12-31,2021-07-28,-26848000.0,4690557000.0,4900272750.0,,,0.576,17.392,-318000000.0,19231000.0,19231000.0,1945000000.0,-406000000.0,,2.353,2512798000.0,,,2512798000.0,0.0,385000000.0,0.0,0.0,0.0,-209000000.0,176000000.0,0.062,176000000.0,-209000000.0,-405000000.0,-4.88,-4.88,-4.88,1331505000.0,1426177250.0,1331505000.0,3407187078.0,-16.0,19.359,160000000.0,2.09,1.0,876000000.0,0.311,1711012000.0,196000000.0,5473112000.0,5564358250.0,91798000.0,0.0,,,3132502000.0,,,823777078.0,-8000000.0,-173000000.0,37000000.0,10000000.0,0.0,9000000.0,-495000000.0,0.0,478000000.0,0.0,-406000000.0,-406000000.0,-406000000.0,0.0,0.0,-0.144,780000000.0,96000000.0,207038000.0,0.0,0.619,-2.029,-2.205,2271027000.0,0.0,10.76,0.292,0.292,466196000.0,69281000.0,2821000000.0,2821000000.0,0.0,-0.083,-0.285,-0.038,-0.074,11000000.0,443000000.0,1.0,76559208.0,76559208.0,,36.847,2979545000.0,0.0,1000000.0,225587000.0,38.918,
75,URI,MRT,2002-09-30,2002-09-30,2002-09-30,2021-07-28,-30125000.0,5103020000.0,4993012500.0,,,0.567,19.627,-389771000.0,23926000.0,23926000.0,1907017000.0,-156700000.0,,2.207,2607336000.0,,,2607336000.0,0.0,393094000.0,0.0,0.0,0.0,119367000.0,512461000.0,0.181,512461000.0,119367000.0,-77087000.0,-2.11,-1.55,-2.11,1502730000.0,1499678500.0,1502730000.0,3275314821.0,27.0,6.391,229112000.0,2.992,1.0,923815000.0,0.326,1963403000.0,196454000.0,5723027000.0,5517583000.0,93190000.0,0.0,,,3317040000.0,,,646191821.0,-6590000.0,-175001000.0,38668000.0,-86759000.0,0.0,-59571000.0,-564687000.0,0.0,618883000.0,-1215000.0,-156700000.0,-156700000.0,-156700000.0,0.0,0.0,-0.055,494196000.0,429619000.0,269491000.0,0.0,0.43,-4.124,-4.0,2334780000.0,0.0,8.44,0.228,0.228,541538000.0,278232000.0,2830832000.0,2830832000.0,0.0,-0.031,-0.104,0.022,0.042,10985000.0,425019000.0,1.0,76563012.0,76563012.0,,36.974,3139617000.0,0.0,79613000.0,278328000.0,41.007,
76,URI,MRT,2002-06-30,2002-06-30,2002-06-30,2021-07-28,-20215000.0,5047834000.0,5044319000.0,,,0.564,19.18,-333807000.0,23952000.0,23952000.0,1859902000.0,-135415000.0,,2.244,2653075000.0,,,2653075000.0,0.0,402482000.0,0.0,0.0,0.0,166686000.0,569168000.0,0.2,569168000.0,166686000.0,-37803000.0,-1.79,-1.35,-1.79,1468918000.0,1523158750.0,1468918000.0,4156653837.0,25.0,7.303,233824000.0,3.053,1.0,983310000.0,0.346,1972631000.0,204489000.0,5704326000.0,5526774500.0,107071000.0,0.0,,,3295666000.0,,,1669595837.0,-12183000.0,-179447000.0,39294000.0,-90574000.0,0.0,-62760000.0,-514153000.0,0.0,567631000.0,-2901000.0,-135415000.0,-135415000.0,-135415000.0,0.0,0.0,-0.048,506319000.0,476991000.0,252655000.0,0.0,1.137,-12.329,-12.179,2284077000.0,0.0,21.8,0.587,0.587,499482000.0,237465000.0,2843212000.0,2843212000.0,0.0,-0.027,-0.089,0.03,0.059,10307000.0,425056000.0,1.0,76586965.0,76586965.0,,37.124,3075203000.0,0.0,97612000.0,255662000.0,40.153,
77,URI,MRT,2002-03-31,2002-03-31,2002-03-31,2021-07-28,-29387000.0,4759680000.0,5111022000.0,,,0.561,18.583,-354495000.0,31250000.0,31250000.0,1850355000.0,-172911000.0,,2.194,2518308000.0,,,2518308000.0,0.0,416752000.0,0.0,0.0,0.0,128751000.0,545503000.0,0.19,545503000.0,128751000.0,-85265000.0,-2.27,-1.72,-2.27,1401556000.0,1541120500.0,1401556000.0,4504744580.0,35.0,8.258,326749000.0,4.332,1.0,1016111000.0,0.354,1889770000.0,214016000.0,5356968000.0,5557877500.0,103891000.0,0.0,,,3074874000.0,,,2072548580.0,5048000.0,-77913000.0,44837000.0,-270275000.0,0.0,-236918000.0,-434728000.0,0.0,681244000.0,-4550000.0,-172911000.0,-172911000.0,-172911000.0,0.0,0.0,-0.06,554815000.0,461296000.0,190454000.0,0.0,1.479,-11.986,-12.106,2140714000.0,0.0,27.48,0.723,0.723,422181000.0,186351000.0,2866466000.0,2866466000.0,0.0,-0.034,-0.112,0.023,0.045,8969000.0,431353000.0,1.0,75420254.0,75420254.0,,38.007,2869910000.0,0.0,87646000.0,228792000.0,38.052,
78,URI,MRT,2001-12-31,2001-12-31,2001-12-31,2021-07-28,-30127000.0,5061516000.0,5199130000.0,,,0.555,22.174,-350217000.0,27326000.0,27326000.0,1847135000.0,111256000.0,,1.929,2459522000.0,,,2459522000.0,0.0,427726000.0,0.0,0.0,0.0,418037000.0,845763000.0,0.293,845763000.0,418037000.0,196474000.0,1.54,1.18,1.54,1625510000.0,1569337500.0,1625510000.0,4332024411.0,10.0,5.122,346493000.0,4.727,1.0,1039470000.0,0.36,2207701000.0,221563000.0,5286011000.0,5622437000.0,85764000.0,0.0,,,3136006000.0,,,1664097411.0,-7058000.0,-56941000.0,-14341000.0,-263647000.0,0.0,-277988000.0,-409643000.0,0.0,696710000.0,-16137000.0,111256000.0,111256000.0,111256000.0,0.0,0.0,0.039,577436000.0,462034000.0,204773000.0,0.0,1.024,14.957,14.74,2157235000.0,0.0,22.7,0.576,0.576,450273000.0,467106000.0,2886605000.0,2886605000.0,0.0,0.021,0.071,0.074,0.145,6176000.0,441751000.0,1.0,73308256.0,73308256.0,,39.376,2853815000.0,0.0,85218000.0,297024000.0,38.929,
79,URI,MRT,2001-09-30,2001-09-30,2001-09-30,2021-07-28,-23793000.0,5308246000.0,5214734250.0,,,0.563,21.814,-405604000.0,30516000.0,30516000.0,1869564000.0,115456000.0,,2.137,2698443000.0,,,2698443000.0,0.0,425436000.0,0.0,0.0,0.0,443240000.0,868676000.0,0.296,868676000.0,443240000.0,210414000.0,1.61,1.21,1.61,1596651000.0,1441745750.0,1596651000.0,3992809514.0,9.0,4.596,249355000.0,3.407,1.0,1063956000.0,0.363,2216380000.0,232826000.0,5759793000.0,5685411250.0,105064000.0,0.0,,,3411595000.0,,,1269196514.0,-1199000.0,-72577000.0,-15828000.0,-142052000.0,0.0,-157880000.0,-481879000.0,0.0,654959000.0,-16399000.0,115456000.0,115456000.0,115456000.0,0.0,0.0,0.039,584442000.0,479514000.0,253813000.0,0.0,0.795,10.993,10.77,2245117000.0,0.0,17.34,0.433,0.433,539311000.0,434932000.0,2933520000.0,2933520000.0,0.0,0.022,0.08,0.078,0.151,3675000.0,451540000.0,1.0,73194724.0,73194724.0,,40.078,3091866000.0,0.0,94958000.0,267403000.0,42.242,
80,URI,MRT,2001-06-30,2001-06-30,2001-06-30,2021-07-28,-14724000.0,5314646000.0,5203960250.0,,,0.576,21.983,-448877000.0,36135000.0,36135000.0,1897652000.0,128795000.0,,2.255,2759748000.0,,,2759748000.0,0.0,426268000.0,0.0,0.0,0.0,470374000.0,896642000.0,0.299,896642000.0,470374000.0,233216000.0,1.83,1.37,1.83,1540765000.0,1419329250.0,1540765000.0,4543803778.0,10.0,5.068,99474000.0,1.419,1.0,1099418000.0,0.367,2209521000.0,237158000.0,5828738000.0,5705477500.0,114570000.0,0.0,,,3473881000.0,,,1818815778.0,2943000.0,-110521000.0,-16367000.0,45391000.0,0.0,29024000.0,-563378000.0,0.0,548351000.0,-11054000.0,128795000.0,128795000.0,128795000.0,0.0,0.0,0.043,592816000.0,506602000.0,312014000.0,0.0,1.18,14.122,14.18,2279980000.0,0.0,25.95,0.607,0.607,490555000.0,372880000.0,2997070000.0,2997070000.0,0.0,0.025,0.091,0.082,0.157,1394000.0,465076000.0,1.0,70089240.0,70089240.0,,42.761,3105125000.0,0.0,104421000.0,230106000.0,44.302,
81,URI,MRT,2001-03-31,2001-03-31,2001-03-31,2021-07-28,-18960000.0,5112112000.0,5145454250.0,,,0.575,21.697,-536707000.0,26202000.0,26202000.0,1873850000.0,162376000.0,,2.178,2751190000.0,,,2751190000.0,0.0,423819000.0,0.0,0.0,0.0,514192000.0,938011000.0,0.317,938011000.0,514192000.0,277566000.0,2.3,1.74,2.3,1514424000.0,1392061750.0,1514424000.0,3780814044.0,7.0,4.031,-61485000.0,-0.881,1.0,1085153000.0,0.367,2221894000.0,236626000.0,5615206000.0,5629916750.0,127829000.0,0.0,,,3297688000.0,,,1139831044.0,-8700000.0,-236998000.0,-53718000.0,365086000.0,0.0,311368000.0,-776783000.0,0.0,475222000.0,-18507000.0,162376000.0,162376000.0,162376000.0,0.0,0.0,0.055,553763000.0,531390000.0,205864000.0,0.0,0.753,7.02,7.1,2147801000.0,0.0,16.33,0.385,0.385,420579000.0,359262000.0,2959003000.0,2959003000.0,0.0,0.032,0.117,0.091,0.174,0.0,461373000.0,1.0,69799819.0,69799819.0,,42.393,2890218000.0,0.0,115190000.0,214784000.0,41.407,
82,URI,MRT,2000-12-31,2000-12-31,2000-12-31,2021-07-28,-6947000.0,5123933000.0,5058546750.0,,,0.577,15.863,-614296000.0,34384000.0,34384000.0,1830291000.0,176375000.0,,2.94,2675367000.0,,,2675367000.0,0.0,414432000.0,0.0,0.0,0.0,530275000.0,944707000.0,0.324,944707000.0,530275000.0,301496000.0,2.48,1.89,2.48,1115143000.0,1367026500.0,1115143000.0,3714303259.0,7.0,3.932,-101575000.0,-1.445,1.0,1088570000.0,0.373,2227008000.0,228779000.0,5537908000.0,5527496250.0,133380000.0,0.0,,,3277990000.0,,,944685259.0,10573000.0,-344357000.0,-30619000.0,498673000.0,0.0,468054000.0,-962938000.0,0.0,512721000.0,-7264000.0,176375000.0,176375000.0,176375000.0,0.0,0.0,0.06,540631000.0,547939000.0,260155000.0,0.0,0.847,5.356,5.419,2155074000.0,0.0,13.438,0.324,0.324,469594000.0,355850000.0,2918861000.0,2918861000.0,0.0,0.035,0.129,0.096,0.182,0.0,454330000.0,1.0,70299543.0,70299543.0,,41.52,2896925000.0,0.0,125121000.0,206243000.0,41.208,
83,URI,MRT,2000-09-30,2000-09-30,2000-09-30,2021-07-28,421000.0,5265150000.0,4901998000.0,,,0.579,21.441,-647756000.0,31715000.0,31715000.0,1768610000.0,184348000.0,,2.295,2801333000.0,,,2801333000.0,0.0,405564000.0,0.0,0.0,0.0,528018000.0,933582000.0,0.329,933582000.0,528018000.0,314463000.0,2.58,1.96,2.58,1506985000.0,1329912250.0,1506985000.0,4276084805.0,8.0,4.58,-298855000.0,-4.252,1.0,1068370000.0,0.377,2194710000.0,213555000.0,5840058000.0,5362195000.0,142078000.0,0.0,,,3458165000.0,,,1695655805.0,644000.0,-393004000.0,-31299000.0,725192000.0,0.0,693893000.0,-1042713000.0,0.0,348901000.0,563000.0,184348000.0,184348000.0,184348000.0,0.0,0.0,0.065,522131000.0,546239000.0,281352000.0,0.0,1.125,9.198,9.351,2201182000.0,0.0,24.125,0.598,0.598,549803000.0,319476000.0,2836980000.0,2836980000.0,0.0,0.038,0.139,0.098,0.186,0.0,439862000.0,1.0,70286251.0,70286251.0,,40.363,3070440000.0,0.0,130115000.0,163520000.0,43.685,
84,URI,MRT,2000-06-30,2000-06-30,2000-06-30,2021-07-28,659000.0,5080622000.0,4717198000.0,,,0.561,19.867,-677664000.0,33192000.0,33192000.0,1661920000.0,165165000.0,,2.339,2613621000.0,,,2613621000.0,0.0,390783000.0,0.0,0.0,0.0,475589000.0,866372000.0,0.327,866372000.0,475589000.0,280857000.0,2.29,1.77,2.29,1431695000.0,1291468000.0,1431695000.0,3688969318.0,8.0,4.258,-166976000.0,-2.317,1.0,984645000.0,0.372,2134556000.0,194732000.0,5526495000.0,5157564000.0,156258000.0,0.0,,,3348927000.0,,,1234125318.0,13364000.0,-671443000.0,-21863000.0,730711000.0,0.0,852648000.0,-1350910000.0,0.0,510688000.0,938000.0,165165000.0,165165000.0,165165000.0,0.0,0.0,0.062,490771000.0,493874000.0,395238000.0,0.0,0.862,7.472,7.478,2164917000.0,0.0,17.125,0.466,0.466,498892000.0,244085000.0,2646565000.0,2646565000.0,0.0,0.035,0.128,0.092,0.18,0.0,413703000.0,1.0,72065712.0,72065712.0,,36.724,2946066000.0,0.0,115692000.0,93672000.0,40.88,
85,URI,MRT,2000-03-31,2000-03-31,2000-03-31,2021-07-28,-453000.0,4764482000.0,4408588000.0,,,0.549,19.626,-654763000.0,34902000.0,34902000.0,1523370000.0,143852000.0,,2.157,2489746000.0,,,2489746000.0,0.0,364856000.0,0.0,0.0,0.0,409188000.0,774044000.0,0.32,774044000.0,409188000.0,244050000.0,1.99,1.54,1.99,1414283000.0,1291136750.0,1414283000.0,3485419317.0,9.0,4.503,-236308000.0,-3.279,1.0,896911000.0,0.371,2013802000.0,165138000.0,5205524000.0,4869692750.0,145797000.0,0.0,,,3050199000.0,,,1243082317.0,-75944000.0,-978832000.0,26587000.0,971302000.0,0.0,1141689000.0,-1635938000.0,0.0,418455000.0,-150000.0,143852000.0,143852000.0,143852000.0,0.0,0.0,0.059,459900000.0,437011000.0,313200000.0,0.0,0.879,8.641,8.668,2066432000.0,0.0,17.25,0.514,0.514,403050000.0,196886000.0,2420281000.0,2420281000.0,0.0,0.033,0.111,0.084,0.169,0.0,389185000.0,1.0,72062743.0,72062743.0,,33.586,2750680000.0,0.0,100198000.0,81851000.0,38.171,
86,URI,MRT,1999-12-31,1999-12-31,1999-12-31,2021-07-28,317000.0,4497738000.0,3980863500.0,,,0.561,13.417,-606083000.0,23811000.0,23811000.0,1408710000.0,142666000.0,,2.897,2266148000.0,,,2266148000.0,0.0,343508000.0,0.0,0.0,0.0,381635000.0,725143000.0,0.325,725143000.0,381635000.0,241807000.0,2.0,1.53,2.0,966686000.0,1216336250.0,966686000.0,3417377161.0,9.0,4.713,-184723000.0,-2.564,1.0,824918000.0,0.369,1863372000.0,139828000.0,4876703000.0,4357857500.0,129473000.0,0.0,,,2800252000.0,,,1233859161.0,3401000.0,-988485000.0,91690000.0,654523000.0,0.0,1177013000.0,-1595570000.0,0.0,421360000.0,598000.0,142666000.0,142666000.0,142666000.0,0.0,0.0,0.064,415462000.0,409456000.0,242946000.0,0.0,1.276,8.649,8.562,1964640000.0,0.0,17.125,0.552,0.552,434985000.0,179475000.0,2233628000.0,2233628000.0,0.0,0.036,0.117,0.088,0.171,0.0,352595000.0,1.0,72050170.0,72050170.0,,31.001,2634366000.0,0.0,99141000.0,81229000.0,36.563,
87,URI,MRT,1999-09-30,1999-09-30,1999-09-30,2021-07-28,-142000.0,4525950000.0,3515094750.0,,,0.563,18.782,-525629000.0,31071000.0,31071000.0,1256177000.0,116593000.0,,2.123,2214589000.0,,,2214589000.0,0.0,315739000.0,0.0,0.0,0.0,321734000.0,637473000.0,0.322,637473000.0,321734000.0,203206000.0,1.65,1.31,1.65,1353208000.0,1156222250.0,1353208000.0,3477603844.0,11.0,5.455,-148859000.0,-2.066,1.0,724432000.0,0.366,1687934000.0,118528000.0,5021534000.0,3890372250.0,160287000.0,0.0,,,2872742000.0,,,1567036844.0,9276000.0,-981700000.0,92849000.0,614362000.0,0.0,1138011000.0,-1505363000.0,0.0,376770000.0,-142000.0,116593000.0,116593000.0,116593000.0,0.0,0.0,0.059,374776000.0,349656000.0,353470000.0,0.0,1.158,13.44,13.182,2058192000.0,0.0,21.75,0.791,0.791,455791000.0,135128000.0,1980609000.0,1980609000.0,0.0,0.033,0.101,0.083,0.162,0.0,315051000.0,1.0,72047671.0,72047671.0,,27.49,2838016000.0,0.0,86613000.0,89123000.0,39.391,
88,URI,MRT,1999-06-30,1999-06-30,1999-06-30,2021-07-28,-301000.0,3846182000.0,3022857750.0,,,0.559,19.986,-548328000.0,37309000.0,37309000.0,1084895000.0,28892000.0,,1.689,1947876000.0,,,1947876000.0,0.0,285283000.0,0.0,0.0,0.0,185093000.0,470376000.0,0.278,470376000.0,185093000.0,84876000.0,0.41,0.3,0.41,1430370000.0,994929750.0,1430370000.0,3261006802.0,18.0,6.933,-247160000.0,-3.453,1.0,606170000.0,0.358,1381739000.0,100217000.0,4375010000.0,3372894000.0,149267000.0,0.0,,,2415812000.0,,,2111307802.0,-8500000.0,-1112699000.0,83247000.0,682073000.0,1244000.0,1350028000.0,-1659417000.0,0.0,301168000.0,-279000.0,28892000.0,28892000.0,28892000.0,0.0,0.0,0.017,373585000.0,232585000.0,215148000.0,0.0,1.476,73.076,71.951,1833000000.0,0.0,29.5,1.249,1.249,355592000.0,76627000.0,1691065000.0,1691065000.0,0.0,0.01,0.029,0.055,0.109,0.0,277131000.0,1.0,71569756.0,71569756.0,,23.628,2464443000.0,0.0,55984000.0,63674000.0,34.434,
89,URI,MRT,1999-03-31,1999-03-31,1999-03-31,2021-07-28,-303000.0,3053584000.0,2098903794.0,,,0.687,15.752,-458000000.0,110846000.0,110846000.0,931922000.0,23321000.0,,1.469,1260545000.0,,,1260545000.0,0.0,249708000.0,0.0,0.0,0.0,155950000.0,405658000.0,0.281,405658000.0,155950000.0,73208000.0,0.22,0.16,0.22,1115081000.0,646842348.0,1115081000.0,3311628783.0,21.0,8.164,-180613000.0,-2.551,1.0,509528000.0,0.353,1045100000.0,82742000.0,3158183000.0,2339081962.0,98794000.0,0.0,,,1638503000.0,,,2017464783.0,49075000.0,-903620000.0,66115000.0,484020000.0,79000.0,1133678000.0,-1361687000.0,0.0,277387000.0,-303000.0,23321000.0,23321000.0,23321000.0,0.0,0.0,0.016,323827000.0,185701000.0,197601000.0,0.0,1.809,86.509,129.545,1440238000.0,0.0,28.5,1.4,1.4,260445000.0,53034000.0,1441450000.0,1441450000.0,0.0,0.011,0.036,0.067,0.108,0.0,234727000.0,1.0,70788238.0,70788238.0,,20.363,2008484000.0,0.0,49887000.0,50756000.0,28.373,
90,URI,MRT,1998-12-31,1998-12-31,1998-12-31,2021-07-28,-281000.0,2634663000.0,1448039590.0,,,0.843,10.616,-444531000.0,20410000.0,20410000.0,796834000.0,13461000.0,,2.215,1314574000.0,,,1314574000.0,0.0,212311000.0,0.0,0.0,0.0,121117000.0,333428000.0,0.273,333428000.0,121117000.0,56960000.0,0.2,0.18,0.2,726230000.0,464230418.0,726230000.0,3479726808.0,29.0,10.436,-228402000.0,-3.339,1.0,423448000.0,0.347,922065000.0,64157000.0,3006762000.0,1608416659.0,70994000.0,0.0,,,1608433000.0,,,2266013808.0,-52001000.0,-905153000.0,207624000.0,577988000.0,0.0,1082076000.0,-1349925000.0,0.0,216129000.0,-281000.0,13461000.0,13461000.0,13461000.0,0.0,0.0,0.011,278046000.0,145402000.0,121940000.0,0.0,3.12,168.339,165.625,1328517000.0,0.0,33.125,1.857,1.857,233282000.0,36809000.0,1220282000.0,1220282000.0,0.0,0.009,0.029,0.075,0.099,0.0,195620000.0,1.0,68407964.0,68407964.0,,17.838,1712598000.0,0.0,43499000.0,43560000.0,25.035,
91,URI,MRT,1998-09-30,1998-09-30,1998-09-30,2021-07-28,-283000.0,2557002000.0,995876340.0,,,0.97,20.473,-500868000.0,21795000.0,21795000.0,643120000.0,5585000.0,,2.188,1235508000.0,,,1235508000.0,0.0,173246000.0,0.0,0.0,0.0,82807000.0,256053000.0,0.265,256053000.0,82807000.0,38107000.0,0.03,0.05,0.03,708038000.0,394269918.0,708038000.0,920909442.0,11.0,3.597,-249977000.0,-7.228,1.0,323156000.0,0.334,819094000.0,44700000.0,2951621000.0,1092857159.0,74895000.0,0.0,,,1548964000.0,,,827874736.0,-38203000.0,-914835000.0,306809000.0,531719000.0,0.0,1131151000.0,-1420245000.0,0.0,250891000.0,0.0,5585000.0,5585000.0,5585000.0,0.0,0.0,0.006,221221000.0,101935000.0,137339000.0,0.0,1.169,148.232,797.933,1372070000.0,0.0,23.938,0.857,0.857,232448000.0,18535000.0,966276000.0,966276000.0,0.0,0.006,0.014,0.076,0.086,0.0,151111000.0,1.0,34584123.0,34584123.0,,27.94,1737908000.0,0.0,32522000.0,20761000.0,50.252,
92,URI,MRT,1998-06-30,1998-06-30,1998-06-30,2021-07-28,0.0,150366175.0,370338708.0,,,1.934,1.131,-523794283.0,1784124.0,1784124.0,486135000.0,48776000.0,,2.955,94818830.0,,,94818830.0,2653308.0,163833969.0,0.0,0.0,0.0,103630000.0,267463969.0,0.373,267463969.0,103630000.0,80230000.0,0.73,0.7,0.73,38020393.0,230468996.0,38020393.0,1383905091.0,13.0,5.174,-358569287.0,-10.664,1.0,230087000.0,0.321,3639033.0,23400000.0,239761848.0,355005386.0,4507505.0,0.0,,,112345782.0,,,1412196030.0,27998260.0,-496661000.0,547814000.0,339410187.0,565911.0,886504797.0,-1023731533.0,347750.0,165224996.0,0.0,48776000.0,48776000.0,48776000.0,0.0,0.0,0.068,131885000.0,98202000.0,8833191.0,0.0,37.143,28.953,57.534,116884902.0,0.0,42.0,1.972,1.972,16528382.0,37655085.0,716222000.0,716222000.0,0.0,0.132,0.212,0.292,0.145,0.0,111700000.0,1.0,33623715.0,33623715.0,,21.301,146727142.0,0.0,31454000.0,2382731.0,4.364,
93,URI,MRT,1998-03-31,1998-03-31,1998-03-31,2021-07-28,-1671.0,450127183.0,,,,,11.535,,54785007.0,54785007.0,,,,0.17,26494068.0,,,26494068.0,0.0,,0.0,0.0,0.0,,,,,,,,,,384633278.0,,384633278.0,799405954.0,,,,,1.0,,,186314455.0,,235521789.0,,14933813.0,0.0,,,65493905.0,,,866939008.0,,,,,,,,,,,,,,,,,,,28149318.0,,2.254,,,152644389.0,,26.0,,,31443000.0,2671973.0,,,,,,,,,,1.0,33343808.0,33343808.0,,,263812728.0,0.0,,544820.0,7.912,
94,URI,MRT,1997-12-31,1997-12-31,1997-12-31,2021-07-28,0.0,826010000.0,,,,,19.536,-280673000.0,72411000.0,72411000.0,340546000.0,3898000.0,,0.85,264573000.0,,,264573000.0,0.0,95521000.0,0.0,0.0,0.0,45253000.0,140774000.0,0.287,140774000.0,45253000.0,33406000.0,0.08,0.08,0.08,446388000.0,,446388000.0,386647467.0,9.0,2.747,-187544000.0,-8.208,1.0,149292000.0,0.305,73648000.0,11847000.0,944524000.0,,21778000.0,0.0,,,379622000.0,,,441285035.0,69505000.0,-115528000.0,340738000.0,35809000.0,0.0,372706000.0,-396330000.0,0.0,93129000.0,0.0,3898000.0,3898000.0,3898000.0,0.0,0.0,0.008,104549000.0,44743000.0,41392000.0,0.0,0.989,113.208,241.412,559294000.0,0.0,19.313,0.901,0.901,82592000.0,44068000.0,489838000.0,489838000.0,0.0,,,,0.092,0.0,70835000.0,1.0,22849119.0,22849119.0,,21.438,752362000.0,0.0,29508000.0,24395000.0,32.927,
95,URI,MRT,1997-09-30,1997-09-30,1997-09-30,2021-07-28,0.0,54851474.0,,,,,2.312,,54637568.0,54637568.0,,,,0.003,0.0,,,0.0,0.0,,0.0,,0.0,,,,,,,,,,52834315.0,,52834315.0,,,,,,1.0,,,0.0,,213906.0,,0.0,0.0,,,152527.0,,,,,,,,,,,,,,,,,,,,,,67701.0,,,,,99706.0,,,,,0.0,-273457.0,,,,,,,,,,1.0,22849119.0,22849119.0,,,54851474.0,0.0,,0.0,2.401,
96,URI,MRT,1996-12-31,1996-12-31,1996-12-31,2021-07-28,,,,,,,,-117772000.0,,,241445000.0,37726000.0,,,,,,,,74681000.0,,,0.0,49424000.0,124105000.0,0.35,124105000.0,49424000.0,38146000.0,1.67,1.67,1.67,,,,,,,-31801000.0,,1.0,113033000.0,0.319,,11278000.0,,,,,,,,,,,-822000.0,-15033000.0,-105000.0,80110000.0,0.0,43475000.0,-130268000.0,2537000.0,85971000.0,0.0,37726000.0,37726000.0,37726000.0,0.0,0.0,0.106,64108000.0,48925000.0,,0.0,,,,,0.0,,,,,,354478000.0,354478000.0,0.0,,,,0.139,0.0,54721000.0,1.0,,,,,,,420000.0,,,
97,URI,MRT,1996-06-30,1996-06-30,1996-06-30,2021-07-28,0.0,162169068.0,,,,,,,4015527.0,4015527.0,,,,4.607,119384668.0,,,119384668.0,2016607.0,,0.0,,,,,,,,,,,,28924552.0,,28924552.0,,,,,,1.0,,,4436997.0,,273101212.0,,3249010.0,1103354.0,,,133244516.0,,,,,,,,,,,,,,,,,,,,,,5754595.0,,,,,132744473.0,,,,,14592845.0,28596758.0,,,,,,,,,,1.0,,,,,157732071.0,0.0,,5390311.0,,
98,URI,MRT,1995-12-31,1995-12-31,1995-12-31,2021-07-28,,,,,,,,-25215616.0,,,27608531.0,10183799.0,,,,,,,,8081861.0,,,0.0,15392976.0,23474837.0,0.434,23474837.0,15392976.0,11701338.0,,,,,,,,,,-11013770.0,,1.0,26511684.0,0.49,,3691638.0,,,,,,,,,,,201691.0,-7829319.0,170406.0,22303474.0,-3861677.0,18647627.0,-32647782.0,397153.0,14201846.0,0.0,10183799.0,10183799.0,10183799.0,0.0,0.0,0.188,11090352.0,15421332.0,,,,,,,0.0,,,,,,54120215.0,54120215.0,0.0,,,,0.284,0.0,10852925.0,1.0,,,,,,,1517539.0,,,
