None,ticker,dimension,calendardate,datekey,reportperiod,lastupdated,accoci,assets,assetsavg,assetsc,assetsnc,assetturnover,bvps,capex,cashneq,cashnequsd,cor,consolinc,currentratio,de,debt,debtc,debtnc,debtusd,deferredrev,depamor,deposits,divyield,dps,ebit,ebitda,ebitdamargin,ebitdausd,ebitusd,ebt,eps,epsdil,epsusd,equity,equityavg,equityusd,ev,evebit,evebitda,fcf,fcfps,fxusd,gp,grossmargin,intangibles,intexp,invcap,invcapavg,inventory,investments,investmentsc,investmentsnc,liabilities,liabilitiesc,liabilitiesnc,marketcap,ncf,ncfbus,ncfcommon,ncfdebt,ncfdiv,ncff,ncfi,ncfinv,ncfo,ncfx,netinc,netinccmn,netinccmnusd,netincdis,netincnci,netmargin,opex,opinc,payables,payoutratio,pb,pe,pe1,ppnenet,prefdivis,price,ps,ps1,receivables,retearn,revenue,revenueusd,rnd,roa,roe,roic,ros,sbcomp,sgna,sharefactor,sharesbas,shareswa,shareswadil,sps,tangibles,taxassets,taxexp,taxliabilities,tbvps,workingcapital
0,BAX,MRY,2020-12-31,2020-12-31,2020-12-31,2021-09-07,-3314000000.0,20019000000.0,19664250000.0,8411000000.0,11608000000.0,0.594,17.071,-709000000.0,3730000000.0,3730000000.0,7086000000.0,1110000000.0,2.524,1.3,6693000000.0,406000000.0,6287000000.0,6693000000.0,0.0,823000000.0,0.0,0.012,0.955,1418000000.0,2241000000.0,0.192,2241000000.0,1418000000.0,1284000000.0,2.17,2.13,2.17,8689000000.0,8270750000.0,8689000000.0,43606068256.0,31.0,19.458,1159000000.0,2.277,1.0,4587000000.0,0.393,4888000000.0,134000000.0,14761000000.0,14526000000.0,1916000000.0,0.0,0.0,0.0,11293000000.0,3333000000.0,7960000000.0,40988068256.0,401000000.0,-494000000.0,-298000000.0,478000000.0,-473000000.0,-345000000.0,-1179000000.0,0.0,1868000000.0,57000000.0,1102000000.0,1102000000.0,1102000000.0,0.0,8000000.0,0.094,2971000000.0,1616000000.0,1043000000.0,0.44,4.717,37.194,36.977,5325000000.0,0.0,80.24,3.511,3.499,2007000000.0,16328000000.0,11673000000.0,11673000000.0,521000000.0,0.056,0.133,0.098,0.121,130000000.0,2469000000.0,1.0,510818398.0,509000000.0,517000000.0,22.933,15131000000.0,0.0,182000000.0,0.0,29.727,5078000000.0
1,BAX,MRY,2019-12-31,2019-12-31,2019-12-31,2021-09-07,-3710000000.0,18193000000.0,17346500000.0,7503000000.0,10690000000.0,0.655,15.485,-696000000.0,3335000000.0,3335000000.0,6601000000.0,1011000000.0,2.323,1.304,5860000000.0,541000000.0,5319000000.0,5860000000.0,0.0,789000000.0,0.0,0.01,0.85,1031000000.0,1820000000.0,0.16,1820000000.0,1031000000.0,960000000.0,1.97,1.93,1.97,7882000000.0,7732000000.0,7882000000.0,45418681766.0,44.0,24.955,1408000000.0,2.766,1.0,4761000000.0,0.419,4501000000.0,71000000.0,12987000000.0,12699250000.0,1653000000.0,0.0,0.0,0.0,10281000000.0,3230000000.0,7051000000.0,42692681766.0,1497000000.0,-418000000.0,-914000000.0,1883000000.0,-423000000.0,498000000.0,-1100000000.0,0.0,2104000000.0,-5000000.0,1001000000.0,1001000000.0,1001000000.0,0.0,10000000.0,0.088,2989000000.0,1772000000.0,2689000000.0,0.431,5.416,42.65,42.447,5120000000.0,0.0,83.62,3.757,3.746,1896000000.0,15718000000.0,11362000000.0,11362000000.0,595000000.0,0.058,0.129,0.081,0.091,122000000.0,2535000000.0,1.0,510555869.0,509000000.0,519000000.0,22.322,13692000000.0,0.0,-41000000.0,0.0,26.9,4273000000.0
2,BAX,MRY,2018-12-31,2018-12-31,2018-12-31,2021-09-07,-3823000000.0,15720000000.0,16508750000.0,5959000000.0,9761000000.0,0.672,14.689,-659000000.0,1838000000.0,1838000000.0,6340000000.0,1546000000.0,2.118,1.001,3485000000.0,4000000.0,3481000000.0,3485000000.0,0.0,771000000.0,0.0,0.011,0.73,1656000000.0,2427000000.0,0.219,2427000000.0,1656000000.0,1611000000.0,2.9,2.83,2.9,7844000000.0,8738500000.0,7844000000.0,35653520488.0,22.0,14.69,1358000000.0,2.543,1.0,4759000000.0,0.429,4412000000.0,45000000.0,10141000000.0,10237250000.0,1667000000.0,0.0,0.0,0.0,7854000000.0,2814000000.0,5040000000.0,35025520488.0,-1565000000.0,-268000000.0,-2194000000.0,0.0,-376000000.0,-2603000000.0,-916000000.0,0.0,2017000000.0,-63000000.0,1546000000.0,1546000000.0,1546000000.0,6000000.0,0.0,0.139,3175000000.0,1584000000.0,2810000000.0,0.252,4.465,22.656,22.697,4530000000.0,0.0,65.82,3.156,3.167,1840000000.0,15075000000.0,11099000000.0,11099000000.0,654000000.0,0.094,0.177,0.162,0.149,115000000.0,2620000000.0,1.0,532140998.0,534000000.0,546000000.0,20.785,11308000000.0,0.0,65000000.0,0.0,21.176,3145000000.0
3,BAX,MRY,2017-12-31,2017-12-31,2017-12-31,2021-09-07,-4001000000.0,17111000000.0,16818500000.0,7263000000.0,9848000000.0,0.629,16.803,-616000000.0,3394000000.0,3394000000.0,6110000000.0,602000000.0,2.575,0.876,3512000000.0,3000000.0,3509000000.0,3512000000.0,0.0,750000000.0,0.0,0.009,0.61,1148000000.0,1898000000.0,0.179,1898000000.0,1148000000.0,1093000000.0,1.11,1.08,1.11,9124000000.0,9112750000.0,9124000000.0,35198935503.0,31.0,18.545,1098000000.0,2.022,1.0,4474000000.0,0.423,4473000000.0,55000000.0,9935000000.0,9980750000.0,1475000000.0,0.0,0.0,0.0,7995000000.0,2821000000.0,5174000000.0,35217935503.0,617000000.0,-686000000.0,-217000000.0,665000000.0,-315000000.0,93000000.0,-1292000000.0,0.0,1714000000.0,102000000.0,602000000.0,602000000.0,602000000.0,7000000.0,0.0,0.057,3186000000.0,1288000000.0,2733000000.0,0.55,3.86,58.502,58.234,4588000000.0,0.0,64.64,3.327,3.316,1793000000.0,14483000000.0,10584000000.0,10584000000.0,615000000.0,0.036,0.066,0.115,0.108,107000000.0,2627000000.0,1.0,544831923.0,543000000.0,555000000.0,19.492,12638000000.0,0.0,491000000.0,85000000.0,23.274,4442000000.0
4,BAX,MRY,2016-12-31,2016-12-31,2016-12-31,2021-09-07,-4556000000.0,15546000000.0,16168250000.0,6574000000.0,8972000000.0,0.629,15.183,-719000000.0,2801000000.0,2801000000.0,6047000000.0,4965000000.0,2.396,0.876,2782000000.0,3000000.0,2779000000.0,2782000000.0,0.0,800000000.0,0.0,0.011,0.505,5019000000.0,5819000000.0,0.573,5819000000.0,5019000000.0,4953000000.0,9.09,9.01,9.09,8290000000.0,8623750000.0,8290000000.0,24360409962.0,5.0,4.186,935000000.0,1.712,1.0,4116000000.0,0.405,3706000000.0,66000000.0,9077000000.0,9530500000.0,1430000000.0,0.0,0.0,0.0,7266000000.0,2744000000.0,4522000000.0,24117409962.0,588000000.0,-11000000.0,-6000000.0,-56000000.0,-268000000.0,-324000000.0,-715000000.0,0.0,1654000000.0,0.0,4965000000.0,4965000000.0,4965000000.0,1000000.0,0.0,0.489,3371000000.0,745000000.0,2612000000.0,0.056,2.909,4.857,4.878,4289000000.0,0.0,44.34,2.373,2.382,1691000000.0,14200000000.0,10163000000.0,10163000000.0,646000000.0,0.307,0.576,0.527,0.494,115000000.0,2725000000.0,1.0,543919936.0,546000000.0,551000000.0,18.614,11840000000.0,0.0,-12000000.0,126000000.0,21.685,3830000000.0
5,BAX,MRY,2015-12-31,2015-12-31,2015-12-31,2021-09-07,224000000.0,20962000000.0,24002500000.0,11796000000.0,9166000000.0,0.415,16.231,-911000000.0,2213000000.0,2213000000.0,5822000000.0,968000000.0,2.051,1.368,6507000000.0,2585000000.0,3922000000.0,6507000000.0,0.0,759000000.0,0.0,0.033,1.27,1129000000.0,1888000000.0,0.189,1888000000.0,1129000000.0,1003000000.0,1.78,1.76,1.78,8846000000.0,7979000000.0,8846000000.0,25627725255.0,23.0,13.574,860000000.0,1.578,1.0,4146000000.0,0.416,4036000000.0,126000000.0,15470000000.0,19039250000.0,1604000000.0,5148000000.0,5148000000.0,0.0,12097000000.0,5750000000.0,6347000000.0,20868725255.0,-712000000.0,50000000.0,193000000.0,2393000000.0,-910000000.0,-481000000.0,-1807000000.0,0.0,1771000000.0,0.0,968000000.0,968000000.0,968000000.0,-575000000.0,0.0,0.097,3697000000.0,449000000.0,2666000000.0,0.713,2.359,21.559,21.433,4386000000.0,0.0,38.15,2.094,2.086,1731000000.0,9683000000.0,9968000000.0,9968000000.0,603000000.0,0.04,0.121,0.059,0.113,126000000.0,3094000000.0,1.0,547017700.0,545000000.0,549000000.0,18.29,16926000000.0,0.0,35000000.0,453000000.0,31.057,6046000000.0
6,BAX,MRY,2014-12-31,2014-12-31,2014-12-31,2021-09-07,-3650000000.0,26138000000.0,25647750000.0,10162000000.0,15976000000.0,0.418,14.982,-925000000.0,2925000000.0,2925000000.0,6138000000.0,2497000000.0,1.683,2.215,9029000000.0,1698000000.0,7331000000.0,9029000000.0,0.0,792000000.0,0.0,0.028,2.05,2675000000.0,3467000000.0,0.323,3467000000.0,2675000000.0,2530000000.0,4.61,4.56,4.61,8120000000.0,8464250000.0,8120000000.0,46911580812.0,18.0,13.531,2290000000.0,4.225,1.0,4581000000.0,0.427,4547000000.0,145000000.0,21658000000.0,20559500000.0,1577000000.0,0.0,0.0,0.0,17982000000.0,6037000000.0,11945000000.0,39721580812.0,192000000.0,4000000.0,-181000000.0,-113000000.0,-1095000000.0,-1402000000.0,-1542000000.0,0.0,3215000000.0,0.0,2497000000.0,2497000000.0,2497000000.0,-2040000000.0,0.0,0.233,3925000000.0,656000000.0,2677000000.0,0.445,4.892,15.908,15.898,4434000000.0,0.0,73.29,3.706,3.706,1884000000.0,13227000000.0,10719000000.0,10719000000.0,610000000.0,0.097,0.295,0.13,0.25,126000000.0,3315000000.0,1.0,541978180.0,542000000.0,547000000.0,19.777,21591000000.0,0.0,33000000.0,336000000.0,39.836,4125000000.0
7,BAX,MRY,2013-12-31,2013-12-31,2013-12-31,2021-09-07,-1976000000.0,25224000000.0,23635750000.0,10195000000.0,15029000000.0,0.398,15.586,-706000000.0,2733000000.0,2733000000.0,5251000000.0,2012000000.0,1.943,1.978,9166000000.0,1040000000.0,8126000000.0,9166000000.0,0.0,635000000.0,0.0,0.028,1.92,2200000000.0,2835000000.0,0.301,2835000000.0,2200000000.0,2072000000.0,3.7,3.66,3.7,8463000000.0,7613750000.0,8463000000.0,44434618289.0,20.0,15.674,2492000000.0,4.589,1.0,4162000000.0,0.442,6499000000.0,128000000.0,19910000000.0,18550750000.0,3499000000.0,0.0,0.0,0.0,16738000000.0,5248000000.0,11490000000.0,37744618289.0,-537000000.0,-3642000000.0,-405000000.0,3096000000.0,-1023000000.0,1645000000.0,-5362000000.0,0.0,3198000000.0,0.0,2012000000.0,2012000000.0,2012000000.0,-1697000000.0,0.0,0.214,3666000000.0,496000000.0,4208000000.0,0.519,4.46,18.76,18.797,7832000000.0,0.0,69.55,4.01,4.012,2911000000.0,11852000000.0,9413000000.0,9413000000.0,582000000.0,0.085,0.264,0.119,0.234,122000000.0,3084000000.0,1.0,542697603.0,543000000.0,549000000.0,17.335,18725000000.0,504000000.0,60000000.0,0.0,34.484,4947000000.0
8,BAX,MRY,2012-12-31,2012-12-31,2012-12-31,2021-09-07,-2810000000.0,20390000000.0,19361250000.0,9260000000.0,11130000000.0,0.72,12.592,-1161000000.0,3270000000.0,3270000000.0,6802000000.0,2326000000.0,1.946,1.933,5930000000.0,350000000.0,5580000000.0,5930000000.0,0.0,712000000.0,0.0,0.024,1.57,2968000000.0,3680000000.0,0.264,3680000000.0,2968000000.0,2881000000.0,4.22,4.18,4.22,6938000000.0,6835750000.0,6938000000.0,39377532147.0,13.0,10.7,1945000000.0,3.53,1.0,7134000000.0,0.512,3316000000.0,87000000.0,14975000000.0,14093750000.0,2803000000.0,0.0,0.0,0.0,13412000000.0,4759000000.0,8653000000.0,36621532147.0,365000000.0,-408000000.0,-968000000.0,765000000.0,-804000000.0,-1115000000.0,-1569000000.0,0.0,3106000000.0,0.0,2326000000.0,2326000000.0,2326000000.0,-43000000.0,0.0,0.167,4364000000.0,2770000000.0,4409000000.0,0.372,5.278,15.744,15.796,6098000000.0,0.0,66.66,2.628,2.636,2425000000.0,10888000000.0,13936000000.0,13936000000.0,1081000000.0,0.12,0.34,0.211,0.213,130000000.0,3283000000.0,1.0,549377920.0,551000000.0,556000000.0,25.292,17074000000.0,344000000.0,555000000.0,0.0,30.987,4501000000.0
9,BAX,MRY,2011-12-31,2011-12-31,2011-12-31,2021-09-07,-2591000000.0,19073000000.0,18017500000.0,8650000000.0,10423000000.0,0.771,11.573,-960000000.0,2905000000.0,2905000000.0,6847000000.0,2256000000.0,1.781,1.86,5195000000.0,446000000.0,4749000000.0,5195000000.0,0.0,670000000.0,0.0,0.026,1.265,2831000000.0,3501000000.0,0.252,3501000000.0,2831000000.0,2777000000.0,3.91,3.88,3.91,6585000000.0,6817000000.0,6585000000.0,30104096112.0,11.0,8.599,1857000000.0,3.264,1.0,7046000000.0,0.507,3143000000.0,54000000.0,13363000000.0,13202000000.0,2628000000.0,0.0,0.0,0.0,12245000000.0,4857000000.0,7388000000.0,27900096112.0,220000000.0,-467000000.0,-1135000000.0,733000000.0,-709000000.0,-1137000000.0,-1427000000.0,0.0,2817000000.0,0.0,2224000000.0,2224000000.0,2224000000.0,0.0,32000000.0,0.16,4100000000.0,2946000000.0,4411000000.0,0.324,4.237,12.545,12.655,5525000000.0,0.0,49.48,2.008,2.026,2420000000.0,9429000000.0,13893000000.0,13893000000.0,946000000.0,0.123,0.326,0.214,0.204,119000000.0,3154000000.0,1.0,563866130.0,569000000.0,573000000.0,24.417,15930000000.0,295000000.0,553000000.0,0.0,27.996,3793000000.0
10,BAX,MRY,2010-12-31,2010-12-31,2010-12-31,2021-09-07,-2139000000.0,17489000000.0,17176250000.0,7989000000.0,9500000000.0,0.748,11.131,-963000000.0,2685000000.0,2685000000.0,6885000000.0,1427000000.0,1.977,1.628,4387000000.0,24000000.0,4363000000.0,4387000000.0,0.0,685000000.0,0.0,0.023,1.18,1970000000.0,2655000000.0,0.207,2655000000.0,1970000000.0,1883000000.0,2.41,2.39,2.41,6567000000.0,6356250000.0,6567000000.0,31592653344.0,16.0,11.899,2040000000.0,3.458,1.0,5958000000.0,0.464,2515000000.0,87000000.0,12635000000.0,12597750000.0,2371000000.0,0.0,0.0,0.0,10693000000.0,4041000000.0,6652000000.0,29497653344.0,-101000000.0,-301000000.0,-1072000000.0,91000000.0,-688000000.0,-1716000000.0,-1264000000.0,0.0,3003000000.0,0.0,1420000000.0,1420000000.0,1420000000.0,0.0,7000000.0,0.111,3822000000.0,2136000000.0,4017000000.0,0.49,4.492,20.773,21.004,5260000000.0,0.0,50.62,2.297,2.325,2265000000.0,7925000000.0,12843000000.0,12843000000.0,915000000.0,0.083,0.223,0.156,0.153,120000000.0,2907000000.0,1.0,582727249.0,590000000.0,594000000.0,21.768,14974000000.0,323000000.0,463000000.0,0.0,25.38,3948000000.0
11,BAX,MRY,2009-12-31,2009-12-31,2009-12-31,2021-09-07,-1777000000.0,17354000000.0,16251000000.0,8271000000.0,9083000000.0,0.773,11.847,-1014000000.0,2786000000.0,2786000000.0,6037000000.0,2215000000.0,1.853,1.381,4151000000.0,711000000.0,3440000000.0,4151000000.0,0.0,638000000.0,0.0,0.018,1.07,2822000000.0,3460000000.0,0.275,3460000000.0,2822000000.0,2724000000.0,3.63,3.59,3.63,7191000000.0,6732000000.0,7191000000.0,36973930307.0,13.0,10.686,1895000000.0,3.122,1.0,6525000000.0,0.519,2338000000.0,98000000.0,11917000000.0,12183250000.0,2557000000.0,0.0,0.0,0.0,9934000000.0,4464000000.0,5470000000.0,35375930307.0,655000000.0,-132000000.0,-835000000.0,473000000.0,-632000000.0,-1012000000.0,-1146000000.0,0.0,2909000000.0,0.0,2205000000.0,2205000000.0,2205000000.0,0.0,10000000.0,0.176,3648000000.0,2877000000.0,3753000000.0,0.295,4.919,16.044,16.165,5159000000.0,0.0,58.68,2.816,2.835,2302000000.0,7343000000.0,12562000000.0,12562000000.0,917000000.0,0.136,0.328,0.232,0.225,140000000.0,2731000000.0,1.0,602861798.0,607000000.0,614000000.0,20.695,15016000000.0,226000000.0,519000000.0,0.0,24.738,3807000000.0
12,BAX,MRY,2008-12-31,2008-12-31,2008-12-31,2021-09-07,-1885000000.0,15405000000.0,15264000000.0,7148000000.0,8257000000.0,0.809,9.966,-954000000.0,2131000000.0,2131000000.0,6218000000.0,2025000000.0,1.966,1.463,3756000000.0,394000000.0,3362000000.0,3756000000.0,0.0,631000000.0,0.0,0.017,0.913,2527000000.0,3158000000.0,0.256,3158000000.0,2527000000.0,2451000000.0,3.22,3.16,3.22,6229000000.0,6876000000.0,6229000000.0,34463967588.0,14.0,10.913,1561000000.0,2.498,1.0,6130000000.0,0.496,2044000000.0,76000000.0,11351000000.0,10986750000.0,2361000000.0,0.0,0.0,0.0,9114000000.0,3635000000.0,5479000000.0,33234967588.0,-408000000.0,-39000000.0,-1306000000.0,-79000000.0,-546000000.0,-1931000000.0,-993000000.0,0.0,2515000000.0,0.0,2014000000.0,2014000000.0,2014000000.0,0.0,11000000.0,0.163,3566000000.0,2564000000.0,3241000000.0,0.284,5.336,16.502,16.643,4609000000.0,0.0,53.59,2.692,2.712,1980000000.0,5795000000.0,12348000000.0,12348000000.0,868000000.0,0.132,0.293,0.23,0.205,146000000.0,2698000000.0,1.0,620171069.0,625000000.0,637000000.0,19.757,13361000000.0,251000000.0,437000000.0,0.0,21.378,3513000000.0
13,BAX,MRY,2007-12-31,2007-12-31,2007-12-31,2021-09-07,-940000000.0,15294000000.0,14645750000.0,7555000000.0,7739000000.0,0.769,10.739,-692000000.0,2539000000.0,2539000000.0,5744000000.0,1721000000.0,1.982,1.211,3089000000.0,425000000.0,2664000000.0,3089000000.0,0.0,581000000.0,0.0,0.012,0.72,2136000000.0,2717000000.0,0.241,2717000000.0,2136000000.0,2114000000.0,2.65,2.61,2.65,6916000000.0,6625250000.0,6916000000.0,37559910308.0,18.0,13.824,1613000000.0,2.505,1.0,5519000000.0,0.49,2145000000.0,22000000.0,9887000000.0,9281500000.0,2334000000.0,0.0,0.0,0.0,8378000000.0,3812000000.0,4566000000.0,36807910308.0,54000000.0,387000000.0,-1216000000.0,-51000000.0,-704000000.0,-1971000000.0,-305000000.0,0.0,2305000000.0,0.0,1707000000.0,1707000000.0,1707000000.0,0.0,14000000.0,0.152,3351000000.0,2168000000.0,3387000000.0,0.272,5.322,21.563,21.906,4487000000.0,0.0,58.05,3.268,3.319,2026000000.0,4379000000.0,11263000000.0,11263000000.0,760000000.0,0.117,0.258,0.23,0.19,136000000.0,2521000000.0,1.0,634072529.0,644000000.0,654000000.0,17.489,13149000000.0,261000000.0,407000000.0,0.0,20.418,3743000000.0
14,BAX,MRY,2006-12-31,2006-12-31,2006-12-31,2021-09-07,-1426000000.0,14686000000.0,13601000000.0,6970000000.0,7716000000.0,0.763,9.634,-526000000.0,2485000000.0,2485000000.0,5641000000.0,1397000000.0,1.931,1.342,2801000000.0,234000000.0,2567000000.0,2801000000.0,0.0,575000000.0,0.0,0.013,0.582,1779000000.0,2354000000.0,0.227,2354000000.0,1779000000.0,1745000000.0,2.15,2.13,2.15,6272000000.0,6055500000.0,6272000000.0,31101248076.0,17.0,13.212,1657000000.0,2.545,1.0,4737000000.0,0.456,2098000000.0,34000000.0,9294000000.0,9382500000.0,2066000000.0,0.0,0.0,0.0,8414000000.0,3610000000.0,4804000000.0,30360248076.0,1644000000.0,184000000.0,784000000.0,-543000000.0,-364000000.0,-123000000.0,-342000000.0,0.0,2183000000.0,0.0,1397000000.0,1397000000.0,1397000000.0,1000000.0,0.0,0.135,2957000000.0,1780000000.0,3376000000.0,0.271,4.841,21.732,21.577,4229000000.0,0.0,46.39,2.925,2.91,1838000000.0,3271000000.0,10378000000.0,10378000000.0,614000000.0,0.103,0.231,0.19,0.171,94000000.0,2282000000.0,1.0,654456738.0,651000000.0,656000000.0,15.942,12588000000.0,231000000.0,348000000.0,0.0,19.336,3360000000.0
15,BAX,MRY,2005-12-31,2005-12-31,2005-12-31,2021-09-07,-1496000000.0,12727000000.0,13486000000.0,5116000000.0,7611000000.0,0.73,6.912,-444000000.0,841000000.0,841000000.0,5756000000.0,956000000.0,1.228,1.96,3338000000.0,924000000.0,2414000000.0,3338000000.0,0.0,580000000.0,0.0,0.015,0.582,1560000000.0,2140000000.0,0.217,2140000000.0,1560000000.0,1442000000.0,1.54,1.52,1.54,4299000000.0,4223750000.0,4299000000.0,26129353616.0,17.0,12.21,1106000000.0,1.778,1.0,4093000000.0,0.416,2046000000.0,118000000.0,9013000000.0,9958250000.0,1925000000.0,0.0,0.0,0.0,8428000000.0,4165000000.0,4263000000.0,23479353616.0,-268000000.0,77000000.0,176000000.0,-1264000000.0,-359000000.0,-1447000000.0,-367000000.0,0.0,1550000000.0,0.0,956000000.0,956000000.0,956000000.0,2000000.0,0.0,0.097,2531000000.0,1562000000.0,3241000000.0,0.378,5.462,24.56,24.448,4144000000.0,0.0,37.65,2.384,2.378,1766000000.0,2430000000.0,9849000000.0,9849000000.0,533000000.0,0.071,0.226,0.157,0.158,9000000.0,2030000000.0,1.0,623621610.0,622000000.0,629000000.0,15.834,10681000000.0,260000000.0,486000000.0,0.0,17.172,951000000.0
16,BAX,MRY,2004-12-31,2004-12-31,2004-12-31,2021-09-07,-1288000000.0,14147000000.0,13806500000.0,6019000000.0,8128000000.0,0.689,6.034,-558000000.0,1109000000.0,1109000000.0,5594000000.0,388000000.0,1.404,2.818,4294000000.0,361000000.0,3933000000.0,4294000000.0,0.0,601000000.0,0.0,0.017,0.582,534000000.0,1135000000.0,0.119,1135000000.0,534000000.0,435000000.0,0.63,0.63,0.63,3705000000.0,3625250000.0,3705000000.0,25059129394.0,47.0,22.079,822000000.0,1.339,1.0,3915000000.0,0.412,2195000000.0,99000000.0,10851000000.0,11746000000.0,2135000000.0,0.0,0.0,0.0,10442000000.0,4286000000.0,6156000000.0,21292129394.0,184000000.0,6000000.0,163000000.0,-378000000.0,-361000000.0,-576000000.0,-552000000.0,0.0,1380000000.0,0.0,388000000.0,388000000.0,388000000.0,-5000000.0,0.0,0.041,3386000000.0,529000000.0,3925000000.0,0.924,5.747,54.877,54.825,4369000000.0,0.0,34.54,2.239,2.23,2091000000.0,2259000000.0,9509000000.0,9509000000.0,517000000.0,0.028,0.107,0.045,0.056,15000000.0,1960000000.0,1.0,616448448.0,614000000.0,618000000.0,15.487,11952000000.0,297000000.0,47000000.0,0.0,19.466,1733000000.0
17,BAX,MRY,2003-12-31,2003-12-31,2003-12-31,2021-09-07,-1420000000.0,13707000000.0,13385000000.0,5360000000.0,8347000000.0,0.665,5.646,-792000000.0,925000000.0,925000000.0,4951000000.0,866000000.0,1.449,3.053,4574000000.0,153000000.0,4421000000.0,4574000000.0,0.0,545000000.0,0.0,0.019,0.582,1175000000.0,1720000000.0,0.193,1720000000.0,1175000000.0,1088000000.0,1.44,1.43,1.44,3382000000.0,3216250000.0,3382000000.0,22725418200.0,19.0,13.212,634000000.0,1.058,1.0,3953000000.0,0.444,2210000000.0,87000000.0,11448000000.0,11922250000.0,2104000000.0,0.0,0.0,0.0,10325000000.0,3698000000.0,6627000000.0,18626418200.0,-244000000.0,-97000000.0,35000000.0,-440000000.0,-346000000.0,-751000000.0,-889000000.0,0.0,1426000000.0,0.0,866000000.0,866000000.0,866000000.0,24000000.0,0.0,0.097,2737000000.0,1216000000.0,3107000000.0,0.404,5.508,21.509,21.194,4592000000.0,0.0,30.52,2.092,2.053,1914000000.0,2230000000.0,8904000000.0,8904000000.0,553000000.0,0.065,0.269,0.099,0.132,0.0,1805000000.0,1.0,610302038.0,599000000.0,606000000.0,14.865,11497000000.0,140000000.0,222000000.0,438000000.0,19.194,1662000000.0
18,BAX,MRY,2002-12-31,2002-12-31,2002-12-31,2021-09-07,-1264000000.0,12428000000.0,11350000000.0,5107000000.0,7321000000.0,0.714,5.022,-852000000.0,1169000000.0,1169000000.0,4314000000.0,771000000.0,1.367,3.125,4618000000.0,220000000.0,4398000000.0,4618000000.0,0.0,440000000.0,0.0,0.021,0.582,1182000000.0,1622000000.0,0.2,1622000000.0,1182000000.0,1131000000.0,1.28,1.25,1.28,3013000000.0,3847000000.0,3013000000.0,19471023260.0,16.0,12.004,345000000.0,0.575,1.0,3785000000.0,0.467,1971000000.0,51000000.0,10169000000.0,9202750000.0,1752000000.0,0.0,0.0,0.0,9415000000.0,3737000000.0,5678000000.0,16612023260.0,587000000.0,-458000000.0,-575000000.0,1594000000.0,-349000000.0,670000000.0,-1310000000.0,0.0,1197000000.0,0.0,771000000.0,771000000.0,771000000.0,255000000.0,0.0,0.095,2348000000.0,1437000000.0,3047000000.0,0.455,5.513,21.546,21.875,3912000000.0,0.0,28.0,2.051,2.074,1793000000.0,1740000000.0,8099000000.0,8099000000.0,501000000.0,0.068,0.2,0.128,0.146,0.0,1566000000.0,1.0,593286545.0,600000000.0,618000000.0,13.498,10457000000.0,125000000.0,360000000.0,470000000.0,17.428,1370000000.0
19,BAX,MRY,2001-12-31,2001-12-31,2001-12-31,2021-09-07,-432000000.0,10343000000.0,9642500000.0,3977000000.0,6366000000.0,0.761,6.368,-762000000.0,582000000.0,582000000.0,3939000000.0,601000000.0,1.207,1.753,2687000000.0,201000000.0,2486000000.0,2687000000.0,0.0,427000000.0,0.0,0.011,0.582,967000000.0,1394000000.0,0.19,1394000000.0,967000000.0,899000000.0,1.02,0.98,1.02,3757000000.0,3501500000.0,3757000000.0,34331533837.0,36.0,24.628,327000000.0,0.554,1.0,3403000000.0,0.463,1698000000.0,68000000.0,7456000000.0,7694500000.0,1341000000.0,0.0,0.0,0.0,6586000000.0,3294000000.0,3292000000.0,31660533837.0,3000000.0,-770000000.0,404000000.0,406000000.0,-341000000.0,469000000.0,-1532000000.0,0.0,1089000000.0,0.0,601000000.0,601000000.0,601000000.0,11000000.0,0.0,0.082,2373000000.0,1030000000.0,2432000000.0,0.571,8.427,52.68,52.578,3306000000.0,0.0,53.63,4.312,4.31,1622000000.0,1093000000.0,7342000000.0,7342000000.0,426000000.0,0.062,0.172,0.126,0.132,0.0,1448000000.0,1.0,590351181.0,590000000.0,609000000.0,12.444,8645000000.0,82000000.0,298000000.0,879000000.0,14.653,683000000.0
20,BAX,MRY,2000-12-31,2000-12-31,2000-12-31,2021-09-07,-649000000.0,8733000000.0,8760500000.0,3651000000.0,5082000000.0,0.764,4.545,-625000000.0,579000000.0,579000000.0,3641000000.0,740000000.0,1.083,2.284,2360000000.0,634000000.0,1726000000.0,2360000000.0,0.0,394000000.0,0.0,0.013,0.582,1040000000.0,1434000000.0,0.214,1434000000.0,1040000000.0,956000000.0,1.26,1.24,1.26,2659000000.0,2793250000.0,2659000000.0,28101763561.0,27.0,19.597,551000000.0,0.942,1.0,3056000000.0,0.456,1239000000.0,84000000.0,5903000000.0,6914750000.0,1159000000.0,155000000.0,155000000.0,0.0,6074000000.0,3372000000.0,2702000000.0,25975763561.0,-27000000.0,-390000000.0,-142000000.0,106000000.0,-84000000.0,-120000000.0,-1015000000.0,0.0,1176000000.0,0.0,740000000.0,740000000.0,740000000.0,14000000.0,0.0,0.11,2002000000.0,1054000000.0,1990000000.0,0.462,9.769,35.102,35.044,2807000000.0,0.0,44.155,3.879,3.857,1547000000.0,853000000.0,6697000000.0,6697000000.0,378000000.0,0.084,0.265,0.15,0.155,0.0,1330000000.0,1.0,588285892.0,585000000.0,597000000.0,11.448,7494000000.0,159000000.0,216000000.0,908000000.0,12.81,279000000.0
21,BAX,MRY,1999-12-31,1999-12-31,1999-12-31,2021-09-07,-374000000.0,9644000000.0,9835750000.0,3819000000.0,5825000000.0,0.649,5.782,-631000000.0,606000000.0,606000000.0,3568000000.0,797000000.0,1.414,1.881,2856000000.0,255000000.0,2601000000.0,2856000000.0,0.0,372000000.0,0.0,0.019,0.582,1157000000.0,1529000000.0,0.24,1529000000.0,1157000000.0,1070000000.0,1.37,1.35,1.37,3348000000.0,3173750000.0,3348000000.0,20735357581.0,18.0,13.561,452000000.0,0.781,1.0,2812000000.0,0.441,921000000.0,87000000.0,8273000000.0,8297250000.0,1116000000.0,148000000.0,148000000.0,0.0,6296000000.0,2700000000.0,3596000000.0,18273357581.0,-103000000.0,-104000000.0,14000000.0,-269000000.0,-338000000.0,-445000000.0,-735000000.0,0.0,1083000000.0,0.0,797000000.0,797000000.0,797000000.0,-45000000.0,0.0,0.125,1673000000.0,1139000000.0,1805000000.0,0.425,5.458,22.928,22.923,2650000000.0,0.0,31.405,2.864,2.85,1805000000.0,1415000000.0,6380000000.0,6380000000.0,332000000.0,0.081,0.251,0.139,0.181,0.0,1311000000.0,1.0,581861410.0,579000000.0,590000000.0,11.019,8723000000.0,216000000.0,273000000.0,951000000.0,15.066,1119000000.0
22,BAX,MRY,1998-12-31,1998-12-31,1998-12-31,2021-09-07,-296000000.0,9873000000.0,9406250000.0,4295000000.0,5578000000.0,0.607,4.998,-556000000.0,709000000.0,709000000.0,3142000000.0,315000000.0,1.517,2.478,3367000000.0,271000000.0,3096000000.0,3367000000.0,0.0,344000000.0,0.0,0.018,0.582,657000000.0,1001000000.0,0.175,1001000000.0,657000000.0,533000000.0,0.555,0.545,0.555,2839000000.0,2776750000.0,2839000000.0,21052060916.0,32.0,21.031,383000000.0,0.674,1.0,2564000000.0,0.449,930000000.0,124000000.0,8770000000.0,7930250000.0,1167000000.0,317000000.0,317000000.0,0.0,7034000000.0,2831000000.0,4203000000.0,18375060916.0,244000000.0,-316000000.0,0.0,386000000.0,-331000000.0,173000000.0,-872000000.0,0.0,939000000.0,0.0,315000000.0,315000000.0,315000000.0,-40000000.0,0.0,0.055,1947000000.0,617000000.0,2024000000.0,1.049,6.472,58.334,57.883,2445000000.0,0.0,32.125,3.22,3.198,1807000000.0,990000000.0,5706000000.0,5706000000.0,323000000.0,0.033,0.113,0.083,0.115,0.0,1208000000.0,1.0,571986332.0,568000000.0,578000000.0,10.046,8943000000.0,453000000.0,218000000.0,997000000.0,15.745,1464000000.0
23,BAX,MRY,1997-12-31,1997-12-31,1997-12-31,2021-09-07,-222000000.0,8707000000.0,8463750000.0,3870000000.0,4837000000.0,0.621,4.71,-454000000.0,465000000.0,465000000.0,2877000000.0,300000000.0,1.513,2.325,2779000000.0,144000000.0,2635000000.0,2779000000.0,0.0,318000000.0,0.0,0.023,0.57,630000000.0,948000000.0,0.18,948000000.0,630000000.0,499000000.0,0.54,0.53,0.54,2619000000.0,2466000000.0,2619000000.0,16469688256.0,26.0,17.373,104000000.0,0.187,1.0,2382000000.0,0.453,1622000000.0,131000000.0,6842000000.0,6549000000.0,1208000000.0,367000000.0,367000000.0,0.0,6088000000.0,2557000000.0,3531000000.0,14125688256.0,-296000000.0,-629000000.0,0.0,471000000.0,-316000000.0,265000000.0,-1083000000.0,0.0,558000000.0,0.0,300000000.0,300000000.0,300000000.0,71000000.0,0.0,0.057,1681000000.0,701000000.0,1963000000.0,1.056,5.394,47.086,46.704,2360000000.0,0.0,25.22,2.686,2.666,1781000000.0,1006000000.0,5259000000.0,5259000000.0,339000000.0,0.035,0.122,0.096,0.12,0.0,1145000000.0,1.0,560098662.0,556000000.0,564000000.0,9.459,7085000000.0,253000000.0,199000000.0,766000000.0,12.743,1313000000.0
24,BAX,MRY,1996-12-31,1996-12-31,1996-12-31,2021-09-07,-20000000.0,7596000000.0,,3480000000.0,4116000000.0,,4.603,-398000000.0,761000000.0,761000000.0,3009000000.0,669000000.0,1.423,2.034,2041000000.0,346000000.0,1695000000.0,2041000000.0,0.0,348000000.0,0.0,0.116,2.386,990000000.0,1338000000.0,0.246,1338000000.0,990000000.0,887000000.0,1.23,1.205,1.23,2504000000.0,,2504000000.0,,,,302000000.0,0.555,1.0,2429000000.0,0.447,1386000000.0,103000000.0,5045000000.0,,883000000.0,266000000.0,266000000.0,0.0,5092000000.0,2445000000.0,2647000000.0,11193951692.0,285000000.0,-309000000.0,-267000000.0,610000000.0,-320000000.0,216000000.0,-707000000.0,0.0,700000000.0,0.0,669000000.0,669000000.0,669000000.0,-94000000.0,0.0,0.123,1533000000.0,896000000.0,1704000000.0,1.94,4.47,16.732,16.667,1843000000.0,0.0,20.5,2.058,2.051,1860000000.0,1022000000.0,5438000000.0,5438000000.0,340000000.0,,,,0.182,0.0,1142000000.0,1.0,546046424.0,544000000.0,554000000.0,9.996,6210000000.0,212000000.0,218000000.0,650000000.0,11.415,1035000000.0
25,BAX,MRY,1995-12-31,1995-12-31,1995-12-31,2021-09-07,,,,,,,,-399000000.0,,,2777000000.0,649000000.0,,,,,,,,336000000.0,,0.027,0.556,898000000.0,1234000000.0,0.244,1234000000.0,898000000.0,802000000.0,1.175,1.155,1.175,,,,,,,174000000.0,,1.0,2271000000.0,0.45,,96000000.0,,,,,,,,,,,8000000.0,47000000.0,-500000000.0,-293000000.0,-306000000.0,-996000000.0,-352000000.0,0.0,573000000.0,0.0,649000000.0,649000000.0,649000000.0,-278000000.0,0.0,0.129,1651000000.0,620000000.0,,0.473,,,17.821,,0.0,20.94,,,,,5048000000.0,5048000000.0,327000000.0,,,,0.178,0.0,1084000000.0,1.0,,,,,,,153000000.0,,,
0,BAX,MRQ,2021-06-30,2021-06-30,2021-06-30,2021-09-07,-3376000000.0,19682000000.0,,8004000000.0,11678000000.0,,16.887,-158000000.0,3136000000.0,3136000000.0,1865000000.0,301000000.0,2.394,1.312,6636000000.0,457000000.0,6179000000.0,6636000000.0,0.0,222000000.0,0.0,0.013,0.28,423000000.0,645000000.0,0.208,645000000.0,423000000.0,389000000.0,0.59,0.59,0.59,8494000000.0,,8494000000.0,43857585436.0,29.0,18.56,319000000.0,0.634,1.0,1233000000.0,0.398,5058000000.0,34000000.0,14780000000.0,,2065000000.0,0.0,0.0,0.0,11147000000.0,3344000000.0,7803000000.0,40479585436.0,-46000000.0,-36000000.0,-267000000.0,51000000.0,-124000000.0,-349000000.0,-188000000.0,0.0,477000000.0,14000000.0,298000000.0,298000000.0,298000000.0,0.0,3000000.0,0.096,809000000.0,424000000.0,1005000000.0,0.475,4.766,36.142,36.261,5216000000.0,0.0,80.5,3.319,3.32,2021000000.0,16658000000.0,3098000000.0,3098000000.0,139000000.0,,,,,37000000.0,675000000.0,1.0,502851993.0,503000000.0,509000000.0,6.159,14624000000.0,0.0,91000000.0,0.0,29.074,4660000000.0
1,BAX,MRQ,2021-03-31,2021-03-31,2021-03-31,2021-09-07,-3480000000.0,19466000000.0,,7856000000.0,11610000000.0,,16.737,-171000000.0,3182000000.0,3182000000.0,1801000000.0,300000000.0,2.465,1.299,6560000000.0,407000000.0,6153000000.0,6560000000.0,0.0,217000000.0,0.0,0.012,0.245,383000000.0,600000000.0,0.204,600000000.0,383000000.0,349000000.0,0.59,0.58,0.59,8452000000.0,,8452000000.0,45563462420.0,32.0,20.305,206000000.0,0.408,1.0,1145000000.0,0.389,5073000000.0,34000000.0,14584000000.0,,2017000000.0,0.0,0.0,0.0,10976000000.0,3187000000.0,7789000000.0,42600462420.0,-550000000.0,-381000000.0,-205000000.0,0.0,-125000000.0,-358000000.0,-538000000.0,0.0,377000000.0,-31000000.0,298000000.0,298000000.0,298000000.0,0.0,2000000.0,0.101,755000000.0,390000000.0,1023000000.0,0.415,5.04,39.888,39.972,5181000000.0,0.0,84.34,3.605,3.604,1915000000.0,16502000000.0,2946000000.0,2946000000.0,128000000.0,,,,,22000000.0,627000000.0,1.0,505103894.0,505000000.0,511000000.0,5.834,14393000000.0,0.0,51000000.0,0.0,28.501,4669000000.0
2,BAX,MRQ,2020-12-31,2020-12-31,2020-12-31,2021-09-07,-3314000000.0,20019000000.0,,8411000000.0,11608000000.0,,17.071,-237000000.0,3730000000.0,3730000000.0,1990000000.0,171000000.0,2.524,1.3,6693000000.0,406000000.0,6287000000.0,6693000000.0,0.0,213000000.0,0.0,0.012,0.245,245000000.0,458000000.0,0.144,458000000.0,245000000.0,207000000.0,0.34,0.32,0.34,8689000000.0,,8689000000.0,43606068256.0,31.0,19.458,475000000.0,0.933,1.0,1191000000.0,0.374,4888000000.0,38000000.0,14761000000.0,,1916000000.0,0.0,0.0,0.0,11293000000.0,3333000000.0,7960000000.0,40988068256.0,-630000000.0,-28000000.0,-478000000.0,-536000000.0,-125000000.0,-1143000000.0,-264000000.0,0.0,712000000.0,65000000.0,168000000.0,168000000.0,168000000.0,0.0,3000000.0,0.053,785000000.0,406000000.0,1043000000.0,0.721,4.717,37.194,36.977,5325000000.0,0.0,80.24,3.511,3.499,2007000000.0,16328000000.0,3181000000.0,3181000000.0,135000000.0,,,,,33000000.0,650000000.0,1.0,510818398.0,509000000.0,517000000.0,6.25,15131000000.0,0.0,39000000.0,0.0,29.727,5078000000.0
3,BAX,MRQ,2020-09-30,2020-09-30,2020-09-30,2021-09-07,-3839000000.0,20098000000.0,,9033000000.0,11065000000.0,,16.765,-156000000.0,4359000000.0,4359000000.0,1777000000.0,359000000.0,2.64,1.342,6977000000.0,727000000.0,6250000000.0,6977000000.0,0.0,209000000.0,0.0,0.012,0.245,451000000.0,660000000.0,0.222,660000000.0,451000000.0,412000000.0,0.7,0.69,0.7,8567000000.0,,8567000000.0,43488155887.0,45.0,24.363,354000000.0,0.693,1.0,1195000000.0,0.402,4772000000.0,39000000.0,14522000000.0,,1988000000.0,0.0,0.0,0.0,11496000000.0,3422000000.0,8074000000.0,40711155887.0,272000000.0,-13000000.0,29000000.0,-1000000.0,-125000000.0,-111000000.0,-157000000.0,0.0,510000000.0,30000000.0,356000000.0,356000000.0,356000000.0,0.0,3000000.0,0.12,725000000.0,470000000.0,2695000000.0,0.35,4.752,44.688,44.927,5038000000.0,0.0,80.42,3.531,3.564,2001000000.0,16285000000.0,2972000000.0,2972000000.0,123000000.0,,,,,33000000.0,601000000.0,1.0,506231732.0,511000000.0,518000000.0,5.816,15326000000.0,0.0,56000000.0,0.0,29.992,5611000000.0
4,BAX,MRQ,2020-06-30,2020-06-30,2020-06-30,2021-09-07,-3988000000.0,19465000000.0,,8566000000.0,10899000000.0,,15.969,-144000000.0,4085000000.0,4085000000.0,1680000000.0,247000000.0,2.974,1.391,6862000000.0,319000000.0,6543000000.0,6862000000.0,0.0,202000000.0,0.0,0.011,0.245,324000000.0,526000000.0,0.194,526000000.0,324000000.0,288000000.0,0.48,0.48,0.48,8128000000.0,,8128000000.0,46718798972.0,47.0,25.84,230000000.0,0.452,1.0,1038000000.0,0.382,4768000000.0,36000000.0,14594000000.0,,1905000000.0,0.0,0.0,0.0,11305000000.0,2880000000.0,8425000000.0,43810798972.0,-16000000.0,-10000000.0,85000000.0,-225000000.0,-112000000.0,-261000000.0,-154000000.0,0.0,374000000.0,25000000.0,246000000.0,246000000.0,246000000.0,0.0,1000000.0,0.091,707000000.0,331000000.0,2561000000.0,0.51,5.39,47.414,47.569,4963000000.0,0.0,86.1,3.84,3.841,1884000000.0,16055000000.0,2718000000.0,2718000000.0,117000000.0,,,,,35000000.0,590000000.0,1.0,508836225.0,509000000.0,517000000.0,5.34,14697000000.0,0.0,42000000.0,0.0,28.874,5686000000.0
5,BAX,MRQ,2020-03-31,2020-03-31,2020-03-31,2021-09-07,-4177000000.0,19075000000.0,,8333000000.0,10742000000.0,,15.185,-172000000.0,4110000000.0,4110000000.0,1639000000.0,333000000.0,2.745,1.474,7018000000.0,536000000.0,6482000000.0,7018000000.0,0.0,199000000.0,0.0,0.011,0.22,398000000.0,597000000.0,0.213,597000000.0,398000000.0,377000000.0,0.65,0.64,0.65,7699000000.0,,7699000000.0,43709742320.0,43.0,24.003,100000000.0,0.197,1.0,1163000000.0,0.415,4720000000.0,21000000.0,14227000000.0,,1694000000.0,0.0,0.0,0.0,11345000000.0,3036000000.0,8309000000.0,41184742320.0,775000000.0,-443000000.0,66000000.0,1240000000.0,-111000000.0,1170000000.0,-604000000.0,0.0,272000000.0,-63000000.0,332000000.0,332000000.0,332000000.0,0.0,1000000.0,0.118,754000000.0,409000000.0,2500000000.0,0.338,5.349,41.559,41.851,4917000000.0,0.0,81.19,3.573,3.571,1892000000.0,15935000000.0,2802000000.0,2802000000.0,146000000.0,,,,,29000000.0,628000000.0,1.0,507263731.0,507000000.0,516000000.0,5.527,14355000000.0,0.0,45000000.0,0.0,28.314,5297000000.0
6,BAX,MRQ,2019-12-31,2019-12-31,2019-12-31,2021-09-07,-3710000000.0,18193000000.0,,7503000000.0,10690000000.0,,15.577,-191000000.0,3335000000.0,3335000000.0,1741000000.0,-19000000.0,2.323,1.304,5860000000.0,541000000.0,5319000000.0,5860000000.0,0.0,209000000.0,0.0,0.01,0.22,-207000000.0,2000000.0,0.001,2000000.0,-207000000.0,-227000000.0,-0.04,-0.04,-0.04,7882000000.0,,7882000000.0,45418681766.0,44.0,24.955,638000000.0,1.261,1.0,1298000000.0,0.427,4501000000.0,20000000.0,12987000000.0,,1653000000.0,0.0,0.0,0.0,10281000000.0,3230000000.0,7051000000.0,42692681766.0,326000000.0,-232000000.0,-219000000.0,222000000.0,-113000000.0,-116000000.0,-421000000.0,0.0,829000000.0,34000000.0,-23000000.0,-23000000.0,-23000000.0,0.0,4000000.0,-0.008,762000000.0,536000000.0,2689000000.0,-5.5,5.416,42.65,42.447,5120000000.0,0.0,83.62,3.757,3.746,1896000000.0,15718000000.0,3039000000.0,3039000000.0,156000000.0,,,,,30000000.0,666000000.0,1.0,510555869.0,506000000.0,516000000.0,6.006,13692000000.0,0.0,-204000000.0,0.0,27.059,4273000000.0
7,BAX,MRQ,2019-09-30,2019-09-30,2019-09-30,2021-09-07,-4288000000.0,17299000000.0,,7210000000.0,10089000000.0,,14.849,-167000000.0,3009000000.0,3009000000.0,1621000000.0,375000000.0,2.761,1.276,5559000000.0,2000000.0,5557000000.0,5559000000.0,0.0,195000000.0,0.0,0.009,0.22,488000000.0,683000000.0,0.24,683000000.0,488000000.0,475000000.0,0.72,0.71,0.72,7588000000.0,,7588000000.0,47384321861.0,29.0,19.572,534000000.0,1.045,1.0,1230000000.0,0.431,4212000000.0,13000000.0,13026000000.0,,1715000000.0,0.0,0.0,0.0,9682000000.0,2611000000.0,7071000000.0,44658321861.0,75000000.0,-75000000.0,-237000000.0,0.0,-112000000.0,-354000000.0,-231000000.0,0.0,701000000.0,-41000000.0,369000000.0,369000000.0,369000000.0,0.0,6000000.0,0.129,727000000.0,503000000.0,2609000000.0,0.306,5.885,33.603,33.903,4995000000.0,0.0,87.47,4.003,4.007,1814000000.0,15849000000.0,2851000000.0,2851000000.0,144000000.0,,,,,35000000.0,627000000.0,1.0,510555869.0,511000000.0,520000000.0,5.579,13087000000.0,0.0,106000000.0,0.0,25.611,4599000000.0
8,BAX,MRQ,2019-06-30,2019-06-30,2019-06-30,2021-09-07,-4639000000.0,17544000000.0,,7218000000.0,10326000000.0,,15.318,-145000000.0,2925000000.0,2925000000.0,1681000000.0,313000000.0,2.779,1.243,5651000000.0,4000000.0,5647000000.0,5651000000.0,0.0,193000000.0,0.0,0.01,0.22,346000000.0,539000000.0,0.19,539000000.0,346000000.0,326000000.0,0.61,0.6,0.61,7812000000.0,,7812000000.0,44543797447.0,29.0,19.2,301000000.0,0.59,1.0,1153000000.0,0.407,4302000000.0,20000000.0,13371000000.0,,1757000000.0,0.0,0.0,0.0,9708000000.0,2597000000.0,7111000000.0,41782797447.0,1032000000.0,-2000000.0,-34000000.0,866000000.0,-97000000.0,730000000.0,-147000000.0,0.0,446000000.0,3000000.0,313000000.0,313000000.0,313000000.0,0.0,0.0,0.11,803000000.0,350000000.0,2593000000.0,0.361,5.349,28.27,28.94,5129000000.0,0.0,81.9,3.776,3.775,1885000000.0,16184000000.0,2834000000.0,2834000000.0,166000000.0,,,,,35000000.0,641000000.0,1.0,510168467.0,510000000.0,519000000.0,5.557,13242000000.0,0.0,13000000.0,0.0,25.965,4621000000.0
9,BAX,MRQ,2019-03-31,2019-03-31,2019-03-31,2021-09-07,-4562000000.0,16350000000.0,,6087000000.0,10263000000.0,,14.934,-193000000.0,1908000000.0,1908000000.0,1558000000.0,342000000.0,1.83,1.135,4669000000.0,798000000.0,3871000000.0,4669000000.0,0.0,192000000.0,0.0,0.009,0.19,404000000.0,596000000.0,0.226,596000000.0,404000000.0,386000000.0,0.67,0.66,0.67,7646000000.0,,7646000000.0,43319481205.0,27.0,18.118,-65000000.0,-0.127,1.0,1080000000.0,0.409,4371000000.0,18000000.0,11413000000.0,,1751000000.0,0.0,0.0,0.0,8681000000.0,3327000000.0,5354000000.0,41674481205.0,64000000.0,-109000000.0,-424000000.0,795000000.0,-101000000.0,238000000.0,-301000000.0,0.0,128000000.0,-1000000.0,342000000.0,342000000.0,342000000.0,0.0,0.0,0.13,697000000.0,383000000.0,2529000000.0,0.284,5.45,27.636,28.43,5056000000.0,0.0,81.31,3.763,3.759,1802000000.0,15970000000.0,2638000000.0,2638000000.0,129000000.0,,,,,22000000.0,601000000.0,1.0,512538202.0,512000000.0,522000000.0,5.152,11979000000.0,0.0,44000000.0,0.0,23.396,2760000000.0
10,BAX,MRQ,2018-12-31,2018-12-31,2018-12-31,2021-09-07,-3823000000.0,15720000000.0,,5959000000.0,9761000000.0,,14.856,-206000000.0,1838000000.0,1838000000.0,1650000000.0,305000000.0,2.118,1.001,3485000000.0,4000000.0,3481000000.0,3485000000.0,0.0,185000000.0,0.0,0.011,0.19,418000000.0,603000000.0,0.213,603000000.0,418000000.0,407000000.0,0.58,0.57,0.58,7844000000.0,,7844000000.0,35653520488.0,22.0,14.69,503000000.0,0.953,1.0,1183000000.0,0.418,4412000000.0,11000000.0,10141000000.0,,1667000000.0,0.0,0.0,0.0,7854000000.0,2814000000.0,5040000000.0,35025520488.0,-1025000000.0,-13000000.0,-1398000000.0,0.0,-102000000.0,-1508000000.0,-216000000.0,0.0,709000000.0,-10000000.0,305000000.0,305000000.0,305000000.0,6000000.0,0.0,0.108,792000000.0,391000000.0,2810000000.0,0.328,4.465,22.656,22.697,4530000000.0,0.0,65.82,3.156,3.167,1840000000.0,15075000000.0,2833000000.0,2833000000.0,175000000.0,,,,,28000000.0,627000000.0,1.0,532140998.0,528000000.0,540000000.0,5.366,11308000000.0,0.0,102000000.0,0.0,21.417,3145000000.0
11,BAX,MRQ,2018-09-30,2018-09-30,2018-09-30,2021-09-07,-4239000000.0,16847000000.0,,7028000000.0,9819000000.0,,17.097,-142000000.0,2860000000.0,2860000000.0,1529000000.0,518000000.0,2.599,0.847,3488000000.0,3000000.0,3485000000.0,3488000000.0,0.0,199000000.0,0.0,0.009,0.19,383000000.0,582000000.0,0.211,582000000.0,383000000.0,372000000.0,0.97,0.95,0.97,9130000000.0,,9130000000.0,41827569255.0,29.0,18.995,314000000.0,0.588,1.0,1232000000.0,0.446,4382000000.0,11000000.0,10389000000.0,,1718000000.0,0.0,0.0,0.0,7734000000.0,2704000000.0,5030000000.0,41186569255.0,-3000000.0,-27000000.0,-185000000.0,0.0,-101000000.0,-287000000.0,-161000000.0,0.0,456000000.0,-11000000.0,518000000.0,518000000.0,518000000.0,0.0,0.0,0.188,850000000.0,382000000.0,2592000000.0,0.196,4.511,38.709,38.739,4520000000.0,0.0,77.09,3.718,3.716,1826000000.0,15394000000.0,2761000000.0,2761000000.0,166000000.0,,,,,33000000.0,684000000.0,1.0,534266043.0,534000000.0,546000000.0,5.17,12465000000.0,0.0,-146000000.0,109000000.0,23.343,4324000000.0
12,BAX,MRQ,2018-06-30,2018-06-30,2018-06-30,2021-09-07,-4199000000.0,16578000000.0,,6890000000.0,9688000000.0,,16.6,-156000000.0,2857000000.0,2857000000.0,1603000000.0,343000000.0,2.621,0.868,3498000000.0,3000000.0,3495000000.0,3498000000.0,0.0,195000000.0,0.0,0.009,0.19,415000000.0,610000000.0,0.215,610000000.0,415000000.0,404000000.0,0.64,0.63,0.64,8881000000.0,,8881000000.0,40146278487.0,30.0,19.018,249000000.0,0.465,1.0,1239000000.0,0.436,4411000000.0,11000000.0,10179000000.0,,1622000000.0,0.0,0.0,0.0,7709000000.0,2629000000.0,5080000000.0,39540278487.0,-90000000.0,-9000000.0,-171000000.0,0.0,-86000000.0,-263000000.0,-165000000.0,0.0,405000000.0,-42000000.0,343000000.0,343000000.0,343000000.0,0.0,0.0,0.121,855000000.0,384000000.0,2524000000.0,0.297,4.452,49.611,49.892,4531000000.0,0.0,73.84,3.587,3.584,1783000000.0,14966000000.0,2842000000.0,2842000000.0,174000000.0,,,,,34000000.0,681000000.0,1.0,535485895.0,535000000.0,547000000.0,5.312,12167000000.0,0.0,61000000.0,102000000.0,22.742,4261000000.0
13,BAX,MRQ,2018-03-31,2018-03-31,2018-03-31,2021-09-07,-3876000000.0,16890000000.0,,6956000000.0,9934000000.0,,16.881,-155000000.0,2947000000.0,2947000000.0,1563000000.0,389000000.0,2.633,0.857,3553000000.0,3000000.0,3550000000.0,3553000000.0,0.0,192000000.0,0.0,0.01,0.16,450000000.0,642000000.0,0.24,642000000.0,450000000.0,438000000.0,0.72,0.71,0.72,9099000000.0,,9099000000.0,35248628528.0,28.0,17.58,292000000.0,0.542,1.0,1114000000.0,0.416,4614000000.0,12000000.0,10240000000.0,,1581000000.0,0.0,0.0,0.0,7797000000.0,2642000000.0,5155000000.0,35130628528.0,-447000000.0,-219000000.0,-440000000.0,0.0,-87000000.0,-545000000.0,-374000000.0,0.0,447000000.0,0.0,389000000.0,389000000.0,389000000.0,0.0,0.0,0.145,682000000.0,432000000.0,2533000000.0,0.222,3.861,48.86,48.902,4614000000.0,0.0,65.04,3.257,3.25,1807000000.0,14734000000.0,2677000000.0,2677000000.0,140000000.0,,,,,20000000.0,622000000.0,1.0,540138815.0,539000000.0,551000000.0,4.967,12276000000.0,0.0,49000000.0,106000000.0,22.776,4314000000.0
14,BAX,MRQ,2017-12-31,2017-12-31,2017-12-31,2021-09-07,-4001000000.0,17111000000.0,,7263000000.0,9848000000.0,,16.803,-206000000.0,3394000000.0,3394000000.0,1629000000.0,-186000000.0,2.575,0.876,3512000000.0,3000000.0,3509000000.0,3512000000.0,0.0,188000000.0,0.0,0.009,0.16,180000000.0,368000000.0,0.132,368000000.0,180000000.0,166000000.0,-0.34,-0.34,-0.34,9124000000.0,,9124000000.0,35198935503.0,31.0,18.545,185000000.0,0.341,1.0,1168000000.0,0.418,4473000000.0,14000000.0,9935000000.0,,1475000000.0,0.0,0.0,0.0,7995000000.0,2821000000.0,5174000000.0,35217935503.0,-99000000.0,-8000000.0,-240000000.0,32000000.0,-87000000.0,-298000000.0,-204000000.0,0.0,391000000.0,102000000.0,-186000000.0,-186000000.0,-186000000.0,10000000.0,0.0,-0.066,880000000.0,288000000.0,2733000000.0,-0.471,3.86,58.502,58.234,4588000000.0,0.0,64.64,3.327,3.316,1793000000.0,14483000000.0,2797000000.0,2797000000.0,183000000.0,,,,,30000000.0,753000000.0,1.0,544831923.0,543000000.0,558000000.0,5.151,12638000000.0,0.0,352000000.0,85000000.0,23.274,4442000000.0
15,BAX,MRQ,2017-09-30,2017-09-30,2017-09-30,2021-09-07,-3994000000.0,17541000000.0,,7448000000.0,10093000000.0,,17.369,-131000000.0,3517000000.0,3517000000.0,1577000000.0,251000000.0,2.798,0.854,3498000000.0,3000000.0,3495000000.0,3498000000.0,0.0,184000000.0,0.0,0.009,0.16,307000000.0,491000000.0,0.181,491000000.0,307000000.0,293000000.0,0.46,0.45,0.46,9466000000.0,,9466000000.0,33830649854.0,27.0,16.698,474000000.0,0.87,1.0,1130000000.0,0.417,4488000000.0,14000000.0,10372000000.0,,1550000000.0,0.0,0.0,0.0,8082000000.0,2662000000.0,5420000000.0,34190649854.0,-300000000.0,-644000000.0,-82000000.0,0.0,-87000000.0,-175000000.0,-775000000.0,0.0,605000000.0,0.0,251000000.0,251000000.0,251000000.0,-3000000.0,0.0,0.093,830000000.0,300000000.0,2572000000.0,0.348,3.612,33.163,32.853,4488000000.0,0.0,62.75,3.277,3.278,1748000000.0,14615000000.0,2707000000.0,2707000000.0,150000000.0,,,,,31000000.0,680000000.0,1.0,544870914.0,545000000.0,557000000.0,4.967,13053000000.0,0.0,42000000.0,87000000.0,23.95,4786000000.0
16,BAX,MRQ,2017-06-30,2017-06-30,2017-06-30,2021-09-07,-4176000000.0,16963000000.0,,7704000000.0,9259000000.0,,16.866,-156000000.0,3817000000.0,3817000000.0,1473000000.0,265000000.0,3.012,0.85,3457000000.0,3000000.0,3454000000.0,3457000000.0,0.0,184000000.0,0.0,0.009,0.16,320000000.0,504000000.0,0.193,504000000.0,320000000.0,307000000.0,0.49,0.48,0.49,9175000000.0,,9175000000.0,32842728162.0,30.0,17.432,373000000.0,0.686,1.0,1132000000.0,0.435,3855000000.0,13000000.0,10190000000.0,,1525000000.0,0.0,0.0,0.0,7798000000.0,2558000000.0,5240000000.0,32913728162.0,959000000.0,-40000000.0,45000000.0,633000000.0,-71000000.0,603000000.0,-196000000.0,0.0,529000000.0,0.0,265000000.0,265000000.0,265000000.0,-1000000.0,0.0,0.102,785000000.0,347000000.0,2471000000.0,0.327,3.587,36.169,35.822,4337000000.0,0.0,60.54,3.201,3.203,1721000000.0,14480000000.0,2605000000.0,2605000000.0,155000000.0,,,,,28000000.0,630000000.0,1.0,543669114.0,544000000.0,555000000.0,4.789,13108000000.0,0.0,42000000.0,83000000.0,24.096,5146000000.0
17,BAX,MRQ,2017-03-31,2017-03-31,2017-03-31,2021-09-07,-4418000000.0,15659000000.0,,6633000000.0,9026000000.0,,16.055,-123000000.0,2858000000.0,2858000000.0,1431000000.0,272000000.0,2.721,0.804,2787000000.0,3000000.0,2784000000.0,2787000000.0,0.0,194000000.0,0.0,0.01,0.13,341000000.0,535000000.0,0.216,535000000.0,341000000.0,327000000.0,0.5,0.49,0.5,8686000000.0,,8686000000.0,27989664448.0,14.0,9.943,66000000.0,0.122,1.0,1044000000.0,0.422,3724000000.0,14000000.0,9426000000.0,,1480000000.0,0.0,0.0,0.0,6984000000.0,2438000000.0,4546000000.0,28008664448.0,57000000.0,6000000.0,60000000.0,0.0,-70000000.0,-37000000.0,-117000000.0,0.0,189000000.0,0.0,272000000.0,272000000.0,272000000.0,1000000.0,0.0,0.11,691000000.0,353000000.0,2330000000.0,0.26,3.225,15.083,15.208,4274000000.0,0.0,51.86,2.729,2.734,1646000000.0,14323000000.0,2475000000.0,2475000000.0,127000000.0,,,,,18000000.0,564000000.0,1.0,540082230.0,541000000.0,551000000.0,4.575,11935000000.0,0.0,55000000.0,102000000.0,22.061,4195000000.0
18,BAX,MRQ,2016-12-31,2016-12-31,2016-12-31,2021-09-07,-4556000000.0,15546000000.0,,6574000000.0,8972000000.0,,15.267,-200000000.0,2801000000.0,2801000000.0,1537000000.0,243000000.0,2.396,0.876,2782000000.0,3000000.0,2779000000.0,2782000000.0,0.0,201000000.0,0.0,0.011,0.13,295000000.0,496000000.0,0.188,496000000.0,295000000.0,282000000.0,0.46,0.46,0.46,8290000000.0,,8290000000.0,24360409962.0,5.0,4.186,513000000.0,0.945,1.0,1108000000.0,0.419,3706000000.0,13000000.0,9077000000.0,,1430000000.0,0.0,0.0,0.0,7266000000.0,2744000000.0,4522000000.0,24117409962.0,204000000.0,19000000.0,-212000000.0,2000000.0,-71000000.0,-280000000.0,-179000000.0,0.0,713000000.0,0.0,243000000.0,243000000.0,243000000.0,-3000000.0,0.0,0.092,805000000.0,303000000.0,2612000000.0,0.283,2.909,4.857,4.878,4289000000.0,0.0,44.34,2.373,2.382,1691000000.0,14200000000.0,2645000000.0,2645000000.0,156000000.0,,,,,31000000.0,649000000.0,1.0,543919936.0,543000000.0,548000000.0,4.871,11840000000.0,0.0,39000000.0,126000000.0,21.805,3830000000.0
19,BAX,MRQ,2016-09-30,2016-09-30,2016-09-30,2021-09-07,-4172000000.0,15795000000.0,,6589000000.0,9206000000.0,,15.95,-167000000.0,2597000000.0,2597000000.0,1487000000.0,130000000.0,2.528,0.822,2840000000.0,6000000.0,2834000000.0,2840000000.0,0.0,204000000.0,0.0,0.01,0.13,145000000.0,349000000.0,0.136,349000000.0,145000000.0,131000000.0,0.24,0.24,0.24,8677000000.0,,8677000000.0,26427053711.0,5.0,4.598,365000000.0,0.671,1.0,1071000000.0,0.419,3859000000.0,14000000.0,9573000000.0,,1568000000.0,0.0,0.0,0.0,7131000000.0,2606000000.0,4525000000.0,25889053711.0,-33000000.0,1000000.0,38000000.0,-367000000.0,-71000000.0,-405000000.0,-166000000.0,0.0,532000000.0,0.0,130000000.0,130000000.0,130000000.0,-3000000.0,0.0,0.051,885000000.0,186000000.0,2499000000.0,0.542,2.984,5.255,5.295,4327000000.0,0.0,47.6,2.558,2.558,1739000000.0,14049000000.0,2558000000.0,2558000000.0,159000000.0,,,,,30000000.0,726000000.0,1.0,543887683.0,544000000.0,551000000.0,4.702,11936000000.0,0.0,1000000.0,98000000.0,21.941,3983000000.0
20,BAX,MRQ,2016-06-30,2016-06-30,2016-06-30,2021-09-07,-4204000000.0,15982000000.0,,6823000000.0,9159000000.0,,15.527,-168000000.0,2630000000.0,2630000000.0,1613000000.0,1212000000.0,1.833,0.878,3168000000.0,1074000000.0,2094000000.0,3168000000.0,0.0,206000000.0,0.0,0.011,0.13,1229000000.0,1435000000.0,0.555,1435000000.0,1229000000.0,1218000000.0,2.21,2.19,2.21,8509000000.0,,8509000000.0,26119321103.0,5.0,4.652,574000000.0,1.047,1.0,972000000.0,0.376,3912000000.0,11000000.0,8885000000.0,,1591000000.0,0.0,0.0,0.0,7472000000.0,3723000000.0,3749000000.0,24973321103.0,419000000.0,-1000000.0,84000000.0,-182000000.0,-63000000.0,-149000000.0,-169000000.0,0.0,742000000.0,0.0,1212000000.0,1212000000.0,1212000000.0,0.0,0.0,0.469,904000000.0,68000000.0,2537000000.0,0.059,2.935,5.205,5.168,4329000000.0,0.0,45.22,2.485,2.466,1813000000.0,14037000000.0,2585000000.0,2585000000.0,195000000.0,,,,,31000000.0,709000000.0,1.0,552262740.0,548000000.0,553000000.0,4.717,12070000000.0,0.0,6000000.0,108000000.0,22.026,3100000000.0
21,BAX,MRQ,2016-03-31,2016-03-31,2016-03-31,2021-09-07,-3035000000.0,17350000000.0,,8017000000.0,9333000000.0,,16.428,-184000000.0,2211000000.0,2211000000.0,1410000000.0,3380000000.0,2.097,0.924,3357000000.0,1289000000.0,2068000000.0,3357000000.0,0.0,189000000.0,0.0,0.021,0.115,3350000000.0,3539000000.0,1.49,3539000000.0,3350000000.0,3322000000.0,6.16,6.12,6.16,9019000000.0,,9019000000.0,26813575557.0,7.0,5.626,-517000000.0,-0.942,1.0,965000000.0,0.406,4086000000.0,28000000.0,10587000000.0,,1682000000.0,1232000000.0,1232000000.0,0.0,8330000000.0,3823000000.0,4507000000.0,22506575557.0,-2000000.0,-30000000.0,84000000.0,491000000.0,-63000000.0,510000000.0,-201000000.0,0.0,-333000000.0,0.0,3380000000.0,3380000000.0,3380000000.0,7000000.0,0.0,1.423,777000000.0,188000000.0,2387000000.0,0.019,2.495,5.744,5.745,4403000000.0,0.0,41.08,2.264,2.269,1830000000.0,12923000000.0,2375000000.0,2375000000.0,136000000.0,,,,,23000000.0,641000000.0,1.0,547871849.0,549000000.0,552000000.0,4.326,13264000000.0,0.0,-58000000.0,137000000.0,24.16,4194000000.0
22,BAX,MRQ,2015-12-31,2015-12-31,2015-12-31,2021-09-07,224000000.0,20962000000.0,,11796000000.0,9166000000.0,,16.142,-253000000.0,2213000000.0,2213000000.0,1531000000.0,205000000.0,2.051,1.368,6507000000.0,2585000000.0,3922000000.0,6507000000.0,0.0,166000000.0,0.0,0.033,0.115,259000000.0,425000000.0,0.163,425000000.0,259000000.0,227000000.0,0.38,0.37,0.38,8846000000.0,,8846000000.0,25627725255.0,23.0,13.574,471000000.0,0.859,1.0,1072000000.0,0.412,4036000000.0,32000000.0,15470000000.0,,1604000000.0,5148000000.0,5148000000.0,0.0,12097000000.0,5750000000.0,6347000000.0,20868725255.0,243000000.0,21000000.0,19000000.0,-188000000.0,-63000000.0,-228000000.0,-232000000.0,0.0,724000000.0,0.0,205000000.0,205000000.0,205000000.0,-22000000.0,0.0,0.079,894000000.0,178000000.0,2666000000.0,0.303,2.359,21.559,21.433,4386000000.0,0.0,38.15,2.094,2.086,1731000000.0,9683000000.0,2603000000.0,2603000000.0,161000000.0,,,,,30000000.0,733000000.0,1.0,547017700.0,548000000.0,552000000.0,4.75,16926000000.0,0.0,22000000.0,453000000.0,30.887,6046000000.0
23,BAX,MRQ,2015-09-30,2015-09-30,2015-09-30,2021-09-07,-617000000.0,20172000000.0,,11138000000.0,9034000000.0,,14.33,-234000000.0,1970000000.0,1970000000.0,1453000000.0,1000000.0,1.862,1.576,6729000000.0,2938000000.0,3791000000.0,6729000000.0,0.0,216000000.0,0.0,0.051,0.115,0.0,216000000.0,0.087,216000000.0,0.0,-34000000.0,0.0,0.0,0.0,7824000000.0,,7824000000.0,25458955066.0,14.0,9.691,21000000.0,0.038,1.0,1034000000.0,0.416,4128000000.0,34000000.0,14822000000.0,,1696000000.0,4156000000.0,4156000000.0,0.0,12327000000.0,5981000000.0,6346000000.0,17920955066.0,-4710000000.0,19000000.0,55000000.0,-2347000000.0,-283000000.0,-4709000000.0,-215000000.0,0.0,255000000.0,0.0,1000000.0,1000000.0,1000000.0,1000000.0,0.0,0.0,942000000.0,92000000.0,3000000000.0,,2.291,10.443,10.396,4338000000.0,0.0,32.85,1.765,1.766,1772000000.0,9578000000.0,2487000000.0,2487000000.0,148000000.0,,,,,30000000.0,794000000.0,1.0,545538967.0,546000000.0,549000000.0,4.555,16044000000.0,0.0,-35000000.0,0.0,29.385,5157000000.0
24,BAX,MRQ,2015-06-30,2015-06-30,2015-06-30,2021-09-07,-4146000000.0,30015000000.0,,14497000000.0,15518000000.0,,14.684,-210000000.0,6680000000.0,6680000000.0,1454000000.0,332000000.0,2.297,2.753,14218000000.0,2164000000.0,12054000000.0,14218000000.0,0.0,190000000.0,0.0,0.03,0.52,396000000.0,586000000.0,0.237,586000000.0,396000000.0,366000000.0,0.61,0.6,0.61,7988000000.0,,7988000000.0,45534696975.0,19.0,14.979,486000000.0,0.893,1.0,1021000000.0,0.413,5876000000.0,30000000.0,25365000000.0,,3842000000.0,0.0,0.0,0.0,21994000000.0,6312000000.0,15682000000.0,38059696975.0,4150000000.0,13000000.0,71000000.0,4285000000.0,-282000000.0,4072000000.0,-590000000.0,0.0,696000000.0,0.0,332000000.0,332000000.0,332000000.0,-258000000.0,0.0,0.134,934000000.0,87000000.0,4148000000.0,0.852,4.765,17.435,17.396,8967000000.0,0.0,69.93,3.668,3.666,2852000000.0,13389000000.0,2475000000.0,2475000000.0,151000000.0,,,,,37000000.0,783000000.0,1.0,544254211.0,544000000.0,549000000.0,4.55,24139000000.0,0.0,34000000.0,0.0,44.373,8185000000.0
25,BAX,MRQ,2015-03-31,2015-03-31,2015-03-31,2021-09-07,-4709000000.0,24861000000.0,,9734000000.0,15127000000.0,,13.366,-214000000.0,2530000000.0,2530000000.0,1384000000.0,430000000.0,1.603,2.421,10005000000.0,2325000000.0,7680000000.0,10005000000.0,0.0,187000000.0,0.0,0.03,0.52,474000000.0,661000000.0,0.275,661000000.0,474000000.0,444000000.0,0.79,0.78,0.79,7258000000.0,,7258000000.0,43546830421.0,16.0,12.797,-118000000.0,-0.217,1.0,1019000000.0,0.424,5762000000.0,30000000.0,20500000000.0,,3501000000.0,0.0,0.0,0.0,17573000000.0,6074000000.0,11499000000.0,37166830421.0,-395000000.0,-3000000.0,48000000.0,643000000.0,-282000000.0,384000000.0,-770000000.0,0.0,96000000.0,0.0,430000000.0,430000000.0,430000000.0,-296000000.0,0.0,0.179,927000000.0,92000000.0,3749000000.0,0.658,5.121,15.676,15.675,8492000000.0,0.0,68.5,3.083,3.085,2599000000.0,13352000000.0,2403000000.0,2403000000.0,143000000.0,,,,,29000000.0,784000000.0,1.0,542581466.0,543000000.0,548000000.0,4.425,19099000000.0,0.0,14000000.0,0.0,35.173,3660000000.0
26,BAX,MRQ,2014-12-31,2014-12-31,2014-12-31,2021-09-07,-3650000000.0,26138000000.0,,10162000000.0,15976000000.0,,14.982,-301000000.0,2925000000.0,2925000000.0,1582000000.0,953000000.0,1.683,2.215,9029000000.0,1698000000.0,7331000000.0,9029000000.0,0.0,200000000.0,0.0,0.028,0.52,964000000.0,1164000000.0,0.417,1164000000.0,964000000.0,935000000.0,1.76,1.74,1.76,8120000000.0,,8120000000.0,46911580812.0,18.0,13.531,842000000.0,1.554,1.0,1207000000.0,0.433,4547000000.0,29000000.0,21658000000.0,,1577000000.0,0.0,0.0,0.0,17982000000.0,6037000000.0,11945000000.0,39721580812.0,847000000.0,-47000000.0,-1000000.0,22000000.0,-282000000.0,-275000000.0,3000000.0,0.0,1143000000.0,0.0,953000000.0,953000000.0,953000000.0,-826000000.0,0.0,0.342,1016000000.0,191000000.0,2677000000.0,0.295,4.892,15.908,15.898,4434000000.0,0.0,73.29,3.706,3.706,1884000000.0,13227000000.0,2789000000.0,2789000000.0,156000000.0,,,,,35000000.0,860000000.0,1.0,541978180.0,542000000.0,544000000.0,5.146,21591000000.0,0.0,-18000000.0,336000000.0,39.836,4125000000.0
27,BAX,MRQ,2014-09-30,2014-09-30,2014-09-30,2021-09-07,-2654000000.0,25563000000.0,,9631000000.0,15932000000.0,,15.506,220000000.0,2078000000.0,2078000000.0,1516000000.0,468000000.0,1.608,2.039,9268000000.0,1515000000.0,7753000000.0,9268000000.0,0.0,103000000.0,0.0,0.028,0.52,526000000.0,629000000.0,0.232,629000000.0,526000000.0,495000000.0,0.86,0.86,0.86,8404000000.0,,8404000000.0,45848898626.0,23.0,17.44,1134000000.0,2.092,1.0,1193000000.0,0.44,6201000000.0,31000000.0,20562000000.0,,3704000000.0,0.0,0.0,0.0,17137000000.0,5990000000.0,11147000000.0,38875898626.0,212000000.0,133000000.0,21000000.0,207000000.0,-282000000.0,-55000000.0,-619000000.0,0.0,914000000.0,0.0,468000000.0,468000000.0,468000000.0,-293000000.0,0.0,0.173,976000000.0,217000000.0,4460000000.0,0.605,4.626,20.789,20.863,8448000000.0,0.0,71.77,4.101,4.104,2842000000.0,12563000000.0,2709000000.0,2709000000.0,149000000.0,,,,,19000000.0,827000000.0,1.0,541673382.0,542000000.0,547000000.0,4.998,19362000000.0,0.0,27000000.0,0.0,35.723,3641000000.0
28,BAX,MRQ,2014-06-30,2014-06-30,2014-06-30,2021-09-07,-2145000000.0,25629000000.0,,9487000000.0,16142000000.0,,15.982,-423000000.0,1866000000.0,1866000000.0,2185000000.0,520000000.0,1.637,1.956,8839000000.0,1311000000.0,7528000000.0,8839000000.0,0.0,253000000.0,0.0,0.028,0.52,696000000.0,949000000.0,0.228,949000000.0,696000000.0,654000000.0,0.96,0.95,0.96,8662000000.0,,8662000000.0,45874972625.0,21.0,15.646,176000000.0,0.325,1.0,1969000000.0,0.474,6555000000.0,42000000.0,20252000000.0,,3836000000.0,0.0,0.0,0.0,16942000000.0,5795000000.0,11147000000.0,39229972625.0,-183000000.0,-119000000.0,-89000000.0,136000000.0,-265000000.0,-220000000.0,-542000000.0,0.0,599000000.0,0.0,520000000.0,520000000.0,520000000.0,-52000000.0,0.0,0.125,1310000000.0,659000000.0,4484000000.0,0.542,4.529,20.159,20.196,8152000000.0,0.0,72.3,3.743,3.739,2914000000.0,12378000000.0,4154000000.0,4154000000.0,322000000.0,,,,,41000000.0,988000000.0,1.0,542599898.0,542000000.0,548000000.0,7.664,19074000000.0,0.0,134000000.0,0.0,35.192,3692000000.0
29,BAX,MRQ,2014-03-31,2014-03-31,2014-03-31,2021-09-07,-1946000000.0,25261000000.0,,9388000000.0,15873000000.0,,15.998,-421000000.0,2049000000.0,2049000000.0,1957000000.0,556000000.0,1.663,1.911,8694000000.0,1177000000.0,7517000000.0,8694000000.0,0.0,236000000.0,0.0,0.027,0.49,745000000.0,981000000.0,0.255,981000000.0,745000000.0,702000000.0,1.02,1.01,1.02,8671000000.0,,8671000000.0,46400750598.0,21.0,15.858,138000000.0,0.255,1.0,1891000000.0,0.491,6495000000.0,43000000.0,19766000000.0,,3748000000.0,0.0,0.0,0.0,16568000000.0,5645000000.0,10923000000.0,39967750598.0,-684000000.0,37000000.0,-112000000.0,-478000000.0,-266000000.0,-852000000.0,-384000000.0,0.0,559000000.0,0.0,556000000.0,556000000.0,556000000.0,-49000000.0,0.0,0.144,1219000000.0,672000000.0,4468000000.0,0.48,4.609,19.825,19.833,7962000000.0,0.0,73.58,3.999,3.99,2708000000.0,12142000000.0,3848000000.0,3848000000.0,309000000.0,,,,,31000000.0,910000000.0,1.0,543187695.0,542000000.0,548000000.0,7.1,18766000000.0,0.0,146000000.0,0.0,34.624,3743000000.0
30,BAX,MRQ,2013-12-31,2013-12-31,2013-12-31,2021-09-07,-1976000000.0,25224000000.0,,10195000000.0,15029000000.0,,15.586,331000000.0,2733000000.0,2733000000.0,82000000.0,326000000.0,1.943,1.978,9166000000.0,1040000000.0,8126000000.0,9166000000.0,0.0,62000000.0,0.0,0.028,0.49,8000000.0,70000000.0,-0.057,70000000.0,8000000.0,-33000000.0,0.6,0.6,0.6,8463000000.0,,8463000000.0,44434618289.0,20.0,15.674,1414000000.0,2.604,1.0,-1314000000.0,1.067,6499000000.0,41000000.0,19910000000.0,,3499000000.0,0.0,0.0,0.0,16738000000.0,5248000000.0,11490000000.0,37744618289.0,357000000.0,116000000.0,-10000000.0,124000000.0,-266000000.0,-150000000.0,-567000000.0,0.0,1083000000.0,0.0,326000000.0,326000000.0,326000000.0,-1614000000.0,0.0,-0.265,309000000.0,-1623000000.0,4208000000.0,0.817,4.46,18.76,18.797,7832000000.0,0.0,69.55,4.01,4.012,2911000000.0,11852000000.0,-1232000000.0,-1232000000.0,-187000000.0,,,,,11000000.0,496000000.0,1.0,542697603.0,543000000.0,546000000.0,-2.269,18725000000.0,504000000.0,-359000000.0,0.0,34.484,4947000000.0
31,BAX,MRQ,2013-09-30,2013-09-30,2013-09-30,2021-09-07,-2600000000.0,25250000000.0,,9597000000.0,15653000000.0,,14.271,-398000000.0,2376000000.0,2376000000.0,1804000000.0,544000000.0,1.921,2.259,9066000000.0,414000000.0,8652000000.0,9066000000.0,0.0,207000000.0,0.0,0.029,0.49,725000000.0,932000000.0,0.251,932000000.0,725000000.0,680000000.0,1.0,0.99,1.0,7749000000.0,,7749000000.0,38701660425.0,14.0,10.926,568000000.0,1.046,1.0,1906000000.0,0.514,6462000000.0,45000000.0,20482000000.0,,3581000000.0,0.0,0.0,0.0,17504000000.0,4996000000.0,12508000000.0,35655660425.0,-3613000000.0,-3681000000.0,-19000000.0,-213000000.0,-267000000.0,-500000000.0,-4079000000.0,0.0,966000000.0,0.0,544000000.0,544000000.0,544000000.0,-16000000.0,0.0,0.147,1252000000.0,654000000.0,4582000000.0,0.49,4.601,16.356,16.422,7518000000.0,0.0,65.69,2.489,2.49,2766000000.0,11792000000.0,3710000000.0,3710000000.0,277000000.0,,,,,39000000.0,975000000.0,1.0,542786732.0,543000000.0,549000000.0,6.832,18788000000.0,0.0,136000000.0,0.0,34.6,4601000000.0
32,BAX,MRQ,2013-06-30,2013-06-30,2013-06-30,2021-09-07,-2765000000.0,23751000000.0,,12185000000.0,11566000000.0,,13.411,-347000000.0,5989000000.0,5989000000.0,1730000000.0,590000000.0,2.698,2.257,9035000000.0,411000000.0,8624000000.0,9035000000.0,0.0,183000000.0,0.0,0.027,0.49,760000000.0,943000000.0,0.257,943000000.0,760000000.0,743000000.0,1.09,1.07,1.09,7282000000.0,,7282000000.0,40719017811.0,14.0,11.374,416000000.0,0.766,1.0,1939000000.0,0.528,3551000000.0,17000000.0,18730000000.0,,3069000000.0,0.0,0.0,0.0,16436000000.0,4516000000.0,11920000000.0,37541017811.0,3300000000.0,-20000000.0,-38000000.0,3178000000.0,-244000000.0,2895000000.0,-367000000.0,0.0,763000000.0,0.0,590000000.0,590000000.0,590000000.0,0.0,0.0,0.161,1111000000.0,828000000.0,4105000000.0,0.45,5.155,16.918,17.02,6361000000.0,0.0,69.27,2.664,2.669,2342000000.0,11517000000.0,3669000000.0,3669000000.0,273000000.0,,,,,40000000.0,838000000.0,1.0,541952040.0,543000000.0,549000000.0,6.757,20200000000.0,0.0,153000000.0,0.0,37.201,7669000000.0
33,BAX,MRQ,2013-03-31,2013-03-31,2013-03-31,2021-09-07,-2757000000.0,20318000000.0,,8814000000.0,11504000000.0,,12.772,-292000000.0,2689000000.0,2689000000.0,1692000000.0,552000000.0,1.845,1.913,5867000000.0,710000000.0,5157000000.0,5867000000.0,0.0,183000000.0,0.0,0.023,0.45,718000000.0,901000000.0,0.261,901000000.0,718000000.0,693000000.0,1.01,1.0,1.01,6961000000.0,,6961000000.0,42316256991.0,14.0,11.574,94000000.0,0.172,1.0,1756000000.0,0.509,3637000000.0,25000000.0,15081000000.0,,2963000000.0,0.0,0.0,0.0,13317000000.0,4778000000.0,8539000000.0,39656256991.0,-581000000.0,-57000000.0,-338000000.0,7000000.0,-246000000.0,-600000000.0,-349000000.0,0.0,386000000.0,0.0,552000000.0,552000000.0,552000000.0,0.0,0.0,0.16,1041000000.0,715000000.0,4068000000.0,0.446,5.697,17.317,17.378,6205000000.0,0.0,72.64,2.833,2.829,2319000000.0,11194000000.0,3448000000.0,3448000000.0,246000000.0,,,,,32000000.0,795000000.0,1.0,545928648.0,545000000.0,551000000.0,6.327,16681000000.0,0.0,141000000.0,0.0,30.607,4036000000.0
34,BAX,MRQ,2012-12-31,2012-12-31,2012-12-31,2021-09-07,-2810000000.0,20390000000.0,,9260000000.0,11130000000.0,,12.661,-399000000.0,3270000000.0,3270000000.0,1761000000.0,494000000.0,1.946,1.933,5930000000.0,350000000.0,5580000000.0,5930000000.0,0.0,178000000.0,0.0,0.024,0.45,588000000.0,766000000.0,0.219,766000000.0,588000000.0,566000000.0,0.9,0.89,0.9,6938000000.0,,6938000000.0,39377532147.0,13.0,10.7,546000000.0,0.996,1.0,1738000000.0,0.497,3316000000.0,22000000.0,14975000000.0,,2803000000.0,0.0,0.0,0.0,13412000000.0,4759000000.0,8653000000.0,36621532147.0,79000000.0,87000000.0,-210000000.0,11000000.0,-246000000.0,-451000000.0,-398000000.0,0.0,945000000.0,0.0,494000000.0,494000000.0,494000000.0,-43000000.0,0.0,0.141,1215000000.0,523000000.0,4409000000.0,0.5,5.278,15.744,15.796,6098000000.0,0.0,66.66,2.628,2.636,2425000000.0,10888000000.0,3499000000.0,3499000000.0,216000000.0,,,,,33000000.0,999000000.0,1.0,549377920.0,548000000.0,556000000.0,6.385,17074000000.0,344000000.0,72000000.0,0.0,31.157,4501000000.0
35,BAX,MRQ,2012-09-30,2012-09-30,2012-09-30,2021-09-07,-2549000000.0,19825000000.0,,9105000000.0,10720000000.0,,13.009,-259000000.0,3191000000.0,3191000000.0,1667000000.0,583000000.0,2.042,1.772,5947000000.0,333000000.0,5614000000.0,5947000000.0,0.0,179000000.0,0.0,0.024,0.45,791000000.0,970000000.0,0.279,970000000.0,791000000.0,766000000.0,1.07,1.06,1.07,7129000000.0,,7129000000.0,35942622254.0,12.0,9.888,488000000.0,0.891,1.0,1810000000.0,0.521,3365000000.0,25000000.0,14758000000.0,,2831000000.0,0.0,0.0,0.0,12635000000.0,4458000000.0,8177000000.0,32981622254.0,838000000.0,-116000000.0,22000000.0,622000000.0,-184000000.0,460000000.0,-363000000.0,0.0,747000000.0,0.0,583000000.0,583000000.0,583000000.0,0.0,0.0,0.168,1033000000.0,777000000.0,4125000000.0,0.421,4.626,14.371,14.523,5862000000.0,0.0,60.27,2.351,2.354,2324000000.0,10642000000.0,3477000000.0,3477000000.0,290000000.0,,,,,34000000.0,743000000.0,1.0,547231164.0,548000000.0,552000000.0,6.345,16460000000.0,0.0,183000000.0,0.0,30.036,4647000000.0
36,BAX,MRQ,2012-06-30,2012-06-30,2012-06-30,2021-09-07,-2737000000.0,18446000000.0,,8048000000.0,10398000000.0,,11.911,-264000000.0,2353000000.0,2353000000.0,1700000000.0,661000000.0,1.653,1.806,5314000000.0,882000000.0,4432000000.0,5314000000.0,0.0,180000000.0,0.0,0.025,0.335,839000000.0,1019000000.0,0.285,1019000000.0,839000000.0,817000000.0,1.2,1.19,1.2,6551000000.0,,6551000000.0,32201143437.0,11.0,8.995,704000000.0,1.28,1.0,1872000000.0,0.524,3354000000.0,22000000.0,13183000000.0,,2730000000.0,0.0,0.0,0.0,11834000000.0,4870000000.0,6964000000.0,29264143437.0,81000000.0,-42000000.0,-366000000.0,73000000.0,-186000000.0,-576000000.0,-275000000.0,0.0,968000000.0,0.0,661000000.0,661000000.0,661000000.0,0.0,0.0,0.185,1095000000.0,777000000.0,3988000000.0,0.279,4.467,12.79,12.963,5623000000.0,0.0,53.15,2.085,2.083,2225000000.0,10306000000.0,3572000000.0,3572000000.0,306000000.0,,,,,35000000.0,789000000.0,1.0,550595361.0,550000000.0,553000000.0,6.495,15092000000.0,0.0,156000000.0,0.0,27.44,3178000000.0
37,BAX,MRQ,2012-03-31,2012-03-31,2012-03-31,2021-09-07,-2449000000.0,18784000000.0,,8117000000.0,10667000000.0,,12.03,-239000000.0,2272000000.0,2272000000.0,1674000000.0,588000000.0,1.671,1.758,5209000000.0,798000000.0,4411000000.0,5209000000.0,0.0,175000000.0,0.0,0.022,0.335,750000000.0,925000000.0,0.273,925000000.0,750000000.0,732000000.0,1.05,1.04,1.05,6725000000.0,,6725000000.0,35787496015.0,13.0,10.127,207000000.0,0.37,1.0,1714000000.0,0.506,3405000000.0,18000000.0,13459000000.0,,2737000000.0,0.0,0.0,0.0,11820000000.0,4857000000.0,6963000000.0,33497496015.0,-633000000.0,-337000000.0,-414000000.0,59000000.0,-188000000.0,-548000000.0,-533000000.0,0.0,446000000.0,0.0,588000000.0,588000000.0,588000000.0,0.0,0.0,0.174,1021000000.0,693000000.0,4059000000.0,0.319,4.981,14.941,15.02,5637000000.0,0.0,59.78,2.393,2.387,2341000000.0,9831000000.0,3388000000.0,3388000000.0,269000000.0,,,,,28000000.0,752000000.0,1.0,560346203.0,559000000.0,563000000.0,6.061,15379000000.0,0.0,144000000.0,0.0,27.512,3260000000.0
38,BAX,MRQ,2011-12-31,2011-12-31,2011-12-31,2021-09-07,-2591000000.0,19073000000.0,,8650000000.0,10423000000.0,,11.696,-317000000.0,2905000000.0,2905000000.0,1829000000.0,472000000.0,1.781,1.86,5195000000.0,446000000.0,4749000000.0,5195000000.0,0.0,167000000.0,0.0,0.026,0.335,554000000.0,721000000.0,0.201,721000000.0,554000000.0,539000000.0,0.83,0.82,0.83,6585000000.0,,6585000000.0,30104096112.0,11.0,8.599,575000000.0,1.021,1.0,1765000000.0,0.491,3143000000.0,15000000.0,13363000000.0,,2628000000.0,0.0,0.0,0.0,12245000000.0,4857000000.0,7388000000.0,27900096112.0,567000000.0,-344000000.0,-127000000.0,663000000.0,-175000000.0,355000000.0,-661000000.0,0.0,892000000.0,0.0,463000000.0,463000000.0,463000000.0,0.0,9000000.0,0.129,1140000000.0,625000000.0,4411000000.0,0.404,4.237,12.545,12.655,5525000000.0,0.0,49.48,2.008,2.026,2420000000.0,9429000000.0,3594000000.0,3594000000.0,254000000.0,,,,,25000000.0,886000000.0,1.0,563866130.0,563000000.0,567000000.0,6.384,15930000000.0,295000000.0,76000000.0,0.0,28.295,3793000000.0
39,BAX,MRQ,2011-09-30,2011-09-30,2011-09-30,2021-09-07,-2049000000.0,17843000000.0,,8002000000.0,9841000000.0,,12.283,-235000000.0,2338000000.0,2338000000.0,1708000000.0,578000000.0,1.921,1.532,4542000000.0,95000000.0,4447000000.0,4542000000.0,0.0,176000000.0,0.0,0.022,0.31,739000000.0,915000000.0,0.263,915000000.0,739000000.0,725000000.0,1.02,1.01,1.02,6952000000.0,,6952000000.0,34283916766.0,12.0,9.96,687000000.0,1.214,1.0,1771000000.0,0.509,2829000000.0,14000000.0,13053000000.0,,2621000000.0,0.0,0.0,0.0,10653000000.0,4165000000.0,6488000000.0,31901916766.0,320000000.0,-27000000.0,-197000000.0,73000000.0,-176000000.0,-306000000.0,-262000000.0,0.0,922000000.0,0.0,576000000.0,576000000.0,576000000.0,0.0,2000000.0,0.166,1026000000.0,745000000.0,4070000000.0,0.304,4.589,14.607,14.696,5426000000.0,0.0,56.14,2.312,2.303,2347000000.0,9154000000.0,3479000000.0,3479000000.0,239000000.0,,,,,33000000.0,787000000.0,1.0,568256444.0,566000000.0,571000000.0,6.147,15014000000.0,0.0,149000000.0,0.0,26.527,3837000000.0
40,BAX,MRQ,2011-06-30,2011-06-30,2011-06-30,2021-09-07,-1772000000.0,17741000000.0,,7809000000.0,9932000000.0,,12.275,-210000000.0,2018000000.0,2018000000.0,1701000000.0,629000000.0,1.937,1.5,4400000000.0,22000000.0,4378000000.0,4400000000.0,0.0,169000000.0,0.0,0.02,0.31,804000000.0,973000000.0,0.275,973000000.0,804000000.0,789000000.0,1.08,1.07,1.08,6997000000.0,,6997000000.0,36251840138.0,13.0,10.776,422000000.0,0.74,1.0,1835000000.0,0.519,2870000000.0,15000000.0,13222000000.0,,2648000000.0,0.0,0.0,0.0,10497000000.0,4031000000.0,6466000000.0,34045840138.0,-150000000.0,-82000000.0,-308000000.0,-2000000.0,-178000000.0,-498000000.0,-292000000.0,0.0,632000000.0,0.0,615000000.0,615000000.0,615000000.0,0.0,14000000.0,0.174,1004000000.0,831000000.0,4009000000.0,0.287,4.866,15.961,16.132,5481000000.0,0.0,59.69,2.514,2.512,2491000000.0,8754000000.0,3536000000.0,3536000000.0,239000000.0,,,,,33000000.0,765000000.0,1.0,570377620.0,570000000.0,575000000.0,6.204,14871000000.0,0.0,174000000.0,0.0,26.089,3778000000.0
41,BAX,MRQ,2011-03-31,2011-03-31,2011-03-31,2021-09-07,-1875000000.0,17413000000.0,,7761000000.0,9652000000.0,,11.671,-198000000.0,2168000000.0,2168000000.0,1609000000.0,577000000.0,1.996,1.551,4374000000.0,23000000.0,4351000000.0,4374000000.0,0.0,158000000.0,0.0,0.022,0.31,734000000.0,892000000.0,0.272,892000000.0,734000000.0,724000000.0,0.99,0.98,0.99,6734000000.0,,6734000000.0,32857736880.0,13.0,10.101,173000000.0,0.3,1.0,1675000000.0,0.51,2560000000.0,10000000.0,13170000000.0,,2517000000.0,0.0,0.0,0.0,10442000000.0,3889000000.0,6553000000.0,31155736880.0,-517000000.0,-14000000.0,-503000000.0,-1000000.0,-180000000.0,-688000000.0,-212000000.0,0.0,371000000.0,0.0,570000000.0,570000000.0,570000000.0,0.0,7000000.0,0.174,930000000.0,745000000.0,3866000000.0,0.313,4.627,15.176,15.276,5419000000.0,0.0,53.77,2.36,2.35,2399000000.0,8316000000.0,3284000000.0,3284000000.0,214000000.0,,,,,28000000.0,716000000.0,1.0,579426016.0,577000000.0,581000000.0,5.692,14853000000.0,0.0,154000000.0,0.0,25.742,3872000000.0
42,BAX,MRQ,2010-12-31,2010-12-31,2010-12-31,2021-09-07,-2139000000.0,17489000000.0,,7989000000.0,9500000000.0,,11.303,-264000000.0,2685000000.0,2685000000.0,1880000000.0,426000000.0,1.977,1.628,4387000000.0,24000000.0,4363000000.0,4387000000.0,0.0,179000000.0,0.0,0.023,0.31,483000000.0,662000000.0,0.189,662000000.0,483000000.0,464000000.0,0.73,0.72,0.73,6567000000.0,,6567000000.0,31592653344.0,16.0,11.899,671000000.0,1.155,1.0,1618000000.0,0.463,2515000000.0,19000000.0,12635000000.0,,2371000000.0,0.0,0.0,0.0,10693000000.0,4041000000.0,6652000000.0,29497653344.0,-103000000.0,-27000000.0,-68000000.0,-498000000.0,-169000000.0,-738000000.0,-291000000.0,0.0,935000000.0,0.0,423000000.0,423000000.0,423000000.0,0.0,3000000.0,0.121,1095000000.0,523000000.0,4017000000.0,0.425,4.492,20.773,21.004,5260000000.0,0.0,50.62,2.297,2.325,2265000000.0,7925000000.0,3498000000.0,3498000000.0,262000000.0,,,,,28000000.0,833000000.0,1.0,582727249.0,581000000.0,585000000.0,6.021,14974000000.0,323000000.0,41000000.0,0.0,25.773,3948000000.0
43,BAX,MRQ,2010-09-30,2010-09-30,2010-09-30,2021-09-07,-1971000000.0,17563000000.0,,8140000000.0,9423000000.0,,11.183,-232000000.0,2788000000.0,2788000000.0,1565000000.0,524000000.0,1.939,1.654,4883000000.0,523000000.0,4360000000.0,4883000000.0,0.0,171000000.0,0.0,0.024,0.29,666000000.0,837000000.0,0.26,837000000.0,666000000.0,642000000.0,0.9,0.89,0.9,6531000000.0,,6531000000.0,30394280868.0,14.0,10.477,774000000.0,1.325,1.0,1659000000.0,0.515,2545000000.0,24000000.0,12914000000.0,,2500000000.0,0.0,0.0,0.0,10800000000.0,4199000000.0,6601000000.0,27880280868.0,488000000.0,-20000000.0,-127000000.0,2000000.0,-171000000.0,-308000000.0,-252000000.0,0.0,1006000000.0,0.0,525000000.0,525000000.0,525000000.0,0.0,-1000000.0,0.163,877000000.0,782000000.0,3676000000.0,0.322,4.269,17.769,18.072,5208000000.0,0.0,47.71,2.176,2.174,2205000000.0,7717000000.0,3224000000.0,3224000000.0,207000000.0,,,,,29000000.0,670000000.0,1.0,584369752.0,584000000.0,587000000.0,5.521,15018000000.0,0.0,117000000.0,0.0,25.716,3941000000.0
44,BAX,MRQ,2010-06-30,2010-06-30,2010-06-30,2021-09-07,-2348000000.0,16487000000.0,,7375000000.0,9112000000.0,,9.946,-237000000.0,2300000000.0,2300000000.0,1556000000.0,537000000.0,1.805,1.755,4814000000.0,695000000.0,4119000000.0,4814000000.0,0.0,169000000.0,0.0,0.028,0.29,693000000.0,862000000.0,0.27,862000000.0,693000000.0,668000000.0,0.9,0.9,0.9,5898000000.0,,5898000000.0,26319844108.0,12.0,9.054,546000000.0,0.921,1.0,1638000000.0,0.513,2478000000.0,25000000.0,12438000000.0,,2384000000.0,0.0,0.0,0.0,10353000000.0,4085000000.0,6268000000.0,24239844108.0,-373000000.0,-20000000.0,-613000000.0,-2000000.0,-174000000.0,-789000000.0,-257000000.0,0.0,783000000.0,0.0,535000000.0,535000000.0,535000000.0,0.0,2000000.0,0.168,940000000.0,698000000.0,3390000000.0,0.322,4.11,15.4,15.511,4983000000.0,0.0,40.64,1.903,1.892,2072000000.0,7376000000.0,3194000000.0,3194000000.0,219000000.0,,,,,33000000.0,721000000.0,1.0,596452857.0,593000000.0,596000000.0,5.386,14009000000.0,0.0,133000000.0,0.0,23.624,3290000000.0
45,BAX,MRQ,2010-03-31,2010-03-31,2010-03-31,2021-09-07,-2033000000.0,17166000000.0,,8015000000.0,9151000000.0,,10.679,-230000000.0,2673000000.0,2673000000.0,1884000000.0,-60000000.0,1.871,1.634,4753000000.0,697000000.0,4056000000.0,4753000000.0,0.0,166000000.0,0.0,0.019,0.29,128000000.0,294000000.0,0.1,294000000.0,128000000.0,109000000.0,-0.11,-0.11,-0.11,6429000000.0,,6429000000.0,36440252690.0,16.0,12.374,49000000.0,0.081,1.0,1043000000.0,0.356,2558000000.0,19000000.0,12404000000.0,,2477000000.0,0.0,0.0,0.0,10507000000.0,4284000000.0,6223000000.0,35075252690.0,-113000000.0,-234000000.0,-264000000.0,589000000.0,-174000000.0,119000000.0,-464000000.0,0.0,279000000.0,0.0,-63000000.0,-63000000.0,-63000000.0,0.0,3000000.0,-0.022,910000000.0,133000000.0,3587000000.0,-2.636,5.456,21.571,21.636,5064000000.0,0.0,58.2,2.769,2.766,2254000000.0,7030000000.0,2927000000.0,2927000000.0,227000000.0,,,,,30000000.0,683000000.0,1.0,602667572.0,602000000.0,602000000.0,4.862,14608000000.0,0.0,172000000.0,0.0,24.266,3731000000.0
46,BAX,MRQ,2009-12-31,2009-12-31,2009-12-31,2021-09-07,-1777000000.0,17354000000.0,,8271000000.0,9083000000.0,,11.906,-380000000.0,2786000000.0,2786000000.0,1703000000.0,576000000.0,1.853,1.381,4151000000.0,711000000.0,3440000000.0,4151000000.0,0.0,172000000.0,0.0,0.018,0.29,736000000.0,908000000.0,0.262,908000000.0,736000000.0,711000000.0,0.95,0.93,0.95,7191000000.0,,7191000000.0,36973930307.0,13.0,10.686,606000000.0,1.003,1.0,1767000000.0,0.509,2338000000.0,25000000.0,11917000000.0,,2557000000.0,0.0,0.0,0.0,9934000000.0,4464000000.0,5470000000.0,35375930307.0,215000000.0,24000000.0,-158000000.0,4000000.0,-157000000.0,-329000000.0,-393000000.0,0.0,986000000.0,0.0,572000000.0,572000000.0,572000000.0,0.0,4000000.0,0.165,1034000000.0,733000000.0,3753000000.0,0.305,4.919,16.044,16.165,5159000000.0,0.0,58.68,2.816,2.835,2302000000.0,7343000000.0,3470000000.0,3470000000.0,246000000.0,,,,,34000000.0,788000000.0,1.0,602861798.0,604000000.0,611000000.0,5.745,15016000000.0,226000000.0,139000000.0,0.0,24.861,3807000000.0
47,BAX,MRQ,2009-09-30,2009-09-30,2009-09-30,2021-09-07,-1609000000.0,16954000000.0,,8064000000.0,8890000000.0,,11.712,-247000000.0,2571000000.0,2571000000.0,1513000000.0,532000000.0,2.325,1.361,4169000000.0,33000000.0,4136000000.0,4169000000.0,0.0,164000000.0,0.0,0.018,0.26,679000000.0,843000000.0,0.268,843000000.0,679000000.0,656000000.0,0.88,0.87,0.88,7086000000.0,,7086000000.0,36390530565.0,13.0,10.694,628000000.0,1.038,1.0,1632000000.0,0.519,2374000000.0,23000000.0,12710000000.0,,2628000000.0,0.0,0.0,0.0,9643000000.0,3468000000.0,6175000000.0,34360530565.0,769000000.0,-54000000.0,-15000000.0,291000000.0,-157000000.0,119000000.0,-256000000.0,0.0,875000000.0,0.0,530000000.0,530000000.0,530000000.0,0.0,2000000.0,0.169,900000000.0,732000000.0,3435000000.0,0.295,4.849,15.604,15.792,4963000000.0,0.0,57.01,2.811,2.822,2229000000.0,6954000000.0,3145000000.0,3145000000.0,228000000.0,,,,,32000000.0,672000000.0,1.0,602710587.0,605000000.0,612000000.0,5.198,14580000000.0,0.0,126000000.0,0.0,24.099,4596000000.0
48,BAX,MRQ,2009-06-30,2009-06-30,2009-06-30,2021-09-07,-1752000000.0,15743000000.0,,7072000000.0,8671000000.0,,10.794,-216000000.0,1802000000.0,1802000000.0,1485000000.0,589000000.0,2.083,1.369,3832000000.0,239000000.0,3593000000.0,3832000000.0,0.0,154000000.0,0.0,0.019,0.26,746000000.0,900000000.0,0.288,900000000.0,746000000.0,722000000.0,0.97,0.96,0.97,6552000000.0,,6552000000.0,34249079355.0,13.0,10.369,595000000.0,0.98,1.0,1638000000.0,0.524,2267000000.0,24000000.0,12111000000.0,,2496000000.0,0.0,0.0,0.0,8969000000.0,3395000000.0,5574000000.0,32042079355.0,99000000.0,-102000000.0,-235000000.0,-16000000.0,-158000000.0,-409000000.0,-301000000.0,0.0,811000000.0,0.0,587000000.0,587000000.0,587000000.0,0.0,2000000.0,0.188,891000000.0,747000000.0,3156000000.0,0.268,4.89,14.945,15.175,4757000000.0,0.0,52.96,2.62,2.629,2133000000.0,6580000000.0,3123000000.0,3123000000.0,231000000.0,,,,,36000000.0,660000000.0,1.0,605024157.0,607000000.0,612000000.0,5.145,13476000000.0,0.0,135000000.0,0.0,22.201,3677000000.0
49,BAX,MRQ,2009-03-31,2009-03-31,2009-03-31,2021-09-07,-1977000000.0,14953000000.0,,6690000000.0,8263000000.0,,9.949,-171000000.0,1703000000.0,1703000000.0,1336000000.0,518000000.0,2.143,1.442,3910000000.0,235000000.0,3675000000.0,3910000000.0,0.0,148000000.0,0.0,0.019,0.26,661000000.0,809000000.0,0.286,809000000.0,661000000.0,635000000.0,0.84,0.83,0.84,6099000000.0,,6099000000.0,33066360890.0,13.0,10.143,66000000.0,0.108,1.0,1488000000.0,0.527,2043000000.0,26000000.0,11995000000.0,,2421000000.0,0.0,0.0,0.0,8795000000.0,3122000000.0,5673000000.0,31441360890.0,-428000000.0,0.0,-427000000.0,194000000.0,-160000000.0,-393000000.0,-196000000.0,0.0,237000000.0,0.0,516000000.0,516000000.0,516000000.0,0.0,2000000.0,0.183,823000000.0,665000000.0,2887000000.0,0.31,5.155,14.965,15.109,4598000000.0,0.0,51.22,2.557,2.554,1940000000.0,6152000000.0,2824000000.0,2824000000.0,212000000.0,,,,,38000000.0,611000000.0,1.0,613849295.0,613000000.0,621000000.0,4.607,12910000000.0,0.0,119000000.0,0.0,21.06,3568000000.0
50,BAX,MRQ,2008-12-31,2008-12-31,2008-12-31,2021-09-07,-1885000000.0,15405000000.0,,7148000000.0,8257000000.0,,10.112,-339000000.0,2131000000.0,2131000000.0,1529000000.0,569000000.0,1.966,1.463,3756000000.0,394000000.0,3362000000.0,3756000000.0,0.0,150000000.0,0.0,0.017,0.26,701000000.0,851000000.0,0.272,851000000.0,701000000.0,687000000.0,0.92,0.9,0.92,6229000000.0,,6229000000.0,34463967588.0,14.0,10.913,281000000.0,0.456,1.0,1602000000.0,0.512,2044000000.0,14000000.0,11351000000.0,,2361000000.0,0.0,0.0,0.0,9114000000.0,3635000000.0,5479000000.0,33234967588.0,-60000000.0,34000000.0,-331000000.0,153000000.0,-135000000.0,-313000000.0,-350000000.0,0.0,620000000.0,0.0,569000000.0,569000000.0,569000000.0,0.0,0.0,0.182,900000000.0,702000000.0,3241000000.0,0.283,5.336,16.502,16.643,4609000000.0,0.0,53.59,2.692,2.712,1980000000.0,5795000000.0,3131000000.0,3131000000.0,226000000.0,,,,,35000000.0,674000000.0,1.0,620171069.0,616000000.0,628000000.0,5.083,13361000000.0,251000000.0,118000000.0,0.0,21.69,3513000000.0
51,BAX,MRQ,2008-09-30,2008-09-30,2008-09-30,2021-09-07,-966000000.0,15209000000.0,,7437000000.0,7772000000.0,,11.294,-251000000.0,2191000000.0,2191000000.0,1630000000.0,476000000.0,2.237,1.155,3420000000.0,235000000.0,3185000000.0,3420000000.0,0.0,165000000.0,0.0,0.013,0.217,578000000.0,743000000.0,0.236,743000000.0,578000000.0,558000000.0,0.76,0.74,0.76,7059000000.0,,7059000000.0,42280278087.0,17.0,13.79,562000000.0,0.899,1.0,1521000000.0,0.483,2120000000.0,20000000.0,10994000000.0,,2520000000.0,0.0,0.0,0.0,8150000000.0,3324000000.0,4826000000.0,41193278087.0,44000000.0,-12000000.0,-287000000.0,-66000000.0,-136000000.0,-489000000.0,-260000000.0,0.0,813000000.0,0.0,472000000.0,472000000.0,472000000.0,0.0,4000000.0,0.15,911000000.0,610000000.0,3089000000.0,0.286,5.836,21.421,21.448,4598000000.0,0.0,65.63,3.369,3.355,2101000000.0,5415000000.0,3151000000.0,3151000000.0,230000000.0,,,,,38000000.0,681000000.0,1.0,627659273.0,625000000.0,638000000.0,5.042,13089000000.0,0.0,86000000.0,0.0,20.942,4113000000.0
52,BAX,MRQ,2008-06-30,2008-06-30,2008-06-30,2021-09-07,-711000000.0,15470000000.0,,7559000000.0,7911000000.0,,11.532,-207000000.0,2147000000.0,2147000000.0,1562000000.0,548000000.0,2.228,1.143,3234000000.0,62000000.0,3172000000.0,3234000000.0,0.0,160000000.0,0.0,0.013,0.217,697000000.0,857000000.0,0.269,857000000.0,697000000.0,672000000.0,0.87,0.85,0.87,7219000000.0,,7219000000.0,41250628414.0,18.0,13.969,513000000.0,0.819,1.0,1627000000.0,0.51,2205000000.0,25000000.0,10959000000.0,,2571000000.0,0.0,0.0,0.0,8251000000.0,3393000000.0,4858000000.0,40114628414.0,411000000.0,0.0,-255000000.0,289000000.0,-137000000.0,-103000000.0,-194000000.0,0.0,720000000.0,0.0,544000000.0,544000000.0,544000000.0,0.0,4000000.0,0.171,925000000.0,702000000.0,3331000000.0,0.249,5.557,21.731,21.897,4680000000.0,0.0,63.94,3.392,3.385,2217000000.0,5078000000.0,3189000000.0,3189000000.0,222000000.0,,,,,35000000.0,703000000.0,1.0,627379237.0,626000000.0,638000000.0,5.094,13265000000.0,0.0,128000000.0,0.0,21.19,4166000000.0
53,BAX,MRQ,2008-03-31,2008-03-31,2008-03-31,2021-09-07,-749000000.0,14972000000.0,,7013000000.0,7959000000.0,,11.071,-157000000.0,1736000000.0,1736000000.0,1497000000.0,432000000.0,2.167,1.14,2872000000.0,141000000.0,2731000000.0,2872000000.0,0.0,156000000.0,0.0,0.013,0.217,551000000.0,707000000.0,0.246,707000000.0,551000000.0,534000000.0,0.68,0.67,0.68,6997000000.0,,6997000000.0,37232461595.0,17.0,13.539,205000000.0,0.324,1.0,1380000000.0,0.48,2229000000.0,17000000.0,10643000000.0,,2536000000.0,0.0,0.0,0.0,7975000000.0,3236000000.0,4739000000.0,36682461595.0,-803000000.0,-61000000.0,-433000000.0,-455000000.0,-138000000.0,-1026000000.0,-189000000.0,0.0,362000000.0,0.0,429000000.0,429000000.0,429000000.0,0.0,3000000.0,0.149,830000000.0,550000000.0,3095000000.0,0.319,5.243,21.167,21.336,4633000000.0,0.0,57.82,3.2,3.187,2096000000.0,4671000000.0,2877000000.0,2877000000.0,190000000.0,,,,,38000000.0,640000000.0,1.0,634425140.0,632000000.0,644000000.0,4.552,12743000000.0,0.0,105000000.0,0.0,20.163,3777000000.0
54,BAX,MRQ,2007-12-31,2007-12-31,2007-12-31,2021-09-07,-940000000.0,15294000000.0,,7555000000.0,7739000000.0,,10.891,-268000000.0,2539000000.0,2539000000.0,1524000000.0,492000000.0,1.982,1.211,3089000000.0,425000000.0,2664000000.0,3089000000.0,0.0,153000000.0,0.0,0.012,0.217,606000000.0,759000000.0,0.252,759000000.0,606000000.0,594000000.0,0.75,0.74,0.75,6916000000.0,,6916000000.0,37559910308.0,18.0,13.824,483000000.0,0.761,1.0,1485000000.0,0.494,2145000000.0,12000000.0,9887000000.0,,2334000000.0,0.0,0.0,0.0,8378000000.0,3812000000.0,4566000000.0,36807910308.0,721000000.0,-20000000.0,-75000000.0,377000000.0,-106000000.0,196000000.0,-288000000.0,0.0,751000000.0,0.0,478000000.0,478000000.0,478000000.0,0.0,14000000.0,0.159,847000000.0,638000000.0,3387000000.0,0.289,5.322,21.563,21.906,4487000000.0,0.0,58.05,3.268,3.319,2026000000.0,4379000000.0,3009000000.0,3009000000.0,221000000.0,,,,,37000000.0,654000000.0,1.0,634072529.0,635000000.0,645000000.0,4.739,13149000000.0,261000000.0,116000000.0,0.0,20.707,3743000000.0
55,BAX,MRQ,2007-09-30,2007-09-30,2007-09-30,2021-09-07,-1261000000.0,14147000000.0,,6640000000.0,7507000000.0,,9.816,-166000000.0,1818000000.0,1818000000.0,1374000000.0,395000000.0,1.8,1.248,2570000000.0,546000000.0,2024000000.0,2570000000.0,0.0,141000000.0,0.0,0.019,0.168,489000000.0,630000000.0,0.229,630000000.0,489000000.0,483000000.0,0.62,0.61,0.62,6292000000.0,,6292000000.0,36516414812.0,18.0,13.954,442000000.0,0.69,1.0,1376000000.0,0.5,2106000000.0,6000000.0,9104000000.0,,2320000000.0,0.0,0.0,0.0,7855000000.0,3689000000.0,4166000000.0,36285414812.0,-668000000.0,-17000000.0,-755000000.0,-236000000.0,-109000000.0,-1100000000.0,-183000000.0,0.0,608000000.0,0.0,395000000.0,395000000.0,395000000.0,0.0,0.0,0.144,887000000.0,489000000.0,3143000000.0,0.271,5.767,21.846,21.984,4216000000.0,0.0,56.28,3.294,3.275,1976000000.0,4039000000.0,2750000000.0,2750000000.0,203000000.0,,,,,36000000.0,663000000.0,1.0,644730185.0,641000000.0,651000000.0,4.29,12041000000.0,0.0,88000000.0,0.0,18.785,2951000000.0
56,BAX,MRQ,2007-06-30,2007-06-30,2007-06-30,2021-09-07,-1295000000.0,14659000000.0,,7185000000.0,7474000000.0,,10.291,-165000000.0,2486000000.0,2486000000.0,1437000000.0,431000000.0,1.895,1.192,2717000000.0,666000000.0,2051000000.0,2717000000.0,0.0,147000000.0,0.0,0.016,0.168,507000000.0,654000000.0,0.231,654000000.0,507000000.0,508000000.0,0.66,0.65,0.66,6689000000.0,,6689000000.0,37042479386.0,18.0,14.155,566000000.0,0.871,1.0,1392000000.0,0.492,2078000000.0,-1000000.0,9020000000.0,,2186000000.0,0.0,0.0,0.0,7970000000.0,3792000000.0,4178000000.0,36706479386.0,102000000.0,8000000.0,-342000000.0,14000000.0,-109000000.0,-437000000.0,-157000000.0,0.0,731000000.0,0.0,431000000.0,431000000.0,431000000.0,0.0,0.0,0.152,885000000.0,507000000.0,3126000000.0,0.255,5.488,22.382,22.357,4110000000.0,0.0,56.34,3.391,3.383,1993000000.0,3767000000.0,2829000000.0,2829000000.0,177000000.0,,,,,36000000.0,621000000.0,1.0,651517206.0,650000000.0,661000000.0,4.352,12581000000.0,0.0,77000000.0,0.0,19.355,3393000000.0
57,BAX,MRQ,2007-03-31,2007-03-31,2007-03-31,2021-09-07,-1365000000.0,14483000000.0,,6974000000.0,7509000000.0,,10.16,-93000000.0,2384000000.0,2384000000.0,1409000000.0,403000000.0,1.924,1.193,2720000000.0,596000000.0,2124000000.0,2720000000.0,0.0,140000000.0,0.0,0.014,0.168,534000000.0,674000000.0,0.252,674000000.0,534000000.0,529000000.0,0.62,0.61,0.62,6604000000.0,,6604000000.0,34541665826.0,18.0,13.723,122000000.0,0.188,1.0,1266000000.0,0.473,2080000000.0,5000000.0,9115000000.0,,2119000000.0,0.0,0.0,0.0,7879000000.0,3624000000.0,4255000000.0,34225665826.0,-101000000.0,416000000.0,-44000000.0,-206000000.0,-380000000.0,-630000000.0,323000000.0,0.0,215000000.0,0.0,403000000.0,403000000.0,403000000.0,0.0,0.0,0.151,732000000.0,534000000.0,3028000000.0,0.271,5.183,22.547,22.605,4047000000.0,0.0,52.67,3.215,3.216,1899000000.0,3491000000.0,2675000000.0,2675000000.0,159000000.0,,,,,27000000.0,583000000.0,1.0,649813287.0,650000000.0,659000000.0,4.115,12403000000.0,0.0,126000000.0,0.0,19.082,3350000000.0
58,BAX,MRQ,2006-12-31,2006-12-31,2006-12-31,2021-09-07,-1426000000.0,14686000000.0,,6970000000.0,7716000000.0,,9.59,-190000000.0,2485000000.0,2485000000.0,1448000000.0,432000000.0,1.931,1.342,2801000000.0,234000000.0,2567000000.0,2801000000.0,0.0,144000000.0,0.0,0.013,0.582,515000000.0,659000000.0,0.239,659000000.0,515000000.0,514000000.0,0.66,0.66,0.66,6272000000.0,,6272000000.0,31101248076.0,17.0,13.212,572000000.0,0.875,1.0,1315000000.0,0.476,2098000000.0,1000000.0,9294000000.0,,2066000000.0,0.0,0.0,0.0,8414000000.0,3610000000.0,4804000000.0,30360248076.0,418000000.0,47000000.0,-181000000.0,-15000000.0,-1000000.0,-197000000.0,-143000000.0,0.0,762000000.0,0.0,432000000.0,432000000.0,432000000.0,1000000.0,0.0,0.156,799000000.0,516000000.0,3376000000.0,0.882,4.841,21.732,21.577,4229000000.0,0.0,46.39,2.925,2.91,1838000000.0,3271000000.0,2763000000.0,2763000000.0,181000000.0,,,,,26000000.0,612000000.0,1.0,654456738.0,654000000.0,656000000.0,4.225,12588000000.0,231000000.0,82000000.0,0.0,19.248,3360000000.0
59,BAX,MRQ,2006-09-30,2006-09-30,2006-09-30,2021-09-07,-1458000000.0,13931000000.0,,6419000000.0,7512000000.0,,9.706,-138000000.0,2067000000.0,2067000000.0,1342000000.0,374000000.0,2.162,1.198,2808000000.0,128000000.0,2680000000.0,2808000000.0,0.0,146000000.0,0.0,0.013,0.0,484000000.0,630000000.0,0.246,630000000.0,484000000.0,479000000.0,0.58,0.57,0.58,6338000000.0,,6338000000.0,30955554616.0,19.0,13.801,435000000.0,0.666,1.0,1215000000.0,0.475,2072000000.0,5000000.0,9631000000.0,,2089000000.0,0.0,0.0,0.0,7593000000.0,2969000000.0,4624000000.0,29657554616.0,1006000000.0,112000000.0,33000000.0,431000000.0,0.0,464000000.0,-26000000.0,0.0,573000000.0,0.0,374000000.0,374000000.0,374000000.0,0.0,0.0,0.146,731000000.0,484000000.0,2841000000.0,0.0,4.679,23.594,23.194,4095000000.0,0.0,45.46,2.935,2.937,1751000000.0,3816000000.0,2557000000.0,2557000000.0,149000000.0,,,,,30000000.0,562000000.0,1.0,652387915.0,653000000.0,661000000.0,3.916,11859000000.0,0.0,105000000.0,0.0,18.161,3450000000.0
60,BAX,MRQ,2006-06-30,2006-06-30,2006-06-30,2021-09-07,-1494000000.0,13007000000.0,,5427000000.0,7580000000.0,,8.968,-122000000.0,1061000000.0,1061000000.0,1494000000.0,309000000.0,1.833,1.218,2359000000.0,115000000.0,2244000000.0,2359000000.0,0.0,146000000.0,0.0,0.016,0.0,408000000.0,554000000.0,0.209,554000000.0,408000000.0,398000000.0,0.47,0.47,0.47,5865000000.0,,5865000000.0,25594588056.0,16.0,11.966,421000000.0,0.644,1.0,1155000000.0,0.436,2068000000.0,10000000.0,9276000000.0,,2020000000.0,0.0,0.0,0.0,7142000000.0,2961000000.0,4181000000.0,24070588056.0,180000000.0,14000000.0,-190000000.0,-31000000.0,0.0,-221000000.0,-108000000.0,0.0,543000000.0,0.0,309000000.0,309000000.0,309000000.0,0.0,0.0,0.117,747000000.0,408000000.0,2846000000.0,0.0,4.104,24.095,23.414,4159000000.0,0.0,36.76,2.42,2.417,1754000000.0,3442000000.0,2649000000.0,2649000000.0,146000000.0,,,,,20000000.0,582000000.0,1.0,654803810.0,654000000.0,659000000.0,4.05,10939000000.0,0.0,89000000.0,0.0,16.726,2466000000.0
61,BAX,MRQ,2006-03-31,2006-03-31,2006-03-31,2021-09-07,-1471000000.0,12780000000.0,,5231000000.0,7549000000.0,,8.966,-76000000.0,881000000.0,881000000.0,1357000000.0,282000000.0,1.788,1.224,2405000000.0,129000000.0,2276000000.0,2405000000.0,0.0,139000000.0,0.0,0.015,0.0,372000000.0,511000000.0,0.212,511000000.0,372000000.0,354000000.0,0.44,0.43,0.44,5747000000.0,,5747000000.0,27664663885.0,17.0,12.731,229000000.0,0.357,1.0,1052000000.0,0.437,2050000000.0,18000000.0,9329000000.0,,2006000000.0,0.0,0.0,0.0,7033000000.0,2925000000.0,4108000000.0,25167663885.0,40000000.0,11000000.0,1122000000.0,-928000000.0,-363000000.0,-169000000.0,-65000000.0,0.0,305000000.0,0.0,282000000.0,282000000.0,282000000.0,0.0,0.0,0.117,680000000.0,372000000.0,2796000000.0,0.0,4.379,24.869,23.957,4122000000.0,0.0,38.81,2.549,2.519,1750000000.0,3133000000.0,2409000000.0,2409000000.0,138000000.0,,,,,18000000.0,526000000.0,1.0,648483996.0,641000000.0,648000000.0,3.758,10730000000.0,0.0,72000000.0,0.0,16.739,2306000000.0
62,BAX,MRQ,2005-12-31,2005-12-31,2005-12-31,2021-09-07,-1496000000.0,12727000000.0,,5116000000.0,7611000000.0,,6.878,-165000000.0,841000000.0,841000000.0,1413000000.0,292000000.0,1.228,1.96,3338000000.0,924000000.0,2414000000.0,3338000000.0,0.0,143000000.0,0.0,0.015,0.582,405000000.0,548000000.0,0.22,548000000.0,405000000.0,382000000.0,0.47,0.46,0.47,4299000000.0,,4299000000.0,26129353616.0,17.0,12.21,71000000.0,0.114,1.0,1078000000.0,0.433,2046000000.0,23000000.0,9013000000.0,,1925000000.0,0.0,0.0,0.0,8428000000.0,4165000000.0,4263000000.0,23479353616.0,-871000000.0,42000000.0,41000000.0,-1020000000.0,0.0,-979000000.0,-123000000.0,0.0,236000000.0,0.0,292000000.0,292000000.0,292000000.0,2000000.0,0.0,0.117,671000000.0,407000000.0,3241000000.0,1.238,5.462,24.56,24.448,4144000000.0,0.0,37.65,2.384,2.378,1766000000.0,2430000000.0,2491000000.0,2491000000.0,134000000.0,,,,,2000000.0,519000000.0,1.0,623621610.0,625000000.0,635000000.0,3.986,10681000000.0,260000000.0,90000000.0,0.0,17.09,951000000.0
63,BAX,MRQ,2005-09-30,2005-09-30,2005-09-30,2021-09-07,-1443000000.0,13783000000.0,,6079000000.0,7704000000.0,,7.035,-116000000.0,1712000000.0,1712000000.0,1388000000.0,116000000.0,1.423,2.15,4362000000.0,1354000000.0,3008000000.0,4362000000.0,0.0,145000000.0,0.0,0.015,0.0,381000000.0,526000000.0,0.219,526000000.0,381000000.0,350000000.0,0.19,0.18,0.19,4376000000.0,,4376000000.0,27880389016.0,21.0,14.312,420000000.0,0.675,1.0,1010000000.0,0.421,2059000000.0,31000000.0,10103000000.0,,1948000000.0,0.0,0.0,0.0,9407000000.0,4271000000.0,5136000000.0,24819389016.0,284000000.0,-14000000.0,45000000.0,-154000000.0,0.0,-109000000.0,-130000000.0,0.0,536000000.0,0.0,116000000.0,116000000.0,116000000.0,0.0,0.0,0.048,629000000.0,381000000.0,2415000000.0,0.0,5.672,32.233,31.896,4114000000.0,0.0,39.87,2.492,2.49,1863000000.0,2923000000.0,2398000000.0,2398000000.0,133000000.0,,,,,3000000.0,491000000.0,1.0,622507876.0,622000000.0,632000000.0,3.855,11724000000.0,272000000.0,234000000.0,502000000.0,18.849,1808000000.0
64,BAX,MRQ,2005-06-30,2005-06-30,2005-06-30,2021-09-07,-1436000000.0,13626000000.0,,5839000000.0,7787000000.0,,6.779,-98000000.0,1428000000.0,1428000000.0,1541000000.0,322000000.0,1.339,2.237,4489000000.0,1450000000.0,3039000000.0,4489000000.0,0.0,145000000.0,0.0,0.016,0.0,443000000.0,588000000.0,0.228,588000000.0,443000000.0,410000000.0,0.52,0.51,0.52,4210000000.0,,4210000000.0,26522063300.0,20.0,13.566,408000000.0,0.657,1.0,1036000000.0,0.402,2062000000.0,33000000.0,10264000000.0,,1944000000.0,0.0,0.0,0.0,9416000000.0,4361000000.0,5055000000.0,23029063300.0,322000000.0,0.0,37000000.0,-118000000.0,0.0,-81000000.0,-98000000.0,0.0,506000000.0,0.0,322000000.0,322000000.0,322000000.0,2000000.0,0.0,0.125,591000000.0,445000000.0,2501000000.0,0.0,5.47,24.762,24.57,4157000000.0,0.0,37.1,2.331,2.332,1959000000.0,2807000000.0,2577000000.0,2577000000.0,133000000.0,,,,,3000000.0,537000000.0,1.0,620729469.0,621000000.0,626000000.0,4.15,11564000000.0,235000000.0,88000000.0,410000000.0,18.622,1478000000.0
65,BAX,MRQ,2005-03-31,2005-03-31,2005-03-31,2021-09-07,-1267000000.0,13808000000.0,,5781000000.0,8027000000.0,,6.478,-65000000.0,1106000000.0,1106000000.0,1414000000.0,226000000.0,1.231,2.443,4599000000.0,1577000000.0,3022000000.0,4599000000.0,0.0,147000000.0,0.0,0.017,0.0,331000000.0,478000000.0,0.201,478000000.0,331000000.0,300000000.0,0.37,0.36,0.37,4010000000.0,,4010000000.0,24242540969.0,40.0,20.118,207000000.0,0.334,1.0,969000000.0,0.407,2153000000.0,31000000.0,10453000000.0,,2105000000.0,0.0,0.0,0.0,9798000000.0,4695000000.0,5103000000.0,21057540969.0,-3000000.0,49000000.0,53000000.0,28000000.0,-359000000.0,-278000000.0,-16000000.0,0.0,272000000.0,0.0,226000000.0,226000000.0,226000000.0,-2000000.0,0.0,0.095,640000000.0,329000000.0,2701000000.0,0.0,5.251,48.077,47.859,4310000000.0,0.0,33.98,2.175,2.172,1982000000.0,2485000000.0,2383000000.0,2383000000.0,133000000.0,,,,,1000000.0,483000000.0,1.0,619703972.0,619000000.0,623000000.0,3.85,11655000000.0,249000000.0,74000000.0,417000000.0,18.829,1086000000.0
66,BAX,MRQ,2004-12-31,2004-12-31,2004-12-31,2021-09-07,-1288000000.0,14147000000.0,,6019000000.0,8128000000.0,,6.005,-195000000.0,1109000000.0,1109000000.0,1481000000.0,106000000.0,1.404,2.818,4294000000.0,361000000.0,3933000000.0,4294000000.0,0.0,156000000.0,0.0,0.017,0.582,200000000.0,356000000.0,0.137,356000000.0,200000000.0,167000000.0,0.17,0.17,0.17,3705000000.0,,3705000000.0,25059129394.0,47.0,22.079,639000000.0,1.036,1.0,1120000000.0,0.431,2195000000.0,33000000.0,10851000000.0,,2135000000.0,0.0,0.0,0.0,10442000000.0,4286000000.0,6156000000.0,21292129394.0,287000000.0,-5000000.0,73000000.0,-365000000.0,0.0,-292000000.0,-200000000.0,0.0,834000000.0,0.0,106000000.0,106000000.0,106000000.0,0.0,0.0,0.041,920000000.0,200000000.0,3925000000.0,3.424,5.747,54.877,54.825,4369000000.0,0.0,34.54,2.239,2.23,2091000000.0,2259000000.0,2601000000.0,2601000000.0,128000000.0,,,,,15000000.0,500000000.0,1.0,616448448.0,617000000.0,621000000.0,4.216,11952000000.0,297000000.0,61000000.0,0.0,19.371,1733000000.0
67,BAX,MRQ,2004-09-30,2004-09-30,2004-09-30,2021-09-07,-1396000000.0,13767000000.0,,5723000000.0,8044000000.0,,6.169,-134000000.0,822000000.0,822000000.0,1357000000.0,276000000.0,1.623,2.629,4589000000.0,178000000.0,4411000000.0,4589000000.0,0.0,150000000.0,0.0,0.018,0.0,383000000.0,533000000.0,0.23,533000000.0,383000000.0,363000000.0,0.45,0.45,0.45,3794000000.0,,3794000000.0,23645655083.0,28.0,16.535,145000000.0,0.236,1.0,963000000.0,0.415,2163000000.0,20000000.0,11845000000.0,,2106000000.0,0.0,0.0,0.0,9973000000.0,3526000000.0,6447000000.0,19771655083.0,62000000.0,0.0,33000000.0,-90000000.0,0.0,-57000000.0,-134000000.0,0.0,279000000.0,-13000000.0,276000000.0,276000000.0,276000000.0,-17000000.0,0.0,0.119,597000000.0,366000000.0,2800000000.0,0.0,5.211,30.606,30.629,4346000000.0,0.0,32.16,2.095,2.095,2108000000.0,2512000000.0,2320000000.0,2320000000.0,124000000.0,,,,,0.0,462000000.0,1.0,614790270.0,615000000.0,619000000.0,3.772,11604000000.0,405000000.0,87000000.0,548000000.0,18.868,2197000000.0
68,BAX,MRQ,2004-06-30,2004-06-30,2004-06-30,2021-09-07,-1472000000.0,13658000000.0,,5704000000.0,7954000000.0,,5.563,-139000000.0,760000000.0,760000000.0,1440000000.0,-170000000.0,1.616,3.005,4634000000.0,205000000.0,4429000000.0,4634000000.0,0.0,146000000.0,0.0,0.017,0.0,-308000000.0,-162000000.0,-0.068,-162000000.0,-308000000.0,-333000000.0,-0.28,-0.28,-0.28,3410000000.0,,3410000000.0,25310813984.0,31.0,18.053,182000000.0,0.297,1.0,939000000.0,0.395,2172000000.0,25000000.0,11830000000.0,,2117000000.0,0.0,0.0,0.0,10248000000.0,3530000000.0,6718000000.0,21151813984.0,114000000.0,-1000000.0,37000000.0,-114000000.0,0.0,-77000000.0,-140000000.0,0.0,321000000.0,13000000.0,-170000000.0,-170000000.0,-170000000.0,1000000.0,0.0,-0.071,1246000000.0,-307000000.0,2839000000.0,0.0,6.203,33.952,33.505,4330000000.0,0.0,34.51,2.266,2.266,2069000000.0,2236000000.0,2379000000.0,2379000000.0,129000000.0,,,,,0.0,532000000.0,1.0,612918400.0,613000000.0,613000000.0,3.881,11486000000.0,464000000.0,-163000000.0,486000000.0,18.737,2174000000.0
69,BAX,MRQ,2004-03-31,2004-03-31,2004-03-31,2021-09-07,-1405000000.0,13654000000.0,,5320000000.0,8334000000.0,,5.869,-90000000.0,646000000.0,646000000.0,1316000000.0,176000000.0,1.687,2.801,4807000000.0,177000000.0,4630000000.0,4807000000.0,0.0,149000000.0,0.0,0.019,0.0,259000000.0,408000000.0,0.185,408000000.0,259000000.0,238000000.0,0.29,0.28,0.29,3592000000.0,,3592000000.0,22561798483.0,20.0,13.279,-144000000.0,-0.235,1.0,893000000.0,0.404,2204000000.0,21000000.0,12458000000.0,,2168000000.0,0.0,0.0,0.0,10062000000.0,3153000000.0,6909000000.0,18914798483.0,-279000000.0,12000000.0,20000000.0,191000000.0,-361000000.0,-150000000.0,-78000000.0,0.0,-54000000.0,0.0,176000000.0,176000000.0,176000000.0,11000000.0,0.0,0.08,623000000.0,270000000.0,2533000000.0,0.0,5.266,22.844,22.547,4560000000.0,0.0,30.89,2.074,2.073,2029000000.0,2406000000.0,2209000000.0,2209000000.0,136000000.0,,,,,0.0,466000000.0,1.0,612327565.0,612000000.0,616000000.0,3.609,11450000000.0,209000000.0,62000000.0,443000000.0,18.709,2167000000.0
70,BAX,MRQ,2003-12-31,2003-12-31,2003-12-31,2021-09-07,-1420000000.0,13707000000.0,,5360000000.0,8347000000.0,,5.535,-228000000.0,925000000.0,925000000.0,1396000000.0,364000000.0,1.449,3.053,4574000000.0,153000000.0,4421000000.0,4574000000.0,0.0,145000000.0,0.0,0.019,0.582,506000000.0,651000000.0,0.257,651000000.0,506000000.0,490000000.0,0.59,0.6,0.59,3382000000.0,,3382000000.0,22725418200.0,19.0,13.212,523000000.0,0.856,1.0,1135000000.0,0.448,2210000000.0,16000000.0,11448000000.0,,2104000000.0,0.0,0.0,0.0,10325000000.0,3698000000.0,6627000000.0,18626418200.0,95000000.0,9000000.0,45000000.0,-428000000.0,0.0,-383000000.0,-219000000.0,0.0,751000000.0,-24000000.0,364000000.0,364000000.0,364000000.0,7000000.0,0.0,0.144,622000000.0,513000000.0,3107000000.0,0.986,5.508,21.509,21.194,4592000000.0,0.0,30.52,2.092,2.053,1914000000.0,2230000000.0,2531000000.0,2531000000.0,141000000.0,,,,,0.0,485000000.0,1.0,610302038.0,611000000.0,612000000.0,4.142,11497000000.0,140000000.0,126000000.0,438000000.0,18.817,1662000000.0
71,BAX,MRQ,2003-09-30,2003-09-30,2003-09-30,2021-09-07,-1237000000.0,13292000000.0,,5286000000.0,8006000000.0,,5.805,-206000000.0,830000000.0,830000000.0,1247000000.0,253000000.0,1.643,2.888,4929000000.0,151000000.0,4778000000.0,4929000000.0,0.0,141000000.0,0.0,0.02,0.0,364000000.0,505000000.0,0.228,505000000.0,364000000.0,339000000.0,0.43,0.42,0.43,3419000000.0,,3419000000.0,21404281540.0,28.0,16.657,273000000.0,0.463,1.0,969000000.0,0.437,2114000000.0,25000000.0,12059000000.0,,2105000000.0,0.0,0.0,0.0,9873000000.0,3218000000.0,6655000000.0,17055281540.0,222000000.0,-22000000.0,111000000.0,-197000000.0,0.0,-86000000.0,-228000000.0,0.0,479000000.0,57000000.0,253000000.0,253000000.0,253000000.0,5000000.0,0.0,0.114,583000000.0,386000000.0,2549000000.0,0.0,4.988,33.507,33.791,4385000000.0,0.0,29.06,1.976,1.983,1843000000.0,2142000000.0,2216000000.0,2216000000.0,137000000.0,,,,,0.0,440000000.0,1.0,586898883.0,589000000.0,592000000.0,3.762,11178000000.0,182000000.0,86000000.0,657000000.0,18.978,2068000000.0
72,BAX,MRQ,2003-06-30,2003-06-30,2003-06-30,2021-09-07,-1241000000.0,13215000000.0,,5271000000.0,7944000000.0,,5.169,-183000000.0,608000000.0,608000000.0,1191000000.0,35000000.0,1.626,3.275,4957000000.0,151000000.0,4806000000.0,4957000000.0,0.0,131000000.0,0.0,0.022,0.0,4000000.0,135000000.0,0.062,135000000.0,4000000.0,-23000000.0,0.06,0.06,0.06,3091000000.0,,3091000000.0,19813160966.0,24.0,14.886,41000000.0,0.069,1.0,971000000.0,0.449,2129000000.0,27000000.0,12193000000.0,,2076000000.0,0.0,0.0,0.0,10124000000.0,3242000000.0,6882000000.0,15535160966.0,-800000000.0,-13000000.0,16000000.0,-833000000.0,0.0,-817000000.0,-196000000.0,0.0,224000000.0,-11000000.0,35000000.0,35000000.0,35000000.0,11000000.0,0.0,0.016,956000000.0,15000000.0,2391000000.0,0.0,5.026,27.255,27.368,4157000000.0,0.0,26.0,1.84,1.842,1955000000.0,1930000000.0,2162000000.0,2162000000.0,139000000.0,,,,,0.0,466000000.0,1.0,597506191.0,598000000.0,613000000.0,3.615,11086000000.0,229000000.0,-58000000.0,777000000.0,18.538,2029000000.0
73,BAX,MRQ,2003-03-31,2003-03-31,2003-03-31,2021-09-07,-1305000000.0,13326000000.0,,5683000000.0,7643000000.0,,4.972,-175000000.0,1408000000.0,1408000000.0,1117000000.0,214000000.0,1.608,3.482,5686000000.0,116000000.0,5570000000.0,5686000000.0,0.0,128000000.0,0.0,0.031,0.0,301000000.0,429000000.0,0.215,429000000.0,301000000.0,282000000.0,0.36,0.35,0.36,2973000000.0,,2973000000.0,14577021545.0,13.0,9.151,-203000000.0,-0.339,1.0,878000000.0,0.44,2081000000.0,19000000.0,11989000000.0,,1917000000.0,0.0,0.0,0.0,10353000000.0,3534000000.0,6819000000.0,11128021545.0,239000000.0,-71000000.0,-137000000.0,1018000000.0,-346000000.0,535000000.0,-246000000.0,0.0,-28000000.0,-22000000.0,214000000.0,214000000.0,214000000.0,1000000.0,0.0,0.107,576000000.0,302000000.0,2732000000.0,0.0,3.743,15.14,15.279,4025000000.0,0.0,18.64,1.353,1.355,1918000000.0,1891000000.0,1995000000.0,1995000000.0,136000000.0,,,,,0.0,414000000.0,1.0,596996864.0,598000000.0,611000000.0,3.336,11245000000.0,87000000.0,68000000.0,686000000.0,18.804,2149000000.0
74,BAX,MRQ,2002-12-31,2002-12-31,2002-12-31,2021-09-07,-1264000000.0,12428000000.0,,5107000000.0,7321000000.0,,5.072,-286000000.0,1169000000.0,1169000000.0,1201000000.0,7000000.0,1.367,3.125,4618000000.0,220000000.0,4398000000.0,4618000000.0,0.0,114000000.0,0.0,0.021,0.582,102000000.0,216000000.0,0.096,216000000.0,102000000.0,92000000.0,0.01,0.02,0.01,3013000000.0,,3013000000.0,19471023260.0,16.0,12.004,506000000.0,0.852,1.0,1056000000.0,0.468,1971000000.0,10000000.0,10169000000.0,,1752000000.0,0.0,0.0,0.0,9415000000.0,3737000000.0,5678000000.0,16612023260.0,891000000.0,-370000000.0,-599000000.0,1354000000.0,-1000000.0,754000000.0,-656000000.0,0.0,792000000.0,-29000000.0,7000000.0,7000000.0,7000000.0,250000000.0,0.0,0.003,704000000.0,352000000.0,3047000000.0,58.2,5.513,21.546,21.875,3912000000.0,0.0,28.0,2.051,2.074,1793000000.0,1740000000.0,2257000000.0,2257000000.0,142000000.0,,,,,0.0,414000000.0,1.0,593286545.0,594000000.0,612000000.0,3.8,10457000000.0,125000000.0,85000000.0,470000000.0,17.604,1370000000.0
75,BAX,MRQ,2002-09-30,2002-09-30,2002-09-30,2021-09-07,-783000000.0,11167000000.0,,4211000000.0,6956000000.0,,7.227,-238000000.0,278000000.0,278000000.0,1088000000.0,314000000.0,1.33,1.562,3137000000.0,202000000.0,2935000000.0,3137000000.0,0.0,118000000.0,0.0,0.019,0.0,433000000.0,551000000.0,0.272,551000000.0,433000000.0,422000000.0,0.52,0.51,0.52,4358000000.0,,4358000000.0,21458902635.0,20.0,14.529,209000000.0,0.347,1.0,939000000.0,0.463,1894000000.0,11000000.0,8966000000.0,,1713000000.0,184000000.0,184000000.0,0.0,6809000000.0,3166000000.0,3643000000.0,18423902635.0,-194000000.0,-28000000.0,34000000.0,-428000000.0,0.0,-394000000.0,-266000000.0,0.0,447000000.0,29000000.0,314000000.0,314000000.0,314000000.0,1000000.0,0.0,0.155,505000000.0,434000000.0,2355000000.0,0.0,4.228,27.054,27.035,3650000000.0,0.0,30.55,2.405,2.404,1768000000.0,1862000000.0,2027000000.0,2027000000.0,121000000.0,,,,,0.0,378000000.0,1.0,603073736.0,603000000.0,624000000.0,3.362,9273000000.0,36000000.0,108000000.0,686000000.0,15.378,1045000000.0
76,BAX,MRQ,2002-06-30,2002-06-30,2002-06-30,2021-09-07,-715000000.0,11188000000.0,,4383000000.0,6805000000.0,,6.772,-196000000.0,472000000.0,472000000.0,1031000000.0,200000000.0,1.399,1.744,3507000000.0,217000000.0,3290000000.0,3507000000.0,0.0,105000000.0,0.0,0.013,0.0,292000000.0,397000000.0,0.204,397000000.0,292000000.0,278000000.0,0.33,0.32,0.33,4077000000.0,,4077000000.0,29415621232.0,29.0,20.657,-131000000.0,-0.218,1.0,914000000.0,0.47,1862000000.0,14000000.0,9229000000.0,,1664000000.0,121000000.0,121000000.0,0.0,7111000000.0,3132000000.0,3979000000.0,26718621232.0,-50000000.0,-11000000.0,-66000000.0,151000000.0,0.0,85000000.0,-207000000.0,0.0,65000000.0,0.0,200000000.0,200000000.0,200000000.0,4000000.0,0.0,0.103,618000000.0,296000000.0,2341000000.0,0.0,6.554,41.813,41.542,3515000000.0,0.0,44.45,3.546,3.551,1844000000.0,1546000000.0,1945000000.0,1945000000.0,123000000.0,,,,,0.0,380000000.0,1.0,601093841.0,602000000.0,622000000.0,3.231,9326000000.0,46000000.0,78000000.0,656000000.0,15.492,1251000000.0
77,BAX,MRQ,2002-03-31,2002-03-31,2002-03-31,2021-09-07,-557000000.0,10617000000.0,,4161000000.0,6456000000.0,,6.567,-132000000.0,522000000.0,522000000.0,995000000.0,253000000.0,1.312,1.695,3219000000.0,542000000.0,2677000000.0,3219000000.0,0.0,103000000.0,0.0,0.01,0.0,360000000.0,463000000.0,0.247,463000000.0,360000000.0,344000000.0,0.42,0.41,0.42,3940000000.0,,3940000000.0,37809181750.0,35.0,25.29,-239000000.0,-0.398,1.0,880000000.0,0.469,1695000000.0,16000000.0,8447000000.0,,1462000000.0,122000000.0,122000000.0,0.0,6677000000.0,3172000000.0,3505000000.0,35704181750.0,-60000000.0,-49000000.0,56000000.0,517000000.0,-348000000.0,225000000.0,-181000000.0,0.0,-107000000.0,0.0,253000000.0,253000000.0,253000000.0,0.0,0.0,0.135,520000000.0,360000000.0,2004000000.0,0.0,9.062,51.596,50.872,3326000000.0,0.0,59.52,4.786,4.787,1701000000.0,1346000000.0,1875000000.0,1875000000.0,115000000.0,,,,,0.0,393000000.0,1.0,599868645.0,600000000.0,622000000.0,3.125,8922000000.0,40000000.0,91000000.0,827000000.0,14.87,989000000.0
78,BAX,MRQ,2001-12-31,2001-12-31,2001-12-31,2021-09-07,-432000000.0,10343000000.0,,3977000000.0,6366000000.0,,6.336,-269000000.0,582000000.0,582000000.0,864000000.0,-86000000.0,1.207,1.753,2687000000.0,201000000.0,2486000000.0,2687000000.0,0.0,99000000.0,0.0,0.011,0.582,-33000000.0,66000000.0,0.036,66000000.0,-33000000.0,-46000000.0,-0.14,-0.15,-0.14,3757000000.0,,3757000000.0,34331533837.0,36.0,24.628,459000000.0,0.774,1.0,951000000.0,0.524,1698000000.0,13000000.0,7456000000.0,,1341000000.0,0.0,0.0,0.0,6586000000.0,3294000000.0,3292000000.0,31660533837.0,112000000.0,-513000000.0,473000000.0,-278000000.0,0.0,195000000.0,-782000000.0,0.0,728000000.0,0.0,-86000000.0,-86000000.0,-86000000.0,11000000.0,0.0,-0.047,973000000.0,-22000000.0,2432000000.0,-4.157,8.427,52.68,52.578,3306000000.0,0.0,53.63,4.312,4.31,1622000000.0,1093000000.0,1815000000.0,1815000000.0,114000000.0,,,,,0.0,392000000.0,1.0,590351181.0,593000000.0,615000000.0,3.061,8645000000.0,82000000.0,40000000.0,879000000.0,14.578,683000000.0
79,BAX,MRQ,2001-09-30,2001-09-30,2001-09-30,2021-09-07,-577000000.0,9663000000.0,,4064000000.0,5599000000.0,,6.075,-187000000.0,470000000.0,470000000.0,1045000000.0,272000000.0,1.597,1.701,3141000000.0,565000000.0,2576000000.0,3141000000.0,0.0,111000000.0,0.0,0.011,0.0,387000000.0,498000000.0,0.262,498000000.0,387000000.0,368000000.0,0.46,0.45,0.46,3578000000.0,,3578000000.0,34718761595.0,25.0,19.097,211000000.0,0.358,1.0,855000000.0,0.45,1592000000.0,19000000.0,8197000000.0,,1415000000.0,167000000.0,167000000.0,0.0,6085000000.0,2545000000.0,3540000000.0,32397761595.0,39000000.0,-188000000.0,74000000.0,52000000.0,-1000000.0,24000000.0,-375000000.0,0.0,398000000.0,0.0,272000000.0,272000000.0,272000000.0,0.0,0.0,0.143,468000000.0,387000000.0,1297000000.0,0.0,9.055,33.853,33.981,3128000000.0,0.0,55.05,4.463,4.466,1623000000.0,1516000000.0,1900000000.0,1900000000.0,105000000.0,,,,,0.0,352000000.0,1.0,588515197.0,589000000.0,609000000.0,3.226,8071000000.0,116000000.0,96000000.0,800000000.0,13.703,1519000000.0
80,BAX,MRQ,2001-06-30,2001-06-30,2001-06-30,2021-09-07,-370000000.0,9282000000.0,,3991000000.0,5291000000.0,,5.786,-175000000.0,431000000.0,431000000.0,1044000000.0,253000000.0,1.699,1.719,2752000000.0,374000000.0,2378000000.0,2752000000.0,0.0,109000000.0,0.0,0.012,0.0,359000000.0,468000000.0,0.25,468000000.0,359000000.0,342000000.0,0.43,0.42,0.43,3414000000.0,,3414000000.0,32040761255.0,24.0,18.051,-179000000.0,-0.303,1.0,826000000.0,0.442,1397000000.0,17000000.0,7857000000.0,,1358000000.0,162000000.0,162000000.0,0.0,5868000000.0,2349000000.0,3519000000.0,29914761255.0,-292000000.0,-39000000.0,-143000000.0,1000000.0,0.0,-105000000.0,-214000000.0,0.0,-4000000.0,0.0,253000000.0,253000000.0,253000000.0,0.0,0.0,0.135,467000000.0,359000000.0,1344000000.0,0.0,8.762,32.658,32.581,2922000000.0,0.0,50.5,4.245,4.228,1649000000.0,1245000000.0,1870000000.0,1870000000.0,104000000.0,,,,,0.0,361000000.0,1.0,592371510.0,590000000.0,608000000.0,3.169,7885000000.0,97000000.0,89000000.0,911000000.0,13.364,1642000000.0
81,BAX,MRQ,2001-03-31,2001-03-31,2001-03-31,2021-09-07,-382000000.0,9282000000.0,,4009000000.0,5273000000.0,,5.52,-131000000.0,723000000.0,723000000.0,986000000.0,162000000.0,1.447,1.85,2849000000.0,670000000.0,2179000000.0,2849000000.0,0.0,108000000.0,0.0,0.012,0.0,254000000.0,362000000.0,0.206,362000000.0,254000000.0,235000000.0,0.27,0.27,0.27,3257000000.0,,3257000000.0,29577078966.0,29.0,20.727,-164000000.0,-0.278,1.0,771000000.0,0.439,1370000000.0,19000000.0,7268000000.0,,1257000000.0,135000000.0,135000000.0,0.0,6025000000.0,2770000000.0,3255000000.0,27796078966.0,144000000.0,-30000000.0,0.0,631000000.0,-340000000.0,355000000.0,-161000000.0,0.0,-33000000.0,0.0,162000000.0,162000000.0,162000000.0,0.0,0.0,0.092,465000000.0,306000000.0,1445000000.0,0.0,8.534,39.094,39.225,2888000000.0,0.0,47.07,4.045,4.042,1571000000.0,992000000.0,1757000000.0,1757000000.0,103000000.0,,,,,0.0,343000000.0,1.0,590526428.0,590000000.0,606000000.0,2.978,7912000000.0,119000000.0,73000000.0,869000000.0,13.41,1239000000.0
82,BAX,MRQ,2000-12-31,2000-12-31,2000-12-31,2021-09-07,-649000000.0,8733000000.0,,3651000000.0,5082000000.0,,4.522,-227000000.0,579000000.0,579000000.0,873000000.0,270000000.0,1.083,2.284,2360000000.0,634000000.0,1726000000.0,2360000000.0,0.0,93000000.0,0.0,0.013,0.582,397000000.0,490000000.0,0.283,490000000.0,397000000.0,372000000.0,0.46,0.45,0.46,2659000000.0,,2659000000.0,28101763561.0,27.0,19.597,502000000.0,0.854,1.0,860000000.0,0.496,1239000000.0,25000000.0,5903000000.0,,1159000000.0,155000000.0,155000000.0,0.0,6074000000.0,3372000000.0,2702000000.0,25975763561.0,11000000.0,-35000000.0,208000000.0,-454000000.0,0.0,-440000000.0,-262000000.0,0.0,729000000.0,0.0,270000000.0,270000000.0,270000000.0,30000000.0,0.0,0.156,435000000.0,425000000.0,1990000000.0,1.265,9.769,35.102,35.044,2807000000.0,0.0,44.155,3.879,3.857,1547000000.0,853000000.0,1733000000.0,1733000000.0,105000000.0,,,,,0.0,351000000.0,1.0,588285892.0,588000000.0,603000000.0,2.947,7494000000.0,159000000.0,102000000.0,908000000.0,12.745,279000000.0
83,BAX,MRQ,2000-09-30,2000-09-30,2000-09-30,2021-09-07,-426000000.0,8808000000.0,,3825000000.0,4983000000.0,,4.98,-142000000.0,568000000.0,568000000.0,925000000.0,231000000.0,1.564,1.998,2694000000.0,448000000.0,2246000000.0,2694000000.0,0.0,118000000.0,0.0,0.004,0.0,337000000.0,455000000.0,0.27,455000000.0,337000000.0,312000000.0,0.39,0.38,0.39,2938000000.0,,2938000000.0,25375791066.0,26.0,18.563,196000000.0,0.332,1.0,762000000.0,0.452,1258000000.0,25000000.0,7230000000.0,,1257000000.0,145000000.0,145000000.0,0.0,5870000000.0,2446000000.0,3424000000.0,23318791066.0,72000000.0,-144000000.0,-209000000.0,175000000.0,0.0,20000000.0,-286000000.0,0.0,338000000.0,0.0,231000000.0,231000000.0,231000000.0,0.0,0.0,0.137,425000000.0,337000000.0,1358000000.0,0.0,7.937,33.36,33.534,2710000000.0,0.0,39.905,3.463,3.497,1608000000.0,923000000.0,1687000000.0,1687000000.0,97000000.0,,,,,0.0,328000000.0,1.0,584357626.0,590000000.0,604000000.0,2.859,7550000000.0,163000000.0,81000000.0,1011000000.0,12.797,1379000000.0
84,BAX,MRQ,2000-06-30,2000-06-30,2000-06-30,2021-09-07,-418000000.0,8787000000.0,,3819000000.0,4968000000.0,,4.925,-141000000.0,496000000.0,496000000.0,947000000.0,48000000.0,1.619,2.061,2553000000.0,198000000.0,2355000000.0,2553000000.0,0.0,86000000.0,0.0,0.008,0.0,34000000.0,120000000.0,0.071,120000000.0,34000000.0,15000000.0,0.08,0.08,0.08,2871000000.0,,2871000000.0,22453861571.0,24.0,17.153,43000000.0,0.074,1.0,747000000.0,0.441,1194000000.0,19000000.0,7291000000.0,,1271000000.0,179000000.0,179000000.0,0.0,5916000000.0,2359000000.0,3557000000.0,20409861571.0,-198000000.0,-104000000.0,-92000000.0,-58000000.0,0.0,-84000000.0,-245000000.0,0.0,184000000.0,0.0,48000000.0,48000000.0,48000000.0,-2000000.0,0.0,0.028,715000000.0,32000000.0,1498000000.0,0.0,7.109,30.103,30.306,2668000000.0,0.0,35.155,3.076,3.089,1640000000.0,693000000.0,1694000000.0,1694000000.0,93000000.0,,,,,0.0,336000000.0,1.0,580567816.0,583000000.0,594000000.0,2.906,7593000000.0,196000000.0,-33000000.0,1042000000.0,13.024,1460000000.0
85,BAX,MRQ,2000-03-31,2000-03-31,2000-03-31,2021-09-07,-348000000.0,8714000000.0,,3967000000.0,4747000000.0,,4.664,-115000000.0,694000000.0,694000000.0,896000000.0,191000000.0,1.575,2.221,2738000000.0,435000000.0,2303000000.0,2738000000.0,0.0,97000000.0,0.0,0.014,0.0,272000000.0,369000000.0,0.233,369000000.0,272000000.0,257000000.0,0.33,0.325,0.33,2705000000.0,,2705000000.0,20463300185.0,17.0,13.017,-190000000.0,-0.328,1.0,687000000.0,0.434,1004000000.0,15000000.0,7235000000.0,,1263000000.0,146000000.0,146000000.0,0.0,6009000000.0,2519000000.0,3490000000.0,18213300185.0,88000000.0,-107000000.0,-49000000.0,443000000.0,-84000000.0,384000000.0,-222000000.0,0.0,-75000000.0,0.0,191000000.0,191000000.0,191000000.0,-12000000.0,0.0,0.121,427000000.0,260000000.0,1489000000.0,0.0,6.733,21.76,21.843,2673000000.0,0.0,31.345,2.802,2.797,1756000000.0,689000000.0,1583000000.0,1583000000.0,83000000.0,,,,,0.0,315000000.0,1.0,581059186.0,580000000.0,592000000.0,2.729,7710000000.0,159000000.0,66000000.0,925000000.0,13.293,1448000000.0
86,BAX,MRQ,1999-12-31,1999-12-31,1999-12-31,2021-09-07,-374000000.0,9644000000.0,,3819000000.0,5825000000.0,,5.753,-237000000.0,606000000.0,606000000.0,985000000.0,229000000.0,1.414,1.881,2856000000.0,255000000.0,2601000000.0,2856000000.0,0.0,93000000.0,0.0,0.019,0.145,330000000.0,423000000.0,0.239,423000000.0,330000000.0,311000000.0,0.39,0.39,0.39,3348000000.0,,3348000000.0,20735357581.0,18.0,13.561,385000000.0,0.662,1.0,784000000.0,0.443,921000000.0,19000000.0,8273000000.0,,1116000000.0,148000000.0,148000000.0,0.0,6296000000.0,2700000000.0,3596000000.0,18273357581.0,-219000000.0,-39000000.0,-113000000.0,-405000000.0,-84000000.0,-574000000.0,-276000000.0,0.0,622000000.0,0.0,229000000.0,229000000.0,229000000.0,2000000.0,0.0,0.129,452000000.0,332000000.0,1805000000.0,0.372,5.458,22.928,22.923,2650000000.0,0.0,31.405,2.864,2.85,1805000000.0,1415000000.0,1769000000.0,1769000000.0,90000000.0,,,,,0.0,360000000.0,1.0,581861410.0,582000000.0,590000000.0,3.04,8723000000.0,216000000.0,82000000.0,951000000.0,14.988,1119000000.0
87,BAX,MRQ,1999-09-30,1999-09-30,1999-09-30,2021-09-07,-386000000.0,9902000000.0,,4255000000.0,5647000000.0,,5.611,-167000000.0,825000000.0,825000000.0,876000000.0,210000000.0,1.669,2.022,3287000000.0,371000000.0,2916000000.0,3287000000.0,0.0,95000000.0,0.0,0.019,0.145,302000000.0,397000000.0,0.25,397000000.0,302000000.0,280000000.0,0.36,0.355,0.36,3277000000.0,,3277000000.0,19958378764.0,18.0,13.217,70000000.0,0.12,1.0,713000000.0,0.449,862000000.0,22000000.0,8952000000.0,,1211000000.0,185000000.0,185000000.0,0.0,6625000000.0,2550000000.0,4075000000.0,17541378764.0,102000000.0,-15000000.0,-71000000.0,121000000.0,-85000000.0,18000000.0,-182000000.0,0.0,237000000.0,0.0,210000000.0,210000000.0,210000000.0,-13000000.0,0.0,0.132,424000000.0,289000000.0,1644000000.0,0.403,5.353,22.489,22.232,2514000000.0,0.0,30.125,2.822,2.831,1803000000.0,1270000000.0,1589000000.0,1589000000.0,83000000.0,,,,,0.0,328000000.0,1.0,582286432.0,584000000.0,594000000.0,2.721,9040000000.0,345000000.0,70000000.0,978000000.0,15.479,1705000000.0
88,BAX,MRQ,1999-06-30,1999-06-30,1999-06-30,2021-09-07,-337000000.0,9899000000.0,,4487000000.0,5412000000.0,,5.55,-129000000.0,723000000.0,723000000.0,870000000.0,207000000.0,1.728,2.075,3140000000.0,233000000.0,2907000000.0,3140000000.0,0.0,87000000.0,0.0,0.019,0.145,296000000.0,383000000.0,0.246,383000000.0,296000000.0,274000000.0,0.355,0.35,0.355,3219000000.0,,3219000000.0,20426439348.0,26.0,18.485,86000000.0,0.148,1.0,690000000.0,0.442,1734000000.0,22000000.0,7985000000.0,,1397000000.0,153000000.0,153000000.0,0.0,6680000000.0,2597000000.0,4083000000.0,17679439348.0,115000000.0,-38000000.0,198000000.0,-48000000.0,-85000000.0,93000000.0,-167000000.0,0.0,215000000.0,18000000.0,207000000.0,207000000.0,207000000.0,-18000000.0,0.0,0.133,412000000.0,278000000.0,1786000000.0,0.408,5.492,39.64,38.865,2648000000.0,0.0,30.315,2.921,2.905,1974000000.0,1145000000.0,1560000000.0,1560000000.0,84000000.0,,,,,0.0,319000000.0,1.0,583191138.0,580000000.0,590000000.0,2.69,8165000000.0,387000000.0,67000000.0,1018000000.0,14.078,1890000000.0
89,BAX,MRQ,1999-03-31,1999-03-31,1999-03-31,2021-09-07,-356000000.0,9898000000.0,,4532000000.0,5366000000.0,,4.967,-98000000.0,608000000.0,608000000.0,837000000.0,151000000.0,1.546,2.472,3355000000.0,417000000.0,2938000000.0,3355000000.0,0.0,97000000.0,0.0,0.018,0.145,229000000.0,326000000.0,0.223,326000000.0,229000000.0,205000000.0,0.265,0.26,0.265,2851000000.0,,2851000000.0,21602713128.0,34.0,22.179,-89000000.0,-0.155,1.0,625000000.0,0.427,1735000000.0,24000000.0,7979000000.0,,1331000000.0,258000000.0,258000000.0,0.0,7047000000.0,2931000000.0,4116000000.0,18944713128.0,-101000000.0,-12000000.0,0.0,63000000.0,-84000000.0,18000000.0,-110000000.0,0.0,9000000.0,-18000000.0,151000000.0,151000000.0,151000000.0,-16000000.0,0.0,0.103,385000000.0,240000000.0,1919000000.0,0.547,6.645,62.731,61.682,2633000000.0,0.0,33.0,3.204,3.204,1921000000.0,1023000000.0,1462000000.0,1462000000.0,75000000.0,,,,,0.0,304000000.0,1.0,574082216.0,574000000.0,586000000.0,2.547,8163000000.0,483000000.0,54000000.0,1094000000.0,14.221,1601000000.0
90,BAX,MRQ,1998-12-31,1998-12-31,1998-12-31,2021-09-07,-296000000.0,9873000000.0,,4295000000.0,5578000000.0,,4.946,-236000000.0,709000000.0,709000000.0,890000000.0,212000000.0,1.517,2.478,3367000000.0,271000000.0,3096000000.0,3367000000.0,0.0,91000000.0,0.0,0.018,0.145,313000000.0,404000000.0,0.252,404000000.0,313000000.0,283000000.0,0.375,0.365,0.375,2839000000.0,,2839000000.0,21052060916.0,32.0,21.031,302000000.0,0.526,1.0,714000000.0,0.445,930000000.0,30000000.0,8770000000.0,,1167000000.0,317000000.0,317000000.0,0.0,7034000000.0,2831000000.0,4203000000.0,18375060916.0,231000000.0,-40000000.0,0.0,3000000.0,-83000000.0,-52000000.0,-276000000.0,0.0,538000000.0,0.0,212000000.0,212000000.0,212000000.0,-10000000.0,0.0,0.132,411000000.0,303000000.0,2024000000.0,0.387,6.472,58.334,57.883,2445000000.0,0.0,32.125,3.22,3.198,1807000000.0,990000000.0,1604000000.0,1604000000.0,76000000.0,,,,,0.0,339000000.0,1.0,571986332.0,574000000.0,584000000.0,2.794,8943000000.0,453000000.0,71000000.0,997000000.0,15.58,1464000000.0
91,BAX,MRQ,1998-09-30,1998-09-30,1998-09-30,2021-09-07,-280000000.0,9571000000.0,,4226000000.0,5345000000.0,,4.735,-99000000.0,478000000.0,478000000.0,794000000.0,-124000000.0,1.542,2.546,3155000000.0,234000000.0,2921000000.0,3155000000.0,0.0,42000000.0,0.0,0.02,0.145,-50000000.0,-8000000.0,-0.006,-8000000.0,-50000000.0,-80000000.0,-0.215,-0.215,-0.215,2699000000.0,,2699000000.0,19886825047.0,34.0,23.205,211000000.0,0.37,1.0,633000000.0,0.444,1783000000.0,30000000.0,7724000000.0,,1366000000.0,299000000.0,299000000.0,0.0,6872000000.0,2741000000.0,4131000000.0,17035825047.0,50000000.0,-37000000.0,0.0,-69000000.0,-83000000.0,-119000000.0,-136000000.0,0.0,310000000.0,0.0,-124000000.0,-124000000.0,-124000000.0,-3000000.0,0.0,-0.087,686000000.0,-53000000.0,2005000000.0,-0.674,6.312,59.775,57.951,2443000000.0,0.0,29.845,3.362,3.357,1946000000.0,861000000.0,1427000000.0,1427000000.0,89000000.0,,,,,0.0,306000000.0,1.0,570810020.0,570000000.0,570000000.0,2.504,7788000000.0,320000000.0,44000000.0,1033000000.0,13.663,1485000000.0
92,BAX,MRQ,1998-06-30,1998-06-30,1998-06-30,2021-09-07,-277000000.0,9275000000.0,,4237000000.0,5038000000.0,,5.08,-129000000.0,428000000.0,428000000.0,765000000.0,63000000.0,1.672,2.226,3279000000.0,315000000.0,2964000000.0,3279000000.0,0.0,104000000.0,0.0,0.021,0.145,148000000.0,252000000.0,0.178,252000000.0,148000000.0,115000000.0,0.11,0.11,0.11,2875000000.0,,2875000000.0,17804553348.0,20.0,14.642,17000000.0,0.03,1.0,654000000.0,0.461,1775000000.0,33000000.0,7817000000.0,,1366000000.0,430000000.0,430000000.0,0.0,6400000000.0,2534000000.0,3866000000.0,15122553348.0,-3000000.0,-100000000.0,0.0,146000000.0,-84000000.0,86000000.0,-229000000.0,0.0,146000000.0,0.0,63000000.0,63000000.0,63000000.0,-11000000.0,0.0,0.044,517000000.0,137000000.0,1804000000.0,1.318,5.26,26.624,26.507,2463000000.0,0.0,26.905,2.946,2.966,1842000000.0,1068000000.0,1419000000.0,1419000000.0,84000000.0,,,,,0.0,306000000.0,1.0,562072230.0,566000000.0,576000000.0,2.507,7500000000.0,180000000.0,52000000.0,784000000.0,13.251,1703000000.0
93,BAX,MRQ,1998-03-31,1998-03-31,1998-03-31,2021-09-07,-263000000.0,8906000000.0,,3994000000.0,4912000000.0,,4.811,-92000000.0,431000000.0,431000000.0,806000000.0,164000000.0,1.649,2.306,3113000000.0,215000000.0,2898000000.0,3113000000.0,0.0,107000000.0,0.0,0.021,0.145,261000000.0,368000000.0,0.251,368000000.0,261000000.0,219000000.0,0.295,0.29,0.295,2694000000.0,,2694000000.0,17786878253.0,18.0,13.485,-147000000.0,-0.263,1.0,662000000.0,0.451,1756000000.0,42000000.0,7410000000.0,,1251000000.0,382000000.0,382000000.0,0.0,6212000000.0,2422000000.0,3790000000.0,15472878253.0,-34000000.0,-139000000.0,0.0,306000000.0,-81000000.0,258000000.0,-231000000.0,0.0,-55000000.0,0.0,164000000.0,164000000.0,164000000.0,0.0,0.0,0.112,401000000.0,261000000.0,1714000000.0,0.492,5.743,23.198,23.067,2386000000.0,0.0,27.565,2.928,2.921,1750000000.0,1089000000.0,1468000000.0,1468000000.0,86000000.0,,,,,0.0,307000000.0,1.0,561323354.0,560000000.0,570000000.0,2.621,7150000000.0,253000000.0,55000000.0,798000000.0,12.768,1572000000.0
94,BAX,MRQ,1997-12-31,1997-12-31,1997-12-31,2021-09-07,-222000000.0,8707000000.0,,3870000000.0,4837000000.0,,4.66,-187000000.0,465000000.0,465000000.0,415000000.0,182000000.0,1.513,2.325,2779000000.0,144000000.0,2635000000.0,2779000000.0,0.0,19000000.0,0.0,0.023,0.145,226000000.0,245000000.0,0.325,245000000.0,226000000.0,219000000.0,0.325,0.32,0.325,2619000000.0,,2619000000.0,16469688256.0,26.0,17.373,138000000.0,0.246,1.0,338000000.0,0.449,1622000000.0,7000000.0,6842000000.0,,1208000000.0,367000000.0,367000000.0,0.0,6088000000.0,2557000000.0,3531000000.0,14125688256.0,56000000.0,-37000000.0,0.0,30000000.0,-81000000.0,-48000000.0,-233000000.0,0.0,325000000.0,0.0,182000000.0,182000000.0,182000000.0,71000000.0,0.0,0.242,41000000.0,297000000.0,1963000000.0,0.446,5.394,47.086,46.704,2360000000.0,0.0,25.22,2.686,2.666,1781000000.0,1006000000.0,753000000.0,753000000.0,57000000.0,,,,,0.0,150000000.0,1.0,560098662.0,562000000.0,570000000.0,1.34,7085000000.0,253000000.0,37000000.0,766000000.0,12.607,1313000000.0
95,BAX,MRQ,1997-09-30,1997-09-30,1997-09-30,2021-09-07,-268000000.0,8155000000.0,,3701000000.0,4454000000.0,,4.409,-118000000.0,409000000.0,409000000.0,825000000.0,159000000.0,1.669,2.303,2753000000.0,193000000.0,2560000000.0,2753000000.0,0.0,97000000.0,0.0,0.091,0.141,254000000.0,351000000.0,0.235,351000000.0,254000000.0,212000000.0,0.285,0.28,0.285,2469000000.0,,2469000000.0,16680429987.0,26.0,12.871,-31000000.0,-0.055,1.0,669000000.0,0.448,1535000000.0,42000000.0,6747000000.0,,1219000000.0,422000000.0,422000000.0,0.0,5686000000.0,2217000000.0,3469000000.0,14603429987.0,-422000000.0,-217000000.0,0.0,-134000000.0,-79000000.0,-183000000.0,-308000000.0,0.0,87000000.0,0.0,159000000.0,159000000.0,159000000.0,0.0,0.0,0.106,415000000.0,254000000.0,1729000000.0,0.495,5.915,52.911,52.778,2199000000.0,0.0,26.125,2.434,2.438,1747000000.0,905000000.0,1494000000.0,1494000000.0,97000000.0,,,,,0.0,325000000.0,1.0,558982966.0,560000000.0,570000000.0,2.668,6620000000.0,103000000.0,53000000.0,604000000.0,11.821,1484000000.0
96,BAX,MRQ,1997-06-30,1997-06-30,1997-06-30,2021-09-07,-176000000.0,8655000000.0,,4169000000.0,4486000000.0,,4.406,-80000000.0,831000000.0,831000000.0,855000000.0,162000000.0,1.612,2.533,2908000000.0,249000000.0,2659000000.0,2908000000.0,0.0,93000000.0,0.0,0.091,0.141,262000000.0,355000000.0,0.226,355000000.0,262000000.0,218000000.0,0.29,0.285,0.29,2450000000.0,,2450000000.0,16590994024.0,25.0,16.108,46000000.0,0.083,1.0,714000000.0,0.455,1526000000.0,44000000.0,6619000000.0,,1240000000.0,308000000.0,308000000.0,0.0,6205000000.0,2587000000.0,3618000000.0,14558994024.0,243000000.0,-29000000.0,0.0,268000000.0,-79000000.0,237000000.0,-123000000.0,0.0,126000000.0,0.0,162000000.0,162000000.0,162000000.0,0.0,0.0,0.103,452000000.0,262000000.0,1951000000.0,0.486,5.942,49.52,48.953,2145000000.0,0.0,26.19,2.503,2.504,1918000000.0,824000000.0,1569000000.0,1569000000.0,95000000.0,,,,,0.0,347000000.0,1.0,555898970.0,556000000.0,564000000.0,2.822,7129000000.0,200000000.0,56000000.0,704000000.0,12.822,1582000000.0
97,BAX,MRQ,1997-03-31,1997-03-31,1997-03-31,2021-09-07,-170000000.0,8338000000.0,,3808000000.0,4530000000.0,,4.245,-69000000.0,588000000.0,588000000.0,782000000.0,-203000000.0,1.341,2.585,2620000000.0,446000000.0,2174000000.0,2620000000.0,0.0,109000000.0,0.0,0.111,0.141,-112000000.0,-3000000.0,-0.002,-3000000.0,-112000000.0,-150000000.0,-0.37,-0.37,-0.37,2326000000.0,,2326000000.0,,,,-49000000.0,-0.089,1.0,661000000.0,0.458,1542000000.0,38000000.0,5988000000.0,,1202000000.0,285000000.0,285000000.0,0.0,6012000000.0,2840000000.0,3172000000.0,11775491134.0,-173000000.0,-346000000.0,0.0,307000000.0,-77000000.0,259000000.0,-419000000.0,0.0,20000000.0,0.0,-203000000.0,-203000000.0,-203000000.0,0.0,0.0,-0.141,773000000.0,-112000000.0,1965000000.0,-0.381,5.063,38.232,37.833,2150000000.0,0.0,21.565,2.11,2.117,1902000000.0,742000000.0,1443000000.0,1443000000.0,90000000.0,,,,,0.0,323000000.0,1.0,546046424.0,548000000.0,548000000.0,2.633,6796000000.0,229000000.0,53000000.0,742000000.0,12.401,968000000.0
98,BAX,MRQ,1996-12-31,1996-12-31,1996-12-31,2021-09-07,-20000000.0,7596000000.0,,3480000000.0,4116000000.0,,4.603,-143000000.0,761000000.0,761000000.0,827000000.0,158000000.0,1.423,2.034,2041000000.0,346000000.0,1695000000.0,2041000000.0,0.0,348000000.0,0.0,0.116,1.942,245000000.0,593000000.0,0.397,593000000.0,245000000.0,218000000.0,0.29,,0.29,2504000000.0,,2504000000.0,,,,117000000.0,0.215,1.0,667000000.0,0.446,1386000000.0,27000000.0,5045000000.0,,883000000.0,266000000.0,266000000.0,0.0,5092000000.0,2445000000.0,2647000000.0,11193951692.0,-72000000.0,-80000000.0,-175000000.0,16000000.0,-77000000.0,-192000000.0,-227000000.0,0.0,260000000.0,0.0,158000000.0,158000000.0,158000000.0,0.0,0.0,0.106,422000000.0,245000000.0,1704000000.0,6.697,4.47,16.732,16.667,1843000000.0,0.0,20.5,2.058,2.051,1860000000.0,1022000000.0,1494000000.0,1494000000.0,90000000.0,,,,,0.0,312000000.0,1.0,546046424.0,544000000.0,,2.746,6210000000.0,212000000.0,60000000.0,650000000.0,11.415,1035000000.0
99,BAX,MRQ,1996-09-30,1996-09-30,1996-09-30,2021-09-07,,,,,,,,-93000000.0,,,720000000.0,177000000.0,,,,,,,,-171000000.0,,0.025,0.151,256000000.0,85000000.0,0.065,85000000.0,256000000.0,230000000.0,0.325,,0.325,,,,,,,100000000.0,0.183,1.0,590000000.0,0.45,,26000000.0,,,,,,,,,,,163000000.0,-86000000.0,-5000000.0,175000000.0,-83000000.0,153000000.0,-192000000.0,0.0,193000000.0,0.0,177000000.0,177000000.0,177000000.0,-40000000.0,0.0,0.135,374000000.0,216000000.0,,0.465,,,,,0.0,23.25,,,,,1310000000.0,1310000000.0,84000000.0,,,,,0.0,272000000.0,1.0,,546000000.0,,2.399,,,53000000.0,,,
100,BAX,MRQ,1996-06-30,1996-06-30,1996-06-30,2021-09-07,,,,,,,,-96000000.0,,,741000000.0,176000000.0,,,,,,,,87000000.0,,0.024,0.151,257000000.0,344000000.0,0.258,344000000.0,257000000.0,231000000.0,0.325,,0.325,,,,,,,182000000.0,0.335,1.0,594000000.0,0.445,,26000000.0,,,,,,,,,,,78000000.0,-46000000.0,-7000000.0,-7000000.0,-82000000.0,-61000000.0,-123000000.0,0.0,278000000.0,4000000.0,176000000.0,176000000.0,176000000.0,-34000000.0,0.0,0.132,371000000.0,223000000.0,,0.465,,,,,0.0,23.875,,,,,1335000000.0,1335000000.0,84000000.0,,,,,0.0,282000000.0,1.0,,544000000.0,,2.454,,,55000000.0,,,
101,BAX,MRQ,1996-03-31,1996-03-31,1996-03-31,2021-09-07,,,,,,,,-66000000.0,,,721000000.0,158000000.0,,,,,,,,84000000.0,,0.024,0.141,232000000.0,316000000.0,0.243,316000000.0,232000000.0,208000000.0,0.29,,0.29,,,,,,,-97000000.0,-0.178,1.0,578000000.0,0.445,,24000000.0,,,,,,,,,,,116000000.0,-97000000.0,-80000000.0,426000000.0,-78000000.0,316000000.0,-165000000.0,0.0,-31000000.0,-4000000.0,158000000.0,158000000.0,158000000.0,-20000000.0,0.0,0.122,366000000.0,212000000.0,,0.486,,,,,0.0,23.125,,,,,1299000000.0,1299000000.0,82000000.0,,,,,0.0,276000000.0,1.0,,544000000.0,,2.388,,,50000000.0,,,
0,BAX,MRT,2021-06-30,2021-06-30,2021-06-30,2021-09-07,-3376000000.0,19682000000.0,19816250000.0,8004000000.0,11678000000.0,0.616,16.887,-722000000.0,3136000000.0,3136000000.0,7433000000.0,1131000000.0,2.394,1.312,6636000000.0,457000000.0,6179000000.0,6636000000.0,0.0,861000000.0,0.0,0.013,1.015,1502000000.0,2363000000.0,0.194,2363000000.0,1502000000.0,1357000000.0,2.22,2.18,2.22,8494000000.0,8550500000.0,8494000000.0,43857585436.0,29.0,18.56,1354000000.0,2.692,1.0,4764000000.0,0.391,5058000000.0,145000000.0,14780000000.0,14661750000.0,2065000000.0,0.0,0.0,0.0,11147000000.0,3344000000.0,7803000000.0,40479585436.0,-954000000.0,-458000000.0,-921000000.0,-486000000.0,-499000000.0,-1961000000.0,-1147000000.0,0.0,2076000000.0,78000000.0,1120000000.0,1120000000.0,1120000000.0,0.0,11000000.0,0.092,3074000000.0,1690000000.0,1005000000.0,0.457,4.766,36.142,36.261,5216000000.0,0.0,80.5,3.319,3.32,2021000000.0,16658000000.0,12197000000.0,12197000000.0,525000000.0,0.057,0.131,0.102,0.123,125000000.0,2553000000.0,1.0,502851993.0,503000000.0,509000000.0,24.249,14624000000.0,0.0,237000000.0,0.0,29.074,4660000000.0
1,BAX,MRT,2021-03-31,2021-03-31,2021-03-31,2021-09-07,-3480000000.0,19466000000.0,19762000000.0,7856000000.0,11610000000.0,0.598,16.737,-708000000.0,3182000000.0,3182000000.0,7248000000.0,1077000000.0,2.465,1.299,6560000000.0,407000000.0,6153000000.0,6560000000.0,0.0,841000000.0,0.0,0.012,0.98,1403000000.0,2244000000.0,0.19,2244000000.0,1403000000.0,1256000000.0,2.11,2.07,2.11,8452000000.0,8459000000.0,8452000000.0,45563462420.0,32.0,20.305,1265000000.0,2.505,1.0,4569000000.0,0.387,5073000000.0,147000000.0,14584000000.0,14615250000.0,2017000000.0,0.0,0.0,0.0,10976000000.0,3187000000.0,7789000000.0,42600462420.0,-924000000.0,-432000000.0,-569000000.0,-762000000.0,-487000000.0,-1873000000.0,-1113000000.0,0.0,1973000000.0,89000000.0,1068000000.0,1068000000.0,1068000000.0,0.0,9000000.0,0.09,2972000000.0,1597000000.0,1023000000.0,0.464,5.04,39.888,39.972,5181000000.0,0.0,84.34,3.605,3.604,1915000000.0,16502000000.0,11817000000.0,11817000000.0,503000000.0,0.054,0.126,0.096,0.119,123000000.0,2468000000.0,1.0,505103894.0,505000000.0,511000000.0,23.4,14393000000.0,0.0,188000000.0,0.0,28.501,4669000000.0
2,BAX,MRT,2020-12-31,2020-12-31,2020-12-31,2021-09-07,-3314000000.0,20019000000.0,19664250000.0,8411000000.0,11608000000.0,0.594,17.071,-709000000.0,3730000000.0,3730000000.0,7086000000.0,1110000000.0,2.524,1.3,6693000000.0,406000000.0,6287000000.0,6693000000.0,0.0,823000000.0,0.0,0.012,0.955,1418000000.0,2241000000.0,0.192,2241000000.0,1418000000.0,1284000000.0,2.17,2.13,2.17,8689000000.0,8270750000.0,8689000000.0,43606068256.0,31.0,19.458,1159000000.0,2.277,1.0,4587000000.0,0.393,4888000000.0,134000000.0,14761000000.0,14526000000.0,1916000000.0,0.0,0.0,0.0,11293000000.0,3333000000.0,7960000000.0,40988068256.0,401000000.0,-494000000.0,-298000000.0,478000000.0,-473000000.0,-345000000.0,-1179000000.0,0.0,1868000000.0,57000000.0,1102000000.0,1102000000.0,1102000000.0,0.0,8000000.0,0.094,2971000000.0,1616000000.0,1043000000.0,0.44,4.717,37.194,36.977,5325000000.0,0.0,80.24,3.511,3.499,2007000000.0,16328000000.0,11673000000.0,11673000000.0,521000000.0,0.056,0.133,0.098,0.121,130000000.0,2469000000.0,1.0,510818398.0,509000000.0,517000000.0,22.933,15131000000.0,0.0,182000000.0,0.0,29.727,5078000000.0
3,BAX,MRT,2020-09-30,2020-09-30,2020-09-30,2021-09-07,-3839000000.0,20098000000.0,19207750000.0,9033000000.0,11065000000.0,0.6,16.765,-663000000.0,4359000000.0,4359000000.0,6837000000.0,920000000.0,2.64,1.342,6977000000.0,727000000.0,6250000000.0,6977000000.0,0.0,819000000.0,0.0,0.012,0.93,966000000.0,1785000000.0,0.155,1785000000.0,966000000.0,850000000.0,1.79,1.77,1.79,8567000000.0,8069000000.0,8567000000.0,43488155887.0,45.0,24.363,1322000000.0,2.587,1.0,4694000000.0,0.407,4772000000.0,116000000.0,14522000000.0,14082500000.0,1988000000.0,0.0,0.0,0.0,11496000000.0,3422000000.0,8074000000.0,40711155887.0,1357000000.0,-698000000.0,-39000000.0,1236000000.0,-461000000.0,682000000.0,-1336000000.0,0.0,1985000000.0,26000000.0,911000000.0,911000000.0,911000000.0,0.0,9000000.0,0.079,2948000000.0,1746000000.0,2695000000.0,0.52,4.752,44.688,44.927,5038000000.0,0.0,80.42,3.531,3.564,2001000000.0,16285000000.0,11531000000.0,11531000000.0,542000000.0,0.047,0.113,0.069,0.084,127000000.0,2485000000.0,1.0,506231732.0,511000000.0,518000000.0,22.566,15326000000.0,0.0,-61000000.0,0.0,29.992,5611000000.0
4,BAX,MRT,2020-06-30,2020-06-30,2020-06-30,2021-09-07,-3988000000.0,19465000000.0,18508000000.0,8566000000.0,10899000000.0,0.616,15.969,-674000000.0,4085000000.0,4085000000.0,6681000000.0,936000000.0,2.974,1.391,6862000000.0,319000000.0,6543000000.0,6862000000.0,0.0,805000000.0,0.0,0.011,0.905,1003000000.0,1808000000.0,0.158,1808000000.0,1003000000.0,913000000.0,1.81,1.79,1.81,8128000000.0,7824250000.0,8128000000.0,46718798972.0,47.0,25.84,1502000000.0,2.951,1.0,4729000000.0,0.414,4768000000.0,90000000.0,14594000000.0,13708500000.0,1905000000.0,0.0,0.0,0.0,11305000000.0,2880000000.0,8425000000.0,43810798972.0,1160000000.0,-760000000.0,-305000000.0,1237000000.0,-448000000.0,439000000.0,-1410000000.0,0.0,2176000000.0,-45000000.0,924000000.0,924000000.0,924000000.0,0.0,12000000.0,0.081,2950000000.0,1779000000.0,2561000000.0,0.5,5.39,47.414,47.569,4963000000.0,0.0,86.1,3.84,3.841,1884000000.0,16055000000.0,11410000000.0,11410000000.0,563000000.0,0.05,0.118,0.073,0.088,129000000.0,2511000000.0,1.0,508836225.0,509000000.0,517000000.0,22.417,14697000000.0,0.0,-11000000.0,0.0,28.874,5686000000.0
5,BAX,MRT,2020-03-31,2020-03-31,2020-03-31,2021-09-07,-4177000000.0,19075000000.0,18027750000.0,8333000000.0,10742000000.0,0.639,15.185,-675000000.0,4110000000.0,4110000000.0,6682000000.0,1002000000.0,2.745,1.474,7018000000.0,536000000.0,6482000000.0,7018000000.0,0.0,796000000.0,0.0,0.011,0.88,1025000000.0,1821000000.0,0.158,1821000000.0,1025000000.0,951000000.0,1.94,1.91,1.94,7699000000.0,7745250000.0,7699000000.0,43709742320.0,43.0,24.003,1573000000.0,3.103,1.0,4844000000.0,0.42,4720000000.0,74000000.0,14227000000.0,13402750000.0,1694000000.0,0.0,0.0,0.0,11345000000.0,3036000000.0,8309000000.0,41184742320.0,2208000000.0,-752000000.0,-424000000.0,2328000000.0,-433000000.0,1430000000.0,-1403000000.0,0.0,2248000000.0,-67000000.0,991000000.0,991000000.0,991000000.0,0.0,11000000.0,0.086,3046000000.0,1798000000.0,2500000000.0,0.454,5.349,41.559,41.851,4917000000.0,0.0,81.19,3.573,3.571,1892000000.0,15935000000.0,11526000000.0,11526000000.0,612000000.0,0.055,0.128,0.076,0.089,129000000.0,2562000000.0,1.0,507263731.0,507000000.0,516000000.0,22.734,14355000000.0,0.0,-40000000.0,0.0,28.314,5297000000.0
6,BAX,MRT,2019-12-31,2019-12-31,2019-12-31,2021-09-07,-3710000000.0,18193000000.0,17346500000.0,7503000000.0,10690000000.0,0.655,15.485,-696000000.0,3335000000.0,3335000000.0,6601000000.0,1011000000.0,2.323,1.304,5860000000.0,541000000.0,5319000000.0,5860000000.0,0.0,789000000.0,0.0,0.01,0.85,1031000000.0,1820000000.0,0.16,1820000000.0,1031000000.0,960000000.0,1.97,1.93,1.97,7882000000.0,7732000000.0,7882000000.0,45418681766.0,44.0,24.955,1408000000.0,2.766,1.0,4761000000.0,0.419,4501000000.0,71000000.0,12987000000.0,12699250000.0,1653000000.0,0.0,0.0,0.0,10281000000.0,3230000000.0,7051000000.0,42692681766.0,1497000000.0,-418000000.0,-914000000.0,1883000000.0,-423000000.0,498000000.0,-1100000000.0,0.0,2104000000.0,-5000000.0,1001000000.0,1001000000.0,1001000000.0,0.0,10000000.0,0.088,2989000000.0,1772000000.0,2689000000.0,0.431,5.416,42.65,42.447,5120000000.0,0.0,83.62,3.757,3.746,1896000000.0,15718000000.0,11362000000.0,11362000000.0,595000000.0,0.058,0.129,0.081,0.091,122000000.0,2535000000.0,1.0,510555869.0,509000000.0,519000000.0,22.322,13692000000.0,0.0,-41000000.0,0.0,26.9,4273000000.0
7,BAX,MRT,2019-09-30,2019-09-30,2019-09-30,2021-09-07,-4288000000.0,17299000000.0,16728250000.0,7210000000.0,10089000000.0,0.667,14.849,-711000000.0,3009000000.0,3009000000.0,6510000000.0,1335000000.0,2.761,1.276,5559000000.0,2000000.0,5557000000.0,5559000000.0,0.0,765000000.0,0.0,0.009,0.82,1656000000.0,2421000000.0,0.217,2421000000.0,1656000000.0,1594000000.0,2.58,2.54,2.58,7588000000.0,7722500000.0,7588000000.0,47384321861.0,29.0,19.572,1273000000.0,2.491,1.0,4646000000.0,0.416,4212000000.0,62000000.0,13026000000.0,11987750000.0,1715000000.0,0.0,0.0,0.0,9682000000.0,2611000000.0,7071000000.0,44658321861.0,146000000.0,-199000000.0,-2093000000.0,1661000000.0,-412000000.0,-894000000.0,-895000000.0,0.0,1984000000.0,-49000000.0,1329000000.0,1329000000.0,1329000000.0,6000000.0,6000000.0,0.119,3019000000.0,1627000000.0,2609000000.0,0.318,5.885,33.603,33.903,4995000000.0,0.0,87.47,4.003,4.007,1814000000.0,15849000000.0,11156000000.0,11156000000.0,614000000.0,0.079,0.172,0.138,0.148,120000000.0,2496000000.0,1.0,510555869.0,511000000.0,520000000.0,21.832,13087000000.0,0.0,265000000.0,0.0,25.611,4599000000.0
8,BAX,MRT,2019-06-30,2019-06-30,2019-06-30,2021-09-07,-4639000000.0,17544000000.0,16615250000.0,7218000000.0,10326000000.0,0.666,15.318,-686000000.0,2925000000.0,2925000000.0,6418000000.0,1478000000.0,2.779,1.243,5651000000.0,4000000.0,5647000000.0,5651000000.0,0.0,769000000.0,0.0,0.01,0.79,1551000000.0,2320000000.0,0.21,2320000000.0,1551000000.0,1491000000.0,2.83,2.78,2.83,7812000000.0,8108000000.0,7812000000.0,44543797447.0,29.0,19.2,1053000000.0,2.065,1.0,4648000000.0,0.42,4302000000.0,60000000.0,13371000000.0,11328500000.0,1757000000.0,0.0,0.0,0.0,9708000000.0,2597000000.0,7111000000.0,41782797447.0,68000000.0,-151000000.0,-2041000000.0,1661000000.0,-401000000.0,-827000000.0,-825000000.0,0.0,1739000000.0,-19000000.0,1478000000.0,1478000000.0,1478000000.0,6000000.0,0.0,0.134,3142000000.0,1506000000.0,2593000000.0,0.279,5.349,28.27,28.94,5129000000.0,0.0,81.9,3.776,3.775,1885000000.0,16184000000.0,11066000000.0,11066000000.0,636000000.0,0.089,0.182,0.137,0.14,118000000.0,2553000000.0,1.0,510168467.0,510000000.0,519000000.0,21.698,13242000000.0,0.0,13000000.0,0.0,25.965,4621000000.0
9,BAX,MRT,2019-03-31,2019-03-31,2019-03-31,2021-09-07,-4562000000.0,16350000000.0,16373750000.0,6087000000.0,10263000000.0,0.676,14.934,-697000000.0,1908000000.0,1908000000.0,6340000000.0,1508000000.0,1.83,1.135,4669000000.0,798000000.0,3871000000.0,4669000000.0,0.0,771000000.0,0.0,0.009,0.76,1620000000.0,2391000000.0,0.216,2391000000.0,1620000000.0,1569000000.0,2.86,2.81,2.86,7646000000.0,8375250000.0,7646000000.0,43319481205.0,27.0,18.118,1001000000.0,1.955,1.0,4734000000.0,0.427,4371000000.0,51000000.0,11413000000.0,10530500000.0,1751000000.0,0.0,0.0,0.0,8681000000.0,3327000000.0,5354000000.0,41674481205.0,-1054000000.0,-158000000.0,-2178000000.0,795000000.0,-390000000.0,-1820000000.0,-843000000.0,0.0,1698000000.0,-64000000.0,1508000000.0,1508000000.0,1508000000.0,6000000.0,0.0,0.136,3194000000.0,1540000000.0,2529000000.0,0.266,5.45,27.636,28.43,5056000000.0,0.0,81.31,3.763,3.759,1802000000.0,15970000000.0,11074000000.0,11074000000.0,644000000.0,0.092,0.18,0.154,0.146,117000000.0,2593000000.0,1.0,512538202.0,512000000.0,522000000.0,21.629,11979000000.0,0.0,61000000.0,0.0,23.396,2760000000.0
10,BAX,MRT,2018-12-31,2018-12-31,2018-12-31,2021-09-07,-3823000000.0,15720000000.0,16508750000.0,5959000000.0,9761000000.0,0.672,14.689,-659000000.0,1838000000.0,1838000000.0,6340000000.0,1546000000.0,2.118,1.001,3485000000.0,4000000.0,3481000000.0,3485000000.0,0.0,771000000.0,0.0,0.011,0.73,1656000000.0,2427000000.0,0.219,2427000000.0,1656000000.0,1611000000.0,2.9,2.83,2.9,7844000000.0,8738500000.0,7844000000.0,35653520488.0,22.0,14.69,1358000000.0,2.543,1.0,4759000000.0,0.429,4412000000.0,45000000.0,10141000000.0,10237250000.0,1667000000.0,0.0,0.0,0.0,7854000000.0,2814000000.0,5040000000.0,35025520488.0,-1565000000.0,-268000000.0,-2194000000.0,0.0,-376000000.0,-2603000000.0,-916000000.0,0.0,2017000000.0,-63000000.0,1546000000.0,1546000000.0,1546000000.0,6000000.0,0.0,0.139,3175000000.0,1584000000.0,2810000000.0,0.252,4.465,22.656,22.697,4530000000.0,0.0,65.82,3.156,3.167,1840000000.0,15075000000.0,11099000000.0,11099000000.0,654000000.0,0.094,0.177,0.162,0.149,115000000.0,2620000000.0,1.0,532140998.0,534000000.0,546000000.0,20.785,11308000000.0,0.0,65000000.0,0.0,21.176,3145000000.0
11,BAX,MRT,2018-09-30,2018-09-30,2018-09-30,2021-09-07,-4239000000.0,16847000000.0,16856500000.0,7028000000.0,9819000000.0,0.657,17.097,-659000000.0,2860000000.0,2860000000.0,6324000000.0,1064000000.0,2.599,0.847,3488000000.0,3000000.0,3485000000.0,3488000000.0,0.0,774000000.0,0.0,0.009,0.7,1428000000.0,2202000000.0,0.199,2202000000.0,1428000000.0,1380000000.0,1.99,1.95,1.99,9130000000.0,9058500000.0,9130000000.0,41827569255.0,29.0,18.995,1040000000.0,1.948,1.0,4753000000.0,0.429,4382000000.0,48000000.0,10389000000.0,10185750000.0,1718000000.0,0.0,0.0,0.0,7734000000.0,2704000000.0,5030000000.0,41186569255.0,-639000000.0,-263000000.0,-1036000000.0,32000000.0,-361000000.0,-1393000000.0,-904000000.0,0.0,1699000000.0,49000000.0,1064000000.0,1064000000.0,1064000000.0,10000000.0,0.0,0.096,3267000000.0,1486000000.0,2592000000.0,0.352,4.511,38.709,38.739,4520000000.0,0.0,77.09,3.718,3.716,1826000000.0,15394000000.0,11077000000.0,11077000000.0,663000000.0,0.063,0.117,0.14,0.129,117000000.0,2740000000.0,1.0,534266043.0,534000000.0,546000000.0,20.743,12465000000.0,0.0,316000000.0,109000000.0,23.343,4324000000.0
12,BAX,MRT,2018-06-30,2018-06-30,2018-06-30,2021-09-07,-4199000000.0,16578000000.0,17030000000.0,6890000000.0,9688000000.0,0.647,16.6,-648000000.0,2857000000.0,2857000000.0,6372000000.0,797000000.0,2.621,0.868,3498000000.0,3000000.0,3495000000.0,3498000000.0,0.0,759000000.0,0.0,0.009,0.67,1352000000.0,2111000000.0,0.192,2111000000.0,1352000000.0,1301000000.0,1.48,1.45,1.48,8881000000.0,9142500000.0,8881000000.0,40146278487.0,30.0,19.018,1200000000.0,2.243,1.0,4651000000.0,0.422,4411000000.0,51000000.0,10179000000.0,10181500000.0,1622000000.0,0.0,0.0,0.0,7709000000.0,2629000000.0,5080000000.0,39540278487.0,-936000000.0,-880000000.0,-933000000.0,32000000.0,-347000000.0,-1281000000.0,-1518000000.0,0.0,1848000000.0,60000000.0,797000000.0,797000000.0,797000000.0,7000000.0,0.0,0.072,3247000000.0,1404000000.0,2524000000.0,0.453,4.452,49.611,49.892,4531000000.0,0.0,73.84,3.587,3.584,1783000000.0,14966000000.0,11023000000.0,11023000000.0,647000000.0,0.047,0.087,0.133,0.123,115000000.0,2736000000.0,1.0,535485895.0,535000000.0,547000000.0,20.604,12167000000.0,0.0,504000000.0,102000000.0,22.742,4261000000.0
13,BAX,MRT,2018-03-31,2018-03-31,2018-03-31,2021-09-07,-3876000000.0,16890000000.0,17126250000.0,6956000000.0,9934000000.0,0.63,16.881,-648000000.0,2947000000.0,2947000000.0,6242000000.0,719000000.0,2.633,0.857,3553000000.0,3000000.0,3550000000.0,3553000000.0,0.0,748000000.0,0.0,0.01,0.64,1257000000.0,2005000000.0,0.186,2005000000.0,1257000000.0,1204000000.0,1.33,1.3,1.33,9099000000.0,9216000000.0,9099000000.0,35248628528.0,28.0,17.58,1324000000.0,2.456,1.0,4544000000.0,0.421,4614000000.0,53000000.0,10240000000.0,10184250000.0,1581000000.0,0.0,0.0,0.0,7797000000.0,2642000000.0,5155000000.0,35130628528.0,113000000.0,-911000000.0,-717000000.0,665000000.0,-332000000.0,-415000000.0,-1549000000.0,0.0,1972000000.0,102000000.0,719000000.0,719000000.0,719000000.0,6000000.0,0.0,0.067,3177000000.0,1367000000.0,2533000000.0,0.481,3.861,48.86,48.902,4614000000.0,0.0,65.04,3.257,3.25,1807000000.0,14734000000.0,10786000000.0,10786000000.0,628000000.0,0.042,0.078,0.123,0.117,109000000.0,2685000000.0,1.0,540138815.0,539000000.0,551000000.0,20.011,12276000000.0,0.0,485000000.0,106000000.0,22.776,4314000000.0
14,BAX,MRT,2017-12-31,2017-12-31,2017-12-31,2021-09-07,-4001000000.0,17111000000.0,16818500000.0,7263000000.0,9848000000.0,0.629,16.803,-616000000.0,3394000000.0,3394000000.0,6110000000.0,602000000.0,2.575,0.876,3512000000.0,3000000.0,3509000000.0,3512000000.0,0.0,750000000.0,0.0,0.009,0.61,1148000000.0,1898000000.0,0.179,1898000000.0,1148000000.0,1093000000.0,1.11,1.08,1.11,9124000000.0,9112750000.0,9124000000.0,35198935503.0,31.0,18.545,1098000000.0,2.022,1.0,4474000000.0,0.423,4473000000.0,55000000.0,9935000000.0,9980750000.0,1475000000.0,0.0,0.0,0.0,7995000000.0,2821000000.0,5174000000.0,35217935503.0,617000000.0,-686000000.0,-217000000.0,665000000.0,-315000000.0,93000000.0,-1292000000.0,0.0,1714000000.0,102000000.0,602000000.0,602000000.0,602000000.0,7000000.0,0.0,0.057,3186000000.0,1288000000.0,2733000000.0,0.55,3.86,58.502,58.234,4588000000.0,0.0,64.64,3.327,3.316,1793000000.0,14483000000.0,10584000000.0,10584000000.0,615000000.0,0.036,0.066,0.115,0.108,107000000.0,2627000000.0,1.0,544831923.0,543000000.0,555000000.0,19.492,12638000000.0,0.0,491000000.0,85000000.0,23.274,4442000000.0
15,BAX,MRT,2017-09-30,2017-09-30,2017-09-30,2021-09-07,-3994000000.0,17541000000.0,16427250000.0,7448000000.0,10093000000.0,0.635,17.369,-610000000.0,3517000000.0,3517000000.0,6018000000.0,1031000000.0,2.798,0.854,3498000000.0,3000000.0,3495000000.0,3498000000.0,0.0,763000000.0,0.0,0.009,0.58,1263000000.0,2026000000.0,0.194,2026000000.0,1263000000.0,1209000000.0,1.91,1.88,1.91,9466000000.0,8904250000.0,9466000000.0,33830649854.0,27.0,16.698,1426000000.0,2.617,1.0,4414000000.0,0.423,4488000000.0,54000000.0,10372000000.0,9766250000.0,1550000000.0,0.0,0.0,0.0,8082000000.0,2662000000.0,5420000000.0,34190649854.0,920000000.0,-659000000.0,-189000000.0,635000000.0,-299000000.0,111000000.0,-1267000000.0,0.0,2036000000.0,0.0,1031000000.0,1031000000.0,1031000000.0,-6000000.0,0.0,0.099,3111000000.0,1303000000.0,2572000000.0,0.304,3.612,33.163,32.853,4488000000.0,0.0,62.75,3.277,3.278,1748000000.0,14615000000.0,10432000000.0,10432000000.0,588000000.0,0.063,0.116,0.129,0.121,108000000.0,2523000000.0,1.0,544870914.0,545000000.0,557000000.0,19.141,13053000000.0,0.0,178000000.0,87000000.0,23.95,4786000000.0
16,BAX,MRT,2017-06-30,2017-06-30,2017-06-30,2021-09-07,-4176000000.0,16963000000.0,15990750000.0,7704000000.0,9259000000.0,0.643,16.866,-646000000.0,3817000000.0,3817000000.0,5928000000.0,910000000.0,3.012,0.85,3457000000.0,3000000.0,3454000000.0,3457000000.0,0.0,783000000.0,0.0,0.009,0.55,1101000000.0,1884000000.0,0.183,1884000000.0,1101000000.0,1047000000.0,1.69,1.67,1.69,9175000000.0,8707000000.0,9175000000.0,32842728162.0,30.0,17.432,1317000000.0,2.421,1.0,4355000000.0,0.424,3855000000.0,54000000.0,10190000000.0,9566500000.0,1525000000.0,0.0,0.0,0.0,7798000000.0,2558000000.0,5240000000.0,32913728162.0,1187000000.0,-14000000.0,-69000000.0,268000000.0,-283000000.0,-119000000.0,-658000000.0,0.0,1963000000.0,0.0,910000000.0,910000000.0,910000000.0,-6000000.0,0.0,0.088,3166000000.0,1189000000.0,2471000000.0,0.325,3.587,36.169,35.822,4337000000.0,0.0,60.54,3.201,3.203,1721000000.0,14480000000.0,10283000000.0,10283000000.0,597000000.0,0.057,0.105,0.115,0.107,107000000.0,2569000000.0,1.0,543669114.0,544000000.0,555000000.0,18.903,13108000000.0,0.0,137000000.0,83000000.0,24.096,5146000000.0
17,BAX,MRT,2017-03-31,2017-03-31,2017-03-31,2021-09-07,-4418000000.0,15659000000.0,15745500000.0,6633000000.0,9026000000.0,0.652,16.055,-658000000.0,2858000000.0,2858000000.0,6068000000.0,1857000000.0,2.721,0.804,2787000000.0,3000000.0,2784000000.0,2787000000.0,0.0,805000000.0,0.0,0.01,0.52,2010000000.0,2815000000.0,0.274,2815000000.0,2010000000.0,1958000000.0,3.41,3.38,3.41,8686000000.0,8540500000.0,8686000000.0,27989664448.0,14.0,9.943,1518000000.0,2.806,1.0,4195000000.0,0.409,3724000000.0,52000000.0,9426000000.0,9240250000.0,1480000000.0,0.0,0.0,0.0,6984000000.0,2438000000.0,4546000000.0,28008664448.0,647000000.0,25000000.0,-30000000.0,-547000000.0,-275000000.0,-871000000.0,-631000000.0,0.0,2176000000.0,0.0,1857000000.0,1857000000.0,1857000000.0,-5000000.0,0.0,0.181,3285000000.0,910000000.0,2330000000.0,0.152,3.225,15.083,15.208,4274000000.0,0.0,51.86,2.729,2.734,1646000000.0,14323000000.0,10263000000.0,10263000000.0,637000000.0,0.118,0.217,0.218,0.196,110000000.0,2648000000.0,1.0,540082230.0,541000000.0,551000000.0,18.97,11935000000.0,0.0,101000000.0,102000000.0,22.061,4195000000.0
18,BAX,MRT,2016-12-31,2016-12-31,2016-12-31,2021-09-07,-4556000000.0,15546000000.0,16168250000.0,6574000000.0,8972000000.0,0.629,15.183,-719000000.0,2801000000.0,2801000000.0,6047000000.0,4965000000.0,2.396,0.876,2782000000.0,3000000.0,2779000000.0,2782000000.0,0.0,800000000.0,0.0,0.011,0.505,5019000000.0,5819000000.0,0.573,5819000000.0,5019000000.0,4953000000.0,9.09,9.01,9.09,8290000000.0,8623750000.0,8290000000.0,24360409962.0,5.0,4.186,935000000.0,1.712,1.0,4116000000.0,0.405,3706000000.0,66000000.0,9077000000.0,9530500000.0,1430000000.0,0.0,0.0,0.0,7266000000.0,2744000000.0,4522000000.0,24117409962.0,588000000.0,-11000000.0,-6000000.0,-56000000.0,-268000000.0,-324000000.0,-715000000.0,0.0,1654000000.0,0.0,4965000000.0,4965000000.0,4965000000.0,1000000.0,0.0,0.489,3371000000.0,745000000.0,2612000000.0,0.056,2.909,4.857,4.878,4289000000.0,0.0,44.34,2.373,2.382,1691000000.0,14200000000.0,10163000000.0,10163000000.0,646000000.0,0.307,0.576,0.527,0.494,115000000.0,2725000000.0,1.0,543919936.0,546000000.0,551000000.0,18.614,11840000000.0,0.0,-12000000.0,126000000.0,21.685,3830000000.0
19,BAX,MRT,2016-09-30,2016-09-30,2016-09-30,2021-09-07,-4172000000.0,15795000000.0,17522250000.0,6589000000.0,9206000000.0,0.578,15.95,-772000000.0,2597000000.0,2597000000.0,6041000000.0,4927000000.0,2.528,0.822,2840000000.0,6000000.0,2834000000.0,2840000000.0,0.0,765000000.0,0.0,0.01,0.49,4983000000.0,5748000000.0,0.568,5748000000.0,4983000000.0,4898000000.0,8.99,8.92,8.99,8677000000.0,8762750000.0,8677000000.0,26427053711.0,5.0,4.598,893000000.0,1.642,1.0,4080000000.0,0.403,3859000000.0,85000000.0,9573000000.0,11128750000.0,1568000000.0,0.0,0.0,0.0,7131000000.0,2606000000.0,4525000000.0,25889053711.0,627000000.0,-9000000.0,225000000.0,-246000000.0,-260000000.0,-272000000.0,-768000000.0,0.0,1665000000.0,0.0,4927000000.0,4927000000.0,4927000000.0,-18000000.0,0.0,0.487,3460000000.0,620000000.0,2499000000.0,0.055,2.984,5.255,5.295,4327000000.0,0.0,47.6,2.558,2.558,1739000000.0,14049000000.0,10121000000.0,10121000000.0,651000000.0,0.281,0.562,0.448,0.492,114000000.0,2809000000.0,1.0,543887683.0,544000000.0,551000000.0,18.605,11936000000.0,0.0,-29000000.0,98000000.0,21.941,3983000000.0
20,BAX,MRT,2016-06-30,2016-06-30,2016-06-30,2021-09-07,-4204000000.0,15982000000.0,18616500000.0,6823000000.0,9159000000.0,0.54,15.527,-839000000.0,2630000000.0,2630000000.0,6007000000.0,4798000000.0,1.833,0.878,3168000000.0,1074000000.0,2094000000.0,3168000000.0,0.0,777000000.0,0.0,0.011,0.475,4838000000.0,5615000000.0,0.559,5615000000.0,4838000000.0,4733000000.0,8.75,8.68,8.75,8509000000.0,8549500000.0,8509000000.0,26119321103.0,5.0,4.652,549000000.0,1.002,1.0,4043000000.0,0.402,3912000000.0,105000000.0,8885000000.0,12441000000.0,1591000000.0,0.0,0.0,0.0,7472000000.0,3723000000.0,3749000000.0,24973321103.0,-4050000000.0,9000000.0,242000000.0,-2226000000.0,-472000000.0,-4576000000.0,-817000000.0,0.0,1388000000.0,0.0,4798000000.0,4798000000.0,4798000000.0,-14000000.0,0.0,0.477,3517000000.0,526000000.0,2537000000.0,0.054,2.935,5.205,5.168,4329000000.0,0.0,45.22,2.485,2.466,1813000000.0,14037000000.0,10050000000.0,10050000000.0,640000000.0,0.258,0.561,0.389,0.481,114000000.0,2877000000.0,1.0,552262740.0,548000000.0,553000000.0,18.339,12070000000.0,0.0,-65000000.0,108000000.0,22.026,3100000000.0
21,BAX,MRT,2016-03-31,2016-03-31,2016-03-31,2021-09-07,-3035000000.0,17350000000.0,22124750000.0,8017000000.0,9333000000.0,0.449,16.428,-881000000.0,2211000000.0,2211000000.0,5848000000.0,3918000000.0,2.097,0.924,3357000000.0,1289000000.0,2068000000.0,3357000000.0,0.0,761000000.0,0.0,0.021,0.865,4005000000.0,4766000000.0,0.479,4766000000.0,4005000000.0,3881000000.0,7.15,7.09,7.15,9019000000.0,8419250000.0,9019000000.0,26813575557.0,7.0,5.626,461000000.0,0.84,1.0,4092000000.0,0.412,4086000000.0,124000000.0,10587000000.0,16561000000.0,1682000000.0,1232000000.0,1232000000.0,0.0,8330000000.0,3823000000.0,4507000000.0,22506575557.0,-319000000.0,23000000.0,229000000.0,2241000000.0,-691000000.0,-355000000.0,-1238000000.0,0.0,1342000000.0,0.0,3918000000.0,3918000000.0,3918000000.0,-272000000.0,0.0,0.394,3547000000.0,545000000.0,2387000000.0,0.121,2.495,5.744,5.745,4403000000.0,0.0,41.08,2.264,2.269,1830000000.0,12923000000.0,9940000000.0,9940000000.0,596000000.0,0.177,0.465,0.242,0.403,120000000.0,2951000000.0,1.0,547871849.0,549000000.0,552000000.0,18.106,13264000000.0,0.0,-37000000.0,137000000.0,24.16,4194000000.0
22,BAX,MRT,2015-12-31,2015-12-31,2015-12-31,2021-09-07,224000000.0,20962000000.0,24002500000.0,11796000000.0,9166000000.0,0.415,16.231,-911000000.0,2213000000.0,2213000000.0,5822000000.0,968000000.0,2.051,1.368,6507000000.0,2585000000.0,3922000000.0,6507000000.0,0.0,759000000.0,0.0,0.033,1.27,1129000000.0,1888000000.0,0.189,1888000000.0,1129000000.0,1003000000.0,1.78,1.76,1.78,8846000000.0,7979000000.0,8846000000.0,25627725255.0,23.0,13.574,860000000.0,1.578,1.0,4146000000.0,0.416,4036000000.0,126000000.0,15470000000.0,19039250000.0,1604000000.0,5148000000.0,5148000000.0,0.0,12097000000.0,5750000000.0,6347000000.0,20868725255.0,-712000000.0,50000000.0,193000000.0,2393000000.0,-910000000.0,-481000000.0,-1807000000.0,0.0,1771000000.0,0.0,968000000.0,968000000.0,968000000.0,-575000000.0,0.0,0.097,3697000000.0,449000000.0,2666000000.0,0.713,2.359,21.559,21.433,4386000000.0,0.0,38.15,2.094,2.086,1731000000.0,9683000000.0,9968000000.0,9968000000.0,603000000.0,0.04,0.121,0.059,0.113,126000000.0,3094000000.0,1.0,547017700.0,545000000.0,549000000.0,18.29,16926000000.0,0.0,35000000.0,453000000.0,31.057,6046000000.0
23,BAX,MRT,2015-09-30,2015-09-30,2015-09-30,2021-09-07,-617000000.0,20172000000.0,25296500000.0,11138000000.0,9034000000.0,0.401,14.33,-959000000.0,1970000000.0,1970000000.0,5873000000.0,1716000000.0,1.862,1.576,6729000000.0,2938000000.0,3791000000.0,6729000000.0,0.0,793000000.0,0.0,0.051,1.675,1834000000.0,2627000000.0,0.259,2627000000.0,1834000000.0,1711000000.0,3.16,3.12,3.16,7824000000.0,7797500000.0,7824000000.0,25458955066.0,14.0,9.691,1231000000.0,2.255,1.0,4281000000.0,0.422,4128000000.0,123000000.0,14822000000.0,20586250000.0,1696000000.0,4156000000.0,4156000000.0,0.0,12327000000.0,5981000000.0,6346000000.0,17920955066.0,-108000000.0,-18000000.0,173000000.0,2603000000.0,-1129000000.0,-528000000.0,-1572000000.0,0.0,2190000000.0,0.0,1716000000.0,1716000000.0,1716000000.0,-1379000000.0,0.0,0.169,3819000000.0,462000000.0,3000000000.0,0.53,2.291,10.443,10.396,4338000000.0,0.0,32.85,1.765,1.766,1772000000.0,9578000000.0,10154000000.0,10154000000.0,598000000.0,0.068,0.22,0.089,0.181,131000000.0,3221000000.0,1.0,545538967.0,546000000.0,549000000.0,18.597,16044000000.0,0.0,-5000000.0,0.0,29.385,5157000000.0
24,BAX,MRT,2015-06-30,2015-06-30,2015-06-30,2021-09-07,-4146000000.0,30015000000.0,26644250000.0,14497000000.0,15518000000.0,0.389,14.684,-505000000.0,6680000000.0,6680000000.0,5936000000.0,2183000000.0,2.297,2.753,14218000000.0,2164000000.0,12054000000.0,14218000000.0,0.0,680000000.0,0.0,0.03,2.08,2360000000.0,3040000000.0,0.293,3040000000.0,2360000000.0,2240000000.0,4.02,3.98,4.02,7988000000.0,7942500000.0,7988000000.0,45534696975.0,19.0,14.979,2344000000.0,4.309,1.0,4440000000.0,0.428,5876000000.0,120000000.0,25365000000.0,22021250000.0,3842000000.0,0.0,0.0,0.0,21994000000.0,6312000000.0,15682000000.0,38059696975.0,4814000000.0,96000000.0,139000000.0,5157000000.0,-1128000000.0,4126000000.0,-1976000000.0,0.0,2849000000.0,0.0,2183000000.0,2183000000.0,2183000000.0,-1673000000.0,0.0,0.21,3853000000.0,587000000.0,4148000000.0,0.517,4.765,17.435,17.396,8967000000.0,0.0,69.93,3.668,3.666,2852000000.0,13389000000.0,10376000000.0,10376000000.0,599000000.0,0.082,0.275,0.107,0.227,120000000.0,3254000000.0,1.0,544254211.0,544000000.0,549000000.0,19.074,24139000000.0,0.0,57000000.0,0.0,44.373,8185000000.0
25,BAX,MRT,2015-03-31,2015-03-31,2015-03-31,2021-09-07,-4709000000.0,24861000000.0,25547750000.0,9734000000.0,15127000000.0,0.472,13.366,-718000000.0,2530000000.0,2530000000.0,6667000000.0,2371000000.0,1.603,2.421,10005000000.0,2325000000.0,7680000000.0,10005000000.0,0.0,743000000.0,0.0,0.03,2.08,2660000000.0,3403000000.0,0.282,3403000000.0,2660000000.0,2528000000.0,4.37,4.33,4.37,7258000000.0,8111000000.0,7258000000.0,43546830421.0,16.0,12.797,2034000000.0,3.746,1.0,5388000000.0,0.447,5762000000.0,132000000.0,20500000000.0,20743000000.0,3501000000.0,0.0,0.0,0.0,17573000000.0,6074000000.0,11499000000.0,37166830421.0,481000000.0,-36000000.0,-21000000.0,1008000000.0,-1111000000.0,-166000000.0,-1928000000.0,0.0,2752000000.0,0.0,2371000000.0,2371000000.0,2371000000.0,-1467000000.0,0.0,0.197,4229000000.0,1159000000.0,3749000000.0,0.476,5.121,15.676,15.675,8492000000.0,0.0,68.5,3.083,3.085,2599000000.0,13352000000.0,12055000000.0,12055000000.0,770000000.0,0.093,0.292,0.128,0.221,124000000.0,3459000000.0,1.0,542581466.0,543000000.0,548000000.0,22.201,19099000000.0,0.0,157000000.0,0.0,35.173,3660000000.0
26,BAX,MRT,2014-12-31,2014-12-31,2014-12-31,2021-09-07,-3650000000.0,26138000000.0,25647750000.0,10162000000.0,15976000000.0,0.418,14.982,-925000000.0,2925000000.0,2925000000.0,6138000000.0,2497000000.0,1.683,2.215,9029000000.0,1698000000.0,7331000000.0,9029000000.0,0.0,792000000.0,0.0,0.028,2.05,2675000000.0,3467000000.0,0.323,3467000000.0,2675000000.0,2530000000.0,4.61,4.56,4.61,8120000000.0,8464250000.0,8120000000.0,46911580812.0,18.0,13.531,2290000000.0,4.225,1.0,4581000000.0,0.427,4547000000.0,145000000.0,21658000000.0,20559500000.0,1577000000.0,0.0,0.0,0.0,17982000000.0,6037000000.0,11945000000.0,39721580812.0,192000000.0,4000000.0,-181000000.0,-113000000.0,-1095000000.0,-1402000000.0,-1542000000.0,0.0,3215000000.0,0.0,2497000000.0,2497000000.0,2497000000.0,-2040000000.0,0.0,0.233,3925000000.0,656000000.0,2677000000.0,0.445,4.892,15.908,15.898,4434000000.0,0.0,73.29,3.706,3.706,1884000000.0,13227000000.0,10719000000.0,10719000000.0,610000000.0,0.097,0.295,0.13,0.25,126000000.0,3315000000.0,1.0,541978180.0,542000000.0,547000000.0,19.777,21591000000.0,0.0,33000000.0,336000000.0,39.836,4125000000.0
27,BAX,MRT,2014-09-30,2014-09-30,2014-09-30,2021-09-07,-2654000000.0,25563000000.0,25419250000.0,9631000000.0,15932000000.0,0.373,15.506,-293000000.0,2078000000.0,2078000000.0,5740000000.0,1870000000.0,1.608,2.039,9268000000.0,1515000000.0,7753000000.0,9268000000.0,0.0,654000000.0,0.0,0.028,2.02,1975000000.0,2629000000.0,0.277,2629000000.0,1975000000.0,1818000000.0,3.44,3.42,3.44,8404000000.0,8550000000.0,8404000000.0,45848898626.0,23.0,17.44,2862000000.0,5.28,1.0,3739000000.0,0.394,6201000000.0,157000000.0,20562000000.0,20122500000.0,3704000000.0,0.0,0.0,0.0,17137000000.0,5990000000.0,11147000000.0,38875898626.0,-298000000.0,167000000.0,-190000000.0,-11000000.0,-1079000000.0,-1277000000.0,-2112000000.0,0.0,3155000000.0,0.0,1870000000.0,1870000000.0,1870000000.0,-2008000000.0,0.0,0.197,3814000000.0,-75000000.0,4460000000.0,0.587,4.626,20.789,20.863,8448000000.0,0.0,71.77,4.101,4.104,2842000000.0,12563000000.0,9479000000.0,9479000000.0,593000000.0,0.074,0.219,0.098,0.208,102000000.0,3221000000.0,1.0,541673382.0,542000000.0,547000000.0,17.489,19362000000.0,0.0,-52000000.0,0.0,35.723,3641000000.0
28,BAX,MRT,2014-06-30,2014-06-30,2014-06-30,2021-09-07,-2145000000.0,25629000000.0,25341000000.0,9487000000.0,16142000000.0,0.414,15.982,-911000000.0,1866000000.0,1866000000.0,6028000000.0,1946000000.0,1.637,1.956,8839000000.0,1311000000.0,7528000000.0,8839000000.0,0.0,758000000.0,0.0,0.028,1.99,2174000000.0,2932000000.0,0.28,2932000000.0,2174000000.0,2003000000.0,3.58,3.55,3.58,8662000000.0,8386250000.0,8662000000.0,45874972625.0,21.0,15.646,2296000000.0,4.236,1.0,4452000000.0,0.425,6555000000.0,171000000.0,20252000000.0,20102500000.0,3836000000.0,0.0,0.0,0.0,16942000000.0,5795000000.0,11147000000.0,39229972625.0,-4123000000.0,-3647000000.0,-230000000.0,-431000000.0,-1064000000.0,-1722000000.0,-5572000000.0,0.0,3207000000.0,0.0,1946000000.0,1946000000.0,1946000000.0,-1731000000.0,0.0,0.186,4090000000.0,362000000.0,4484000000.0,0.556,4.529,20.159,20.196,8152000000.0,0.0,72.3,3.743,3.739,2914000000.0,12378000000.0,10480000000.0,10480000000.0,721000000.0,0.077,0.232,0.108,0.207,122000000.0,3369000000.0,1.0,542599898.0,542000000.0,548000000.0,19.336,19074000000.0,0.0,57000000.0,0.0,35.192,3692000000.0
29,BAX,MRT,2014-03-31,2014-03-31,2014-03-31,2021-09-07,-1946000000.0,25261000000.0,24871500000.0,9388000000.0,15873000000.0,0.402,15.998,-835000000.0,2049000000.0,2049000000.0,5573000000.0,2016000000.0,1.663,1.911,8694000000.0,1177000000.0,7517000000.0,8694000000.0,0.0,688000000.0,0.0,0.027,1.96,2238000000.0,2926000000.0,0.293,2926000000.0,2238000000.0,2092000000.0,3.71,3.67,3.71,8671000000.0,8041250000.0,8671000000.0,46400750598.0,21.0,15.858,2536000000.0,4.679,1.0,4422000000.0,0.442,6495000000.0,146000000.0,19766000000.0,19722000000.0,3748000000.0,0.0,0.0,0.0,16568000000.0,5645000000.0,10923000000.0,39967750598.0,-640000000.0,-3548000000.0,-179000000.0,2611000000.0,-1043000000.0,1393000000.0,-5397000000.0,0.0,3371000000.0,0.0,2016000000.0,2016000000.0,2016000000.0,-1679000000.0,0.0,0.202,3891000000.0,531000000.0,4468000000.0,0.528,4.609,19.825,19.833,7962000000.0,0.0,73.58,3.999,3.99,2708000000.0,12142000000.0,9995000000.0,9995000000.0,672000000.0,0.081,0.251,0.113,0.224,121000000.0,3219000000.0,1.0,543187695.0,542000000.0,548000000.0,18.441,18766000000.0,0.0,76000000.0,0.0,34.624,3743000000.0
30,BAX,MRT,2013-12-31,2013-12-31,2013-12-31,2021-09-07,-1976000000.0,25224000000.0,23635750000.0,10195000000.0,15029000000.0,0.398,15.586,-706000000.0,2733000000.0,2733000000.0,5251000000.0,2012000000.0,1.943,1.978,9166000000.0,1040000000.0,8126000000.0,9166000000.0,0.0,635000000.0,0.0,0.028,1.92,2200000000.0,2835000000.0,0.301,2835000000.0,2200000000.0,2072000000.0,3.7,3.66,3.7,8463000000.0,7613750000.0,8463000000.0,44434618289.0,20.0,15.674,2492000000.0,4.589,1.0,4162000000.0,0.442,6499000000.0,128000000.0,19910000000.0,18550750000.0,3499000000.0,0.0,0.0,0.0,16738000000.0,5248000000.0,11490000000.0,37744618289.0,-537000000.0,-3642000000.0,-405000000.0,3096000000.0,-1023000000.0,1645000000.0,-5362000000.0,0.0,3198000000.0,0.0,2012000000.0,2012000000.0,2012000000.0,-1697000000.0,0.0,0.214,3666000000.0,496000000.0,4208000000.0,0.519,4.46,18.76,18.797,7832000000.0,0.0,69.55,4.01,4.012,2911000000.0,11852000000.0,9413000000.0,9413000000.0,582000000.0,0.085,0.264,0.119,0.234,122000000.0,3084000000.0,1.0,542697603.0,543000000.0,549000000.0,17.335,18725000000.0,504000000.0,60000000.0,0.0,34.484,4947000000.0
31,BAX,MRT,2013-09-30,2013-09-30,2013-09-30,2021-09-07,-2600000000.0,25250000000.0,22427250000.0,9597000000.0,15653000000.0,0.639,14.271,-1436000000.0,2376000000.0,2376000000.0,6987000000.0,2180000000.0,1.921,2.259,9066000000.0,414000000.0,8652000000.0,9066000000.0,0.0,751000000.0,0.0,0.029,1.88,2791000000.0,3542000000.0,0.247,3542000000.0,2791000000.0,2682000000.0,4.0,3.95,4.0,7749000000.0,7232500000.0,7749000000.0,38701660425.0,14.0,10.926,1624000000.0,2.991,1.0,7339000000.0,0.512,6462000000.0,109000000.0,20482000000.0,17317000000.0,3581000000.0,0.0,0.0,0.0,17504000000.0,4996000000.0,12508000000.0,35655660425.0,-815000000.0,-3671000000.0,-605000000.0,2983000000.0,-1003000000.0,1344000000.0,-5193000000.0,0.0,3060000000.0,0.0,2180000000.0,2180000000.0,2180000000.0,-59000000.0,0.0,0.152,4619000000.0,2720000000.0,4582000000.0,0.47,4.601,16.356,16.422,7518000000.0,0.0,65.69,2.489,2.49,2766000000.0,11792000000.0,14326000000.0,14326000000.0,1012000000.0,0.097,0.301,0.161,0.195,144000000.0,3607000000.0,1.0,542786732.0,543000000.0,549000000.0,26.383,18788000000.0,0.0,502000000.0,0.0,34.6,4601000000.0
32,BAX,MRT,2013-06-30,2013-06-30,2013-06-30,2021-09-07,-2765000000.0,23751000000.0,21071000000.0,12185000000.0,11566000000.0,0.669,13.411,-1297000000.0,5989000000.0,5989000000.0,6850000000.0,2219000000.0,2.698,2.257,9035000000.0,411000000.0,8624000000.0,9035000000.0,0.0,723000000.0,0.0,0.027,1.84,2857000000.0,3580000000.0,0.254,3580000000.0,2857000000.0,2768000000.0,4.07,4.02,4.07,7282000000.0,7077500000.0,7282000000.0,40719017811.0,14.0,11.374,1544000000.0,2.843,1.0,7243000000.0,0.514,3551000000.0,89000000.0,18730000000.0,15886000000.0,3069000000.0,0.0,0.0,0.0,16436000000.0,4516000000.0,11920000000.0,37541017811.0,3636000000.0,-106000000.0,-564000000.0,3818000000.0,-920000000.0,2304000000.0,-1477000000.0,0.0,2841000000.0,0.0,2219000000.0,2219000000.0,2219000000.0,-43000000.0,0.0,0.157,4400000000.0,2843000000.0,4105000000.0,0.452,5.155,16.918,17.02,6361000000.0,0.0,69.27,2.664,2.669,2342000000.0,11517000000.0,14093000000.0,14093000000.0,1025000000.0,0.105,0.314,0.18,0.203,139000000.0,3375000000.0,1.0,541952040.0,543000000.0,549000000.0,25.954,20200000000.0,0.0,549000000.0,0.0,37.201,7669000000.0
33,BAX,MRT,2013-03-31,2013-03-31,2013-03-31,2021-09-07,-2757000000.0,20318000000.0,19744750000.0,8814000000.0,11504000000.0,0.709,12.772,-1214000000.0,2689000000.0,2689000000.0,6820000000.0,2290000000.0,1.845,1.913,5867000000.0,710000000.0,5157000000.0,5867000000.0,0.0,720000000.0,0.0,0.023,1.685,2936000000.0,3656000000.0,0.261,3656000000.0,2936000000.0,2842000000.0,4.18,4.14,4.18,6961000000.0,6894750000.0,6961000000.0,42316256991.0,14.0,11.574,1832000000.0,3.361,1.0,7176000000.0,0.513,3637000000.0,94000000.0,15081000000.0,14499250000.0,2963000000.0,0.0,0.0,0.0,13317000000.0,4778000000.0,8539000000.0,39656256991.0,417000000.0,-128000000.0,-892000000.0,713000000.0,-862000000.0,-1167000000.0,-1385000000.0,0.0,3046000000.0,0.0,2290000000.0,2290000000.0,2290000000.0,-43000000.0,0.0,0.164,4384000000.0,2792000000.0,4068000000.0,0.403,5.697,17.317,17.378,6205000000.0,0.0,72.64,2.833,2.829,2319000000.0,11194000000.0,13996000000.0,13996000000.0,1058000000.0,0.116,0.332,0.202,0.21,134000000.0,3326000000.0,1.0,545928648.0,545000000.0,551000000.0,25.681,16681000000.0,0.0,552000000.0,0.0,30.607,4036000000.0
34,BAX,MRT,2012-12-31,2012-12-31,2012-12-31,2021-09-07,-2810000000.0,20390000000.0,19361250000.0,9260000000.0,11130000000.0,0.72,12.592,-1161000000.0,3270000000.0,3270000000.0,6802000000.0,2326000000.0,1.946,1.933,5930000000.0,350000000.0,5580000000.0,5930000000.0,0.0,712000000.0,0.0,0.024,1.57,2968000000.0,3680000000.0,0.264,3680000000.0,2968000000.0,2881000000.0,4.22,4.18,4.22,6938000000.0,6835750000.0,6938000000.0,39377532147.0,13.0,10.7,1945000000.0,3.53,1.0,7134000000.0,0.512,3316000000.0,87000000.0,14975000000.0,14093750000.0,2803000000.0,0.0,0.0,0.0,13412000000.0,4759000000.0,8653000000.0,36621532147.0,365000000.0,-408000000.0,-968000000.0,765000000.0,-804000000.0,-1115000000.0,-1569000000.0,0.0,3106000000.0,0.0,2326000000.0,2326000000.0,2326000000.0,-43000000.0,0.0,0.167,4364000000.0,2770000000.0,4409000000.0,0.372,5.278,15.744,15.796,6098000000.0,0.0,66.66,2.628,2.636,2425000000.0,10888000000.0,13936000000.0,13936000000.0,1081000000.0,0.12,0.34,0.211,0.213,130000000.0,3283000000.0,1.0,549377920.0,551000000.0,556000000.0,25.292,17074000000.0,344000000.0,555000000.0,0.0,30.987,4501000000.0
35,BAX,MRT,2012-09-30,2012-09-30,2012-09-30,2021-09-07,-2549000000.0,19825000000.0,19032000000.0,9105000000.0,10720000000.0,0.737,13.009,-1079000000.0,3191000000.0,3191000000.0,6870000000.0,2304000000.0,2.042,1.772,5947000000.0,333000000.0,5614000000.0,5947000000.0,0.0,701000000.0,0.0,0.024,1.455,2934000000.0,3635000000.0,0.259,3635000000.0,2934000000.0,2854000000.0,4.15,4.11,4.15,7129000000.0,6747500000.0,7129000000.0,35942622254.0,12.0,9.888,1974000000.0,3.602,1.0,7161000000.0,0.51,3365000000.0,80000000.0,14758000000.0,13690750000.0,2831000000.0,0.0,0.0,0.0,12635000000.0,4458000000.0,8177000000.0,32981622254.0,853000000.0,-839000000.0,-885000000.0,1417000000.0,-733000000.0,-309000000.0,-1832000000.0,0.0,3053000000.0,0.0,2295000000.0,2295000000.0,2295000000.0,0.0,9000000.0,0.164,4289000000.0,2872000000.0,4125000000.0,0.351,4.626,14.371,14.523,5862000000.0,0.0,60.27,2.351,2.354,2324000000.0,10642000000.0,14031000000.0,14031000000.0,1119000000.0,0.121,0.34,0.214,0.209,122000000.0,3170000000.0,1.0,547231164.0,548000000.0,552000000.0,25.604,16460000000.0,0.0,559000000.0,0.0,30.036,4647000000.0
36,BAX,MRT,2012-06-30,2012-06-30,2012-06-30,2021-09-07,-2737000000.0,18446000000.0,18536500000.0,8048000000.0,10398000000.0,0.757,11.911,-1055000000.0,2353000000.0,2353000000.0,6911000000.0,2299000000.0,1.653,1.806,5314000000.0,882000000.0,4432000000.0,5314000000.0,0.0,698000000.0,0.0,0.025,1.315,2882000000.0,3580000000.0,0.255,3580000000.0,2882000000.0,2813000000.0,4.1,4.06,4.1,6551000000.0,6703250000.0,6551000000.0,32201143437.0,11.0,8.995,2173000000.0,3.951,1.0,7122000000.0,0.508,3354000000.0,69000000.0,13183000000.0,13264500000.0,2730000000.0,0.0,0.0,0.0,11834000000.0,4870000000.0,6964000000.0,29264143437.0,335000000.0,-750000000.0,-1104000000.0,868000000.0,-725000000.0,-1075000000.0,-1731000000.0,0.0,3228000000.0,0.0,2288000000.0,2288000000.0,2288000000.0,0.0,11000000.0,0.163,4282000000.0,2840000000.0,3988000000.0,0.321,4.467,12.79,12.963,5623000000.0,0.0,53.15,2.085,2.083,2225000000.0,10306000000.0,14033000000.0,14033000000.0,1068000000.0,0.123,0.341,0.217,0.205,121000000.0,3214000000.0,1.0,550595361.0,550000000.0,553000000.0,25.515,15092000000.0,0.0,525000000.0,0.0,27.44,3178000000.0
37,BAX,MRT,2012-03-31,2012-03-31,2012-03-31,2021-09-07,-2449000000.0,18784000000.0,18360250000.0,8117000000.0,10667000000.0,0.762,12.03,-1001000000.0,2272000000.0,2272000000.0,6912000000.0,2267000000.0,1.671,1.758,5209000000.0,798000000.0,4411000000.0,5209000000.0,0.0,687000000.0,0.0,0.022,1.29,2847000000.0,3534000000.0,0.252,3534000000.0,2847000000.0,2785000000.0,3.98,3.94,3.98,6725000000.0,6814750000.0,6725000000.0,35787496015.0,13.0,10.127,1891000000.0,3.383,1.0,7085000000.0,0.506,3405000000.0,62000000.0,13459000000.0,13274250000.0,2737000000.0,0.0,0.0,0.0,11820000000.0,4857000000.0,6963000000.0,33497496015.0,104000000.0,-790000000.0,-1046000000.0,793000000.0,-717000000.0,-997000000.0,-1748000000.0,0.0,2892000000.0,0.0,2242000000.0,2242000000.0,2242000000.0,0.0,25000000.0,0.16,4191000000.0,2894000000.0,4059000000.0,0.324,4.981,14.941,15.02,5637000000.0,0.0,59.78,2.393,2.387,2341000000.0,9831000000.0,13997000000.0,13997000000.0,1001000000.0,0.122,0.329,0.214,0.203,119000000.0,3190000000.0,1.0,560346203.0,559000000.0,563000000.0,25.039,15379000000.0,0.0,543000000.0,0.0,27.512,3260000000.0
38,BAX,MRT,2011-12-31,2011-12-31,2011-12-31,2021-09-07,-2591000000.0,19073000000.0,18017500000.0,8650000000.0,10423000000.0,0.771,11.573,-960000000.0,2905000000.0,2905000000.0,6847000000.0,2256000000.0,1.781,1.86,5195000000.0,446000000.0,4749000000.0,5195000000.0,0.0,670000000.0,0.0,0.026,1.265,2831000000.0,3501000000.0,0.252,3501000000.0,2831000000.0,2777000000.0,3.91,3.88,3.91,6585000000.0,6817000000.0,6585000000.0,30104096112.0,11.0,8.599,1857000000.0,3.264,1.0,7046000000.0,0.507,3143000000.0,54000000.0,13363000000.0,13202000000.0,2628000000.0,0.0,0.0,0.0,12245000000.0,4857000000.0,7388000000.0,27900096112.0,220000000.0,-467000000.0,-1135000000.0,733000000.0,-709000000.0,-1137000000.0,-1427000000.0,0.0,2817000000.0,0.0,2224000000.0,2224000000.0,2224000000.0,0.0,32000000.0,0.16,4100000000.0,2946000000.0,4411000000.0,0.324,4.237,12.545,12.655,5525000000.0,0.0,49.48,2.008,2.026,2420000000.0,9429000000.0,13893000000.0,13893000000.0,946000000.0,0.123,0.326,0.214,0.204,119000000.0,3154000000.0,1.0,563866130.0,569000000.0,573000000.0,24.417,15930000000.0,295000000.0,553000000.0,0.0,27.996,3793000000.0
39,BAX,MRT,2011-09-30,2011-09-30,2011-09-30,2021-09-07,-2049000000.0,17843000000.0,17621500000.0,8002000000.0,9841000000.0,0.783,12.283,-907000000.0,2338000000.0,2338000000.0,6898000000.0,2210000000.0,1.921,1.532,4542000000.0,95000000.0,4447000000.0,4542000000.0,0.0,682000000.0,0.0,0.022,1.24,2760000000.0,3442000000.0,0.249,3442000000.0,2760000000.0,2702000000.0,3.82,3.78,3.82,6952000000.0,6812500000.0,6952000000.0,34283916766.0,12.0,9.96,1953000000.0,3.451,1.0,6899000000.0,0.5,2829000000.0,58000000.0,13053000000.0,13020000000.0,2621000000.0,0.0,0.0,0.0,10653000000.0,4165000000.0,6488000000.0,31901916766.0,-450000000.0,-150000000.0,-1076000000.0,-428000000.0,-703000000.0,-2230000000.0,-1057000000.0,0.0,2860000000.0,0.0,2184000000.0,2184000000.0,2184000000.0,0.0,26000000.0,0.158,4055000000.0,2844000000.0,4070000000.0,0.325,4.589,14.607,14.696,5426000000.0,0.0,56.14,2.312,2.303,2347000000.0,9154000000.0,13797000000.0,13797000000.0,954000000.0,0.124,0.321,0.212,0.2,122000000.0,3101000000.0,1.0,568256444.0,566000000.0,571000000.0,24.376,15014000000.0,0.0,518000000.0,0.0,26.527,3837000000.0
40,BAX,MRT,2011-06-30,2011-06-30,2011-06-30,2021-09-07,-1772000000.0,17741000000.0,17551500000.0,7809000000.0,9932000000.0,0.772,12.275,-904000000.0,2018000000.0,2018000000.0,6755000000.0,2156000000.0,1.937,1.5,4400000000.0,22000000.0,4378000000.0,4400000000.0,0.0,677000000.0,0.0,0.02,1.22,2687000000.0,3364000000.0,0.248,3364000000.0,2687000000.0,2619000000.0,3.7,3.66,3.7,6997000000.0,6707250000.0,6997000000.0,36251840138.0,13.0,10.776,2040000000.0,3.579,1.0,6787000000.0,0.501,2870000000.0,68000000.0,13222000000.0,12985250000.0,2648000000.0,0.0,0.0,0.0,10497000000.0,4031000000.0,6466000000.0,34045840138.0,-282000000.0,-143000000.0,-1006000000.0,-499000000.0,-698000000.0,-2232000000.0,-1047000000.0,0.0,2944000000.0,0.0,2133000000.0,2133000000.0,2133000000.0,0.0,23000000.0,0.158,3906000000.0,2881000000.0,4009000000.0,0.33,4.866,15.961,16.132,5481000000.0,0.0,59.69,2.514,2.512,2491000000.0,8754000000.0,13542000000.0,13542000000.0,922000000.0,0.122,0.318,0.207,0.198,118000000.0,2984000000.0,1.0,570377620.0,570000000.0,575000000.0,23.758,14871000000.0,0.0,486000000.0,0.0,26.089,3778000000.0
41,BAX,MRT,2011-03-31,2011-03-31,2011-03-31,2021-09-07,-1875000000.0,17413000000.0,17238000000.0,7761000000.0,9652000000.0,0.766,11.671,-931000000.0,2168000000.0,2168000000.0,6610000000.0,2064000000.0,1.996,1.551,4374000000.0,23000000.0,4351000000.0,4374000000.0,0.0,677000000.0,0.0,0.022,1.2,2576000000.0,3253000000.0,0.246,3253000000.0,2576000000.0,2498000000.0,3.52,3.49,3.52,6734000000.0,6432500000.0,6734000000.0,32857736880.0,13.0,10.101,2164000000.0,3.75,1.0,6590000000.0,0.499,2560000000.0,78000000.0,13170000000.0,12789250000.0,2517000000.0,0.0,0.0,0.0,10442000000.0,3889000000.0,6553000000.0,31155736880.0,-505000000.0,-81000000.0,-1311000000.0,-499000000.0,-694000000.0,-2523000000.0,-1012000000.0,0.0,3095000000.0,0.0,2053000000.0,2053000000.0,2053000000.0,0.0,11000000.0,0.156,3842000000.0,2748000000.0,3866000000.0,0.341,4.627,15.176,15.276,5419000000.0,0.0,53.77,2.36,2.35,2399000000.0,8316000000.0,13200000000.0,13200000000.0,902000000.0,0.119,0.319,0.201,0.195,118000000.0,2940000000.0,1.0,579426016.0,577000000.0,581000000.0,22.877,14853000000.0,0.0,445000000.0,0.0,25.742,3872000000.0
42,BAX,MRT,2010-12-31,2010-12-31,2010-12-31,2021-09-07,-2139000000.0,17489000000.0,17176250000.0,7989000000.0,9500000000.0,0.748,11.131,-963000000.0,2685000000.0,2685000000.0,6885000000.0,1427000000.0,1.977,1.628,4387000000.0,24000000.0,4363000000.0,4387000000.0,0.0,685000000.0,0.0,0.023,1.18,1970000000.0,2655000000.0,0.207,2655000000.0,1970000000.0,1883000000.0,2.41,2.39,2.41,6567000000.0,6356250000.0,6567000000.0,31592653344.0,16.0,11.899,2040000000.0,3.458,1.0,5958000000.0,0.464,2515000000.0,87000000.0,12635000000.0,12597750000.0,2371000000.0,0.0,0.0,0.0,10693000000.0,4041000000.0,6652000000.0,29497653344.0,-101000000.0,-301000000.0,-1072000000.0,91000000.0,-688000000.0,-1716000000.0,-1264000000.0,0.0,3003000000.0,0.0,1420000000.0,1420000000.0,1420000000.0,0.0,7000000.0,0.111,3822000000.0,2136000000.0,4017000000.0,0.49,4.492,20.773,21.004,5260000000.0,0.0,50.62,2.297,2.325,2265000000.0,7925000000.0,12843000000.0,12843000000.0,915000000.0,0.083,0.223,0.156,0.153,120000000.0,2907000000.0,1.0,582727249.0,590000000.0,594000000.0,21.768,14974000000.0,323000000.0,463000000.0,0.0,25.38,3948000000.0
43,BAX,MRT,2010-09-30,2010-09-30,2010-09-30,2021-09-07,-1971000000.0,17563000000.0,17142500000.0,8140000000.0,9423000000.0,0.748,11.183,-1079000000.0,2788000000.0,2788000000.0,6708000000.0,1577000000.0,1.939,1.654,4883000000.0,523000000.0,4360000000.0,4883000000.0,0.0,678000000.0,0.0,0.024,1.16,2223000000.0,2901000000.0,0.226,2901000000.0,2223000000.0,2130000000.0,2.64,2.61,2.64,6531000000.0,6512250000.0,6531000000.0,30394280868.0,14.0,10.477,1975000000.0,3.382,1.0,6107000000.0,0.477,2545000000.0,93000000.0,12914000000.0,12418250000.0,2500000000.0,0.0,0.0,0.0,10800000000.0,4199000000.0,6601000000.0,27880280868.0,217000000.0,-250000000.0,-1162000000.0,593000000.0,-676000000.0,-1307000000.0,-1366000000.0,0.0,3054000000.0,0.0,1569000000.0,1569000000.0,1569000000.0,0.0,8000000.0,0.122,3761000000.0,2346000000.0,3676000000.0,0.439,4.269,17.769,18.072,5208000000.0,0.0,47.71,2.176,2.174,2205000000.0,7717000000.0,12815000000.0,12815000000.0,899000000.0,0.092,0.241,0.179,0.173,126000000.0,2862000000.0,1.0,584369752.0,584000000.0,587000000.0,21.943,15018000000.0,0.0,561000000.0,0.0,25.716,3941000000.0
44,BAX,MRT,2010-06-30,2010-06-30,2010-06-30,2021-09-07,-2348000000.0,16487000000.0,16990250000.0,7375000000.0,9112000000.0,0.75,9.946,-1094000000.0,2300000000.0,2300000000.0,6656000000.0,1585000000.0,1.805,1.755,4814000000.0,695000000.0,4119000000.0,4814000000.0,0.0,671000000.0,0.0,0.028,1.13,2236000000.0,2907000000.0,0.228,2907000000.0,2236000000.0,2144000000.0,2.62,2.59,2.62,5898000000.0,6651000000.0,5898000000.0,26319844108.0,12.0,9.054,1829000000.0,3.084,1.0,6080000000.0,0.477,2478000000.0,92000000.0,12438000000.0,12367250000.0,2384000000.0,0.0,0.0,0.0,10353000000.0,4085000000.0,6268000000.0,24239844108.0,498000000.0,-284000000.0,-1050000000.0,882000000.0,-662000000.0,-880000000.0,-1370000000.0,0.0,2923000000.0,0.0,1574000000.0,1574000000.0,1574000000.0,0.0,11000000.0,0.124,3784000000.0,2296000000.0,3390000000.0,0.431,4.11,15.4,15.511,4983000000.0,0.0,40.64,1.903,1.892,2072000000.0,7376000000.0,12736000000.0,12736000000.0,920000000.0,0.093,0.237,0.181,0.176,129000000.0,2864000000.0,1.0,596452857.0,593000000.0,596000000.0,21.477,14009000000.0,0.0,570000000.0,0.0,23.624,3290000000.0
45,BAX,MRT,2010-03-31,2010-03-31,2010-03-31,2021-09-07,-2033000000.0,17166000000.0,16804250000.0,8015000000.0,9151000000.0,0.754,10.679,-1073000000.0,2673000000.0,2673000000.0,6585000000.0,1637000000.0,1.871,1.634,4753000000.0,697000000.0,4056000000.0,4753000000.0,0.0,656000000.0,0.0,0.019,1.1,2289000000.0,2945000000.0,0.233,2945000000.0,2289000000.0,2198000000.0,2.69,2.65,2.69,6429000000.0,6814500000.0,6429000000.0,36440252690.0,16.0,12.374,1878000000.0,3.12,1.0,6080000000.0,0.48,2558000000.0,91000000.0,12404000000.0,12285500000.0,2477000000.0,0.0,0.0,0.0,10507000000.0,4284000000.0,6223000000.0,35075252690.0,970000000.0,-366000000.0,-672000000.0,868000000.0,-646000000.0,-500000000.0,-1414000000.0,0.0,2951000000.0,0.0,1626000000.0,1626000000.0,1626000000.0,0.0,11000000.0,0.128,3735000000.0,2345000000.0,3587000000.0,0.409,5.456,21.571,21.636,5064000000.0,0.0,58.2,2.769,2.766,2254000000.0,7030000000.0,12665000000.0,12665000000.0,932000000.0,0.097,0.239,0.186,0.181,132000000.0,2803000000.0,1.0,602667572.0,602000000.0,602000000.0,21.038,14608000000.0,0.0,572000000.0,0.0,24.266,3731000000.0
46,BAX,MRT,2009-12-31,2009-12-31,2009-12-31,2021-09-07,-1777000000.0,17354000000.0,16251000000.0,8271000000.0,9083000000.0,0.773,11.847,-1014000000.0,2786000000.0,2786000000.0,6037000000.0,2215000000.0,1.853,1.381,4151000000.0,711000000.0,3440000000.0,4151000000.0,0.0,638000000.0,0.0,0.018,1.07,2822000000.0,3460000000.0,0.275,3460000000.0,2822000000.0,2724000000.0,3.63,3.59,3.63,7191000000.0,6732000000.0,7191000000.0,36973930307.0,13.0,10.686,1895000000.0,3.122,1.0,6525000000.0,0.519,2338000000.0,98000000.0,11917000000.0,12183250000.0,2557000000.0,0.0,0.0,0.0,9934000000.0,4464000000.0,5470000000.0,35375930307.0,655000000.0,-132000000.0,-835000000.0,473000000.0,-632000000.0,-1012000000.0,-1146000000.0,0.0,2909000000.0,0.0,2205000000.0,2205000000.0,2205000000.0,0.0,10000000.0,0.176,3648000000.0,2877000000.0,3753000000.0,0.295,4.919,16.044,16.165,5159000000.0,0.0,58.68,2.816,2.835,2302000000.0,7343000000.0,12562000000.0,12562000000.0,917000000.0,0.136,0.328,0.232,0.225,140000000.0,2731000000.0,1.0,602861798.0,607000000.0,614000000.0,20.695,15016000000.0,226000000.0,519000000.0,0.0,24.738,3807000000.0
47,BAX,MRT,2009-09-30,2009-09-30,2009-09-30,2021-09-07,-1609000000.0,16954000000.0,15763750000.0,8064000000.0,8890000000.0,0.775,11.712,-973000000.0,2571000000.0,2571000000.0,5863000000.0,2208000000.0,2.325,1.361,4169000000.0,33000000.0,4136000000.0,4169000000.0,0.0,616000000.0,0.0,0.018,1.04,2787000000.0,3403000000.0,0.278,3403000000.0,2787000000.0,2700000000.0,3.61,3.56,3.61,7086000000.0,6491500000.0,7086000000.0,36390530565.0,13.0,10.694,1570000000.0,2.595,1.0,6360000000.0,0.52,2374000000.0,87000000.0,12710000000.0,12041750000.0,2628000000.0,0.0,0.0,0.0,9643000000.0,3468000000.0,6175000000.0,34360530565.0,380000000.0,-122000000.0,-1008000000.0,622000000.0,-610000000.0,-996000000.0,-1103000000.0,0.0,2543000000.0,0.0,2202000000.0,2202000000.0,2202000000.0,0.0,6000000.0,0.18,3514000000.0,2846000000.0,3435000000.0,0.288,4.849,15.604,15.792,4963000000.0,0.0,57.01,2.811,2.822,2229000000.0,6954000000.0,12223000000.0,12223000000.0,897000000.0,0.14,0.339,0.231,0.228,141000000.0,2617000000.0,1.0,602710587.0,605000000.0,612000000.0,20.203,14580000000.0,0.0,498000000.0,0.0,24.099,4596000000.0
48,BAX,MRT,2009-06-30,2009-06-30,2009-06-30,2021-09-07,-1752000000.0,15743000000.0,15327500000.0,7072000000.0,8671000000.0,0.798,10.794,-977000000.0,1802000000.0,1802000000.0,5980000000.0,2152000000.0,2.083,1.369,3832000000.0,239000000.0,3593000000.0,3832000000.0,0.0,617000000.0,0.0,0.019,0.998,2686000000.0,3303000000.0,0.27,3303000000.0,2686000000.0,2602000000.0,3.49,3.43,3.49,6552000000.0,6484750000.0,6552000000.0,34249079355.0,13.0,10.369,1504000000.0,2.478,1.0,6249000000.0,0.511,2267000000.0,84000000.0,12111000000.0,11612750000.0,2496000000.0,0.0,0.0,0.0,8969000000.0,3395000000.0,5574000000.0,32042079355.0,-345000000.0,-80000000.0,-1280000000.0,265000000.0,-589000000.0,-1604000000.0,-1107000000.0,0.0,2481000000.0,0.0,2144000000.0,2144000000.0,2144000000.0,0.0,8000000.0,0.175,3525000000.0,2724000000.0,3156000000.0,0.286,4.89,14.945,15.175,4757000000.0,0.0,52.96,2.62,2.629,2133000000.0,6580000000.0,12229000000.0,12229000000.0,899000000.0,0.14,0.331,0.231,0.22,147000000.0,2626000000.0,1.0,605024157.0,607000000.0,612000000.0,20.147,13476000000.0,0.0,458000000.0,0.0,22.201,3677000000.0
49,BAX,MRT,2009-03-31,2009-03-31,2009-03-31,2021-09-07,-1977000000.0,14953000000.0,15259250000.0,6690000000.0,8263000000.0,0.806,9.949,-968000000.0,1703000000.0,1703000000.0,6057000000.0,2111000000.0,2.143,1.442,3910000000.0,235000000.0,3675000000.0,3910000000.0,0.0,623000000.0,0.0,0.019,0.955,2637000000.0,3260000000.0,0.265,3260000000.0,2637000000.0,2552000000.0,3.39,3.32,3.39,6099000000.0,6651500000.0,6099000000.0,33066360890.0,13.0,10.143,1422000000.0,2.32,1.0,6238000000.0,0.507,2043000000.0,85000000.0,11995000000.0,11324750000.0,2421000000.0,0.0,0.0,0.0,8795000000.0,3122000000.0,5673000000.0,31441360890.0,-33000000.0,22000000.0,-1300000000.0,570000000.0,-568000000.0,-1298000000.0,-1000000000.0,0.0,2390000000.0,0.0,2101000000.0,2101000000.0,2101000000.0,0.0,10000000.0,0.171,3559000000.0,2679000000.0,2887000000.0,0.282,5.155,14.965,15.109,4598000000.0,0.0,51.22,2.557,2.554,1940000000.0,6152000000.0,12295000000.0,12295000000.0,890000000.0,0.138,0.316,0.233,0.214,146000000.0,2669000000.0,1.0,613849295.0,613000000.0,621000000.0,20.057,12910000000.0,0.0,451000000.0,0.0,21.06,3568000000.0
50,BAX,MRT,2008-12-31,2008-12-31,2008-12-31,2021-09-07,-1885000000.0,15405000000.0,15264000000.0,7148000000.0,8257000000.0,0.809,9.966,-954000000.0,2131000000.0,2131000000.0,6218000000.0,2025000000.0,1.966,1.463,3756000000.0,394000000.0,3362000000.0,3756000000.0,0.0,631000000.0,0.0,0.017,0.913,2527000000.0,3158000000.0,0.256,3158000000.0,2527000000.0,2451000000.0,3.22,3.16,3.22,6229000000.0,6876000000.0,6229000000.0,34463967588.0,14.0,10.913,1561000000.0,2.498,1.0,6130000000.0,0.496,2044000000.0,76000000.0,11351000000.0,10986750000.0,2361000000.0,0.0,0.0,0.0,9114000000.0,3635000000.0,5479000000.0,33234967588.0,-408000000.0,-39000000.0,-1306000000.0,-79000000.0,-546000000.0,-1931000000.0,-993000000.0,0.0,2515000000.0,0.0,2014000000.0,2014000000.0,2014000000.0,0.0,11000000.0,0.163,3566000000.0,2564000000.0,3241000000.0,0.284,5.336,16.502,16.643,4609000000.0,0.0,53.59,2.692,2.712,1980000000.0,5795000000.0,12348000000.0,12348000000.0,868000000.0,0.132,0.293,0.23,0.205,146000000.0,2698000000.0,1.0,620171069.0,625000000.0,637000000.0,19.757,13361000000.0,251000000.0,437000000.0,0.0,21.378,3513000000.0
51,BAX,MRT,2008-09-30,2008-09-30,2008-09-30,2021-09-07,-966000000.0,15209000000.0,15236250000.0,7437000000.0,7772000000.0,0.802,11.294,-883000000.0,2191000000.0,2191000000.0,6213000000.0,1948000000.0,2.237,1.155,3420000000.0,235000000.0,3185000000.0,3420000000.0,0.0,634000000.0,0.0,0.013,0.87,2432000000.0,3066000000.0,0.251,3066000000.0,2432000000.0,2358000000.0,3.06,3.0,3.06,7059000000.0,7047750000.0,7059000000.0,42280278087.0,17.0,13.79,1763000000.0,2.821,1.0,6013000000.0,0.492,2120000000.0,74000000.0,10994000000.0,10620750000.0,2520000000.0,0.0,0.0,0.0,8150000000.0,3324000000.0,4826000000.0,41193278087.0,373000000.0,-93000000.0,-1050000000.0,145000000.0,-517000000.0,-1422000000.0,-931000000.0,0.0,2646000000.0,0.0,1923000000.0,1923000000.0,1923000000.0,0.0,25000000.0,0.157,3513000000.0,2500000000.0,3089000000.0,0.284,5.836,21.421,21.448,4598000000.0,0.0,65.63,3.369,3.355,2101000000.0,5415000000.0,12226000000.0,12226000000.0,863000000.0,0.126,0.273,0.229,0.199,148000000.0,2678000000.0,1.0,627659273.0,625000000.0,638000000.0,19.562,13089000000.0,0.0,435000000.0,0.0,20.942,4113000000.0
52,BAX,MRT,2008-06-30,2008-06-30,2008-06-30,2021-09-07,-711000000.0,15470000000.0,14970750000.0,7559000000.0,7911000000.0,0.79,11.532,-798000000.0,2147000000.0,2147000000.0,5957000000.0,1867000000.0,2.228,1.143,3234000000.0,62000000.0,3172000000.0,3234000000.0,0.0,610000000.0,0.0,0.013,0.82,2343000000.0,2953000000.0,0.25,2953000000.0,2343000000.0,2283000000.0,2.92,2.87,2.92,7219000000.0,6856000000.0,7219000000.0,41250628414.0,18.0,13.969,1643000000.0,2.625,1.0,5868000000.0,0.496,2205000000.0,60000000.0,10959000000.0,10148250000.0,2571000000.0,0.0,0.0,0.0,8251000000.0,3393000000.0,4858000000.0,40114628414.0,-339000000.0,-98000000.0,-1518000000.0,-25000000.0,-490000000.0,-2033000000.0,-854000000.0,0.0,2441000000.0,0.0,1846000000.0,1846000000.0,1846000000.0,0.0,21000000.0,0.156,3489000000.0,2379000000.0,3331000000.0,0.281,5.557,21.731,21.897,4680000000.0,0.0,63.94,3.392,3.385,2217000000.0,5078000000.0,11825000000.0,11825000000.0,836000000.0,0.123,0.269,0.231,0.198,146000000.0,2660000000.0,1.0,627379237.0,626000000.0,638000000.0,18.89,13265000000.0,0.0,437000000.0,0.0,21.19,4166000000.0
53,BAX,MRT,2008-03-31,2008-03-31,2008-03-31,2021-09-07,-749000000.0,14972000000.0,14768000000.0,7013000000.0,7959000000.0,0.776,11.071,-756000000.0,1736000000.0,1736000000.0,5832000000.0,1750000000.0,2.167,1.14,2872000000.0,141000000.0,2731000000.0,2872000000.0,0.0,597000000.0,0.0,0.013,0.77,2153000000.0,2750000000.0,0.24,2750000000.0,2153000000.0,2119000000.0,2.71,2.67,2.71,6997000000.0,6723500000.0,6997000000.0,37232461595.0,17.0,13.539,1696000000.0,2.684,1.0,5633000000.0,0.491,2229000000.0,34000000.0,10643000000.0,9663500000.0,2536000000.0,0.0,0.0,0.0,7975000000.0,3236000000.0,4739000000.0,36682461595.0,-648000000.0,-90000000.0,-1605000000.0,-300000000.0,-462000000.0,-2367000000.0,-817000000.0,0.0,2452000000.0,0.0,1733000000.0,1733000000.0,1733000000.0,0.0,17000000.0,0.151,3449000000.0,2184000000.0,3095000000.0,0.284,5.243,21.167,21.336,4633000000.0,0.0,57.82,3.2,3.187,2096000000.0,4671000000.0,11465000000.0,11465000000.0,791000000.0,0.117,0.258,0.223,0.188,147000000.0,2578000000.0,1.0,634425140.0,632000000.0,644000000.0,18.141,12743000000.0,0.0,386000000.0,0.0,20.163,3777000000.0
54,BAX,MRT,2007-12-31,2007-12-31,2007-12-31,2021-09-07,-940000000.0,15294000000.0,14645750000.0,7555000000.0,7739000000.0,0.769,10.739,-692000000.0,2539000000.0,2539000000.0,5744000000.0,1721000000.0,1.982,1.211,3089000000.0,425000000.0,2664000000.0,3089000000.0,0.0,581000000.0,0.0,0.012,0.72,2136000000.0,2717000000.0,0.241,2717000000.0,2136000000.0,2114000000.0,2.65,2.61,2.65,6916000000.0,6625250000.0,6916000000.0,37559910308.0,18.0,13.824,1613000000.0,2.505,1.0,5519000000.0,0.49,2145000000.0,22000000.0,9887000000.0,9281500000.0,2334000000.0,0.0,0.0,0.0,8378000000.0,3812000000.0,4566000000.0,36807910308.0,54000000.0,387000000.0,-1216000000.0,-51000000.0,-704000000.0,-1971000000.0,-305000000.0,0.0,2305000000.0,0.0,1707000000.0,1707000000.0,1707000000.0,0.0,14000000.0,0.152,3351000000.0,2168000000.0,3387000000.0,0.272,5.322,21.563,21.906,4487000000.0,0.0,58.05,3.268,3.319,2026000000.0,4379000000.0,11263000000.0,11263000000.0,760000000.0,0.117,0.258,0.23,0.19,136000000.0,2521000000.0,1.0,634072529.0,644000000.0,654000000.0,17.489,13149000000.0,261000000.0,407000000.0,0.0,20.418,3743000000.0
55,BAX,MRT,2007-09-30,2007-09-30,2007-09-30,2021-09-07,-1261000000.0,14147000000.0,14493750000.0,6640000000.0,7507000000.0,0.76,9.816,-614000000.0,1818000000.0,1818000000.0,5668000000.0,1661000000.0,1.8,1.248,2570000000.0,546000000.0,2024000000.0,2570000000.0,0.0,572000000.0,0.0,0.019,1.085,2045000000.0,2617000000.0,0.238,2617000000.0,2045000000.0,2034000000.0,2.56,2.53,2.56,6292000000.0,6464250000.0,6292000000.0,36516414812.0,18.0,13.954,1702000000.0,2.655,1.0,5349000000.0,0.486,2106000000.0,11000000.0,9104000000.0,9133250000.0,2320000000.0,0.0,0.0,0.0,7855000000.0,3689000000.0,4166000000.0,36285414812.0,-249000000.0,454000000.0,-1322000000.0,-443000000.0,-599000000.0,-2364000000.0,-160000000.0,0.0,2316000000.0,0.0,1661000000.0,1661000000.0,1661000000.0,1000000.0,0.0,0.151,3303000000.0,2046000000.0,3143000000.0,0.424,5.767,21.846,21.984,4216000000.0,0.0,56.28,3.294,3.275,1976000000.0,4039000000.0,11017000000.0,11017000000.0,720000000.0,0.115,0.257,0.224,0.186,125000000.0,2479000000.0,1.0,644730185.0,641000000.0,651000000.0,17.187,12041000000.0,0.0,373000000.0,0.0,18.785,2951000000.0
56,BAX,MRT,2007-06-30,2007-06-30,2007-06-30,2021-09-07,-1295000000.0,14659000000.0,14439750000.0,7185000000.0,7474000000.0,0.75,10.291,-586000000.0,2486000000.0,2486000000.0,5636000000.0,1640000000.0,1.895,1.192,2717000000.0,666000000.0,2051000000.0,2717000000.0,0.0,577000000.0,0.0,0.016,0.917,2040000000.0,2617000000.0,0.242,2617000000.0,2040000000.0,2030000000.0,2.52,2.49,2.52,6689000000.0,6475750000.0,6689000000.0,37042479386.0,18.0,14.155,1695000000.0,2.608,1.0,5188000000.0,0.479,2078000000.0,10000000.0,9020000000.0,9265000000.0,2186000000.0,0.0,0.0,0.0,7970000000.0,3792000000.0,4178000000.0,36706479386.0,1425000000.0,583000000.0,-534000000.0,224000000.0,-490000000.0,-800000000.0,-3000000.0,0.0,2281000000.0,0.0,1640000000.0,1640000000.0,1640000000.0,1000000.0,0.0,0.152,3147000000.0,2041000000.0,3126000000.0,0.364,5.488,22.382,22.357,4110000000.0,0.0,56.34,3.391,3.383,1993000000.0,3767000000.0,10824000000.0,10824000000.0,666000000.0,0.114,0.253,0.22,0.188,119000000.0,2378000000.0,1.0,651517206.0,650000000.0,661000000.0,16.652,12581000000.0,0.0,390000000.0,0.0,19.355,3393000000.0
57,BAX,MRT,2007-03-31,2007-03-31,2007-03-31,2021-09-07,-1365000000.0,14483000000.0,14026750000.0,6974000000.0,7509000000.0,0.759,10.16,-543000000.0,2384000000.0,2384000000.0,5693000000.0,1518000000.0,1.924,1.193,2720000000.0,596000000.0,2124000000.0,2720000000.0,0.0,576000000.0,0.0,0.014,0.749,1941000000.0,2517000000.0,0.236,2517000000.0,1941000000.0,1920000000.0,2.33,2.31,2.33,6604000000.0,6269750000.0,6604000000.0,34541665826.0,18.0,13.723,1550000000.0,2.385,1.0,4951000000.0,0.465,2080000000.0,21000000.0,9115000000.0,9329000000.0,2119000000.0,0.0,0.0,0.0,7879000000.0,3624000000.0,4255000000.0,34225665826.0,1503000000.0,589000000.0,-382000000.0,179000000.0,-381000000.0,-584000000.0,46000000.0,0.0,2093000000.0,0.0,1518000000.0,1518000000.0,1518000000.0,1000000.0,0.0,0.143,3009000000.0,1942000000.0,3028000000.0,0.321,5.183,22.547,22.605,4047000000.0,0.0,52.67,3.215,3.216,1899000000.0,3491000000.0,10644000000.0,10644000000.0,635000000.0,0.108,0.242,0.208,0.182,103000000.0,2339000000.0,1.0,649813287.0,650000000.0,659000000.0,16.375,12403000000.0,0.0,402000000.0,0.0,19.082,3350000000.0
58,BAX,MRT,2006-12-31,2006-12-31,2006-12-31,2021-09-07,-1426000000.0,14686000000.0,13601000000.0,6970000000.0,7716000000.0,0.763,9.634,-526000000.0,2485000000.0,2485000000.0,5641000000.0,1397000000.0,1.931,1.342,2801000000.0,234000000.0,2567000000.0,2801000000.0,0.0,575000000.0,0.0,0.013,0.582,1779000000.0,2354000000.0,0.227,2354000000.0,1779000000.0,1745000000.0,2.15,2.13,2.15,6272000000.0,6055500000.0,6272000000.0,31101248076.0,17.0,13.212,1657000000.0,2.545,1.0,4737000000.0,0.456,2098000000.0,34000000.0,9294000000.0,9382500000.0,2066000000.0,0.0,0.0,0.0,8414000000.0,3610000000.0,4804000000.0,30360248076.0,1644000000.0,184000000.0,784000000.0,-543000000.0,-364000000.0,-123000000.0,-342000000.0,0.0,2183000000.0,0.0,1397000000.0,1397000000.0,1397000000.0,1000000.0,0.0,0.135,2957000000.0,1780000000.0,3376000000.0,0.271,4.841,21.732,21.577,4229000000.0,0.0,46.39,2.925,2.91,1838000000.0,3271000000.0,10378000000.0,10378000000.0,614000000.0,0.103,0.231,0.19,0.171,94000000.0,2282000000.0,1.0,654456738.0,651000000.0,656000000.0,15.942,12588000000.0,231000000.0,348000000.0,0.0,19.336,3360000000.0
59,BAX,MRT,2006-09-30,2006-09-30,2006-09-30,2021-09-07,-1458000000.0,13931000000.0,13111250000.0,6419000000.0,7512000000.0,0.771,9.706,-501000000.0,2067000000.0,2067000000.0,5606000000.0,1257000000.0,2.162,1.198,2808000000.0,128000000.0,2680000000.0,2808000000.0,0.0,574000000.0,0.0,0.013,0.582,1669000000.0,2243000000.0,0.222,2243000000.0,1669000000.0,1613000000.0,1.96,1.93,1.96,6338000000.0,5562250000.0,6338000000.0,30955554616.0,19.0,13.801,1156000000.0,1.77,1.0,4500000000.0,0.445,2072000000.0,56000000.0,9631000000.0,9312250000.0,2089000000.0,0.0,0.0,0.0,7593000000.0,2969000000.0,4624000000.0,29657554616.0,355000000.0,179000000.0,1006000000.0,-1548000000.0,-363000000.0,-905000000.0,-322000000.0,0.0,1657000000.0,0.0,1257000000.0,1257000000.0,1257000000.0,2000000.0,0.0,0.124,2829000000.0,1671000000.0,2841000000.0,0.297,4.679,23.594,23.194,4095000000.0,0.0,45.46,2.935,2.937,1751000000.0,3816000000.0,10106000000.0,10106000000.0,567000000.0,0.096,0.226,0.179,0.165,70000000.0,2189000000.0,1.0,652387915.0,653000000.0,661000000.0,15.476,11859000000.0,0.0,356000000.0,0.0,18.161,3450000000.0
60,BAX,MRT,2006-06-30,2006-06-30,2006-06-30,2021-09-07,-1494000000.0,13007000000.0,13074250000.0,5427000000.0,7580000000.0,0.761,8.968,-479000000.0,1061000000.0,1061000000.0,5652000000.0,999000000.0,1.833,1.218,2359000000.0,115000000.0,2244000000.0,2359000000.0,0.0,573000000.0,0.0,0.016,0.582,1566000000.0,2139000000.0,0.215,2139000000.0,1566000000.0,1484000000.0,1.57,1.54,1.57,5865000000.0,5071750000.0,5865000000.0,25594588056.0,16.0,11.966,1141000000.0,1.745,1.0,4295000000.0,0.432,2068000000.0,82000000.0,9276000000.0,9430250000.0,2020000000.0,0.0,0.0,0.0,7142000000.0,2961000000.0,4181000000.0,24070588056.0,-367000000.0,53000000.0,1018000000.0,-2133000000.0,-363000000.0,-1478000000.0,-426000000.0,0.0,1620000000.0,0.0,999000000.0,999000000.0,999000000.0,2000000.0,0.0,0.1,2727000000.0,1568000000.0,2846000000.0,0.371,4.104,24.095,23.414,4159000000.0,0.0,36.76,2.42,2.417,1754000000.0,3442000000.0,9947000000.0,9947000000.0,551000000.0,0.076,0.197,0.166,0.157,43000000.0,2118000000.0,1.0,654803810.0,654000000.0,659000000.0,15.209,10939000000.0,0.0,485000000.0,0.0,16.726,2466000000.0
61,BAX,MRT,2006-03-31,2006-03-31,2006-03-31,2021-09-07,-1471000000.0,12780000000.0,13229000000.0,5231000000.0,7549000000.0,0.746,8.966,-455000000.0,881000000.0,881000000.0,5699000000.0,1012000000.0,1.788,1.224,2405000000.0,129000000.0,2276000000.0,2405000000.0,0.0,572000000.0,0.0,0.015,0.582,1601000000.0,2173000000.0,0.22,2173000000.0,1601000000.0,1496000000.0,1.62,1.58,1.62,5747000000.0,4658000000.0,5747000000.0,27664663885.0,17.0,12.731,1128000000.0,1.76,1.0,4176000000.0,0.423,2050000000.0,105000000.0,9329000000.0,9677250000.0,2006000000.0,0.0,0.0,0.0,7033000000.0,2925000000.0,4108000000.0,25167663885.0,-225000000.0,39000000.0,1245000000.0,-2220000000.0,-363000000.0,-1338000000.0,-416000000.0,0.0,1583000000.0,0.0,1012000000.0,1012000000.0,1012000000.0,4000000.0,0.0,0.102,2571000000.0,1605000000.0,2796000000.0,0.359,4.379,24.869,23.957,4122000000.0,0.0,38.81,2.549,2.519,1750000000.0,3133000000.0,9875000000.0,9875000000.0,538000000.0,0.076,0.217,0.165,0.162,26000000.0,2073000000.0,1.0,648483996.0,641000000.0,648000000.0,15.406,10730000000.0,0.0,484000000.0,0.0,16.739,2306000000.0
62,BAX,MRT,2005-12-31,2005-12-31,2005-12-31,2021-09-07,-1496000000.0,12727000000.0,13486000000.0,5116000000.0,7611000000.0,0.73,6.912,-444000000.0,841000000.0,841000000.0,5756000000.0,956000000.0,1.228,1.96,3338000000.0,924000000.0,2414000000.0,3338000000.0,0.0,580000000.0,0.0,0.015,0.582,1560000000.0,2140000000.0,0.217,2140000000.0,1560000000.0,1442000000.0,1.54,1.52,1.54,4299000000.0,4223750000.0,4299000000.0,26129353616.0,17.0,12.21,1106000000.0,1.778,1.0,4093000000.0,0.416,2046000000.0,118000000.0,9013000000.0,9958250000.0,1925000000.0,0.0,0.0,0.0,8428000000.0,4165000000.0,4263000000.0,23479353616.0,-268000000.0,77000000.0,176000000.0,-1264000000.0,-359000000.0,-1447000000.0,-367000000.0,0.0,1550000000.0,0.0,956000000.0,956000000.0,956000000.0,2000000.0,0.0,0.097,2531000000.0,1562000000.0,3241000000.0,0.378,5.462,24.56,24.448,4144000000.0,0.0,37.65,2.384,2.378,1766000000.0,2430000000.0,9849000000.0,9849000000.0,533000000.0,0.071,0.226,0.157,0.158,9000000.0,2030000000.0,1.0,623621610.0,622000000.0,629000000.0,15.834,10681000000.0,260000000.0,486000000.0,0.0,17.172,951000000.0
63,BAX,MRT,2005-09-30,2005-09-30,2005-09-30,2021-09-07,-1443000000.0,13783000000.0,13841000000.0,6079000000.0,7704000000.0,0.72,7.035,-474000000.0,1712000000.0,1712000000.0,5824000000.0,770000000.0,1.423,2.15,4362000000.0,1354000000.0,3008000000.0,4362000000.0,0.0,593000000.0,0.0,0.015,0.582,1355000000.0,1948000000.0,0.196,1948000000.0,1355000000.0,1227000000.0,1.25,1.22,1.25,4376000000.0,4075250000.0,4376000000.0,27880389016.0,21.0,14.312,1674000000.0,2.691,1.0,4135000000.0,0.415,2059000000.0,128000000.0,10103000000.0,10417750000.0,1948000000.0,0.0,0.0,0.0,9407000000.0,4271000000.0,5136000000.0,24819389016.0,890000000.0,30000000.0,208000000.0,-609000000.0,-359000000.0,-760000000.0,-444000000.0,0.0,2148000000.0,0.0,770000000.0,770000000.0,770000000.0,0.0,0.0,0.077,2780000000.0,1355000000.0,2415000000.0,0.466,5.672,32.233,31.896,4114000000.0,0.0,39.87,2.492,2.49,1863000000.0,2923000000.0,9959000000.0,9959000000.0,527000000.0,0.056,0.189,0.13,0.136,22000000.0,2011000000.0,1.0,622507876.0,622000000.0,632000000.0,16.011,11724000000.0,272000000.0,457000000.0,502000000.0,18.849,1808000000.0
64,BAX,MRT,2005-06-30,2005-06-30,2005-06-30,2021-09-07,-1436000000.0,13626000000.0,13837000000.0,5839000000.0,7787000000.0,0.714,6.779,-492000000.0,1428000000.0,1428000000.0,5793000000.0,930000000.0,1.339,2.237,4489000000.0,1450000000.0,3039000000.0,4489000000.0,0.0,598000000.0,0.0,0.016,0.582,1357000000.0,1955000000.0,0.198,1955000000.0,1357000000.0,1240000000.0,1.51,1.49,1.51,4210000000.0,3929750000.0,4210000000.0,26522063300.0,20.0,13.566,1399000000.0,2.253,1.0,4088000000.0,0.414,2062000000.0,117000000.0,10264000000.0,10853250000.0,1944000000.0,0.0,0.0,0.0,9416000000.0,4361000000.0,5055000000.0,23029063300.0,668000000.0,44000000.0,196000000.0,-545000000.0,-359000000.0,-708000000.0,-448000000.0,0.0,1891000000.0,-13000000.0,930000000.0,930000000.0,930000000.0,-17000000.0,0.0,0.094,2748000000.0,1340000000.0,2501000000.0,0.385,5.47,24.762,24.57,4157000000.0,0.0,37.1,2.331,2.332,1959000000.0,2807000000.0,9881000000.0,9881000000.0,518000000.0,0.067,0.237,0.125,0.137,19000000.0,1982000000.0,1.0,620729469.0,621000000.0,626000000.0,15.911,11564000000.0,235000000.0,310000000.0,410000000.0,18.622,1478000000.0
65,BAX,MRT,2005-03-31,2005-03-31,2005-03-31,2021-09-07,-1267000000.0,13808000000.0,13845000000.0,5781000000.0,8027000000.0,0.699,6.478,-533000000.0,1106000000.0,1106000000.0,5692000000.0,438000000.0,1.231,2.443,4599000000.0,1577000000.0,3022000000.0,4599000000.0,0.0,599000000.0,0.0,0.017,0.582,606000000.0,1205000000.0,0.124,1205000000.0,606000000.0,497000000.0,0.71,0.7,0.71,4010000000.0,3729750000.0,4010000000.0,24242540969.0,40.0,20.118,1173000000.0,1.895,1.0,3991000000.0,0.412,2153000000.0,109000000.0,10453000000.0,11244750000.0,2105000000.0,0.0,0.0,0.0,9798000000.0,4695000000.0,5103000000.0,21057540969.0,460000000.0,43000000.0,196000000.0,-541000000.0,-359000000.0,-704000000.0,-490000000.0,0.0,1706000000.0,0.0,438000000.0,438000000.0,438000000.0,-18000000.0,0.0,0.045,3403000000.0,588000000.0,2701000000.0,0.82,5.251,48.077,47.859,4310000000.0,0.0,33.98,2.175,2.172,1982000000.0,2485000000.0,9683000000.0,9683000000.0,514000000.0,0.032,0.117,0.054,0.063,16000000.0,1977000000.0,1.0,619703972.0,619000000.0,623000000.0,15.643,11655000000.0,249000000.0,59000000.0,417000000.0,18.829,1086000000.0
66,BAX,MRT,2004-12-31,2004-12-31,2004-12-31,2021-09-07,-1288000000.0,14147000000.0,13806500000.0,6019000000.0,8128000000.0,0.689,6.034,-558000000.0,1109000000.0,1109000000.0,5594000000.0,388000000.0,1.404,2.818,4294000000.0,361000000.0,3933000000.0,4294000000.0,0.0,601000000.0,0.0,0.017,0.582,534000000.0,1135000000.0,0.119,1135000000.0,534000000.0,435000000.0,0.63,0.63,0.63,3705000000.0,3625250000.0,3705000000.0,25059129394.0,47.0,22.079,822000000.0,1.339,1.0,3915000000.0,0.412,2195000000.0,99000000.0,10851000000.0,11746000000.0,2135000000.0,0.0,0.0,0.0,10442000000.0,4286000000.0,6156000000.0,21292129394.0,184000000.0,6000000.0,163000000.0,-378000000.0,-361000000.0,-576000000.0,-552000000.0,0.0,1380000000.0,0.0,388000000.0,388000000.0,388000000.0,-5000000.0,0.0,0.041,3386000000.0,529000000.0,3925000000.0,0.924,5.747,54.877,54.825,4369000000.0,0.0,34.54,2.239,2.23,2091000000.0,2259000000.0,9509000000.0,9509000000.0,517000000.0,0.028,0.107,0.045,0.056,15000000.0,1960000000.0,1.0,616448448.0,614000000.0,618000000.0,15.487,11952000000.0,297000000.0,47000000.0,0.0,19.466,1733000000.0
67,BAX,MRT,2004-09-30,2004-09-30,2004-09-30,2021-09-07,-1396000000.0,13767000000.0,13696500000.0,5723000000.0,8044000000.0,0.689,6.169,-591000000.0,822000000.0,822000000.0,5509000000.0,646000000.0,1.623,2.629,4589000000.0,178000000.0,4411000000.0,4589000000.0,0.0,590000000.0,0.0,0.018,0.582,840000000.0,1430000000.0,0.151,1430000000.0,840000000.0,758000000.0,1.05,1.05,1.05,3794000000.0,3544500000.0,3794000000.0,23645655083.0,28.0,16.535,706000000.0,1.148,1.0,3930000000.0,0.416,2163000000.0,82000000.0,11845000000.0,11895250000.0,2106000000.0,0.0,0.0,0.0,9973000000.0,3526000000.0,6447000000.0,19771655083.0,-8000000.0,20000000.0,135000000.0,-441000000.0,-361000000.0,-667000000.0,-571000000.0,0.0,1297000000.0,-24000000.0,646000000.0,646000000.0,646000000.0,2000000.0,0.0,0.068,3088000000.0,842000000.0,2800000000.0,0.554,5.211,30.606,30.629,4346000000.0,0.0,32.16,2.095,2.095,2108000000.0,2512000000.0,9439000000.0,9439000000.0,530000000.0,0.047,0.182,0.071,0.089,0.0,1945000000.0,1.0,614790270.0,615000000.0,619000000.0,15.348,11604000000.0,405000000.0,112000000.0,548000000.0,18.868,2197000000.0
68,BAX,MRT,2004-06-30,2004-06-30,2004-06-30,2021-09-07,-1472000000.0,13658000000.0,13577750000.0,5704000000.0,7954000000.0,0.688,5.563,-663000000.0,760000000.0,760000000.0,5399000000.0,623000000.0,1.616,3.005,4634000000.0,205000000.0,4429000000.0,4634000000.0,0.0,581000000.0,0.0,0.017,0.582,821000000.0,1402000000.0,0.15,1402000000.0,821000000.0,734000000.0,1.03,1.02,1.03,3410000000.0,3450750000.0,3410000000.0,25310813984.0,31.0,18.053,834000000.0,1.361,1.0,3936000000.0,0.422,2172000000.0,87000000.0,11830000000.0,11948750000.0,2117000000.0,0.0,0.0,0.0,10248000000.0,3530000000.0,6718000000.0,21151813984.0,152000000.0,-2000000.0,213000000.0,-548000000.0,-361000000.0,-696000000.0,-665000000.0,0.0,1497000000.0,46000000.0,623000000.0,623000000.0,623000000.0,24000000.0,0.0,0.067,3074000000.0,862000000.0,2839000000.0,0.565,6.203,33.952,33.505,4330000000.0,0.0,34.51,2.266,2.266,2069000000.0,2236000000.0,9335000000.0,9335000000.0,543000000.0,0.046,0.181,0.069,0.088,0.0,1923000000.0,1.0,612918400.0,613000000.0,613000000.0,15.228,11486000000.0,464000000.0,111000000.0,486000000.0,18.737,2174000000.0
69,BAX,MRT,2004-03-31,2004-03-31,2004-03-31,2021-09-07,-1405000000.0,13654000000.0,13467000000.0,5320000000.0,8334000000.0,0.677,5.869,-707000000.0,646000000.0,646000000.0,5150000000.0,828000000.0,1.687,2.801,4807000000.0,177000000.0,4630000000.0,4807000000.0,0.0,566000000.0,0.0,0.019,0.582,1133000000.0,1699000000.0,0.186,1699000000.0,1133000000.0,1044000000.0,1.37,1.36,1.37,3592000000.0,3371000000.0,3592000000.0,22561798483.0,20.0,13.279,693000000.0,1.132,1.0,3968000000.0,0.435,2204000000.0,89000000.0,12458000000.0,12039500000.0,2168000000.0,0.0,0.0,0.0,10062000000.0,3153000000.0,6909000000.0,18914798483.0,-762000000.0,-14000000.0,192000000.0,-1267000000.0,-361000000.0,-1436000000.0,-721000000.0,0.0,1400000000.0,22000000.0,828000000.0,828000000.0,828000000.0,34000000.0,0.0,0.091,2784000000.0,1184000000.0,2533000000.0,0.425,5.266,22.844,22.547,4560000000.0,0.0,30.89,2.074,2.073,2029000000.0,2406000000.0,9118000000.0,9118000000.0,553000000.0,0.061,0.246,0.094,0.124,0.0,1857000000.0,1.0,612327565.0,612000000.0,616000000.0,14.899,11450000000.0,209000000.0,216000000.0,443000000.0,18.709,2167000000.0
70,BAX,MRT,2003-12-31,2003-12-31,2003-12-31,2021-09-07,-1420000000.0,13707000000.0,13385000000.0,5360000000.0,8347000000.0,0.665,5.646,-792000000.0,925000000.0,925000000.0,4951000000.0,866000000.0,1.449,3.053,4574000000.0,153000000.0,4421000000.0,4574000000.0,0.0,545000000.0,0.0,0.019,0.582,1175000000.0,1720000000.0,0.193,1720000000.0,1175000000.0,1088000000.0,1.44,1.43,1.44,3382000000.0,3216250000.0,3382000000.0,22725418200.0,19.0,13.212,634000000.0,1.058,1.0,3953000000.0,0.444,2210000000.0,87000000.0,11448000000.0,11922250000.0,2104000000.0,0.0,0.0,0.0,10325000000.0,3698000000.0,6627000000.0,18626418200.0,-244000000.0,-97000000.0,35000000.0,-440000000.0,-346000000.0,-751000000.0,-889000000.0,0.0,1426000000.0,0.0,866000000.0,866000000.0,866000000.0,24000000.0,0.0,0.097,2737000000.0,1216000000.0,3107000000.0,0.404,5.508,21.509,21.194,4592000000.0,0.0,30.52,2.092,2.053,1914000000.0,2230000000.0,8904000000.0,8904000000.0,553000000.0,0.065,0.269,0.099,0.132,0.0,1805000000.0,1.0,610302038.0,599000000.0,606000000.0,14.865,11497000000.0,140000000.0,222000000.0,438000000.0,19.194,1662000000.0
71,BAX,MRT,2003-09-30,2003-09-30,2003-09-30,2021-09-07,-1237000000.0,13292000000.0,13065250000.0,5286000000.0,8006000000.0,0.661,5.805,-850000000.0,830000000.0,830000000.0,4756000000.0,509000000.0,1.643,2.888,4929000000.0,151000000.0,4778000000.0,4929000000.0,0.0,514000000.0,0.0,0.02,0.582,771000000.0,1285000000.0,0.149,1285000000.0,771000000.0,690000000.0,0.86,0.85,0.86,3419000000.0,3124000000.0,3419000000.0,21404281540.0,28.0,16.657,617000000.0,1.048,1.0,3874000000.0,0.449,2114000000.0,81000000.0,12059000000.0,11602500000.0,2105000000.0,0.0,0.0,0.0,9873000000.0,3218000000.0,6655000000.0,17055281540.0,552000000.0,-476000000.0,-609000000.0,1342000000.0,-347000000.0,386000000.0,-1326000000.0,0.0,1467000000.0,-5000000.0,509000000.0,509000000.0,509000000.0,267000000.0,0.0,0.059,2819000000.0,1055000000.0,2549000000.0,0.677,4.988,33.507,33.791,4385000000.0,0.0,29.06,1.976,1.983,1843000000.0,2142000000.0,8630000000.0,8630000000.0,554000000.0,0.039,0.163,0.066,0.089,0.0,1734000000.0,1.0,586898883.0,589000000.0,592000000.0,14.652,11178000000.0,182000000.0,181000000.0,657000000.0,18.978,2068000000.0
72,BAX,MRT,2003-06-30,2003-06-30,2003-06-30,2021-09-07,-1241000000.0,13215000000.0,12534000000.0,5271000000.0,7944000000.0,0.673,5.169,-882000000.0,608000000.0,608000000.0,4597000000.0,570000000.0,1.626,3.275,4957000000.0,151000000.0,4806000000.0,4957000000.0,0.0,491000000.0,0.0,0.022,0.582,840000000.0,1331000000.0,0.158,1331000000.0,840000000.0,773000000.0,0.95,0.94,0.95,3091000000.0,3358750000.0,3091000000.0,19813160966.0,24.0,14.886,553000000.0,0.925,1.0,3844000000.0,0.455,2129000000.0,67000000.0,12193000000.0,10829250000.0,2076000000.0,0.0,0.0,0.0,10124000000.0,3242000000.0,6882000000.0,15535160966.0,136000000.0,-482000000.0,-686000000.0,1111000000.0,-347000000.0,78000000.0,-1364000000.0,0.0,1435000000.0,-33000000.0,570000000.0,570000000.0,570000000.0,263000000.0,0.0,0.068,2741000000.0,1103000000.0,2391000000.0,0.613,5.026,27.255,27.368,4157000000.0,0.0,26.0,1.84,1.842,1955000000.0,1930000000.0,8441000000.0,8441000000.0,538000000.0,0.045,0.17,0.078,0.1,0.0,1672000000.0,1.0,597506191.0,598000000.0,613000000.0,14.115,11086000000.0,229000000.0,203000000.0,777000000.0,18.538,2029000000.0
73,BAX,MRT,2003-03-31,2003-03-31,2003-03-31,2021-09-07,-1305000000.0,13326000000.0,12027250000.0,5683000000.0,7643000000.0,0.684,4.972,-895000000.0,1408000000.0,1408000000.0,4437000000.0,735000000.0,1.608,3.482,5686000000.0,116000000.0,5570000000.0,5686000000.0,0.0,465000000.0,0.0,0.031,0.582,1128000000.0,1593000000.0,0.194,1593000000.0,1128000000.0,1074000000.0,1.22,1.2,1.22,2973000000.0,3605250000.0,2973000000.0,14577021545.0,13.0,9.151,381000000.0,0.637,1.0,3787000000.0,0.46,2081000000.0,54000000.0,11989000000.0,10088250000.0,1917000000.0,0.0,0.0,0.0,10353000000.0,3534000000.0,6819000000.0,11128021545.0,886000000.0,-480000000.0,-768000000.0,2095000000.0,-347000000.0,980000000.0,-1375000000.0,0.0,1276000000.0,-22000000.0,735000000.0,735000000.0,735000000.0,256000000.0,0.0,0.089,2403000000.0,1384000000.0,2732000000.0,0.477,3.743,15.14,15.279,4025000000.0,0.0,18.64,1.353,1.355,1918000000.0,1891000000.0,8224000000.0,8224000000.0,522000000.0,0.061,0.204,0.112,0.137,0.0,1586000000.0,1.0,596996864.0,598000000.0,611000000.0,13.753,11245000000.0,87000000.0,339000000.0,686000000.0,18.804,2149000000.0
74,BAX,MRT,2002-12-31,2002-12-31,2002-12-31,2021-09-07,-1264000000.0,12428000000.0,11350000000.0,5107000000.0,7321000000.0,0.714,5.022,-852000000.0,1169000000.0,1169000000.0,4314000000.0,771000000.0,1.367,3.125,4618000000.0,220000000.0,4398000000.0,4618000000.0,0.0,440000000.0,0.0,0.021,0.582,1182000000.0,1622000000.0,0.2,1622000000.0,1182000000.0,1131000000.0,1.28,1.25,1.28,3013000000.0,3847000000.0,3013000000.0,19471023260.0,16.0,12.004,345000000.0,0.575,1.0,3785000000.0,0.467,1971000000.0,51000000.0,10169000000.0,9202750000.0,1752000000.0,0.0,0.0,0.0,9415000000.0,3737000000.0,5678000000.0,16612023260.0,587000000.0,-458000000.0,-575000000.0,1594000000.0,-349000000.0,670000000.0,-1310000000.0,0.0,1197000000.0,0.0,771000000.0,771000000.0,771000000.0,255000000.0,0.0,0.095,2348000000.0,1437000000.0,3047000000.0,0.455,5.513,21.546,21.875,3912000000.0,0.0,28.0,2.051,2.074,1793000000.0,1740000000.0,8099000000.0,8099000000.0,501000000.0,0.068,0.2,0.128,0.146,0.0,1566000000.0,1.0,593286545.0,600000000.0,618000000.0,13.498,10457000000.0,125000000.0,360000000.0,470000000.0,17.428,1370000000.0
75,BAX,MRT,2002-09-30,2002-09-30,2002-09-30,2021-09-07,-783000000.0,11167000000.0,10828750000.0,4211000000.0,6956000000.0,0.708,7.227,-835000000.0,278000000.0,278000000.0,3978000000.0,681000000.0,1.33,1.562,3137000000.0,202000000.0,2935000000.0,3137000000.0,0.0,425000000.0,0.0,0.019,0.582,1052000000.0,1477000000.0,0.193,1477000000.0,1052000000.0,998000000.0,1.13,1.09,1.13,4358000000.0,4033000000.0,4358000000.0,21458902635.0,20.0,14.529,298000000.0,0.494,1.0,3684000000.0,0.481,1894000000.0,54000000.0,8966000000.0,8524500000.0,1713000000.0,184000000.0,184000000.0,0.0,6809000000.0,3166000000.0,3643000000.0,18423902635.0,-192000000.0,-601000000.0,497000000.0,-38000000.0,-348000000.0,111000000.0,-1436000000.0,0.0,1133000000.0,29000000.0,681000000.0,681000000.0,681000000.0,16000000.0,0.0,0.089,2616000000.0,1068000000.0,2355000000.0,0.515,4.228,27.054,27.035,3650000000.0,0.0,30.55,2.405,2.404,1768000000.0,1862000000.0,7662000000.0,7662000000.0,473000000.0,0.063,0.169,0.123,0.137,0.0,1543000000.0,1.0,603073736.0,603000000.0,624000000.0,12.706,9273000000.0,36000000.0,317000000.0,686000000.0,15.378,1045000000.0
76,BAX,MRT,2002-06-30,2002-06-30,2002-06-30,2021-09-07,-715000000.0,11188000000.0,10452750000.0,4383000000.0,6805000000.0,0.721,6.772,-784000000.0,472000000.0,472000000.0,3935000000.0,639000000.0,1.399,1.744,3507000000.0,217000000.0,3290000000.0,3507000000.0,0.0,418000000.0,0.0,0.013,0.582,1006000000.0,1424000000.0,0.189,1424000000.0,1006000000.0,944000000.0,1.07,1.03,1.07,4077000000.0,3838000000.0,4077000000.0,29415621232.0,29.0,20.657,300000000.0,0.498,1.0,3600000000.0,0.478,1862000000.0,62000000.0,9229000000.0,8332250000.0,1664000000.0,121000000.0,121000000.0,0.0,7111000000.0,3132000000.0,3979000000.0,26718621232.0,41000000.0,-761000000.0,537000000.0,442000000.0,-349000000.0,529000000.0,-1545000000.0,0.0,1084000000.0,0.0,639000000.0,639000000.0,639000000.0,15000000.0,0.0,0.085,2579000000.0,1021000000.0,2341000000.0,0.544,6.554,41.813,41.542,3515000000.0,0.0,44.45,3.546,3.551,1844000000.0,1546000000.0,7535000000.0,7535000000.0,457000000.0,0.061,0.166,0.121,0.134,0.0,1517000000.0,1.0,601093841.0,602000000.0,622000000.0,12.517,9326000000.0,46000000.0,305000000.0,656000000.0,15.492,1251000000.0
77,BAX,MRT,2002-03-31,2002-03-31,2002-03-31,2021-09-07,-557000000.0,10617000000.0,9976250000.0,4161000000.0,6456000000.0,0.748,6.567,-763000000.0,522000000.0,522000000.0,3948000000.0,692000000.0,1.312,1.695,3219000000.0,542000000.0,2677000000.0,3219000000.0,0.0,422000000.0,0.0,0.01,0.582,1073000000.0,1495000000.0,0.2,1495000000.0,1073000000.0,1008000000.0,1.17,1.13,1.17,3940000000.0,3672250000.0,3940000000.0,37809181750.0,35.0,25.29,252000000.0,0.42,1.0,3512000000.0,0.471,1695000000.0,65000000.0,8447000000.0,7989250000.0,1462000000.0,122000000.0,122000000.0,0.0,6677000000.0,3172000000.0,3505000000.0,35704181750.0,-201000000.0,-789000000.0,460000000.0,292000000.0,-349000000.0,339000000.0,-1552000000.0,0.0,1015000000.0,0.0,692000000.0,692000000.0,692000000.0,11000000.0,0.0,0.093,2428000000.0,1084000000.0,2004000000.0,0.497,9.062,51.596,50.872,3326000000.0,0.0,59.52,4.786,4.787,1701000000.0,1346000000.0,7460000000.0,7460000000.0,438000000.0,0.069,0.188,0.134,0.144,0.0,1498000000.0,1.0,599868645.0,600000000.0,622000000.0,12.433,8922000000.0,40000000.0,316000000.0,827000000.0,14.87,989000000.0
78,BAX,MRT,2001-12-31,2001-12-31,2001-12-31,2021-09-07,-432000000.0,10343000000.0,9642500000.0,3977000000.0,6366000000.0,0.761,6.368,-762000000.0,582000000.0,582000000.0,3939000000.0,601000000.0,1.207,1.753,2687000000.0,201000000.0,2486000000.0,2687000000.0,0.0,427000000.0,0.0,0.011,0.582,967000000.0,1394000000.0,0.19,1394000000.0,967000000.0,899000000.0,1.02,0.98,1.02,3757000000.0,3501500000.0,3757000000.0,34331533837.0,36.0,24.628,327000000.0,0.554,1.0,3403000000.0,0.463,1698000000.0,68000000.0,7456000000.0,7694500000.0,1341000000.0,0.0,0.0,0.0,6586000000.0,3294000000.0,3292000000.0,31660533837.0,3000000.0,-770000000.0,404000000.0,406000000.0,-341000000.0,469000000.0,-1532000000.0,0.0,1089000000.0,0.0,601000000.0,601000000.0,601000000.0,11000000.0,0.0,0.082,2373000000.0,1030000000.0,2432000000.0,0.571,8.427,52.68,52.578,3306000000.0,0.0,53.63,4.312,4.31,1622000000.0,1093000000.0,7342000000.0,7342000000.0,426000000.0,0.062,0.172,0.126,0.132,0.0,1448000000.0,1.0,590351181.0,590000000.0,609000000.0,12.444,8645000000.0,82000000.0,298000000.0,879000000.0,14.653,683000000.0
79,BAX,MRT,2001-09-30,2001-09-30,2001-09-30,2021-09-07,-577000000.0,9663000000.0,9240000000.0,4064000000.0,5599000000.0,0.786,6.075,-720000000.0,470000000.0,470000000.0,3948000000.0,957000000.0,1.597,1.701,3141000000.0,565000000.0,2576000000.0,3141000000.0,0.0,421000000.0,0.0,0.011,0.582,1397000000.0,1818000000.0,0.25,1818000000.0,1397000000.0,1317000000.0,1.62,1.59,1.62,3578000000.0,3227000000.0,3578000000.0,34718761595.0,25.0,19.097,370000000.0,0.628,1.0,3312000000.0,0.456,1592000000.0,80000000.0,8197000000.0,7306250000.0,1415000000.0,167000000.0,167000000.0,0.0,6085000000.0,2545000000.0,3540000000.0,32397761595.0,-98000000.0,-292000000.0,139000000.0,230000000.0,-341000000.0,-166000000.0,-1012000000.0,0.0,1090000000.0,0.0,957000000.0,957000000.0,957000000.0,30000000.0,0.0,0.132,1835000000.0,1477000000.0,1297000000.0,0.359,9.055,33.853,33.981,3128000000.0,0.0,55.05,4.463,4.466,1623000000.0,1516000000.0,7260000000.0,7260000000.0,417000000.0,0.104,0.297,0.191,0.192,0.0,1407000000.0,1.0,588515197.0,589000000.0,609000000.0,12.326,8071000000.0,116000000.0,360000000.0,800000000.0,13.703,1519000000.0
80,BAX,MRT,2001-06-30,2001-06-30,2001-06-30,2021-09-07,-370000000.0,9282000000.0,9026250000.0,3991000000.0,5291000000.0,0.781,5.786,-675000000.0,431000000.0,431000000.0,3828000000.0,916000000.0,1.699,1.719,2752000000.0,374000000.0,2378000000.0,2752000000.0,0.0,428000000.0,0.0,0.012,0.582,1347000000.0,1775000000.0,0.252,1775000000.0,1347000000.0,1261000000.0,1.55,1.52,1.55,3414000000.0,3067000000.0,3414000000.0,32040761255.0,24.0,18.051,355000000.0,0.602,1.0,3219000000.0,0.457,1397000000.0,86000000.0,7857000000.0,7064500000.0,1358000000.0,162000000.0,162000000.0,0.0,5868000000.0,2349000000.0,3519000000.0,29914761255.0,-65000000.0,-248000000.0,-144000000.0,353000000.0,-340000000.0,-170000000.0,-923000000.0,0.0,1030000000.0,0.0,916000000.0,916000000.0,916000000.0,30000000.0,0.0,0.13,1792000000.0,1427000000.0,1344000000.0,0.375,8.762,32.658,32.581,2922000000.0,0.0,50.5,4.245,4.228,1649000000.0,1245000000.0,7047000000.0,7047000000.0,409000000.0,0.101,0.299,0.191,0.191,0.0,1383000000.0,1.0,592371510.0,590000000.0,608000000.0,11.944,7885000000.0,97000000.0,345000000.0,911000000.0,13.364,1642000000.0
81,BAX,MRT,2001-03-31,2001-03-31,2001-03-31,2021-09-07,-382000000.0,9282000000.0,8902500000.0,4009000000.0,5273000000.0,0.772,5.52,-641000000.0,723000000.0,723000000.0,3731000000.0,711000000.0,1.447,1.85,2849000000.0,670000000.0,2179000000.0,2849000000.0,0.0,405000000.0,0.0,0.012,0.582,1022000000.0,1427000000.0,0.208,1427000000.0,1022000000.0,934000000.0,1.2,1.18,1.2,3257000000.0,2931250000.0,3257000000.0,29577078966.0,29.0,20.727,577000000.0,0.978,1.0,3140000000.0,0.457,1370000000.0,88000000.0,7268000000.0,6923000000.0,1257000000.0,135000000.0,135000000.0,0.0,6025000000.0,2770000000.0,3255000000.0,27796078966.0,29000000.0,-313000000.0,-93000000.0,294000000.0,-340000000.0,-149000000.0,-954000000.0,0.0,1218000000.0,0.0,711000000.0,711000000.0,711000000.0,28000000.0,0.0,0.103,2040000000.0,1100000000.0,1445000000.0,0.485,8.534,39.094,39.225,2888000000.0,0.0,47.07,4.045,4.042,1571000000.0,992000000.0,6871000000.0,6871000000.0,398000000.0,0.08,0.243,0.148,0.149,0.0,1358000000.0,1.0,590526428.0,590000000.0,606000000.0,11.646,7912000000.0,119000000.0,223000000.0,869000000.0,13.41,1239000000.0
82,BAX,MRT,2000-12-31,2000-12-31,2000-12-31,2021-09-07,-649000000.0,8733000000.0,8760500000.0,3651000000.0,5082000000.0,0.764,4.545,-625000000.0,579000000.0,579000000.0,3641000000.0,740000000.0,1.083,2.284,2360000000.0,634000000.0,1726000000.0,2360000000.0,0.0,394000000.0,0.0,0.013,0.582,1040000000.0,1434000000.0,0.214,1434000000.0,1040000000.0,956000000.0,1.26,1.24,1.26,2659000000.0,2793250000.0,2659000000.0,28101763561.0,27.0,19.597,551000000.0,0.942,1.0,3056000000.0,0.456,1239000000.0,84000000.0,5903000000.0,6914750000.0,1159000000.0,155000000.0,155000000.0,0.0,6074000000.0,3372000000.0,2702000000.0,25975763561.0,-27000000.0,-390000000.0,-142000000.0,106000000.0,-84000000.0,-120000000.0,-1015000000.0,0.0,1176000000.0,0.0,740000000.0,740000000.0,740000000.0,14000000.0,0.0,0.11,2002000000.0,1054000000.0,1990000000.0,0.462,9.769,35.102,35.044,2807000000.0,0.0,44.155,3.879,3.857,1547000000.0,853000000.0,6697000000.0,6697000000.0,378000000.0,0.084,0.265,0.15,0.155,0.0,1330000000.0,1.0,588285892.0,585000000.0,597000000.0,11.448,7494000000.0,159000000.0,216000000.0,908000000.0,12.81,279000000.0
83,BAX,MRT,2000-09-30,2000-09-30,2000-09-30,2021-09-07,-426000000.0,8808000000.0,8988250000.0,3825000000.0,4983000000.0,0.749,4.98,-635000000.0,568000000.0,568000000.0,3753000000.0,699000000.0,1.564,1.998,2694000000.0,448000000.0,2246000000.0,2694000000.0,0.0,394000000.0,0.0,0.004,0.145,973000000.0,1367000000.0,0.203,1367000000.0,973000000.0,895000000.0,1.19,1.175,1.19,2938000000.0,2965500000.0,2938000000.0,25375791066.0,26.0,18.563,434000000.0,0.736,1.0,2980000000.0,0.443,1258000000.0,78000000.0,7230000000.0,7507250000.0,1257000000.0,145000000.0,145000000.0,0.0,5870000000.0,2446000000.0,3424000000.0,23318791066.0,-257000000.0,-394000000.0,-463000000.0,155000000.0,-168000000.0,-254000000.0,-1029000000.0,0.0,1069000000.0,0.0,699000000.0,699000000.0,699000000.0,-12000000.0,0.0,0.104,2019000000.0,961000000.0,1358000000.0,0.122,7.937,33.36,33.534,2710000000.0,0.0,39.905,3.463,3.497,1608000000.0,923000000.0,6733000000.0,6733000000.0,363000000.0,0.078,0.236,0.13,0.145,0.0,1339000000.0,1.0,584357626.0,590000000.0,604000000.0,11.412,7550000000.0,163000000.0,196000000.0,1011000000.0,12.797,1379000000.0
84,BAX,MRT,2000-06-30,2000-06-30,2000-06-30,2021-09-07,-418000000.0,8787000000.0,9261750000.0,3819000000.0,4968000000.0,0.716,4.925,-660000000.0,496000000.0,496000000.0,3704000000.0,678000000.0,1.619,2.061,2553000000.0,198000000.0,2355000000.0,2553000000.0,0.0,371000000.0,0.0,0.008,0.291,938000000.0,1309000000.0,0.197,1309000000.0,938000000.0,863000000.0,1.16,1.15,1.16,2871000000.0,3050250000.0,2871000000.0,22453861571.0,24.0,17.153,308000000.0,0.528,1.0,2931000000.0,0.442,1194000000.0,75000000.0,7291000000.0,7937750000.0,1271000000.0,179000000.0,179000000.0,0.0,5916000000.0,2359000000.0,3557000000.0,20409861571.0,-227000000.0,-265000000.0,-325000000.0,101000000.0,-253000000.0,-256000000.0,-925000000.0,0.0,968000000.0,0.0,678000000.0,678000000.0,678000000.0,-25000000.0,0.0,0.102,2018000000.0,913000000.0,1498000000.0,0.251,7.109,30.103,30.306,2668000000.0,0.0,35.155,3.076,3.089,1640000000.0,693000000.0,6635000000.0,6635000000.0,349000000.0,0.073,0.222,0.118,0.141,0.0,1339000000.0,1.0,580567816.0,583000000.0,594000000.0,11.381,7593000000.0,196000000.0,185000000.0,1042000000.0,13.024,1460000000.0
85,BAX,MRT,2000-03-31,2000-03-31,2000-03-31,2021-09-07,-348000000.0,8714000000.0,9539750000.0,3967000000.0,4747000000.0,0.681,4.664,-648000000.0,694000000.0,694000000.0,3627000000.0,837000000.0,1.575,2.221,2738000000.0,435000000.0,2303000000.0,2738000000.0,0.0,372000000.0,0.0,0.014,0.436,1200000000.0,1572000000.0,0.242,1572000000.0,1200000000.0,1122000000.0,1.435,1.42,1.435,2705000000.0,3137250000.0,2705000000.0,20463300185.0,17.0,13.017,351000000.0,0.605,1.0,2874000000.0,0.442,1004000000.0,78000000.0,7235000000.0,8111250000.0,1263000000.0,146000000.0,146000000.0,0.0,6009000000.0,2519000000.0,3490000000.0,18213300185.0,86000000.0,-199000000.0,-35000000.0,111000000.0,-338000000.0,-79000000.0,-847000000.0,0.0,999000000.0,18000000.0,837000000.0,837000000.0,837000000.0,-41000000.0,0.0,0.129,1715000000.0,1159000000.0,1489000000.0,0.304,6.733,21.76,21.843,2673000000.0,0.0,31.345,2.802,2.797,1756000000.0,689000000.0,6501000000.0,6501000000.0,340000000.0,0.088,0.267,0.148,0.185,0.0,1322000000.0,1.0,581059186.0,580000000.0,592000000.0,11.209,7710000000.0,159000000.0,285000000.0,925000000.0,13.293,1448000000.0
86,BAX,MRT,1999-12-31,1999-12-31,1999-12-31,2021-09-07,-374000000.0,9644000000.0,9835750000.0,3819000000.0,5825000000.0,0.649,5.782,-631000000.0,606000000.0,606000000.0,3568000000.0,797000000.0,1.414,1.881,2856000000.0,255000000.0,2601000000.0,2856000000.0,0.0,372000000.0,0.0,0.019,0.582,1157000000.0,1529000000.0,0.24,1529000000.0,1157000000.0,1070000000.0,1.37,1.35,1.37,3348000000.0,3173750000.0,3348000000.0,20735357581.0,18.0,13.561,452000000.0,0.781,1.0,2812000000.0,0.441,921000000.0,87000000.0,8273000000.0,8297250000.0,1116000000.0,148000000.0,148000000.0,0.0,6296000000.0,2700000000.0,3596000000.0,18273357581.0,-103000000.0,-104000000.0,14000000.0,-269000000.0,-338000000.0,-445000000.0,-735000000.0,0.0,1083000000.0,0.0,797000000.0,797000000.0,797000000.0,-45000000.0,0.0,0.125,1673000000.0,1139000000.0,1805000000.0,0.425,5.458,22.928,22.923,2650000000.0,0.0,31.405,2.864,2.85,1805000000.0,1415000000.0,6380000000.0,6380000000.0,332000000.0,0.081,0.251,0.139,0.181,0.0,1311000000.0,1.0,581861410.0,579000000.0,590000000.0,11.019,8723000000.0,216000000.0,273000000.0,951000000.0,15.066,1119000000.0
87,BAX,MRT,1999-09-30,1999-09-30,1999-09-30,2021-09-07,-386000000.0,9902000000.0,9893000000.0,4255000000.0,5647000000.0,0.628,5.611,-630000000.0,825000000.0,825000000.0,3473000000.0,780000000.0,1.669,2.022,3287000000.0,371000000.0,2916000000.0,3287000000.0,0.0,370000000.0,0.0,0.019,0.582,1140000000.0,1510000000.0,0.243,1510000000.0,1140000000.0,1042000000.0,1.355,1.33,1.355,3277000000.0,3046500000.0,3277000000.0,19958378764.0,18.0,13.217,369000000.0,0.632,1.0,2742000000.0,0.441,862000000.0,98000000.0,8952000000.0,8421500000.0,1211000000.0,185000000.0,185000000.0,0.0,6625000000.0,2550000000.0,4075000000.0,17541378764.0,347000000.0,-105000000.0,127000000.0,139000000.0,-337000000.0,77000000.0,-735000000.0,0.0,999000000.0,0.0,780000000.0,780000000.0,780000000.0,-57000000.0,0.0,0.126,1632000000.0,1110000000.0,1644000000.0,0.43,5.353,22.489,22.232,2514000000.0,0.0,30.125,2.822,2.831,1803000000.0,1270000000.0,6215000000.0,6215000000.0,318000000.0,0.079,0.256,0.135,0.183,0.0,1290000000.0,1.0,582286432.0,584000000.0,594000000.0,10.642,9040000000.0,345000000.0,262000000.0,978000000.0,15.479,1705000000.0
88,BAX,MRT,1999-06-30,1999-06-30,1999-06-30,2021-09-07,-337000000.0,9899000000.0,9810250000.0,4487000000.0,5412000000.0,0.617,5.55,-562000000.0,723000000.0,723000000.0,3391000000.0,446000000.0,1.728,2.075,3140000000.0,233000000.0,2907000000.0,3140000000.0,0.0,317000000.0,0.0,0.019,0.582,788000000.0,1105000000.0,0.183,1105000000.0,788000000.0,682000000.0,0.78,0.76,0.78,3219000000.0,2902000000.0,3219000000.0,20426439348.0,26.0,18.485,510000000.0,0.879,1.0,2662000000.0,0.44,1734000000.0,106000000.0,7985000000.0,8114500000.0,1397000000.0,153000000.0,153000000.0,0.0,6680000000.0,2597000000.0,4083000000.0,17679439348.0,295000000.0,-127000000.0,198000000.0,-51000000.0,-335000000.0,-60000000.0,-689000000.0,0.0,1072000000.0,0.0,446000000.0,446000000.0,446000000.0,-47000000.0,0.0,0.074,1894000000.0,768000000.0,1786000000.0,0.746,5.492,39.64,38.865,2648000000.0,0.0,30.315,2.921,2.905,1974000000.0,1145000000.0,6053000000.0,6053000000.0,324000000.0,0.045,0.154,0.097,0.13,0.0,1268000000.0,1.0,583191138.0,580000000.0,590000000.0,10.436,8165000000.0,387000000.0,236000000.0,1018000000.0,14.078,1890000000.0
89,BAX,MRT,1999-03-31,1999-03-31,1999-03-31,2021-09-07,-356000000.0,9898000000.0,9654250000.0,4532000000.0,5366000000.0,0.612,4.967,-562000000.0,608000000.0,608000000.0,3286000000.0,302000000.0,1.546,2.472,3355000000.0,417000000.0,2938000000.0,3355000000.0,0.0,334000000.0,0.0,0.018,0.582,640000000.0,974000000.0,0.165,974000000.0,640000000.0,523000000.0,0.535,0.52,0.535,2851000000.0,2816000000.0,2851000000.0,21602713128.0,34.0,22.179,441000000.0,0.768,1.0,2626000000.0,0.444,1735000000.0,117000000.0,7979000000.0,8072500000.0,1331000000.0,258000000.0,258000000.0,0.0,7047000000.0,2931000000.0,4116000000.0,18944713128.0,177000000.0,-189000000.0,0.0,143000000.0,-334000000.0,-67000000.0,-751000000.0,0.0,1003000000.0,-18000000.0,302000000.0,302000000.0,302000000.0,-40000000.0,0.0,0.051,1999000000.0,627000000.0,1919000000.0,1.088,6.645,62.731,61.682,2633000000.0,0.0,33.0,3.204,3.204,1921000000.0,1023000000.0,5912000000.0,5912000000.0,324000000.0,0.031,0.107,0.079,0.108,0.0,1255000000.0,1.0,574082216.0,574000000.0,586000000.0,10.3,8163000000.0,483000000.0,221000000.0,1094000000.0,14.221,1601000000.0
90,BAX,MRT,1998-12-31,1998-12-31,1998-12-31,2021-09-07,-296000000.0,9873000000.0,9406250000.0,4295000000.0,5578000000.0,0.607,4.998,-556000000.0,709000000.0,709000000.0,3142000000.0,315000000.0,1.517,2.478,3367000000.0,271000000.0,3096000000.0,3367000000.0,0.0,344000000.0,0.0,0.018,0.582,657000000.0,1001000000.0,0.175,1001000000.0,657000000.0,533000000.0,0.555,0.545,0.555,2839000000.0,2776750000.0,2839000000.0,21052060916.0,32.0,21.031,383000000.0,0.674,1.0,2564000000.0,0.449,930000000.0,124000000.0,8770000000.0,7930250000.0,1167000000.0,317000000.0,317000000.0,0.0,7034000000.0,2831000000.0,4203000000.0,18375060916.0,244000000.0,-316000000.0,0.0,386000000.0,-331000000.0,173000000.0,-872000000.0,0.0,939000000.0,0.0,315000000.0,315000000.0,315000000.0,-40000000.0,0.0,0.055,1947000000.0,617000000.0,2024000000.0,1.049,6.472,58.334,57.883,2445000000.0,0.0,32.125,3.22,3.198,1807000000.0,990000000.0,5706000000.0,5706000000.0,323000000.0,0.033,0.113,0.083,0.115,0.0,1208000000.0,1.0,571986332.0,568000000.0,578000000.0,10.046,8943000000.0,453000000.0,218000000.0,997000000.0,15.745,1464000000.0
91,BAX,MRT,1998-09-30,1998-09-30,1998-09-30,2021-09-07,-280000000.0,9571000000.0,9114750000.0,4226000000.0,5345000000.0,0.556,4.735,-507000000.0,478000000.0,478000000.0,2780000000.0,285000000.0,1.542,2.546,3155000000.0,234000000.0,2921000000.0,3155000000.0,0.0,272000000.0,0.0,0.02,0.582,585000000.0,857000000.0,0.169,857000000.0,585000000.0,473000000.0,0.515,0.505,0.515,2699000000.0,2721750000.0,2699000000.0,19886825047.0,34.0,23.205,219000000.0,0.384,1.0,2287000000.0,0.451,1783000000.0,112000000.0,7724000000.0,7448250000.0,1366000000.0,299000000.0,299000000.0,0.0,6872000000.0,2741000000.0,4131000000.0,17035825047.0,69000000.0,-313000000.0,0.0,413000000.0,-329000000.0,177000000.0,-829000000.0,0.0,726000000.0,0.0,285000000.0,285000000.0,285000000.0,57000000.0,0.0,0.056,1645000000.0,642000000.0,2005000000.0,1.13,6.312,59.775,57.951,2443000000.0,0.0,29.845,3.362,3.357,1946000000.0,861000000.0,5067000000.0,5067000000.0,316000000.0,0.031,0.105,0.079,0.115,0.0,1069000000.0,1.0,570810020.0,570000000.0,570000000.0,8.889,7788000000.0,320000000.0,188000000.0,1033000000.0,13.663,1485000000.0
92,BAX,MRT,1998-06-30,1998-06-30,1998-06-30,2021-09-07,-277000000.0,9275000000.0,8760750000.0,4237000000.0,5038000000.0,0.586,5.08,-526000000.0,428000000.0,428000000.0,2811000000.0,568000000.0,1.672,2.226,3279000000.0,315000000.0,2964000000.0,3279000000.0,0.0,327000000.0,0.0,0.021,0.578,889000000.0,1216000000.0,0.237,1216000000.0,889000000.0,765000000.0,1.015,1.0,1.015,2875000000.0,2664250000.0,2875000000.0,17804553348.0,20.0,14.642,-23000000.0,-0.041,1.0,2323000000.0,0.452,1775000000.0,124000000.0,7817000000.0,7204000000.0,1366000000.0,430000000.0,430000000.0,0.0,6400000000.0,2534000000.0,3866000000.0,15122553348.0,-403000000.0,-493000000.0,0.0,348000000.0,-325000000.0,113000000.0,-1001000000.0,0.0,503000000.0,0.0,568000000.0,568000000.0,568000000.0,60000000.0,0.0,0.111,1374000000.0,949000000.0,1804000000.0,0.569,5.26,26.624,26.507,2463000000.0,0.0,26.905,2.946,2.966,1842000000.0,1068000000.0,5134000000.0,5134000000.0,324000000.0,0.065,0.213,0.123,0.173,0.0,1088000000.0,1.0,562072230.0,566000000.0,576000000.0,9.071,7500000000.0,180000000.0,197000000.0,784000000.0,13.251,1703000000.0
93,BAX,MRT,1998-03-31,1998-03-31,1998-03-31,2021-09-07,-263000000.0,8906000000.0,8605750000.0,3994000000.0,4912000000.0,0.614,4.811,-477000000.0,431000000.0,431000000.0,2901000000.0,667000000.0,1.649,2.306,3113000000.0,215000000.0,2898000000.0,3113000000.0,0.0,316000000.0,0.0,0.021,0.574,1003000000.0,1319000000.0,0.25,1319000000.0,1003000000.0,868000000.0,1.195,1.175,1.195,2694000000.0,2558000000.0,2694000000.0,17786878253.0,18.0,13.485,6000000.0,0.011,1.0,2383000000.0,0.451,1756000000.0,135000000.0,7410000000.0,6904500000.0,1251000000.0,382000000.0,382000000.0,0.0,6212000000.0,2422000000.0,3790000000.0,15472878253.0,-157000000.0,-422000000.0,0.0,470000000.0,-320000000.0,264000000.0,-895000000.0,0.0,483000000.0,0.0,667000000.0,667000000.0,667000000.0,71000000.0,0.0,0.126,1309000000.0,1074000000.0,1714000000.0,0.48,5.743,23.198,23.067,2386000000.0,0.0,27.565,2.928,2.921,1750000000.0,1089000000.0,5284000000.0,5284000000.0,335000000.0,0.078,0.261,0.145,0.19,0.0,1129000000.0,1.0,561323354.0,560000000.0,570000000.0,9.436,7150000000.0,253000000.0,201000000.0,798000000.0,12.768,1572000000.0
94,BAX,MRT,1997-12-31,1997-12-31,1997-12-31,2021-09-07,-222000000.0,8707000000.0,8463750000.0,3870000000.0,4837000000.0,0.621,4.71,-454000000.0,465000000.0,465000000.0,2877000000.0,300000000.0,1.513,2.325,2779000000.0,144000000.0,2635000000.0,2779000000.0,0.0,318000000.0,0.0,0.023,0.57,630000000.0,948000000.0,0.18,948000000.0,630000000.0,499000000.0,0.54,0.53,0.54,2619000000.0,2466000000.0,2619000000.0,16469688256.0,26.0,17.373,104000000.0,0.187,1.0,2382000000.0,0.453,1622000000.0,131000000.0,6842000000.0,6549000000.0,1208000000.0,367000000.0,367000000.0,0.0,6088000000.0,2557000000.0,3531000000.0,14125688256.0,-296000000.0,-629000000.0,0.0,471000000.0,-316000000.0,265000000.0,-1083000000.0,0.0,558000000.0,0.0,300000000.0,300000000.0,300000000.0,71000000.0,0.0,0.057,1681000000.0,701000000.0,1963000000.0,1.056,5.394,47.086,46.704,2360000000.0,0.0,25.22,2.686,2.666,1781000000.0,1006000000.0,5259000000.0,5259000000.0,339000000.0,0.035,0.122,0.096,0.12,0.0,1145000000.0,1.0,560098662.0,556000000.0,564000000.0,9.459,7085000000.0,253000000.0,199000000.0,766000000.0,12.743,1313000000.0
95,BAX,MRT,1997-09-30,1997-09-30,1997-09-30,2021-09-07,-268000000.0,8155000000.0,8186000000.0,3701000000.0,4454000000.0,0.733,4.409,-410000000.0,409000000.0,409000000.0,3289000000.0,276000000.0,1.669,2.303,2753000000.0,193000000.0,2560000000.0,2753000000.0,0.0,647000000.0,0.0,0.091,2.366,649000000.0,1296000000.0,0.216,1296000000.0,649000000.0,498000000.0,0.495,,0.495,2469000000.0,2437250000.0,2469000000.0,16680429987.0,26.0,12.871,83000000.0,0.148,1.0,2711000000.0,0.452,1535000000.0,151000000.0,6747000000.0,6099750000.0,1219000000.0,422000000.0,422000000.0,0.0,5686000000.0,2217000000.0,3469000000.0,14603429987.0,-424000000.0,-672000000.0,-175000000.0,457000000.0,-312000000.0,121000000.0,-1077000000.0,0.0,493000000.0,0.0,276000000.0,276000000.0,276000000.0,0.0,0.0,0.046,2062000000.0,649000000.0,1729000000.0,4.78,5.915,52.911,52.778,2199000000.0,0.0,26.125,2.434,2.438,1747000000.0,905000000.0,6000000000.0,6000000000.0,372000000.0,0.034,0.113,0.106,0.108,0.0,1307000000.0,1.0,558982966.0,560000000.0,,10.714,6620000000.0,103000000.0,222000000.0,604000000.0,11.821,1484000000.0
96,BAX,MRT,1997-06-30,1997-06-30,1997-06-30,2021-09-07,-176000000.0,8655000000.0,,4169000000.0,4486000000.0,,4.406,-385000000.0,831000000.0,831000000.0,3184000000.0,294000000.0,1.612,2.533,2908000000.0,249000000.0,2659000000.0,2908000000.0,0.0,379000000.0,0.0,0.091,2.376,651000000.0,1030000000.0,0.177,1030000000.0,651000000.0,516000000.0,0.535,,0.535,2450000000.0,,2450000000.0,16590994024.0,25.0,16.108,214000000.0,0.385,1.0,2632000000.0,0.453,1526000000.0,135000000.0,6619000000.0,,1240000000.0,308000000.0,308000000.0,0.0,6205000000.0,2587000000.0,3618000000.0,14558994024.0,161000000.0,-541000000.0,-180000000.0,766000000.0,-316000000.0,457000000.0,-961000000.0,0.0,599000000.0,0.0,294000000.0,294000000.0,294000000.0,-40000000.0,0.0,0.051,2021000000.0,611000000.0,1951000000.0,4.441,5.942,49.52,48.953,2145000000.0,0.0,26.19,2.503,2.504,1918000000.0,824000000.0,5816000000.0,5816000000.0,359000000.0,,,,0.112,0.0,1254000000.0,1.0,555898970.0,556000000.0,,10.46,7129000000.0,200000000.0,222000000.0,704000000.0,12.822,1582000000.0
97,BAX,MRT,1997-03-31,1997-03-31,1997-03-31,2021-09-07,-170000000.0,8338000000.0,,3808000000.0,4530000000.0,,4.245,-401000000.0,588000000.0,588000000.0,3070000000.0,308000000.0,1.341,2.585,2620000000.0,446000000.0,2174000000.0,2620000000.0,0.0,373000000.0,0.0,0.111,2.386,646000000.0,1019000000.0,0.183,1019000000.0,646000000.0,529000000.0,0.57,,0.57,2326000000.0,,2326000000.0,,,,350000000.0,0.639,1.0,2512000000.0,0.45,1542000000.0,117000000.0,5988000000.0,,1202000000.0,285000000.0,285000000.0,0.0,6012000000.0,2840000000.0,3172000000.0,11775491134.0,-4000000.0,-558000000.0,-187000000.0,491000000.0,-319000000.0,159000000.0,-961000000.0,0.0,751000000.0,4000000.0,308000000.0,308000000.0,308000000.0,-74000000.0,0.0,0.055,1940000000.0,572000000.0,1965000000.0,4.186,5.063,38.232,37.833,2150000000.0,0.0,21.565,2.11,2.117,1902000000.0,742000000.0,5582000000.0,5582000000.0,348000000.0,,,,0.116,0.0,1189000000.0,1.0,546046424.0,548000000.0,,10.186,6796000000.0,229000000.0,221000000.0,742000000.0,12.401,968000000.0
98,BAX,MRT,1996-12-31,1996-12-31,1996-12-31,2021-09-07,-20000000.0,7596000000.0,,3480000000.0,4116000000.0,,4.603,-398000000.0,761000000.0,761000000.0,3009000000.0,669000000.0,1.423,2.034,2041000000.0,346000000.0,1695000000.0,2041000000.0,0.0,348000000.0,0.0,0.116,2.386,990000000.0,1338000000.0,0.246,1338000000.0,990000000.0,887000000.0,1.23,1.205,1.23,2504000000.0,,2504000000.0,,,,302000000.0,0.555,1.0,2429000000.0,0.447,1386000000.0,103000000.0,5045000000.0,,883000000.0,266000000.0,266000000.0,0.0,5092000000.0,2445000000.0,2647000000.0,11193951692.0,285000000.0,-309000000.0,-267000000.0,610000000.0,-320000000.0,216000000.0,-707000000.0,0.0,700000000.0,0.0,669000000.0,669000000.0,669000000.0,-94000000.0,0.0,0.123,1533000000.0,896000000.0,1704000000.0,1.94,4.47,16.732,16.667,1843000000.0,0.0,20.5,2.058,2.051,1860000000.0,1022000000.0,5438000000.0,5438000000.0,340000000.0,,,,0.182,0.0,1142000000.0,1.0,546046424.0,544000000.0,554000000.0,9.996,6210000000.0,212000000.0,218000000.0,650000000.0,11.415,1035000000.0
99,BAX,MRT,1996-09-30,1996-09-30,1996-09-30,2021-09-07,,,,,,,,,,,,,,,,,,,,,,0.025,0.586,,,,,,,,,,,,,,,,,,1.0,,,,,,,,,,,,,,,,,,,,,,,,,,,,,,,,,,,,,,,,23.25,,,,,,,,,,,,,,1.0,,546000000.0,,,,,,,,
100,BAX,MRT,1996-06-30,1996-06-30,1996-06-30,2021-09-07,,,,,,,,,,,,,,,,,,,,,,0.024,0.576,,,,,,,,,,,,,,,,,,1.0,,,,,,,,,,,,,,,,,,,,,,,,,,,,,,,,,,,,,,,,23.875,,,,,,,,,,,,,,1.0,,544000000.0,,,,,,,,
101,BAX,MRT,1996-03-31,1996-03-31,1996-03-31,2021-09-07,,,,,,,,,,,,,,,,,,,,,,0.024,0.566,,,,,,,,,,,,,,,,,,1.0,,,,,,,,,,,,,,,,,,,,,,,,,,,,,,,,,,,,,,,,23.125,,,,,,,,,,,,,,1.0,,544000000.0,,,,,,,,
102,BAX,MRT,1995-12-31,1995-12-31,1995-12-31,2021-09-07,,,,,,,,-399000000.0,,,2777000000.0,649000000.0,,,,,,,,336000000.0,,0.027,0.556,898000000.0,1234000000.0,0.244,1234000000.0,898000000.0,802000000.0,1.175,1.155,1.175,,,,,,,174000000.0,,1.0,2271000000.0,0.45,,96000000.0,,,,,,,,,,,8000000.0,47000000.0,-500000000.0,-293000000.0,-306000000.0,-996000000.0,-352000000.0,0.0,573000000.0,0.0,649000000.0,649000000.0,649000000.0,-278000000.0,0.0,0.129,1651000000.0,620000000.0,,0.473,,,17.821,,0.0,20.94,,,,,5048000000.0,5048000000.0,327000000.0,,,,0.178,0.0,1084000000.0,1.0,,,,,,,153000000.0,,,
