None,ticker,dimension,calendardate,datekey,reportperiod,lastupdated,accoci,assets,assetsavg,assetsc,assetsnc,assetturnover,bvps,capex,cashneq,cashnequsd,cor,consolinc,currentratio,de,debt,debtc,debtnc,debtusd,deferredrev,depamor,deposits,divyield,dps,ebit,ebitda,ebitdamargin,ebitdausd,ebitusd,ebt,eps,epsdil,epsusd,equity,equityavg,equityusd,ev,evebit,evebitda,fcf,fcfps,fxusd,gp,grossmargin,intangibles,intexp,invcap,invcapavg,inventory,investments,investmentsc,investmentsnc,liabilities,liabilitiesc,liabilitiesnc,marketcap,ncf,ncfbus,ncfcommon,ncfdebt,ncfdiv,ncff,ncfi,ncfinv,ncfo,ncfx,netinc,netinccmn,netinccmnusd,netincdis,netincnci,netmargin,opex,opinc,payables,payoutratio,pb,pe,pe1,ppnenet,prefdivis,price,ps,ps1,receivables,retearn,revenue,revenueusd,rnd,roa,roe,roic,ros,sbcomp,sgna,sharefactor,sharesbas,shareswa,shareswadil,sps,tangibles,taxassets,taxexp,taxliabilities,tbvps,workingcapital
0,ALXN,MRY,2020-12-31,2020-12-31,2020-12-31,2021-05-02,-124600000.0,18103000000.0,17625775000.0,5833000000.0,12270000000.0,0.344,52.936,-106700000.0,2964500000.0,2964500000.0,553500000.0,603400000.0,3.59,0.554,2739100000.0,142400000.0,2596700000.0,2739100000.0,0.0,329400000.0,0.0,0.0,0.0,673700000.0,1003100000.0,0.165,1003100000.0,673700000.0,569000000.0,2.74,2.72,2.74,11651200000.0,11241175000.0,11651200000.0,34692110296.0,51.0,34.585,2896200000.0,13.159,1.0,5516400000.0,0.909,8102500000.0,104700000.0,8150400000.0,8256975000.0,775700000.0,34900000.0,34900000.0,0.0,6451800000.0,1624700000.0,4827100000.0,34192410296.0,311000000.0,-2111900000.0,-452100000.0,-130600000.0,0.0,-611900000.0,-2099500000.0,119100000.0,3002900000.0,19500000.0,603400000.0,603400000.0,603400000.0,0.0,0.0,0.099,4837700000.0,678700000.0,118600000.0,0.0,2.935,56.666,57.022,1461900000.0,0.0,156.24,5.633,5.665,1409300000.0,5243200000.0,6069900000.0,6069900000.0,1002900000.0,0.034,0.054,0.082,0.111,281100000.0,1399900000.0,1.0,218845432.0,220100000,222000000.0,27.578,10000500000.0,2199400000.0,-34400000.0,1632200000.0,45.436,4208300000.0
1,ALXN,MRY,2019-12-31,2019-12-31,2019-12-31,2021-05-02,-66800000.0,17544600000.0,15231725000.0,5076400000.0,12468200000.0,0.328,50.501,-154700000.0,2685500000.0,2685500000.0,394500000.0,2404300000.0,4.251,0.557,2665800000.0,126700000.0,2539100000.0,2665800000.0,0.0,376800000.0,0.0,0.0,0.0,2256600000.0,2633400000.0,0.528,2633400000.0,2256600000.0,2178800000.0,10.77,10.7,10.77,11271800000.0,10377275000.0,11271800000.0,24461388232.0,11.0,9.289,1930200000.0,8.648,1.0,4596600000.0,0.921,8381700000.0,77800000.0,7948900000.0,6292875000.0,627600000.0,64000000.0,64000000.0,0.0,6272800000.0,1194300000.0,5078500000.0,23932588232.0,1356300000.0,0.0,-386100000.0,-348000000.0,0.0,-739100000.0,9700000.0,180500000.0,2084900000.0,800000.0,2404300000.0,2404300000.0,2404300000.0,0.0,0.0,0.482,2464600000.0,2132000000.0,74000000.0,0.0,2.123,9.954,10.042,1367300000.0,0.0,108.15,4.795,4.836,1243200000.0,4639800000.0,4991100000.0,4991100000.0,886000000.0,0.158,0.232,0.359,0.452,237000000.0,1261100000.0,1.0,221290691.0,223200000,224800000.0,22.362,9162900000.0,2290200000.0,-225500000.0,2081400000.0,41.052,3882100000.0
2,ALXN,MRY,2018-12-31,2018-12-31,2018-12-31,2021-05-02,-9700000.0,13931900000.0,13774025000.0,3385000000.0,10546900000.0,0.3,41.155,-213000000.0,1365500000.0,1365500000.0,374300000.0,77600000.0,2.883,0.52,3206500000.0,343800000.0,2862700000.0,3206500000.0,0.0,405300000.0,0.0,0.0,0.0,340400000.0,745700000.0,0.181,745700000.0,340400000.0,242200000.0,0.35,0.35,0.35,9165300000.0,9053775000.0,9165300000.0,23697488092.0,70.0,31.779,213000000.0,0.956,1.0,3756900000.0,0.909,8678700000.0,98200000.0,5920200000.0,6178925000.0,472500000.0,198300000.0,198300000.0,0.0,4766600000.0,1174000000.0,3592600000.0,21720688092.0,782900000.0,0.0,-37700000.0,-43800000.0,0.0,-102400000.0,470500000.0,680700000.0,426000000.0,-11200000.0,77600000.0,77600000.0,77600000.0,0.0,0.0,0.019,3370800000.0,386100000.0,698200000.0,0.0,2.37,279.906,278.171,1471500000.0,0.0,97.36,5.258,5.248,922300000.0,2325800000.0,4131200000.0,4131200000.0,730400000.0,0.006,0.009,0.055,0.082,203000000.0,1111800000.0,1.0,223096632.0,222700000,224500000.0,18.551,5253200000.0,101800000.0,164600000.0,391100000.0,23.589,2211000000.0
3,ALXN,MRY,2017-12-31,2017-12-31,2017-12-31,2021-05-02,-34400000.0,13583300000.0,13537575000.0,2953900000.0,10629400000.0,0.262,39.719,-357300000.0,584400000.0,584400000.0,454200000.0,443300000.0,3.101,0.527,3231000000.0,167400000.0,3063600000.0,3231000000.0,0.0,496700000.0,0.0,0.0,0.0,646200000.0,1142900000.0,0.322,1142900000.0,646200000.0,547800000.0,1.98,1.97,1.98,8893100000.0,8892025000.0,8893100000.0,29430559326.0,46.0,25.751,758300000.0,3.387,1.0,3096900000.0,0.872,8991800000.0,98400000.0,6285600000.0,6174650000.0,460400000.0,889700000.0,889700000.0,0.0,4690200000.0,952500000.0,3737700000.0,26717559326.0,-381600000.0,0.0,-377700000.0,-175000000.0,0.0,-596600000.0,-918300000.0,-561100000.0,1115600000.0,17700000.0,443300000.0,443300000.0,443300000.0,0.0,0.0,0.125,2428500000.0,668400000.0,710200000.0,0.0,3.004,60.27,60.399,1325400000.0,0.0,119.59,7.524,7.54,726500000.0,2242100000.0,3551100000.0,3551100000.0,878400000.0,0.033,0.05,0.105,0.182,243100000.0,1094400000.0,1.0,223409644.0,223900000,225400000.0,15.86,4591500000.0,0.0,104500000.0,365000000.0,20.507,2001400000.0
4,ALXN,MRY,2016-12-31,2016-12-31,2016-12-31,2021-05-02,60500000.0,13253300000.0,13094638500.0,2578200000.0,10675100000.0,0.236,38.76,-332700000.0,966000000.0,966000000.0,258300000.0,399400000.0,3.133,0.524,3288500000.0,167000000.0,3121500000.0,3288500000.0,36600000.0,396400000.0,0.0,0.0,0.0,673100000.0,1069500000.0,0.347,1069500000.0,673100000.0,576200000.0,1.78,1.76,1.78,8693800000.0,8364879750.0,8693800000.0,30285859555.0,45.0,28.318,753600000.0,3.36,1.0,2825800000.0,0.916,9340500000.0,96900000.0,5412400000.0,5437130500.0,374700000.0,327400000.0,327400000.0,0.0,4559500000.0,822900000.0,3736600000.0,27436742555.0,-44100000.0,0.0,-393500000.0,-375000000.0,0.0,-836200000.0,-287600000.0,46200000.0,1086300000.0,-6600000.0,399400000.0,399400000.0,399400000.0,0.0,0.0,0.13,2122700000.0,703100000.0,64100000.0,0.0,3.156,68.695,68.736,1035600000.0,0.0,122.35,8.896,8.898,649600000.0,1817600000.0,3084100000.0,3084100000.0,757200000.0,0.031,0.048,0.124,0.218,192300000.0,953000000.0,1.0,224247998.0,224300000,226300000.0,13.75,3912800000.0,0.0,176800000.0,395500000.0,17.444,1755300000.0
5,ALXN,MRY,2015-12-31,2015-12-31,2015-12-31,2021-05-02,62000000.0,13097000000.0,10958164750.0,2416000000.0,10681000000.0,0.238,38.702,-286300000.0,1010000000.0,1010000000.0,233100000.0,144400000.0,3.408,0.586,3571000000.0,166000000.0,3405000000.0,3571000000.0,21000000.0,166600000.0,0.0,0.0,0.0,545900000.0,712500000.0,0.274,712500000.0,545900000.0,498100000.0,0.68,0.67,0.68,8259000000.0,7145410500.0,8259000000.0,45466933797.0,83.0,63.813,388900000.0,1.822,1.0,2370900000.0,0.91,9756000000.0,47800000.0,5193000000.0,4343339750.0,290000000.0,375000000.0,375000000.0,0.0,4838000000.0,709000000.0,4129000000.0,42980610797.0,66100000.0,-3939300000.0,-245700000.0,3353300000.0,0.0,2985100000.0,-3585200000.0,635000000.0,675200000.0,-9000000.0,144400000.0,144400000.0,144400000.0,0.0,0.0,0.055,1770000000.0,600900000.0,57000000.0,0.0,5.204,297.65,280.515,697000000.0,0.0,190.75,16.506,15.632,533000000.0,1181000000.0,2604000000.0,2604000000.0,709500000.0,0.013,0.02,0.126,0.21,316800000.0,862600000.0,1.0,225324303.0,213400000,215900000.0,12.202,3341000000.0,0.0,353700000.0,529000000.0,15.656,1707000000.0
6,ALXN,MRY,2014-12-31,2014-12-31,2014-12-31,2021-05-02,56785000.0,4201962000.0,3756581250.0,2796029000.0,1405933000.0,0.595,16.677,-137000000.0,943999000.0,943999000.0,174000000.0,657000000.0,4.608,0.273,164599000.0,48000000.0,116599000.0,164599000.0,58837000.0,47000000.0,0.0,0.0,0.0,875000000.0,922000000.0,0.413,922000000.0,875000000.0,872000000.0,3.32,3.26,3.32,3302018000.0,3001904250.0,3302018000.0,36093387221.0,41.0,39.147,503000000.0,2.54,1.0,2060000000.0,0.922,841119000.0,3000000.0,1974703000.0,1864172000.0,176441000.0,1017567000.0,1017567000.0,0.0,899944000.0,606740000.0,293204000.0,36689021221.0,414000000.0,0.0,-189000000.0,-55000000.0,0.0,7000000.0,-223000000.0,-85000000.0,640000000.0,-10000000.0,657000000.0,657000000.0,657000000.0,0.0,0.0,0.294,1171000000.0,889000000.0,44016000.0,0.0,11.111,55.843,55.732,392248000.0,0.0,185.03,16.423,16.399,432888000.0,1036010000.0,2234000000.0,2234000000.0,514000000.0,0.175,0.219,0.469,0.392,-137000000.0,630000000.0,1.0,198286879.0,198000000,202000000.0,11.283,3360843000.0,0.0,215000000.0,7046000.0,16.974,2189289000.0
7,ALXN,MRY,2013-12-31,2013-12-31,2013-12-31,2021-05-02,-22857000.0,3317696000.0,2967152500.0,2186857000.0,1130839000.0,0.523,12.183,-29329000.0,529857000.0,529857000.0,177556000.0,252895000.0,3.755,0.393,145230000.0,48000000.0,97230000.0,145230000.0,53801000.0,28693000.0,0.0,0.0,0.0,530381000.0,559074000.0,0.36,559074000.0,530381000.0,526269000.0,1.29,1.27,1.29,2382079000.0,2259609500.0,2382079000.0,25281988842.0,48.0,45.221,468020000.0,2.394,1.0,1373790000.0,0.886,863792000.0,4112000.0,1486848000.0,976819250.0,102602000.0,984994000.0,984994000.0,0.0,935617000.0,582429000.0,353188000.0,26055148842.0,-459644000.0,0.0,5145000.0,-36000000.0,0.0,71639000.0,-1027141000.0,-988497000.0,497349000.0,-1491000.0,252895000.0,252895000.0,252895000.0,0.0,0.0,0.163,841774000.0,532016000.0,21596000.0,0.0,10.938,103.028,103.011,201109000.0,0.0,132.884,16.795,16.749,421752000.0,379098000.0,1551346000.0,1551346000.0,317093000.0,0.085,0.112,0.543,0.342,-29511000.0,489720000.0,1.0,196074387.0,195532000,199712000.0,7.934,2453904000.0,44826000.0,273374000.0,101241000.0,12.55,1604428000.0
8,ALXN,MRY,2012-12-31,2012-12-31,2012-12-31,2021-05-02,6635000.0,2613560000.0,2398560500.0,1495600000.0,1117960000.0,0.473,10.348,-21846000.0,989501000.0,989501000.0,72837000.0,254822000.0,4.153,0.326,149000000.0,48000000.0,101000000.0,149000000.0,31266000.0,23887000.0,0.0,0.0,0.0,404968000.0,428855000.0,0.378,428855000.0,404968000.0,397566000.0,1.34,1.28,1.34,1970850000.0,1701564750.0,1970850000.0,17467802488.0,43.0,40.731,388767000.0,2.041,1.0,1061277000.0,0.936,900323000.0,7402000.0,512647000.0,575190000.0,94521000.0,0.0,0.0,0.0,642710000.0,360089000.0,282621000.0,18212328488.0,448636000.0,-605735000.0,517097000.0,142816000.0,0.0,666376000.0,-627585000.0,0.0,410613000.0,-768000.0,254822000.0,254822000.0,254822000.0,0.0,0.0,0.225,656939000.0,404338000.0,21488000.0,0.0,9.241,71.471,69.955,165629000.0,0.0,93.74,16.059,15.743,295598000.0,126203000.0,1134114000.0,1134114000.0,222732000.0,0.106,0.15,0.704,0.357,46785000.0,384678000.0,1.0,194285561.0,190461000,198501000.0,5.955,1713237000.0,40040000.0,142744000.0,19827000.0,8.995,1135511000.0
9,ALXN,MRY,2011-12-31,2011-12-31,2011-12-31,2021-05-02,4179000.0,1394751000.0,1258474250.0,941270000.0,453481000.0,0.623,6.192,-21982000.0,540865000.0,540865000.0,93140000.0,175315000.0,4.132,0.229,0.0,0.0,0.0,0.0,17905000.0,17616000.0,0.0,0.0,0.0,230456000.0,248072000.0,0.317,248072000.0,230456000.0,229668000.0,0.96,0.91,0.96,1134492000.0,1011271750.0,1134492000.0,12801580508.0,56.0,51.604,248102000.0,1.354,1.0,690291000.0,0.881,171243000.0,788000.0,454858000.0,487511250.0,81386000.0,0.0,0.0,0.0,260259000.0,227785000.0,32474000.0,13238018508.0,273720000.0,-105886000.0,35765000.0,0.0,0.0,39050000.0,-33717000.0,94458000.0,270084000.0,-1697000.0,175315000.0,175315000.0,175315000.0,0.0,0.0,0.224,459465000.0,230826000.0,16029000.0,0.0,11.669,75.51,74.479,165852000.0,0.0,71.5,16.897,16.722,244288000.0,-128619000.0,783431000.0,783431000.0,137421000.0,0.139,0.173,0.473,0.294,44763000.0,308176000.0,1.0,185147112.0,183220000,191806000.0,4.276,1223508000.0,123000000.0,54353000.0,3000.0,6.678,713485000.0
10,ALXN,MRY,2010-12-31,2010-12-31,2010-12-31,2021-05-02,-7140000.0,1012037000.0,919912750.0,646556000.0,365481000.0,0.588,4.815,-12843000.0,267145000.0,267145000.0,64437000.0,97030000.0,4.668,0.177,5177000.0,715000.0,4462000.0,5177000.0,2896000.0,15792000.0,0.0,0.0,0.0,149715000.0,165507000.0,0.306,165507000.0,149715000.0,149011000.0,0.54,0.52,0.54,859736000.0,801560250.0,859736000.0,7084032643.0,47.0,42.802,148063000.0,0.829,1.0,476520000.0,0.881,44100000.0,704000.0,567454000.0,554699000.0,62165000.0,94460000.0,94460000.0,0.0,152301000.0,138515000.0,13786000.0,7289025643.0,109973000.0,0.0,37546000.0,0.0,0.0,38867000.0,-89318000.0,-76473000.0,160906000.0,-482000.0,97030000.0,97030000.0,97030000.0,0.0,0.0,0.179,325882000.0,150638000.0,16026000.0,0.0,8.478,75.121,74.583,162240000.0,0.0,40.275,13.474,13.293,168732000.0,-303934000.0,540957000.0,540957000.0,98394000.0,0.105,0.121,0.27,0.277,32338000.0,226766000.0,1.0,180981394.0,178542000,186074000.0,3.03,967937000.0,174212000.0,51981000.0,0.0,5.421,508041000.0
11,ALXN,MRY,2009-12-31,2009-12-31,2009-12-31,2021-05-02,-1942000.0,786401000.0,586258500.0,373456000.0,412945000.0,0.66,4.034,-63015000.0,157172000.0,157172000.0,45059000.0,295166000.0,4.38,0.142,10843000.0,422000.0,10421000.0,10843000.0,1652000.0,12473000.0,0.0,0.0,0.0,83920000.0,96393000.0,0.249,96393000.0,83920000.0,83314000.0,1.73,1.63,1.73,688356000.0,444188000.0,688356000.0,4187831901.0,50.0,43.445,50826000.0,0.298,1.0,341741000.0,0.884,48543000.0,606000.0,506267000.0,349556750.0,40885000.0,19048000.0,19048000.0,0.0,98045000.0,85262000.0,12783000.0,4323792901.0,19160000.0,0.0,30733000.0,-44351000.0,0.0,-14270000.0,-81423000.0,-19026000.0,113841000.0,1012000.0,295166000.0,295166000.0,295166000.0,0.0,0.0,0.763,254682000.0,87059000.0,11530000.0,0.0,6.281,14.649,14.11,164691000.0,0.0,24.41,11.178,10.769,113731000.0,-400964000.0,386800000.0,386800000.0,81915000.0,0.503,0.665,0.24,0.217,28731000.0,172767000.0,1.0,177132032.0,170652000,181164000.0,2.267,737858000.0,211034000.0,-211852000.0,204000.0,4.324,288194000.0
12,ALXN,MRY,2008-12-31,2008-12-31,2008-12-31,2021-05-02,2947000.0,477551000.0,412769250.0,277101000.0,200450000.0,0.628,1.59,-48357000.0,139711000.0,139711000.0,28366000.0,33149000.0,3.282,0.933,144221000.0,2796000.0,141425000.0,144221000.0,1128000.0,7608000.0,0.0,0.0,0.0,37137000.0,44745000.0,0.173,44745000.0,37137000.0,34730000.0,0.215,0.195,0.215,247001000.0,163899500.0,247001000.0,2896999988.0,78.0,64.745,4842000.0,0.031,1.0,230733000.0,0.891,52279000.0,2407000.0,345364000.0,386301750.0,49821000.0,0.0,0.0,0.0,230550000.0,84418000.0,146132000.0,2820131988.0,42691000.0,0.0,28893000.0,-585000.0,0.0,28308000.0,-38650000.0,9368000.0,53199000.0,-166000.0,33149000.0,33149000.0,33149000.0,0.0,0.0,0.128,196124000.0,34609000.0,33655000.0,0.0,11.417,85.074,84.163,139885000.0,0.0,18.095,10.884,10.85,74476000.0,-696130000.0,259099000.0,259099000.0,62581000.0,0.08,0.202,0.096,0.143,23682000.0,133543000.0,1.0,155851450.0,155360000,179934000.0,1.668,425272000.0,4369000.0,1581000.0,1545000.0,2.737,192683000.0
13,ALXN,MRY,2007-12-31,2007-12-31,2007-12-31,2021-05-02,-1443000.0,334357000.0,315022250.0,204417000.0,129940000.0,0.229,0.699,-68825000.0,96279000.0,96279000.0,6696000.0,-92290000.0,5.421,2.292,194771000.0,272000.0,194499000.0,194771000.0,41000.0,4927000.0,0.0,0.0,0.0,-90546000.0,-85619000.0,-1.188,-85619000.0,-90546000.0,-93035000.0,-0.635,-0.635,-0.635,101556000.0,99857750.0,101556000.0,2910065570.0,-32.0,-33.989,-208439000.0,-1.435,1.0,65345000.0,0.907,20891000.0,2489000.0,374249000.0,330393000.0,32907000.0,10433000.0,10433000.0,0.0,232801000.0,37709000.0,195092000.0,2820553570.0,-71505000.0,0.0,47005000.0,17839000.0,0.0,64844000.0,3077000.0,39266000.0,-139614000.0,188000.0,-92290000.0,-92290000.0,-92290000.0,0.0,0.0,-1.281,165103000.0,-99758000.0,9072000.0,0.0,27.773,-30.562,-29.539,104280000.0,0.0,18.758,39.152,37.818,46278000.0,-729279000.0,72041000.0,72041000.0,68961000.0,-0.293,-0.924,-0.274,-1.257,22025000.0,96142000.0,1.0,150369376.0,145244000,145244000.0,0.496,313466000.0,0.0,-745000.0,0.0,2.158,166708000.0
14,ALXN,MRY,2006-12-31,2006-12-31,2006-12-31,2021-05-02,-177000.0,333537000.0,249260750.0,236776000.0,96761000.0,0.006,0.983,-31856000.0,200420000.0,200420000.0,0.0,-131514000.0,8.51,1.675,176350000.0,67000.0,176283000.0,176350000.0,5343000.0,3706000.0,0.0,0.0,0.0,-129050000.0,-125344000.0,-80.452,-125344000.0,-129050000.0,-131887000.0,-1.035,-1.035,-1.035,124677000.0,57706000.0,124677000.0,1389445032.0,-11.0,-11.085,-141770000.0,-1.118,1.0,1558000.0,1.0,19954000.0,2837000.0,261691000.0,284227500.0,2314000.0,49728000.0,49728000.0,0.0,208860000.0,27822000.0,181038000.0,1286489032.0,123197000.0,0.0,153827000.0,25776000.0,0.0,179324000.0,53907000.0,119357000.0,-109914000.0,-120000.0,-131514000.0,-131514000.0,-131514000.0,0.0,0.0,-84.412,138643000.0,-137085000.0,10939000.0,0.0,10.319,-9.782,-9.756,39135000.0,0.0,10.098,825.731,821.825,0.0,-637581000.0,1558000.0,1558000.0,83225000.0,-0.528,-2.279,-0.454,-82.831,20615000.0,55418000.0,1.0,127406688.0,126804000,126804000.0,0.012,313583000.0,0.0,-373000.0,0.0,2.473,208954000.0
15,ALXN,MRY,2005-12-31,2005-07-31,2005-07-31,2021-05-02,-566000.0,248122000.0,283848500.0,201162000.0,46960000.0,0.004,0.607,-2980000.0,46951000.0,46951000.0,0.0,-108750000.0,8.14,2.667,150224000.0,75000.0,150149000.0,150224000.0,6408000.0,3808000.0,0.0,0.0,0.0,-103390000.0,-99582000.0,-93.592,-99582000.0,-103390000.0,-109515000.0,-0.975,-0.975,-0.975,67671000.0,120096500.0,67671000.0,847180564.0,-8.0,-8.507,-99737000.0,-0.895,1.0,1064000.0,1.0,19954000.0,6125000.0,306727000.0,298685500.0,0.0,148453000.0,148453000.0,0.0,180451000.0,24714000.0,155737000.0,732110564.0,-66273000.0,0.0,3743000.0,29874000.0,0.0,28859000.0,1625000.0,4605000.0,-96757000.0,0.0,-108750000.0,-108750000.0,-108750000.0,0.0,0.0,-102.209,110339000.0,-109275000.0,7455000.0,0.0,10.819,-6.732,-6.677,11546000.0,0.0,6.51,688.074,681.641,0.0,-448111000.0,1064000.0,1064000.0,91388000.0,-0.383,-0.906,-0.346,-97.171,375000.0,18951000.0,1.0,112459380.0,111408000,111408000.0,0.01,228168000.0,0.0,-765000.0,0.0,2.048,176448000.0
16,ALXN,MRY,2004-12-31,2004-07-31,2004-07-31,2021-05-02,-347000.0,319575000.0,282820000.0,276333000.0,43242000.0,0.016,1.995,-3140000.0,113224000.0,113224000.0,0.0,-74095000.0,14.046,0.852,123920000.0,3920000.0,120000000.0,123920000.0,6765000.0,3713000.0,0.0,0.0,0.0,-67077000.0,-63364000.0,-13.748,-63364000.0,-67077000.0,-74786000.0,-0.858,-0.858,-0.858,172522000.0,138616750.0,172522000.0,399930356.0,-6.0,-6.312,-75013000.0,-0.867,1.0,4609000.0,1.0,19954000.0,7709000.0,290644000.0,317607750.0,0.0,153277000.0,153277000.0,0.0,147053000.0,19673000.0,127380000.0,350570356.0,88380000.0,0.0,127223000.0,-120000.0,0.0,127103000.0,33150000.0,36290000.0,-71873000.0,0.0,-74095000.0,-74095000.0,-74095000.0,0.0,0.0,-16.076,75059000.0,-70450000.0,3973000.0,0.0,2.032,-4.731,-4.639,11786000.0,0.0,3.98,76.062,74.685,0.0,-339361000.0,4609000.0,4609000.0,59840000.0,-0.262,-0.535,-0.211,-14.553,106000.0,14459000.0,1.0,88083004.0,86488000,86488000.0,0.053,299621000.0,0.0,-691000.0,0.0,3.464,256660000.0
17,ALXN,MRY,2003-12-31,2003-07-31,2003-07-31,2021-05-02,652000.0,267227000.0,296202500.0,220910000.0,46317000.0,0.003,1.651,-3107000.0,24844000.0,24844000.0,0.0,-84467000.0,13.589,1.222,123920000.0,0.0,123920000.0,123920000.0,7353000.0,3726000.0,0.0,0.0,0.0,-77785000.0,-74059000.0,-84.446,-74059000.0,-77785000.0,-85479000.0,-1.16,-1.16,-1.16,120286000.0,152262250.0,120286000.0,368876665.0,-5.0,-4.981,-92303000.0,-1.267,1.0,877000.0,1.0,19954000.0,7694000.0,330092000.0,347493500.0,0.0,190566000.0,190566000.0,0.0,146941000.0,16257000.0,130684000.0,306164665.0,-22730000.0,0.0,155000.0,0.0,0.0,155000.0,66311000.0,69418000.0,-89196000.0,0.0,-84467000.0,-84467000.0,-84467000.0,0.0,0.0,-96.314,84471000.0,-83594000.0,8710000.0,0.0,2.545,-3.625,-3.623,12276000.0,0.0,4.202,349.105,349.023,0.0,-265266000.0,877000.0,877000.0,71042000.0,-0.285,-0.555,-0.224,-88.694,146000.0,10869000.0,1.0,72852984.0,72836000,72836000.0,0.012,247273000.0,1012000.0,-1012000.0,0.0,3.395,204653000.0
18,ALXN,MRY,2002-12-31,2002-07-31,2002-07-31,2021-05-02,1678000.0,354069000.0,375438500.0,310784000.0,43285000.0,0.017,2.831,-4132000.0,47574000.0,47574000.0,0.0,-56542000.0,17.945,0.723,123920000.0,0.0,123920000.0,123920000.0,7898000.0,3562000.0,0.0,0.0,0.0,-49542000.0,-45980000.0,-7.035,-45980000.0,-49542000.0,-57242000.0,-0.78,-0.78,-0.78,205478000.0,232027750.0,205478000.0,284647756.0,-6.0,-6.191,-50353000.0,-0.694,1.0,6536000.0,1.0,19954000.0,7700000.0,393142000.0,352823500.0,0.0,261010000.0,261010000.0,0.0,148591000.0,17319000.0,131272000.0,282154756.0,-87614000.0,340000.0,326000.0,0.0,0.0,326000.0,-41719000.0,-37927000.0,-46221000.0,0.0,-56542000.0,-56542000.0,-56542000.0,0.0,0.0,-8.651,67998000.0,-61462000.0,9843000.0,0.0,1.373,-4.99,-4.971,14874000.0,0.0,3.877,43.169,43.061,0.0,-180799000.0,6536000.0,6536000.0,60005000.0,-0.151,-0.244,-0.14,-7.58,180000.0,7993000.0,1.0,72767184.0,72584000,72584000.0,0.09,334115000.0,0.0,-700000.0,0.0,4.603,293465000.0
19,ALXN,MRY,2001-12-31,2001-07-31,2001-07-31,2021-05-02,572000.0,400259000.0,357302500.0,362747000.0,37512000.0,0.033,3.597,-7086000.0,135188000.0,135188000.0,0.0,-57043000.0,45.4,0.537,123920000.0,0.0,123920000.0,123920000.0,9292000.0,5521000.0,0.0,0.0,0.0,-49245000.0,-43724000.0,-3.704,-43724000.0,-49245000.0,-57043000.0,-0.82,-0.82,-0.82,260408000.0,221974750.0,260408000.0,227423595.0,-5.0,-5.201,-30258000.0,-0.418,1.0,11805000.0,1.0,20270000.0,7798000.0,360731000.0,283845500.0,0.0,220086000.0,220086000.0,0.0,139851000.0,7990000.0,131861000.0,334986595.0,43330000.0,-464000.0,210902000.0,-369000.0,0.0,210875000.0,-144373000.0,-136823000.0,-23172000.0,0.0,-57043000.0,-57043000.0,-57043000.0,0.0,0.0,-4.832,69907000.0,-58102000.0,1722000.0,0.0,1.286,-5.873,-5.643,13731000.0,0.0,4.628,28.377,28.377,6980000.0,-124257000.0,11805000.0,11805000.0,38871000.0,-0.16,-0.257,-0.173,-4.172,408000.0,7135000.0,1.0,72390404.0,72390404,,0.163,379989000.0,0.0,0.0,0.0,5.249,354757000.0
20,ALXN,MRY,2000-12-31,2000-07-31,2000-07-31,2021-05-02,-20000.0,192702000.0,126720000.0,180080000.0,12622000.0,0.169,1.107,-2269000.0,91858000.0,91858000.0,0.0,-20227000.0,25.088,2.128,124289000.0,369000.0,123920000.0,124289000.0,750000.0,1769000.0,0.0,0.0,0.0,-17088000.0,-15319000.0,-0.714,-15319000.0,-17088000.0,-20227000.0,-0.362,-0.362,-0.362,61604000.0,56769250.0,61604000.0,929389745.0,-54.0,-60.669,-18027000.0,-0.324,1.0,21441000.0,1.0,0.0,3139000.0,217955000.0,103595250.0,0.0,82671000.0,82671000.0,0.0,131098000.0,7178000.0,123920000.0,973679745.0,67620000.0,0.0,48116000.0,115601000.0,0.0,164244000.0,-80866000.0,-78597000.0,-15758000.0,0.0,-20227000.0,-20227000.0,-20227000.0,0.0,0.0,-0.943,44362000.0,-22921000.0,2100000.0,0.0,15.805,-48.138,-44.544,8213000.0,0.0,16.125,45.412,41.857,5095000.0,-67214000.0,21441000.0,21441000.0,40187000.0,-0.16,-0.356,-0.165,-0.797,430000.0,4175000.0,1.0,60383240.0,55656000,55656000.0,0.385,192702000.0,0.0,0.0,0.0,3.462,172902000.0
21,ALXN,MRY,1999-12-31,1999-07-31,1999-07-31,2021-05-02,-4000.0,44374000.0,40735250.0,35662000.0,8712000.0,0.46,0.739,-1912000.0,24238000.0,24238000.0,0.0,-6395000.0,5.331,0.333,4751000.0,368000.0,4383000.0,4751000.0,450000.0,889000.0,0.0,0.0,0.0,-6207000.0,-5318000.0,-0.284,-5318000.0,-6207000.0,-6395000.0,-0.142,-0.142,-0.142,33301000.0,34325500.0,33301000.0,94008796.0,-15.0,-17.677,-9647000.0,-0.214,1.0,18754000.0,1.0,0.0,188000.0,18197000.0,13741000.0,0.0,4090000.0,4090000.0,0.0,11073000.0,6690000.0,4383000.0,117124796.0,-7271000.0,0.0,383000.0,-369000.0,0.0,481000.0,-17000.0,1895000.0,-7735000.0,0.0,-6395000.0,-6395000.0,-6395000.0,0.0,0.0,-0.341,26663000.0,-7909000.0,3544000.0,0.0,3.517,-18.315,-18.275,7413000.0,0.0,2.595,6.245,6.235,6862000.0,-46987000.0,18754000.0,18754000.0,23710000.0,-0.157,-0.186,-0.452,-0.331,132000.0,2953000.0,1.0,45134796.0,45060000,45060000.0,0.416,44374000.0,0.0,0.0,0.0,0.985,28972000.0
22,ALXN,MRY,1998-12-31,1998-07-31,1998-07-31,2021-05-02,0.0,42085000.0,33172500.0,37840000.0,4245000.0,0.152,0.974,-2057000.0,31509000.0,31509000.0,0.0,-7865000.0,18.342,0.074,1200000.0,368000.0,832000.0,1200000.0,67000.0,598000.0,0.0,0.0,0.0,-7823000.0,-7225000.0,-1.434,-7225000.0,-7823000.0,-7865000.0,-0.217,-0.217,-0.217,39190000.0,30518000.0,39190000.0,73830151.0,-9.0,-10.219,-10019000.0,-0.249,1.0,5037000.0,1.0,0.0,42000.0,9713000.0,7271500.0,0.0,5985000.0,5985000.0,0.0,2895000.0,2063000.0,832000.0,108041703.0,14766000.0,0.0,25211000.0,1062000.0,0.0,24765000.0,-2037000.0,20000.0,-7962000.0,0.0,-7865000.0,-8765000.0,-8765000.0,0.0,0.0,-1.74,14989000.0,-9952000.0,810000.0,0.0,2.757,-12.326,-11.089,2357000.0,900000.0,2.406,21.45,19.216,137000.0,-40592000.0,5037000.0,5037000.0,12323000.0,-0.264,-0.287,-1.076,-1.553,0.0,2666000.0,1.0,44900448.0,40224000,40224000.0,0.125,42085000.0,0.0,0.0,0.0,1.046,35777000.0
23,ALXN,MRY,1997-12-31,1997-07-31,1997-07-31,2021-05-02,0.0,24260000.0,,22981000.0,1279000.0,,0.733,-749000.0,16743000.0,16743000.0,0.0,-7252000.0,9.52,0.111,138000.0,138000.0,0.0,138000.0,346000.0,698000.0,0.0,0.0,0.0,-7252000.0,-6554000.0,-1.72,-6554000.0,-7252000.0,-7252000.0,-0.242,-0.242,-0.242,21846000.0,,21846000.0,,,,-6473000.0,-0.217,1.0,3811000.0,1.0,411000.0,0.0,4830000.0,,0.0,6006000.0,6006000.0,0.0,2414000.0,2414000.0,0.0,,7252000.0,0.0,10793000.0,-350000.0,0.0,10606000.0,2370000.0,3119000.0,-5724000.0,0.0,-7252000.0,-7252000.0,-7252000.0,0.0,0.0,-1.903,11906000.0,-8095000.0,728000.0,0.0,,,-10.847,786000.0,0.0,2.625,,20.529,0.0,-31827000.0,3811000.0,3811000.0,9079000.0,,,,-1.903,0.0,2827000.0,1.0,,29804000,29804000.0,0.128,23849000.0,0.0,0.0,0.0,0.8,20567000.0
24,ALXN,MRY,1996-12-31,1996-07-31,1996-07-31,2021-05-02,,,,,,,,-332000.0,,,0.0,-5435000.0,,,,,,,,811000.0,,0.0,0.0,-5435000.0,-4624000.0,-1.752,-4624000.0,-5435000.0,-5435000.0,-0.255,-0.255,-0.255,,,,,,,-5331000.0,-0.249,1.0,2640000.0,1.0,,0.0,,,,,,,,,,,4412000.0,0.0,18474000.0,-426000.0,0.0,18228000.0,-8817000.0,-8443000.0,-4999000.0,0.0,-5435000.0,-5435000.0,-5435000.0,0.0,0.0,-2.059,8472000.0,-5832000.0,,0.0,,,-5.882,,0.0,1.5,,12.16,,,2640000.0,2640000.0,6629000.0,,,,-2.059,123000.0,1843000.0,1.0,,21402392,21402392.0,0.123,,,0.0,,,
0,ALXN,MRQ,2021-03-31,2021-03-31,2021-03-31,2021-05-02,-85200000.0,18650200000.0,,6452600000.0,12197600000.0,,56.414,-20200000.0,3429600000.0,3429600000.0,125400000.0,489200000.0,4.524,0.501,2702800000.0,143200000.0,2559600000.0,2702800000.0,0.0,75600000.0,0.0,0.0,0.0,776500000.0,852100000.0,0.521,852100000.0,776500000.0,749400000.0,2.89,2.86,2.89,12416800000.0,,12416800000.0,33370724304.0,44.0,30.999,617400000.0,2.805,1.0,1511100000.0,0.923,8148400000.0,27100000.0,8348800000.0,,803900000.0,39700000.0,39700000.0,0.0,6219200000.0,1426200000.0,4793000000.0,33596124304.0,471900000.0,0.0,15200000.0,-32600000.0,0.0,-18700000.0,-133900000.0,-3700000.0,637600000.0,-13100000.0,636000000.0,636000000.0,636000000.0,0.0,-146800000.0,0.389,865700000.0,645400000.0,125300000.0,0.0,2.706,49.276,49.01,1461600000.0,0.0,152.91,5.365,5.375,1473000000.0,5879200000.0,1636500000.0,1636500000.0,289100000.0,,,,,76600000.0,342900000.0,1.0,219711754.0,220100000,222600000.0,7.435,10501800000.0,2140600000.0,113400000.0,1639100000.0,47.714,5026400000.0
1,ALXN,MRQ,2020-12-31,2020-12-31,2020-12-31,2021-05-02,-124600000.0,18103000000.0,,5833000000.0,12270000000.0,,53.153,-77500000.0,2964500000.0,2964500000.0,152200000.0,535800000.0,3.59,0.554,2739100000.0,142400000.0,2596700000.0,2739100000.0,0.0,75100000.0,0.0,0.0,0.0,618300000.0,693400000.0,0.436,693400000.0,618300000.0,590600000.0,2.43,2.42,2.43,11651200000.0,,11651200000.0,34692110296.0,51.0,34.585,763000000.0,3.481,1.0,1439600000.0,0.904,8102500000.0,27700000.0,8150400000.0,,775700000.0,34900000.0,34900000.0,0.0,6451800000.0,1624700000.0,4827100000.0,34192410296.0,706100000.0,0.0,-39900000.0,-32700000.0,0.0,-73800000.0,-80600000.0,-3100000.0,840500000.0,20000000.0,535800000.0,535800000.0,535800000.0,0.0,0.0,0.337,801300000.0,638300000.0,118600000.0,0.0,2.935,56.666,57.022,1461900000.0,0.0,156.24,5.633,5.665,1409300000.0,5243200000.0,1591800000.0,1591800000.0,295000000.0,,,,,85500000.0,444400000.0,1.0,218845432.0,219200000,222300000.0,7.262,10000500000.0,2199400000.0,54800000.0,1632200000.0,45.623,4208300000.0
2,ALXN,MRQ,2020-09-30,2020-09-30,2020-09-30,2021-05-02,-119200000.0,17548400000.0,,5067800000.0,12480600000.0,,50.547,-10800000.0,2268000000.0,2268000000.0,144700000.0,578100000.0,3.808,0.585,2767700000.0,138600000.0,2629100000.0,2767700000.0,0.0,75200000.0,0.0,0.0,0.0,694500000.0,769700000.0,0.484,769700000.0,694500000.0,666900000.0,2.64,2.62,2.64,11074900000.0,,11074900000.0,24862764445.0,37.0,24.28,812000000.0,3.706,1.0,1444000000.0,0.909,8157300000.0,27600000.0,8559800000.0,,729000000.0,28900000.0,28900000.0,0.0,6473500000.0,1331000000.0,5142500000.0,25079964445.0,-544400000.0,-1274200000.0,-64300000.0,-32600000.0,0.0,-107400000.0,-1267400000.0,17600000.0,822800000.0,7600000.0,578100000.0,578100000.0,578100000.0,0.0,0.0,0.364,750500000.0,693500000.0,89200000.0,0.0,2.265,26.218,26.488,1434600000.0,0.0,114.43,4.278,4.277,1437100000.0,4707400000.0,1588700000.0,1588700000.0,285900000.0,,,,,70600000.0,334200000.0,1.0,219172983.0,219100000,220600000.0,7.251,9391100000.0,2270500000.0,88800000.0,1818200000.0,42.862,3736800000.0
3,ALXN,MRQ,2020-06-30,2020-06-30,2020-06-30,2021-05-02,-110900000.0,16703200000.0,,5367900000.0,11335300000.0,,47.556,-6200000.0,2825000000.0,2825000000.0,144900000.0,-1068100000.0,4.792,0.592,2607800000.0,126800000.0,2481000000.0,2607800000.0,0.0,89800000.0,0.0,0.0,0.0,-1328500000.0,-1238700000.0,-0.857,-1238700000.0,-1328500000.0,-1352100000.0,-4.84,-4.84,-4.84,10490800000.0,,10490800000.0,25103470855.0,47.0,27.887,783800000.0,3.553,1.0,1299700000.0,0.9,7134900000.0,23600000.0,8231000000.0,,577700000.0,26800000.0,26800000.0,0.0,6212400000.0,1120100000.0,5092300000.0,24785670855.0,517100000.0,0.0,-243600000.0,-32700000.0,0.0,-292500000.0,14500000.0,20700000.0,790000000.0,5100000.0,-1068100000.0,-1068100000.0,-1068100000.0,0.0,0.0,-0.739,2654100000.0,-1354400000.0,861600000.0,0.0,2.363,29.294,29.772,1406300000.0,0.0,112.24,4.477,4.472,1372200000.0,4129300000.0,1444600000.0,1444600000.0,221100000.0,,,,,67400000.0,301400000.0,1.0,220827431.0,220600000,220600000.0,6.549,9568300000.0,2332400000.0,-284000000.0,1946800000.0,43.374,4247800000.0
4,ALXN,MRQ,2020-03-31,2020-03-31,2020-03-31,2021-05-02,-101500000.0,18148500000.0,,4870200000.0,13278300000.0,,53.014,-12200000.0,2315000000.0,2315000000.0,111700000.0,557600000.0,4.349,0.545,2632800000.0,126700000.0,2506100000.0,2632800000.0,0.0,89300000.0,0.0,0.0,0.0,689400000.0,778700000.0,0.539,778700000.0,689400000.0,663600000.0,2.52,2.5,2.52,11747800000.0,,11747800000.0,19859884297.0,8.0,7.213,537400000.0,2.425,1.0,1333100000.0,0.923,9259700000.0,25800000.0,8086700000.0,,586800000.0,47800000.0,47800000.0,0.0,6400700000.0,1119900000.0,5280800000.0,19879584297.0,-367800000.0,-837700000.0,-104300000.0,-32600000.0,0.0,-138200000.0,-766000000.0,83900000.0,549600000.0,-13200000.0,557600000.0,557600000.0,557600000.0,0.0,0.0,0.386,631800000.0,701300000.0,862800000.0,0.0,1.692,8.374,8.423,1363100000.0,0.0,89.79,3.754,3.757,1345200000.0,5197400000.0,1444800000.0,1444800000.0,200900000.0,,,,,57600000.0,319900000.0,1.0,221400872.0,221600000,222600000.0,6.52,8888800000.0,2223500000.0,106000000.0,2113300000.0,40.112,3750300000.0
5,ALXN,MRQ,2019-12-31,2019-12-31,2019-12-31,2021-05-02,-66800000.0,17544600000.0,,5076400000.0,12468200000.0,,50.911,-30000000.0,2685500000.0,2685500000.0,114300000.0,889000000.0,4.251,0.557,2665800000.0,126700000.0,2539100000.0,2665800000.0,0.0,90600000.0,0.0,0.0,0.0,623700000.0,714300000.0,0.516,714300000.0,623700000.0,602000000.0,4.0,3.98,4.0,11271800000.0,,11271800000.0,24461388232.0,11.0,9.289,487100000.0,2.2,1.0,1270000000.0,0.917,8381700000.0,21700000.0,7948900000.0,,627600000.0,64000000.0,64000000.0,0.0,6272800000.0,1194300000.0,5078500000.0,23932588232.0,520600000.0,0.0,-25800000.0,-32600000.0,0.0,-59700000.0,56300000.0,86400000.0,517100000.0,6900000.0,889000000.0,889000000.0,889000000.0,0.0,0.0,0.642,724600000.0,545400000.0,74000000.0,0.0,2.123,9.954,10.042,1367300000.0,0.0,108.15,4.795,4.836,1243200000.0,4639800000.0,1384300000.0,1384300000.0,269600000.0,,,,,60200000.0,381000000.0,1.0,221290691.0,221400000,223000000.0,6.252,9162900000.0,2290200000.0,-287000000.0,2081400000.0,41.386,3882100000.0
6,ALXN,MRQ,2019-09-30,2019-09-30,2019-09-30,2021-05-02,-48200000.0,14815000000.0,,4341200000.0,10473800000.0,,46.427,-41900000.0,2171300000.0,2171300000.0,95200000.0,467600000.0,3.978,0.429,2700100000.0,126600000.0,2573500000.0,2700100000.0,0.0,92500000.0,0.0,0.0,0.0,553400000.0,645900000.0,0.511,645900000.0,553400000.0,535500000.0,2.09,2.08,2.09,10367200000.0,,10367200000.0,22706980431.0,14.0,11.302,557600000.0,2.497,1.0,1167900000.0,0.925,8447500000.0,17900000.0,5805100000.0,,576700000.0,44400000.0,44400000.0,0.0,4447800000.0,1091200000.0,3356600000.0,21960780431.0,218300000.0,0.0,-331900000.0,-32700000.0,0.0,-365900000.0,-8500000.0,41600000.0,599500000.0,-6800000.0,467600000.0,467600000.0,467600000.0,0.0,0.0,0.37,608100000.0,559800000.0,868200000.0,0.0,2.118,14.936,14.907,1354900000.0,0.0,97.94,4.637,4.618,1116300000.0,3750800000.0,1263100000.0,1263100000.0,232900000.0,,,,,59200000.0,299300000.0,1.0,224226878.0,223300000,224500000.0,5.657,6367500000.0,0.0,67900000.0,314700000.0,28.515,3250000000.0
7,ALXN,MRQ,2019-06-30,2019-06-30,2019-06-30,2021-05-02,-57900000.0,14567700000.0,,4168500000.0,10399200000.0,,45.332,-46800000.0,1984200000.0,1984200000.0,99200000.0,459800000.0,4.041,0.433,2730400000.0,126600000.0,2603800000.0,2730400000.0,0.0,96500000.0,0.0,0.0,0.0,517800000.0,614300000.0,0.511,614300000.0,517800000.0,499500000.0,2.05,2.04,2.05,10163500000.0,,10163500000.0,30573090290.0,21.0,16.663,491600000.0,2.193,1.0,1104100000.0,0.918,8525000000.0,18300000.0,5757400000.0,,494600000.0,105400000.0,105400000.0,0.0,4404200000.0,1031500000.0,3372700000.0,29370590290.0,438400000.0,0.0,-27300000.0,-32700000.0,0.0,-61100000.0,-41000000.0,5800000.0,538400000.0,2100000.0,459800000.0,459800000.0,459800000.0,0.0,0.0,0.382,565400000.0,538700000.0,728700000.0,0.0,2.89,22.024,21.977,1333000000.0,0.0,130.98,6.528,6.527,1123600000.0,3283200000.0,1203300000.0,1203300000.0,187600000.0,,,,,60900000.0,299300000.0,1.0,224237214.0,224200000,225600000.0,5.367,6042700000.0,0.0,39700000.0,341200000.0,26.952,3137000000.0
8,ALXN,MRQ,2019-03-31,2019-03-31,2019-03-31,2021-05-02,-20500000.0,13999600000.0,,3650600000.0,10349000000.0,,43.372,-36000000.0,1544800000.0,1544800000.0,85800000.0,587900000.0,3.868,0.442,2747300000.0,126500000.0,2620800000.0,2747300000.0,0.0,97200000.0,0.0,0.0,0.0,561700000.0,658900000.0,0.578,658900000.0,561700000.0,541800000.0,2.63,2.61,2.63,9706600000.0,,9706600000.0,32049590924.0,61.0,34.559,393900000.0,1.76,1.0,1054600000.0,0.925,8598200000.0,19900000.0,5660100000.0,,482200000.0,110300000.0,110300000.0,0.0,4293000000.0,943800000.0,3349200000.0,30208590924.0,179000000.0,0.0,-1100000.0,-250000000.0,0.0,-252400000.0,2900000.0,46700000.0,429900000.0,-1400000.0,587900000.0,587900000.0,587900000.0,0.0,0.0,0.516,566500000.0,488100000.0,669800000.0,0.0,3.112,72.547,72.677,1288500000.0,0.0,135.18,6.959,6.97,1016300000.0,2823400000.0,1140400000.0,1140400000.0,195900000.0,,,,,56700000.0,281500000.0,1.0,223469381.0,223800000,225500000.0,5.096,5401400000.0,0.0,-46100000.0,306100000.0,24.135,2706800000.0
9,ALXN,MRQ,2018-12-31,2018-12-31,2018-12-31,2021-05-02,-9700000.0,13931900000.0,,3385000000.0,10546900000.0,,41.045,-42400000.0,1365500000.0,1365500000.0,96800000.0,-45000000.0,2.883,0.52,3206500000.0,343800000.0,2862700000.0,3206500000.0,0.0,98400000.0,0.0,0.0,0.0,-8400000.0,90000000.0,0.08,90000000.0,-8400000.0,-32900000.0,-0.2,-0.2,-0.2,9165300000.0,,9165300000.0,23697488092.0,70.0,31.779,41000000.0,0.184,1.0,1032000000.0,0.914,8678700000.0,24500000.0,5920200000.0,,472500000.0,198300000.0,198300000.0,0.0,4766600000.0,1174000000.0,3592600000.0,21720688092.0,138100000.0,0.0,5900000.0,7600000.0,0.0,3100000.0,52200000.0,95400000.0,83400000.0,-600000.0,-45000000.0,-45000000.0,-45000000.0,0.0,0.0,-0.04,982700000.0,49300000.0,698200000.0,0.0,2.37,279.906,278.171,1471500000.0,0.0,97.36,5.258,5.248,922300000.0,2325800000.0,1128800000.0,1128800000.0,205600000.0,,,,,52100000.0,318700000.0,1.0,223096632.0,223300000,225400000.0,5.055,5253200000.0,101800000.0,12100000.0,391100000.0,23.525,2211000000.0
10,ALXN,MRQ,2018-09-30,2018-09-30,2018-09-30,2021-05-02,6900000.0,13843600000.0,,3248400000.0,10595200000.0,,41.138,-41200000.0,1228900000.0,1228900000.0,90600000.0,330900000.0,3.162,0.51,3205700000.0,311200000.0,2894500000.0,3205700000.0,0.0,104900000.0,0.0,0.0,0.0,366700000.0,471600000.0,0.459,471600000.0,366700000.0,342100000.0,1.48,1.47,1.48,9169700000.0,,9169700000.0,33456950163.0,72.0,35.026,345900000.0,1.552,1.0,935900000.0,0.912,8751000000.0,24600000.0,6042000000.0,,432700000.0,306200000.0,306200000.0,0.0,4673900000.0,1027400000.0,3646500000.0,30979650163.0,498300000.0,0.0,16800000.0,0.0,0.0,11000000.0,104700000.0,144900000.0,387100000.0,-4500000.0,330900000.0,330900000.0,330900000.0,0.0,0.0,0.322,523800000.0,412100000.0,52200000.0,0.0,3.378,203.012,201.464,1443400000.0,0.0,139.01,7.919,7.92,910200000.0,2370900000.0,1026500000.0,1026500000.0,174800000.0,,,,,45700000.0,258700000.0,1.0,222859148.0,222900000,224600000.0,4.605,5092600000.0,0.0,11200000.0,442800000.0,22.847,2221000000.0
11,ALXN,MRQ,2018-06-30,2018-06-30,2018-06-30,2021-05-02,-2900000.0,13490400000.0,,2836100000.0,10654300000.0,,39.386,-62800000.0,727500000.0,727500000.0,95300000.0,-457400000.0,2.716,0.539,3204800000.0,278500000.0,2926300000.0,3204800000.0,0.0,100500000.0,0.0,0.0,0.0,-393600000.0,-293100000.0,-0.28,-293100000.0,-393600000.0,-418600000.0,-2.05,-2.05,-2.05,8767400000.0,,8767400000.0,30308157311.0,169.0,44.755,-406600000.0,-1.827,1.0,949700000.0,0.909,8831200000.0,25000000.0,6092100000.0,,463200000.0,449500000.0,449500000.0,0.0,4723000000.0,1044400000.0,3678600000.0,27623457311.0,219100000.0,0.0,15200000.0,-7600000.0,0.0,7000000.0,568300000.0,630600000.0,-343800000.0,-12400000.0,-457400000.0,-457400000.0,-457400000.0,0.0,0.0,-0.438,1345100000.0,-395400000.0,58800000.0,0.0,3.151,-275.408,-282.159,1422600000.0,0.0,124.15,7.377,7.38,853700000.0,2040000000.0,1045000000.0,1045000000.0,173400000.0,,,,,53900000.0,277300000.0,1.0,222500663.0,222600000,222600000.0,4.695,4659200000.0,0.0,38800000.0,464000000.0,20.931,1791700000.0
12,ALXN,MRQ,2018-03-31,2018-03-31,2018-03-31,2021-05-02,-45700000.0,13830200000.0,,3152000000.0,10678200000.0,,41.03,-66600000.0,511800000.0,511800000.0,91600000.0,249100000.0,3.346,0.518,3196500000.0,167500000.0,3029000000.0,3196500000.0,0.0,101500000.0,0.0,0.0,0.0,375700000.0,477200000.0,0.513,477200000.0,375700000.0,351600000.0,1.12,1.11,1.12,9112700000.0,,9112700000.0,27355212968.0,34.0,20.994,232700000.0,1.048,1.0,839300000.0,0.902,8911500000.0,24100000.0,6661400000.0,,456500000.0,1079100000.0,1079100000.0,0.0,4717500000.0,942000000.0,3775500000.0,24708612968.0,-72600000.0,0.0,-75600000.0,-43800000.0,0.0,-123500000.0,-254700000.0,-190200000.0,299300000.0,6300000.0,249100000.0,249100000.0,249100000.0,0.0,0.0,0.268,519200000.0,320100000.0,57100000.0,0.0,2.711,47.307,47.43,1379300000.0,0.0,111.46,6.84,6.853,776700000.0,2497400000.0,930900000.0,930900000.0,176600000.0,,,,,51300000.0,257100000.0,1.0,221681437.0,222100000,223700000.0,4.191,4918700000.0,0.0,102500000.0,442700000.0,22.146,2210000000.0
13,ALXN,MRQ,2017-12-31,2017-12-31,2017-12-31,2021-05-02,-34400000.0,13583300000.0,,2953900000.0,10629400000.0,,39.826,-88500000.0,584400000.0,584400000.0,144600000.0,30000000.0,3.101,0.527,3231000000.0,167400000.0,3063600000.0,3231000000.0,0.0,185100000.0,0.0,0.0,0.0,114400000.0,299500000.0,0.329,299500000.0,114400000.0,89300000.0,0.14,0.14,0.14,8893100000.0,,8893100000.0,29430559326.0,46.0,25.751,169600000.0,0.76,1.0,765100000.0,0.841,8991800000.0,25100000.0,6285600000.0,,460400000.0,889700000.0,889700000.0,0.0,4690200000.0,952500000.0,3737700000.0,26717559326.0,34300000.0,0.0,-155200000.0,-43700000.0,0.0,-225400000.0,400000.0,88900000.0,258100000.0,1200000.0,30000000.0,30000000.0,30000000.0,0.0,0.0,0.033,647300000.0,117800000.0,710200000.0,0.0,3.004,60.27,60.399,1325400000.0,0.0,119.59,7.524,7.54,726500000.0,2242100000.0,909700000.0,909700000.0,265000000.0,,,,,70800000.0,296400000.0,1.0,223409644.0,223300000,225100000.0,4.074,4591500000.0,0.0,59300000.0,365000000.0,20.562,2001400000.0
14,ALXN,MRQ,2017-09-30,2017-09-30,2017-09-30,2021-05-02,-37000000.0,13643000000.0,,2882000000.0,10761000000.0,,40.054,-93300000.0,550000000.0,550000000.0,157000000.0,78000000.0,2.965,0.525,3263000000.0,167000000.0,3096000000.0,3263000000.0,18000000.0,110400000.0,0.0,0.0,0.0,83200000.0,193600000.0,0.225,193600000.0,83200000.0,58200000.0,0.35,0.35,0.35,8944000000.0,,8944000000.0,34016658021.0,51.0,31.676,176200000.0,0.789,1.0,702100000.0,0.817,9069000000.0,25000000.0,6315000000.0,,441000000.0,979000000.0,979000000.0,0.0,4699000000.0,972000000.0,3727000000.0,31310658021.0,8300000.0,0.0,-44200000.0,-43800000.0,0.0,-95500000.0,-170200000.0,-76800000.0,269500000.0,4500000.0,78000000.0,78000000.0,78000000.0,0.0,0.0,0.091,618300000.0,83800000.0,35000000.0,0.0,3.501,61.793,62.075,1354000000.0,0.0,140.29,9.017,9.021,705000000.0,2212000000.0,859100000.0,859100000.0,195700000.0,,,,,57400000.0,270600000.0,1.0,223185245.0,223300000,225000000.0,3.847,4574000000.0,0.0,-19800000.0,353000000.0,20.484,1910000000.0
15,ALXN,MRQ,2017-06-30,2017-06-30,2017-06-30,2021-05-02,-14000000.0,13489000000.0,,2789000000.0,10700000000.0,,39.55,-101100000.0,542000000.0,542000000.0,83600000.0,165200000.0,3.258,0.52,3248000000.0,167000000.0,3081000000.0,3248000000.0,14000000.0,101600000.0,0.0,0.0,0.0,231100000.0,332700000.0,0.365,332700000.0,231100000.0,206300000.0,0.74,0.73,0.74,8875000000.0,,8875000000.0,29891794465.0,39.0,25.696,179000000.0,0.798,1.0,829100000.0,0.908,9149000000.0,24800000.0,6190000000.0,,410000000.0,902000000.0,902000000.0,0.0,4614000000.0,856000000.0,3758000000.0,27321794465.0,-171300000.0,0.0,-157500000.0,-43700000.0,0.0,-207000000.0,-253200000.0,-152300000.0,280100000.0,8800000.0,165200000.0,165200000.0,165200000.0,0.0,0.0,0.181,577800000.0,251300000.0,51000000.0,0.0,3.079,52.271,52.219,1233000000.0,0.0,121.67,8.007,8.001,710000000.0,2134000000.0,912700000.0,912700000.0,198200000.0,,,,,61200000.0,265600000.0,1.0,224556542.0,224400000,225500000.0,4.067,4340000000.0,0.0,41100000.0,387000000.0,19.34,1933000000.0
16,ALXN,MRQ,2017-03-31,2017-03-31,2017-03-31,2021-05-02,36000000.0,13435000000.0,,2733000000.0,10702000000.0,,39.43,-74400000.0,713000000.0,713000000.0,69000000.0,170100000.0,3.265,0.517,3283000000.0,167000000.0,3116000000.0,3283000000.0,16000000.0,99600000.0,0.0,0.0,0.0,217500000.0,317100000.0,0.365,317100000.0,217500000.0,194000000.0,0.76,0.75,0.76,8856000000.0,,8856000000.0,29554171050.0,41.0,26.327,233500000.0,1.04,1.0,800600000.0,0.921,9260000000.0,23500000.0,5908000000.0,,396000000.0,749000000.0,749000000.0,0.0,4579000000.0,837000000.0,3742000000.0,27232171050.0,-252900000.0,0.0,-20800000.0,-43800000.0,0.0,-68700000.0,-495300000.0,-420900000.0,307900000.0,3200000.0,170100000.0,170100000.0,170100000.0,0.0,0.0,0.196,585100000.0,215500000.0,61000000.0,0.0,3.075,57.031,56.92,1138000000.0,0.0,121.24,8.372,8.372,660000000.0,1969000000.0,869600000.0,869600000.0,219500000.0,,,,,53700000.0,261800000.0,1.0,224613750.0,224600000,226200000.0,3.872,4175000000.0,0.0,23900000.0,384000000.0,18.589,1896000000.0
17,ALXN,MRQ,2016-12-31,2016-12-31,2016-12-31,2021-05-02,60500000.0,13253300000.0,,2578200000.0,10675100000.0,,38.605,-106700000.0,966000000.0,966000000.0,68300000.0,93400000.0,3.133,0.524,3288500000.0,167000000.0,3121500000.0,3288500000.0,36600000.0,101400000.0,0.0,0.0,0.0,129100000.0,230500000.0,0.277,230500000.0,129100000.0,104200000.0,0.41,0.41,0.41,8693800000.0,,8693800000.0,30285859555.0,45.0,28.318,276600000.0,1.228,1.0,762800000.0,0.918,9340500000.0,24900000.0,5412400000.0,,374700000.0,327400000.0,327400000.0,0.0,4559500000.0,822900000.0,3736600000.0,27436742555.0,203900000.0,0.0,-21500000.0,-195000000.0,0.0,-284200000.0,114400000.0,223200000.0,383300000.0,-9600000.0,93400000.0,93400000.0,93400000.0,0.0,0.0,0.112,630700000.0,132100000.0,64100000.0,0.0,3.156,68.695,68.736,1035600000.0,0.0,122.35,8.896,8.898,649600000.0,1817600000.0,831100000.0,831100000.0,206200000.0,,,,,41300000.0,258000000.0,1.0,224247998.0,225200000,227200000.0,3.69,3912800000.0,0.0,10800000.0,395500000.0,17.375,1755300000.0
18,ALXN,MRQ,2016-09-30,2016-09-30,2016-09-30,2021-05-02,-16617000.0,13293462000.0,,2594534000.0,10698928000.0,,37.965,-95000000.0,761989000.0,761989000.0,71000000.0,94000000.0,2.508,0.563,3476768000.0,322942000.0,3153826000.0,3476768000.0,63402000.0,100000000.0,0.0,0.0,0.0,183000000.0,283000000.0,0.354,283000000.0,183000000.0,159000000.0,0.42,0.42,0.42,8504103000.0,,8504103000.0,30328466675.0,47.0,29.432,195000000.0,0.871,1.0,728000000.0,0.911,9505170000.0,24000000.0,5468730000.0,,363058000.0,550882000.0,550882000.0,0.0,4789359000.0,1034341000.0,3755018000.0,27479349675.0,164000000.0,0.0,-61000000.0,0.0,0.0,-61000000.0,-66000000.0,28000000.0,290000000.0,1000000.0,94000000.0,94000000.0,94000000.0,0.0,0.0,0.118,508000000.0,220000000.0,44849000.0,0.0,3.231,73.747,72.94,931060000.0,0.0,122.54,9.303,9.293,676837000.0,1724809000.0,799000000.0,799000000.0,195000000.0,,,,,46000000.0,230000000.0,1.0,224247998.0,224000000,226000000.0,3.567,3788292000.0,0.0,65000000.0,343794000.0,16.912,1560193000.0
19,ALXN,MRQ,2016-06-30,2016-06-30,2016-06-30,2021-05-02,694000.0,13029347000.0,,2361209000.0,10668138000.0,,36.604,-67000000.0,597550000.0,597550000.0,60000000.0,120000000.0,3.586,0.589,3446667000.0,79136000.0,3367531000.0,3446667000.0,53422000.0,98000000.0,0.0,0.0,0.0,194000000.0,292000000.0,0.388,292000000.0,194000000.0,170000000.0,0.54,0.53,0.54,8199339000.0,,8199339000.0,28867496349.0,47.0,30.18,172000000.0,0.768,1.0,693000000.0,0.92,9585206000.0,24000000.0,5634796000.0,,329847000.0,582501000.0,582501000.0,0.0,4830008000.0,658462000.0,4171546000.0,26156594349.0,-112000000.0,0.0,-18000000.0,-5000000.0,0.0,-19000000.0,-330000000.0,-263000000.0,239000000.0,-2000000.0,120000000.0,120000000.0,120000000.0,0.0,0.0,0.159,493000000.0,200000000.0,28978000.0,0.0,3.19,275.733,259.467,825301000.0,0.0,116.76,9.271,9.27,609297000.0,1387504000.0,753000000.0,753000000.0,180000000.0,,,,,48000000.0,232000000.0,1.0,224020164.0,224000000,226000000.0,3.362,3444141000.0,0.0,50000000.0,570074000.0,15.376,1702747000.0
20,ALXN,MRQ,2016-03-31,2016-03-31,2016-03-31,2021-05-02,3815000.0,12802445000.0,,2127509000.0,10674936000.0,,35.832,-64000000.0,710198000.0,710198000.0,59000000.0,92000000.0,3.525,0.588,3421100000.0,35358000.0,3385742000.0,3421100000.0,78416000.0,97000000.0,0.0,0.0,0.0,167000000.0,264000000.0,0.377,264000000.0,167000000.0,143000000.0,0.41,0.41,0.41,8062277000.0,,8062277000.0,33962505102.0,56.0,39.568,110000000.0,0.489,1.0,642000000.0,0.916,9677138000.0,24000000.0,5232596000.0,,293962000.0,317354000.0,317354000.0,0.0,4740168000.0,603613000.0,4136555000.0,31365059102.0,-300000000.0,0.0,-293000000.0,-175000000.0,0.0,-472000000.0,-6000000.0,58000000.0,174000000.0,4000000.0,92000000.0,92000000.0,92000000.0,0.0,0.0,0.131,491000000.0,151000000.0,42897000.0,0.0,3.89,216.196,185.627,749295000.0,0.0,139.22,11.597,11.582,586249000.0,1272561000.0,701000000.0,701000000.0,176000000.0,,,,,57000000.0,233000000.0,1.0,225291331.0,225000000,227000000.0,3.116,3125307000.0,0.0,51000000.0,535910000.0,13.89,1523896000.0
21,ALXN,MRQ,2015-12-31,2015-12-31,2015-12-31,2021-05-02,62000000.0,13097000000.0,,2416000000.0,10681000000.0,,36.628,-80076000.0,1010000000.0,1010000000.0,57637000.0,66619000.0,3.408,0.586,3571000000.0,166000000.0,3405000000.0,3571000000.0,21000000.0,93737000.0,0.0,0.0,0.0,97711000.0,191448000.0,0.273,191448000.0,97711000.0,74504000.0,0.31,0.3,0.31,8259000000.0,,8259000000.0,45466933797.0,83.0,63.813,110782000.0,0.491,1.0,643183000.0,0.918,9756000000.0,23207000.0,5193000000.0,,290000000.0,375000000.0,375000000.0,0.0,4838000000.0,709000000.0,4129000000.0,42980610797.0,-153182000.0,7000.0,-121141000.0,-43708000.0,0.0,-181287000.0,-161617000.0,-81469000.0,190858000.0,-1136000.0,66619000.0,66619000.0,66619000.0,0.0,0.0,0.095,527347000.0,115836000.0,57000000.0,0.0,5.204,297.65,280.515,697000000.0,0.0,190.75,16.506,15.632,533000000.0,1181000000.0,700820000.0,700820000.0,191063000.0,,,,,79656000.0,241581000.0,1.0,225324303.0,225481000,228176000.0,3.108,3341000000.0,0.0,7885000.0,529000000.0,14.817,1707000000.0
22,ALXN,MRQ,2015-09-30,2015-09-30,2015-09-30,2021-05-02,54428000.0,13153015000.0,,2480219000.0,10672796000.0,,36.48,-76053000.0,1163281000.0,1163281000.0,54057000.0,-183757000.0,3.234,0.594,3649604000.0,175000000.0,3474604000.0,3649604000.0,49944000.0,49722000.0,0.0,0.0,0.0,159330000.0,209052000.0,0.314,209052000.0,159330000.0,139359000.0,-0.81,-0.81,-0.81,8252869000.0,,8252869000.0,37632791143.0,58.0,50.483,147033000.0,0.65,1.0,612580000.0,0.919,9803420000.0,19971000.0,5069058000.0,,236542000.0,295211000.0,295211000.0,0.0,4900146000.0,766860000.0,4133286000.0,35325354143.0,-158842000.0,-39000.0,-72680000.0,0.0,0.0,-185028000.0,-195194000.0,-123171000.0,223086000.0,-1706000.0,-183757000.0,-183757000.0,-183757000.0,0.0,0.0,-0.276,428328000.0,184252000.0,46974000.0,0.0,4.28,152.791,122.992,618733000.0,0.0,156.2,14.114,14.118,512253000.0,1113791000.0,666637000.0,666637000.0,165664000.0,,,,,138110000.0,212520000.0,1.0,226154636.0,226228000,226228000.0,2.947,3349595000.0,0.0,323116000.0,549938000.0,14.806,1713359000.0
23,ALXN,MRQ,2015-06-30,2015-06-30,2015-06-30,2021-05-02,62516000.0,13167719000.0,,2533238000.0,10634481000.0,,42.292,-73096000.0,1322123000.0,1322123000.0,52007000.0,170215000.0,3.293,0.54,3629560000.0,131250000.0,3498310000.0,3629560000.0,88366000.0,12563000.0,0.0,0.0,0.0,181263000.0,193826000.0,0.305,193826000.0,181263000.0,177292000.0,0.84,0.83,0.84,8552871000.0,,8552871000.0,35321090532.0,48.0,45.132,165126000.0,0.817,1.0,584203000.0,0.918,9831662000.0,3971000.0,4874325000.0,,234347000.0,172229000.0,172229000.0,0.0,4614848000.0,769169000.0,3845679000.0,36077492532.0,405309000.0,-3939268000.0,-16735000.0,3409008000.0,0.0,3346341000.0,-3179966000.0,831939000.0,238222000.0,712000.0,170215000.0,170215000.0,170215000.0,0.0,0.0,0.268,399077000.0,185126000.0,47039000.0,0.0,4.218,60.871,60.661,555388000.0,0.0,180.77,15.086,15.287,535824000.0,1297548000.0,636210000.0,636210000.0,131693000.0,,,,,108758000.0,221383000.0,1.0,199576769.0,202234000,204546000.0,3.146,3336057000.0,0.0,7077000.0,42018000.0,16.496,1764069000.0
24,ALXN,MRQ,2015-03-31,2015-03-31,2015-03-31,2021-05-02,119489000.0,4414925000.0,,2852987000.0,1561938000.0,,17.641,-57075000.0,916814000.0,916814000.0,69399000.0,91323000.0,4.915,0.255,160412000.0,45500000.0,114912000.0,160412000.0,106616000.0,10578000.0,0.0,0.0,0.0,107596000.0,118174000.0,0.197,118174000.0,107596000.0,106945000.0,0.46,0.45,0.46,3516902000.0,,3516902000.0,34252936610.0,45.0,41.877,-34041000.0,-0.171,1.0,530934000.0,0.884,841108000.0,651000.0,2236976000.0,,174498000.0,1008278000.0,1008278000.0,0.0,898023000.0,580439000.0,317584000.0,35032336610.0,-27185000.0,0.0,-35144000.0,-12000000.0,0.0,5074000.0,-48423000.0,7701000.0,23034000.0,-6870000.0,91323000.0,91323000.0,91323000.0,0.0,0.0,0.152,415248000.0,115686000.0,52869000.0,0.0,9.961,59.481,58.154,440487000.0,0.0,173.3,15.448,15.235,479883000.0,1127333000.0,600333000.0,600333000.0,221080000.0,,,,,-9724000.0,187116000.0,1.0,202148509.0,199361000,202034000.0,3.011,3573817000.0,0.0,15622000.0,0.0,17.926,2272548000.0
25,ALXN,MRQ,2014-12-31,2014-12-31,2014-12-31,2021-05-02,56785000.0,4201962000.0,,2796029000.0,1405933000.0,,16.654,-53121000.0,943999000.0,943999000.0,49577000.0,153420000.0,4.608,0.273,164599000.0,48000000.0,116599000.0,164599000.0,58837000.0,18605000.0,0.0,0.0,0.0,205801000.0,224406000.0,0.374,224406000.0,205801000.0,205234000.0,0.78,0.76,0.78,3302018000.0,,3302018000.0,36093387221.0,41.0,39.147,230263000.0,1.161,1.0,550166000.0,0.917,841119000.0,567000.0,1974703000.0,,176441000.0,1017567000.0,1017567000.0,0.0,899944000.0,606740000.0,293204000.0,36689021221.0,191693000.0,0.0,16468000.0,-11500000.0,0.0,-30238000.0,-57310000.0,-3896000.0,283384000.0,-4143000.0,153420000.0,153420000.0,153420000.0,0.0,0.0,0.256,326177000.0,223989000.0,44016000.0,0.0,11.111,55.843,55.732,392248000.0,0.0,185.03,16.423,16.399,432888000.0,1036010000.0,599743000.0,599743000.0,129328000.0,,,,,68705000.0,183567000.0,1.0,198286879.0,198270000,203416000.0,3.025,3360843000.0,0.0,51814000.0,7046000.0,16.951,2189289000.0
26,ALXN,MRQ,2014-09-30,2014-09-30,2014-09-30,2021-05-02,48500000.0,3890887000.0,,2559878000.0,1331009000.0,,15.769,-22690000.0,752164000.0,752164000.0,51858000.0,177731000.0,5.094,0.246,156530000.0,48000000.0,108530000.0,156530000.0,98811000.0,9353000.0,0.0,0.0,0.0,236864000.0,246217000.0,0.444,246217000.0,236864000.0,236209000.0,0.9,0.88,0.9,3123039000.0,,3123039000.0,32330652803.0,40.0,38.269,258831000.0,1.307,1.0,503288000.0,0.907,851333000.0,655000.0,1941383000.0,,140044000.0,1029543000.0,1029543000.0,0.0,767848000.0,502537000.0,265311000.0,32801682803.0,140119000.0,0.0,-79134000.0,-12000000.0,0.0,-59394000.0,-75574000.0,-52151000.0,281521000.0,-6434000.0,177731000.0,177731000.0,177731000.0,0.0,0.0,0.32,266629000.0,236659000.0,23175000.0,0.0,10.503,67.69,67.959,328476000.0,0.0,165.82,15.799,15.818,436467000.0,882678000.0,555146000.0,555146000.0,100661000.0,,,,,-3412000.0,157665000.0,1.0,197814997.0,198052000,201313000.0,2.803,3039554000.0,104001000.0,58478000.0,4971000.0,15.347,2057341000.0
27,ALXN,MRQ,2014-06-30,2014-06-30,2014-06-30,2021-05-02,-32450000.0,3553810000.0,,2341306000.0,1212504000.0,,14.562,-43456000.0,612045000.0,612045000.0,39626000.0,166495000.0,5.605,0.233,141015000.0,48000000.0,93015000.0,141015000.0,72271000.0,9774000.0,0.0,0.0,0.0,219361000.0,229135000.0,0.447,229135000.0,219361000.0,218646000.0,0.84,0.83,0.84,2881582000.0,,2881582000.0,30509328250.0,43.0,41.162,62694000.0,0.317,1.0,472869000.0,0.923,853859000.0,715000.0,1811220000.0,,144859000.0,982317000.0,982317000.0,0.0,672228000.0,417701000.0,254527000.0,30905696250.0,83760000.0,0.0,-134681000.0,-12000000.0,0.0,-22580000.0,81000.0,43581000.0,106150000.0,109000.0,166495000.0,166495000.0,166495000.0,0.0,0.0,0.325,254020000.0,218849000.0,36066000.0,0.0,10.725,77.14,77.351,273326000.0,0.0,156.25,16.085,16.092,440699000.0,704947000.0,512495000.0,512495000.0,92554000.0,,,,,-95726000.0,159477000.0,1.0,197796456.0,197880000,201524000.0,2.59,2699951000.0,57698000.0,52151000.0,96000.0,13.644,1923605000.0
28,ALXN,MRQ,2014-03-31,2014-03-31,2014-03-31,2021-05-02,-26435000.0,3379666000.0,,2245880000.0,1133786000.0,,13.655,-17733000.0,528285000.0,528285000.0,32939000.0,159354000.0,5.66,0.251,131917000.0,48000000.0,83917000.0,131917000.0,58859000.0,9268000.0,0.0,0.0,0.0,212974000.0,222242000.0,0.392,222242000.0,212974000.0,211911000.0,0.81,0.79,0.81,2700978000.0,,2700978000.0,29711308101.0,48.0,45.213,-48788000.0,-0.247,1.0,533677000.0,0.942,857094000.0,1063000.0,1729382000.0,,126154000.0,1029193000.0,1029193000.0,0.0,678688000.0,396822000.0,281866000.0,30095935101.0,-1572000.0,0.0,8347000.0,-19500000.0,0.0,119212000.0,-90197000.0,-72534000.0,-31055000.0,468000.0,159354000.0,159354000.0,159354000.0,0.0,0.0,0.281,324174000.0,209503000.0,35339000.0,0.0,11.143,91.191,91.096,218086000.0,0.0,152.13,16.917,16.914,429021000.0,538452000.0,566616000.0,566616000.0,191457000.0,,,,,-106567000.0,129291000.0,1.0,197830376.0,197797000,201804000.0,2.865,2522572000.0,49237000.0,52557000.0,45986000.0,12.753,1849058000.0
29,ALXN,MRQ,2013-12-31,2013-12-31,2013-12-31,2021-05-02,-22857000.0,3317696000.0,,2186857000.0,1130839000.0,,11.996,-8701000.0,529857000.0,529857000.0,51552000.0,-18992000.0,3.755,0.393,145230000.0,48000000.0,97230000.0,145230000.0,53801000.0,8454000.0,0.0,0.0,0.0,138784000.0,147238000.0,0.333,147238000.0,138784000.0,137977000.0,-0.11,-0.1,-0.11,2382079000.0,,2382079000.0,25281988842.0,48.0,45.221,200180000.0,1.008,1.0,390357000.0,0.883,863792000.0,807000.0,1486848000.0,,102602000.0,984994000.0,984994000.0,0.0,935617000.0,582429000.0,353188000.0,26055148842.0,-380554000.0,0.0,26721000.0,-12000000.0,0.0,24516000.0,-613271000.0,-595460000.0,208881000.0,-680000.0,-18992000.0,-18992000.0,-18992000.0,0.0,0.0,-0.043,248279000.0,142078000.0,21596000.0,0.0,10.938,103.028,103.011,201109000.0,0.0,132.884,16.795,16.749,421752000.0,379098000.0,441909000.0,441909000.0,85785000.0,,,,,9912000.0,134819000.0,1.0,196074387.0,198568000,202883000.0,2.225,2453904000.0,44826000.0,156969000.0,101241000.0,12.358,1604428000.0
30,ALXN,MRQ,2013-09-30,2013-09-30,2013-09-30,2021-05-02,-12223000.0,3049795000.0,,1915502000.0,1134293000.0,,12.035,-6616000.0,910411000.0,910411000.0,51358000.0,93785000.0,4.844,0.295,137251000.0,48000000.0,89251000.0,137251000.0,54371000.0,7225000.0,0.0,0.0,0.0,135366000.0,142591000.0,0.356,142591000.0,135366000.0,134288000.0,0.48,0.47,0.48,2354766000.0,,2354766000.0,21923408906.0,44.0,41.635,137659000.0,0.704,1.0,349047000.0,0.872,900211000.0,1078000.0,980968000.0,,105196000.0,392344000.0,392344000.0,0.0,695029000.0,395456000.0,299573000.0,22716018906.0,-26053000.0,0.0,20983000.0,-12000000.0,0.0,44464000.0,-216331000.0,-209717000.0,144275000.0,1539000.0,93785000.0,93785000.0,93785000.0,0.0,0.0,0.234,213772000.0,135275000.0,24416000.0,0.0,9.647,64.377,64.177,178842000.0,0.0,116.16,15.886,15.894,404956000.0,398090000.0,400405000.0,400405000.0,88209000.0,,,,,-16918000.0,122886000.0,1.0,195558014.0,195662000,199711000.0,2.046,2149584000.0,33563000.0,40503000.0,13607000.0,10.986,1520046000.0
31,ALXN,MRQ,2013-06-30,2013-06-30,2013-06-30,2021-05-02,19526000.0,2815238000.0,,1678633000.0,1136605000.0,,11.327,-8519000.0,936464000.0,936464000.0,39377000.0,95885000.0,5.54,0.273,143854000.0,48000000.0,95854000.0,143854000.0,32875000.0,6748000.0,0.0,0.0,0.0,138319000.0,145067000.0,0.392,145067000.0,138319000.0,137263000.0,0.49,0.48,0.49,2211540000.0,,2211540000.0,17126365520.0,34.0,32.145,89177000.0,0.457,1.0,330714000.0,0.894,897325000.0,1056000.0,822325000.0,,112627000.0,182926000.0,182926000.0,0.0,603698000.0,302978000.0,300720000.0,18000325520.0,-86496000.0,0.0,-16979000.0,-12000000.0,0.0,6967000.0,-191970000.0,-183320000.0,97696000.0,811000.0,95885000.0,95885000.0,95885000.0,0.0,0.0,0.259,193023000.0,137691000.0,25587000.0,0.0,8.139,51.246,50.961,173721000.0,0.0,92.24,13.599,13.606,355284000.0,304305000.0,370091000.0,370091000.0,68563000.0,,,,,-18028000.0,123189000.0,1.0,195146634.0,195247000,199299000.0,1.896,1917913000.0,29626000.0,41378000.0,20755000.0,9.823,1375655000.0
32,ALXN,MRQ,2013-03-31,2013-03-31,2013-03-31,2021-05-02,30962000.0,2685881000.0,,1550041000.0,1135840000.0,,10.731,-5493000.0,1022960000.0,1022960000.0,35269000.0,82217000.0,5.241,0.285,149000000.0,48000000.0,101000000.0,149000000.0,29787000.0,6266000.0,0.0,0.0,0.0,117912000.0,124178000.0,0.366,124178000.0,117912000.0,116741000.0,0.42,0.41,0.42,2090053000.0,,2090053000.0,17146079203.0,38.0,35.941,41004000.0,0.211,1.0,303672000.0,0.896,899038000.0,1171000.0,617136000.0,,101856000.0,0.0,0.0,0.0,595828000.0,295747000.0,300081000.0,17986580203.0,33459000.0,0.0,-25580000.0,0.0,0.0,-4308000.0,-5569000.0,0.0,46497000.0,-3161000.0,82217000.0,82217000.0,82217000.0,0.0,0.0,0.243,186700000.0,116972000.0,25586000.0,0.0,8.606,61.677,61.02,164966000.0,0.0,92.14,14.643,14.61,323907000.0,208420000.0,338941000.0,338941000.0,74536000.0,,,,,-4477000.0,108826000.0,1.0,195209249.0,194771000,199057000.0,1.74,1786843000.0,31975000.0,34524000.0,21120000.0,9.174,1254294000.0
33,ALXN,MRQ,2012-12-31,2012-12-31,2012-12-31,2021-05-02,6635000.0,2613560000.0,,1495600000.0,1117960000.0,,10.149,-7589000.0,989501000.0,989501000.0,33147000.0,80971000.0,4.153,0.326,149000000.0,48000000.0,101000000.0,149000000.0,31266000.0,6274000.0,0.0,0.0,0.0,108451000.0,114725000.0,0.358,114725000.0,108451000.0,107269000.0,0.42,0.4,0.42,1970850000.0,,1970850000.0,17467802488.0,43.0,40.731,97368000.0,0.501,1.0,287379000.0,0.897,900323000.0,1182000.0,512647000.0,,94521000.0,0.0,0.0,0.0,642710000.0,360089000.0,282621000.0,18212328488.0,83975000.0,0.0,-25000.0,-12000000.0,0.0,-12506000.0,-7590000.0,0.0,104957000.0,-886000.0,80971000.0,80971000.0,80971000.0,0.0,0.0,0.253,179503000.0,107876000.0,21488000.0,0.0,9.241,71.471,69.955,165629000.0,0.0,93.74,16.059,15.743,295598000.0,126203000.0,320526000.0,320526000.0,63409000.0,,,,,6463000.0,112624000.0,1.0,194285561.0,194187000,201099000.0,1.651,1713237000.0,40040000.0,26298000.0,19827000.0,8.823,1135511000.0
34,ALXN,MRQ,2012-09-30,2012-09-30,2012-09-30,2021-05-02,2345000.0,2505608000.0,,1410391000.0,1095217000.0,,9.684,-6239000.0,905526000.0,905526000.0,-20191000.0,92179000.0,3.897,0.338,161000000.0,48000000.0,113000000.0,161000000.0,35070000.0,6194000.0,0.0,0.0,0.0,142620000.0,148814000.0,0.506,148814000.0,142620000.0,140765000.0,0.48,0.46,0.48,1872435000.0,,1872435000.0,21507792453.0,58.0,54.754,135085000.0,0.699,1.0,314327000.0,1.069,902145000.0,1855000.0,496995000.0,,90049000.0,0.0,0.0,0.0,633173000.0,361942000.0,271231000.0,22086002453.0,99316000.0,0.0,24632000.0,-67000000.0,0.0,-36688000.0,-6239000.0,0.0,141324000.0,919000.0,92179000.0,92179000.0,92179000.0,0.0,0.0,0.313,171608000.0,142719000.0,21962000.0,0.0,11.795,99.478,97.778,165047000.0,0.0,114.4,21.213,21.245,311369000.0,45230000.0,294136000.0,294136000.0,54280000.0,,,,,14016000.0,89957000.0,1.0,193059462.0,193353000,201142000.0,1.521,1603463000.0,33686000.0,48586000.0,0.0,8.293,1048449000.0
35,ALXN,MRQ,2012-06-30,2012-06-30,2012-06-30,2021-05-02,16542000.0,2457610000.0,,1276161000.0,1181449000.0,,9.279,-4252000.0,806210000.0,806210000.0,31613000.0,36258000.0,3.402,0.405,228000000.0,48000000.0,180000000.0,228000000.0,26812000.0,5544000.0,0.0,0.0,0.0,83801000.0,89345000.0,0.325,89345000.0,83801000.0,81722000.0,0.19,0.18,0.19,1749694000.0,,1749694000.0,18557166888.0,63.0,59.03,97275000.0,0.516,1.0,243106000.0,0.885,931201000.0,2079000.0,573037000.0,,94108000.0,0.0,0.0,0.0,707916000.0,375162000.0,332754000.0,18561554888.0,446822000.0,-306000.0,476668000.0,-127075000.0,0.0,350948000.0,-4559000.0,0.0,101527000.0,-1094000.0,36258000.0,36258000.0,36258000.0,0.0,0.0,0.132,159401000.0,83705000.0,23752000.0,0.0,10.608,94.987,94.571,164568000.0,0.0,99.3,19.517,19.689,282722000.0,-46948000.0,274719000.0,274719000.0,59635000.0,,,,,12988000.0,94855000.0,1.0,186924017.0,188575000,197051000.0,1.457,1526409000.0,85557000.0,45464000.0,842000.0,8.094,900999000.0
36,ALXN,MRQ,2012-03-31,2012-03-31,2012-03-31,2021-05-02,7556000.0,2017464000.0,,811934000.0,1205530000.0,,6.534,-3766000.0,359388000.0,359388000.0,28268000.0,45413000.0,2.296,0.663,355000000.0,108000000.0,247000000.0,355000000.0,17983000.0,5875000.0,0.0,0.0,0.0,70096000.0,75971000.0,0.31,75971000.0,70096000.0,67809000.0,0.24,0.23,0.24,1213280000.0,,1213280000.0,16732109960.0,64.0,60.036,59039000.0,0.318,1.0,216465000.0,0.884,941318000.0,2287000.0,718081000.0,,92906000.0,0.0,0.0,0.0,804184000.0,353677000.0,450507000.0,17271347960.0,-181477000.0,-605429000.0,15822000.0,348891000.0,0.0,364622000.0,-609197000.0,0.0,62805000.0,293000.0,45413000.0,45413000.0,45413000.0,0.0,0.0,0.186,146427000.0,70038000.0,16023000.0,0.0,14.235,89.074,88.438,165763000.0,0.0,92.86,20.035,20.002,267397000.0,-83206000.0,244733000.0,244733000.0,45408000.0,,,,,13318000.0,87242000.0,1.0,185993409.0,185682000,194560000.0,1.318,1076146000.0,99601000.0,22396000.0,56404000.0,5.796,458257000.0
37,ALXN,MRQ,2011-12-31,2011-12-31,2011-12-31,2021-05-02,4179000.0,1394751000.0,,941270000.0,453481000.0,,6.15,-6741000.0,540865000.0,540865000.0,28798000.0,48170000.0,4.132,0.229,0.0,0.0,0.0,0.0,17905000.0,4414000.0,0.0,0.0,0.0,74261000.0,78675000.0,0.346,78675000.0,74261000.0,74078000.0,0.26,0.25,0.26,1134492000.0,,1134492000.0,12801580508.0,56.0,51.604,84046000.0,0.456,1.0,198761000.0,0.873,171243000.0,183000.0,454858000.0,,81386000.0,0.0,0.0,0.0,260259000.0,227785000.0,32474000.0,13238018508.0,102711000.0,0.0,11234000.0,640000.0,0.0,12853000.0,661000.0,7358000.0,90787000.0,-1590000.0,48170000.0,48170000.0,48170000.0,0.0,0.0,0.212,123391000.0,75370000.0,16029000.0,0.0,11.669,75.51,74.479,165852000.0,0.0,71.5,16.897,16.722,244288000.0,-128619000.0,227559000.0,227559000.0,34398000.0,,,,,10337000.0,86567000.0,1.0,185147112.0,184465000,193423000.0,1.234,1223508000.0,123000000.0,25908000.0,3000.0,6.633,713485000.0
38,ALXN,MRQ,2011-09-30,2011-09-30,2011-09-30,2021-05-02,-3104000.0,1305042000.0,,817356000.0,487686000.0,,5.747,-5405000.0,438154000.0,438154000.0,23369000.0,65570000.0,3.869,0.236,1716000.0,1430000.0,286000.0,1716000.0,13636000.0,4496000.0,0.0,0.0,0.0,65881000.0,70377000.0,0.345,70377000.0,65881000.0,65677000.0,0.36,0.34,0.36,1055728000.0,,1055728000.0,11475189758.0,57.0,52.7,70847000.0,0.386,1.0,180678000.0,0.885,172844000.0,204000.0,484516000.0,,78302000.0,7034000.0,7034000.0,0.0,249314000.0,211244000.0,38070000.0,11820997758.0,90286000.0,0.0,7985000.0,-350000.0,0.0,8409000.0,7592000.0,13000000.0,76252000.0,-1967000.0,65570000.0,65570000.0,65570000.0,0.0,0.0,0.321,114479000.0,66199000.0,14372000.0,0.0,11.197,76.962,76.262,164153000.0,0.0,64.06,16.606,16.532,221293000.0,-176789000.0,204047000.0,204047000.0,36567000.0,,,,,11261000.0,77572000.0,1.0,184530093.0,183706000,192161000.0,1.111,1132198000.0,159454000.0,107000.0,10004000.0,6.163,606112000.0
39,ALXN,MRQ,2011-06-30,2011-06-30,2011-06-30,2021-05-02,-19627000.0,1179575000.0,,700395000.0,479180000.0,,5.211,-7614000.0,347868000.0,347868000.0,21745000.0,34745000.0,3.73,0.237,2060000.0,1682000.0,378000.0,2060000.0,13925000.0,4389000.0,0.0,0.0,0.0,49290000.0,53679000.0,0.289,53679000.0,49290000.0,49087000.0,0.19,0.18,0.19,953502000.0,,953502000.0,8421577570.0,47.0,43.372,71070000.0,0.388,1.0,163954000.0,0.883,174052000.0,203000.0,471935000.0,,75222000.0,20141000.0,20141000.0,0.0,226073000.0,187780000.0,38293000.0,8645775570.0,58438000.0,-481000.0,6861000.0,-60198000.0,0.0,-52104000.0,30995000.0,39100000.0,78684000.0,863000.0,34745000.0,34745000.0,34745000.0,0.0,0.0,0.187,114930000.0,49024000.0,13446000.0,0.0,9.067,74.598,73.484,163763000.0,0.0,47.03,13.314,13.251,212720000.0,-242359000.0,185699000.0,185699000.0,35646000.0,,,,,11834000.0,78180000.0,1.0,183835330.0,182962000,191187000.0,1.015,1005523000.0,156381000.0,14342000.0,9959000.0,5.496,512615000.0
40,ALXN,MRQ,2011-03-31,2011-03-31,2011-03-31,2021-05-02,-14275000.0,1154529000.0,,669246000.0,485283000.0,,4.96,-2222000.0,289430000.0,289430000.0,19228000.0,26830000.0,3.081,0.281,65232000.0,64770000.0,462000.0,65232000.0,11615000.0,4317000.0,0.0,0.0,0.0,41024000.0,45341000.0,0.273,45341000.0,41024000.0,40826000.0,0.15,0.14,0.15,901365000.0,,901365000.0,8748374812.0,55.0,49.504,22139000.0,0.122,1.0,146898000.0,0.884,174413000.0,198000.0,538736000.0,,74398000.0,59354000.0,59354000.0,0.0,253164000.0,217182000.0,35982000.0,9010342812.0,22285000.0,-105405000.0,9685000.0,59908000.0,0.0,69892000.0,-72965000.0,35000000.0,24361000.0,997000.0,26830000.0,26830000.0,26830000.0,0.0,0.0,0.162,106665000.0,40233000.0,9025000.0,0.0,9.996,87.542,86.561,160625000.0,0.0,49.34,15.285,15.21,200729000.0,-277104000.0,166126000.0,166126000.0,30810000.0,,,,,11331000.0,65858000.0,1.0,182617406.0,181724000,190366000.0,0.914,980116000.0,165314000.0,13996000.0,10259000.0,5.393,452064000.0
41,ALXN,MRQ,2010-12-31,2010-12-31,2010-12-31,2021-05-02,-7140000.0,1012037000.0,,646556000.0,365481000.0,,4.772,-3895000.0,267145000.0,267145000.0,20222000.0,26450000.0,4.668,0.177,5177000.0,715000.0,4462000.0,5177000.0,2896000.0,3928000.0,0.0,0.0,0.0,44421000.0,48349000.0,0.31,48349000.0,44421000.0,44247000.0,0.14,0.14,0.14,859736000.0,,859736000.0,7084032643.0,47.0,42.802,47114000.0,0.262,1.0,135753000.0,0.87,44100000.0,174000.0,567454000.0,,62165000.0,94460000.0,94460000.0,0.0,152301000.0,138515000.0,13786000.0,7289025643.0,57189000.0,0.0,14727000.0,379000.0,0.0,15850000.0,-9978000.0,-6083000.0,51009000.0,308000.0,26450000.0,26450000.0,26450000.0,0.0,0.0,0.17,90724000.0,45029000.0,16026000.0,0.0,8.478,75.121,74.583,162240000.0,0.0,40.275,13.474,13.293,168732000.0,-303934000.0,155975000.0,155975000.0,27177000.0,,,,,7605000.0,62825000.0,1.0,180981394.0,180150000,188816000.0,0.866,967937000.0,174212000.0,17797000.0,0.0,5.373,508041000.0
42,ALXN,MRQ,2010-09-30,2010-09-30,2010-09-30,2021-05-02,-4599000.0,942257000.0,,558237000.0,384020000.0,,4.536,-3425000.0,209956000.0,209956000.0,16495000.0,27873000.0,4.744,0.161,4963000.0,939000.0,4024000.0,4963000.0,4166000.0,4031000.0,0.0,0.0,0.0,42769000.0,46800000.0,0.331,46800000.0,42769000.0,42607000.0,0.16,0.15,0.16,811816000.0,,811816000.0,5593073863.0,44.0,39.011,39518000.0,0.221,1.0,125074000.0,0.883,45193000.0,162000.0,574408000.0,,60412000.0,88598000.0,88598000.0,0.0,130441000.0,117663000.0,12778000.0,5800833863.0,-2148000.0,0.0,9016000.0,-74000.0,0.0,8807000.0,-55420000.0,-51993000.0,42943000.0,1522000.0,27873000.0,27873000.0,27873000.0,0.0,0.0,0.197,82361000.0,42713000.0,13322000.0,0.0,7.146,18.852,18.028,162111000.0,0.0,32.18,11.704,11.621,154088000.0,-330384000.0,141569000.0,141569000.0,25153000.0,,,,,8379000.0,57208000.0,1.0,180262084.0,178980000,186042000.0,0.791,897064000.0,184160000.0,14734000.0,217000.0,5.012,440574000.0
43,ALXN,MRQ,2010-06-30,2010-06-30,2010-06-30,2021-05-02,21383000.0,889594000.0,,491785000.0,397809000.0,,4.451,-3206000.0,212104000.0,212104000.0,13721000.0,21773000.0,5.511,0.123,4344000.0,245000.0,4099000.0,4344000.0,2979000.0,3991000.0,0.0,0.0,0.0,32241000.0,36232000.0,0.288,36232000.0,32241000.0,32083000.0,0.12,0.12,0.12,792214000.0,,792214000.0,4409506919.0,39.0,34.637,42256000.0,0.237,1.0,112113000.0,0.891,46253000.0,158000.0,546352000.0,,57747000.0,36721000.0,36721000.0,0.0,97380000.0,89229000.0,8151000.0,4585884919.0,26042000.0,0.0,3209000.0,-134000.0,0.0,3474000.0,-21644000.0,-18438000.0,45462000.0,-1250000.0,21773000.0,21773000.0,21773000.0,0.0,0.0,0.173,79788000.0,32325000.0,10955000.0,0.0,5.789,14.959,14.379,161871000.0,0.0,25.595,10.042,9.976,127023000.0,-358257000.0,125834000.0,125834000.0,23690000.0,,,,,8250000.0,56098000.0,1.0,179171124.0,178004000,185150000.0,0.707,843341000.0,197911000.0,10310000.0,205000.0,4.738,402556000.0
44,ALXN,MRQ,2010-03-31,2010-03-31,2010-03-31,2021-05-02,10628000.0,835763000.0,,430081000.0,405682000.0,,4.194,-2317000.0,186062000.0,186062000.0,13999000.0,20934000.0,5.281,0.126,9684000.0,328000.0,9356000.0,9684000.0,3240000.0,3842000.0,0.0,0.0,0.0,30283000.0,34125000.0,0.29,34125000.0,30283000.0,30073000.0,0.12,0.115,0.12,742475000.0,,742475000.0,4698983329.0,48.0,41.949,19175000.0,0.108,1.0,103579000.0,0.881,47368000.0,210000.0,530582000.0,,55552000.0,18642000.0,18642000.0,0.0,93288000.0,81435000.0,11853000.0,4846400329.0,28890000.0,0.0,10594000.0,-171000.0,0.0,10736000.0,-2276000.0,41000.0,21492000.0,-1062000.0,20934000.0,20934000.0,20934000.0,0.0,0.0,0.178,73009000.0,30570000.0,9474000.0,0.0,6.527,16.069,15.446,162966000.0,0.0,27.185,11.454,11.373,126660000.0,-380031000.0,117578000.0,117578000.0,22374000.0,,,,,8104000.0,50635000.0,1.0,178274796.0,177012000,184180000.0,0.664,788395000.0,204640000.0,9139000.0,194000.0,4.454,348646000.0
45,ALXN,MRQ,2009-12-31,2009-12-31,2009-12-31,2021-05-02,-1942000.0,786401000.0,,373456000.0,412945000.0,,3.915,-9170000.0,157172000.0,157172000.0,12892000.0,237127000.0,4.38,0.142,10843000.0,422000.0,10421000.0,10843000.0,1652000.0,3538000.0,0.0,0.0,0.0,22678000.0,26216000.0,0.237,26216000.0,22678000.0,22594000.0,1.385,1.305,1.385,688356000.0,,688356000.0,4187831901.0,50.0,43.445,23273000.0,0.132,1.0,97757000.0,0.883,48543000.0,84000.0,506267000.0,,40885000.0,19048000.0,19048000.0,0.0,98045000.0,85262000.0,12783000.0,4323792901.0,-8123000.0,0.0,8200000.0,-20130000.0,0.0,-12582000.0,-27710000.0,-19026000.0,32443000.0,-274000.0,237127000.0,237127000.0,237127000.0,0.0,0.0,2.143,75102000.0,22655000.0,11530000.0,0.0,6.281,14.649,14.11,164691000.0,0.0,24.41,11.178,10.769,113731000.0,-400964000.0,110649000.0,110649000.0,23215000.0,,,,,6878000.0,51887000.0,1.0,177132032.0,175824000,183180000.0,0.629,737858000.0,211034000.0,-214533000.0,204000.0,4.197,288194000.0
46,ALXN,MRQ,2009-09-30,2009-09-30,2009-09-30,2021-05-02,-10637000.0,552006000.0,,332144000.0,219862000.0,,2.443,-7780000.0,166869000.0,166869000.0,11895000.0,26731000.0,3.077,0.292,30908000.0,20494000.0,10414000.0,30908000.0,3283000.0,2971000.0,0.0,0.0,0.0,27762000.0,30733000.0,0.299,30733000.0,27762000.0,27682000.0,0.155,0.145,0.155,427238000.0,,427238000.0,3823933754.0,49.0,42.756,30975000.0,0.177,1.0,90733000.0,0.884,49201000.0,80000.0,258899000.0,,40999000.0,0.0,0.0,0.0,124768000.0,107945000.0,16823000.0,3917302754.0,19492000.0,0.0,11733000.0,-24076000.0,0.0,-12343000.0,-7514000.0,0.0,38755000.0,594000.0,26731000.0,26731000.0,26731000.0,0.0,0.0,0.26,62846000.0,27887000.0,15117000.0,0.0,9.169,53.387,50.614,162221000.0,0.0,22.27,11.08,11.017,109455000.0,-638092000.0,102628000.0,102628000.0,21323000.0,,,,,6979000.0,41523000.0,1.0,175900438.0,174894000,181892000.0,0.587,502805000.0,5994000.0,951000.0,1575000.0,2.875,224199000.0
47,ALXN,MRQ,2009-06-30,2009-06-30,2009-06-30,2021-05-02,-5408000.0,514985000.0,,300230000.0,214755000.0,,2.27,-27159000.0,147641000.0,147641000.0,10313000.0,16802000.0,2.676,0.333,54272000.0,44310000.0,9962000.0,54272000.0,2710000.0,2940000.0,0.0,0.0,0.0,18003000.0,20943000.0,0.227,20943000.0,18003000.0,17894000.0,0.1,0.095,0.1,386447000.0,,386447000.0,3377349450.0,47.0,41.49,-445000.0,-0.003,1.0,81943000.0,0.888,50202000.0,109000.0,259216000.0,,45495000.0,0.0,0.0,0.0,128538000.0,112198000.0,16340000.0,3374008450.0,6764000.0,0.0,6601000.0,-74000.0,0.0,6527000.0,-27226000.0,0.0,26714000.0,749000.0,16802000.0,16802000.0,16802000.0,0.0,0.0,0.182,60993000.0,20950000.0,9165000.0,0.0,8.731,50.865,49.53,155419000.0,0.0,20.555,10.305,10.688,94954000.0,-664823000.0,92256000.0,92256000.0,18288000.0,,,,,6948000.0,42705000.0,1.0,164145388.0,170256000,180318000.0,0.542,464783000.0,5957000.0,1092000.0,1544000.0,2.73,188032000.0
48,ALXN,MRQ,2009-03-31,2009-03-31,2009-03-31,2021-05-02,3436000.0,491642000.0,,286366000.0,205276000.0,,1.681,-18906000.0,140809000.0,140809000.0,9959000.0,14506000.0,4.086,0.79,144150000.0,2803000.0,141347000.0,144150000.0,1898000.0,3024000.0,0.0,0.0,0.0,15477000.0,18501000.0,0.228,18501000.0,15477000.0,15144000.0,0.09,0.08,0.09,274711000.0,,274711000.0,3081155337.0,55.0,46.903,-2977000.0,-0.018,1.0,71308000.0,0.877,51054000.0,333000.0,373845000.0,,49360000.0,0.0,0.0,0.0,216931000.0,70084000.0,146847000.0,3076645337.0,1027000.0,0.0,4199000.0,-71000.0,0.0,4128000.0,-18973000.0,0.0,15929000.0,-57000.0,14506000.0,14506000.0,14506000.0,0.0,0.0,0.178,55741000.0,15567000.0,20384000.0,0.0,11.2,59.275,57.061,144833000.0,0.0,18.83,10.439,10.439,79991000.0,-681625000.0,81267000.0,81267000.0,19089000.0,,,,,7926000.0,36652000.0,1.0,163390618.0,163396000,181290000.0,0.497,440588000.0,5116000.0,638000.0,1498000.0,2.696,216282000.0
49,ALXN,MRQ,2008-12-31,2008-12-31,2008-12-31,2021-05-02,2947000.0,477551000.0,,277101000.0,200450000.0,,1.482,-18177000.0,139711000.0,139711000.0,6812000.0,15336000.0,3.282,0.933,144221000.0,2796000.0,141425000.0,144221000.0,1128000.0,2079000.0,0.0,0.0,0.0,17180000.0,19259000.0,0.249,19259000.0,17180000.0,16748000.0,0.095,0.085,0.095,247001000.0,,247001000.0,2896999988.0,78.0,64.745,12673000.0,0.076,1.0,70587000.0,0.912,52279000.0,432000.0,345364000.0,,49821000.0,0.0,0.0,0.0,230550000.0,84418000.0,146132000.0,2820131988.0,13862000.0,0.0,875000.0,-71000.0,0.0,804000.0,-17609000.0,635000.0,30850000.0,-183000.0,15336000.0,15336000.0,15336000.0,0.0,0.0,0.198,54064000.0,16523000.0,33655000.0,0.0,11.417,85.074,84.163,139885000.0,0.0,18.095,10.884,10.85,74476000.0,-696130000.0,77399000.0,77399000.0,15275000.0,,,,,5801000.0,38789000.0,1.0,155851450.0,166676000,186954000.0,0.464,425272000.0,4369000.0,1412000.0,1545000.0,2.551,192683000.0
50,ALXN,MRQ,2008-09-30,2008-09-30,2008-09-30,2021-05-02,4967000.0,430343000.0,,270420000.0,159923000.0,,1.133,-10101000.0,124702000.0,124702000.0,8948000.0,19689000.0,4.405,1.477,201570000.0,7290000.0,194280000.0,201570000.0,2398000.0,1960000.0,0.0,0.0,0.0,20738000.0,22698000.0,0.297,22698000.0,20738000.0,20104000.0,0.13,0.115,0.13,173760000.0,,173760000.0,3157548569.0,407.0,210.293,9351000.0,0.061,1.0,67552000.0,0.883,29946000.0,634000.0,415878000.0,,49724000.0,1700000.0,1700000.0,0.0,256583000.0,61387000.0,195196000.0,3057494569.0,18049000.0,0.0,13920000.0,-5068000.0,0.0,8852000.0,-10173000.0,-4000.0,19452000.0,-82000.0,19689000.0,19689000.0,19689000.0,0.0,0.0,0.257,46938000.0,20614000.0,9890000.0,0.0,17.596,557.733,561.429,128450000.0,0.0,19.65,14.184,13.976,70715000.0,-711466000.0,76500000.0,76500000.0,14874000.0,,,,,5990000.0,32064000.0,1.0,155597688.0,153316000,179686000.0,0.499,400397000.0,0.0,415000.0,0.0,2.612,209033000.0
51,ALXN,MRQ,2008-06-30,2008-06-30,2008-06-30,2021-05-02,-1600000.0,379189000.0,,228130000.0,151059000.0,,0.838,-8640000.0,106585000.0,106585000.0,7142000.0,2374000.0,4.175,1.99,206639000.0,9784000.0,196855000.0,206639000.0,2044000.0,2280000.0,0.0,0.0,0.0,2954000.0,5234000.0,0.088,5234000.0,2954000.0,2218000.0,0.015,0.015,0.015,126798000.0,,126798000.0,2899782615.0,-89.0,-111.775,5510000.0,0.036,1.0,52417000.0,0.88,30194000.0,736000.0,394413000.0,,48048000.0,1696000.0,1696000.0,0.0,252391000.0,54636000.0,197755000.0,2785346615.0,1247000.0,0.0,9612000.0,-13382000.0,0.0,-3770000.0,-8711000.0,8737000.0,14150000.0,-422000.0,2374000.0,2374000.0,2374000.0,0.0,0.0,0.04,49732000.0,2685000.0,6989000.0,0.0,21.967,-81.224,-78.804,119387000.0,0.0,18.125,17.282,17.023,56138000.0,-731154000.0,59559000.0,59559000.0,16825000.0,,,,,6007000.0,32907000.0,1.0,153674296.0,151368000,157982000.0,0.393,348995000.0,0.0,-156000.0,0.0,2.306,173494000.0
52,ALXN,MRQ,2008-03-31,2008-03-31,2008-03-31,2021-05-02,-1711000.0,363994000.0,,218125000.0,145869000.0,,0.72,-11439000.0,105271000.0,105271000.0,5464000.0,-4249000.0,3.733,2.369,219707000.0,22780000.0,196927000.0,219707000.0,880000.0,1289000.0,0.0,0.0,0.0,-3743000.0,-2454000.0,-0.054,-2454000.0,-3743000.0,-4339000.0,-0.03,-0.03,-0.03,108039000.0,,108039000.0,2358217057.0,-38.0,-41.469,-22692000.0,-0.151,1.0,40177000.0,0.88,30443000.0,596000.0,389552000.0,,33085000.0,1693000.0,1693000.0,0.0,255955000.0,58435000.0,197520000.0,2259725057.0,9533000.0,0.0,4486000.0,17936000.0,0.0,22422000.0,-2157000.0,0.0,-11253000.0,521000.0,-4249000.0,-4249000.0,-4249000.0,0.0,0.0,-0.093,45390000.0,-5213000.0,6080000.0,0.0,20.916,-35.391,-34.317,111219000.0,0.0,14.825,20.291,19.976,53702000.0,-733528000.0,45641000.0,45641000.0,15609000.0,,,,,5884000.0,29781000.0,1.0,152426648.0,150056000,150056000.0,0.304,333551000.0,0.0,-90000.0,0.0,2.223,159690000.0
53,ALXN,MRQ,2007-12-31,2007-12-31,2007-12-31,2021-05-02,-1443000.0,334357000.0,,204417000.0,129940000.0,,0.683,-12823000.0,96279000.0,96279000.0,3391000.0,-12332000.0,5.421,2.292,194771000.0,272000.0,194499000.0,194771000.0,41000.0,1721000.0,0.0,0.0,0.0,-12184000.0,-10463000.0,-0.309,-10463000.0,-12184000.0,-12819000.0,-0.08,-0.08,-0.08,101556000.0,,101556000.0,2910065570.0,-32.0,-33.989,-34236000.0,-0.23,1.0,30466000.0,0.9,20891000.0,635000.0,374249000.0,,32907000.0,10433000.0,10433000.0,0.0,232801000.0,37709000.0,195092000.0,2820553570.0,3821000.0,0.0,15305000.0,-64000.0,0.0,15241000.0,9989000.0,9944000.0,-21413000.0,4000.0,-12332000.0,-12332000.0,-12332000.0,0.0,0.0,-0.364,44214000.0,-13748000.0,9072000.0,0.0,27.773,-30.562,-29.539,104280000.0,0.0,18.758,39.152,37.818,46278000.0,-729279000.0,33857000.0,33857000.0,15643000.0,,,,,5639000.0,28571000.0,1.0,150369376.0,148700000,148700000.0,0.228,313466000.0,0.0,-487000.0,0.0,2.108,166708000.0
54,ALXN,MRQ,2007-09-30,2007-09-30,2007-09-30,2021-05-02,-941000.0,321105000.0,,190702000.0,130403000.0,,0.632,-17297000.0,105325000.0,105325000.0,2154000.0,-20085000.0,5.729,2.467,194837000.0,267000.0,194570000.0,194837000.0,18000.0,1260000.0,0.0,0.0,0.0,-19520000.0,-18260000.0,-0.826,-18260000.0,-19520000.0,-20163000.0,-0.135,-0.135,-0.135,92625000.0,,92625000.0,2474121839.0,-21.0,-21.956,-55416000.0,-0.378,1.0,19956000.0,0.903,19954000.0,643000.0,357377000.0,,32212000.0,20413000.0,20413000.0,0.0,228480000.0,33286000.0,195194000.0,2419511839.0,-21264000.0,0.0,10450000.0,17936000.0,0.0,28386000.0,-11859000.0,9739000.0,-38119000.0,328000.0,-20085000.0,-20085000.0,-20085000.0,0.0,0.0,-0.908,41850000.0,-21894000.0,10547000.0,0.0,26.122,-20.296,-19.23,92964000.0,0.0,16.288,63.056,62.252,31625000.0,-716947000.0,22110000.0,22110000.0,16906000.0,,,,,6066000.0,24944000.0,1.0,148550228.0,146656000,146656000.0,0.151,301151000.0,0.0,-78000.0,0.0,2.053,157416000.0
55,ALXN,MRQ,2007-06-30,2007-06-30,2007-06-30,2021-05-02,-827000.0,296890000.0,,186860000.0,110030000.0,,0.668,-22486000.0,122290000.0,122290000.0,1067000.0,-27184000.0,7.805,2.083,176900000.0,262000.0,176638000.0,176900000.0,0.0,1073000.0,0.0,0.0,0.0,-26763000.0,-25690000.0,-2.633,-25690000.0,-26763000.0,-27274000.0,-0.188,-0.188,-0.188,96311000.0,,96311000.0,1658051167.0,-13.0,-13.286,-63208000.0,-0.439,1.0,8689000.0,0.891,19954000.0,511000.0,307605000.0,,14944000.0,30130000.0,30130000.0,0.0,200579000.0,23941000.0,176638000.0,1640959167.0,-24228000.0,0.0,9838000.0,-15000.0,0.0,9823000.0,6763000.0,16526000.0,-40722000.0,-92000.0,-27184000.0,-27184000.0,-27184000.0,0.0,0.0,-2.786,37983000.0,-29294000.0,8041000.0,0.0,17.038,-12.527,-11.649,76749000.0,0.0,11.265,99.308,98.254,10265000.0,-696866000.0,9756000.0,9756000.0,15195000.0,,,,,5340000.0,22788000.0,1.0,145668812.0,144124000,144124000.0,0.068,276936000.0,0.0,-90000.0,0.0,1.922,162919000.0
56,ALXN,MRQ,2007-03-31,2007-03-31,2007-03-31,2021-05-02,-205000.0,307737000.0,,206975000.0,100762000.0,,0.77,-16219000.0,159240000.0,159240000.0,85000.0,-32693000.0,9.185,1.825,176332000.0,68000.0,176264000.0,176332000.0,0.0,873000.0,0.0,0.0,0.0,-32083000.0,-31210000.0,-4.941,-31210000.0,-32083000.0,-32783000.0,-0.23,-0.23,-0.23,108939000.0,,108939000.0,1521369543.0,-11.0,-11.631,-55579000.0,-0.393,1.0,6232000.0,0.987,19954000.0,700000.0,282341000.0,,3113000.0,46695000.0,46695000.0,0.0,198798000.0,22534000.0,176264000.0,1545439543.0,-29834000.0,0.0,11412000.0,-18000.0,0.0,11394000.0,-1816000.0,3057000.0,-39360000.0,-52000.0,-32693000.0,-32693000.0,-32693000.0,0.0,0.0,-5.175,41057000.0,-34825000.0,8761000.0,0.0,14.186,-11.282,-10.344,54592000.0,0.0,10.81,217.453,215.141,1173000.0,-669683000.0,6317000.0,6317000.0,21219000.0,,,,,4980000.0,19838000.0,1.0,142963880.0,141444000,141444000.0,0.045,287783000.0,0.0,-90000.0,0.0,2.035,184441000.0
57,ALXN,MRQ,2006-12-31,2006-12-31,2006-12-31,2021-05-02,-177000.0,333537000.0,,236776000.0,96761000.0,,0.935,-11618000.0,200420000.0,200420000.0,0.0,-39250000.0,8.51,1.675,176350000.0,67000.0,176283000.0,176350000.0,5343000.0,1055000.0,0.0,0.0,0.0,-38578000.0,-37523000.0,-199.59,-37523000.0,-38578000.0,-39353000.0,-0.295,-0.295,-0.295,124677000.0,,124677000.0,1389445032.0,-11.0,-11.085,-39596000.0,-0.297,1.0,188000.0,1.0,19954000.0,775000.0,261691000.0,,2314000.0,49728000.0,49728000.0,0.0,208860000.0,27822000.0,181038000.0,1286489032.0,126845000.0,0.0,146431000.0,-224000.0,0.0,145928000.0,8950000.0,20978000.0,-27978000.0,-55000.0,-39250000.0,-39250000.0,-39250000.0,0.0,0.0,-208.777,41074000.0,-40886000.0,10939000.0,0.0,10.319,-9.782,-9.756,39135000.0,0.0,10.098,825.731,821.825,0.0,-637581000.0,188000.0,188000.0,17344000.0,,,,,9213000.0,23730000.0,1.0,127406688.0,133368000,133368000.0,0.001,313583000.0,0.0,-103000.0,0.0,2.351,208954000.0
58,ALXN,MRQ,2006-09-30,2006-09-30,2006-09-30,2021-05-02,-145000.0,211001000.0,,147498000.0,63503000.0,,0.069,-17574000.0,73165000.0,73165000.0,0.0,-31872000.0,6.859,23.546,176121000.0,121000.0,176000000.0,176121000.0,5490000.0,899000.0,0.0,0.0,0.0,-31275000.0,-30376000.0,-115.498,-30376000.0,-31275000.0,-31962000.0,-0.255,-0.255,-0.255,8596000.0,,8596000.0,1170185419.0,-10.0,-10.812,-48754000.0,-0.39,1.0,263000.0,1.0,19954000.0,687000.0,272500000.0,,0.0,70683000.0,70683000.0,0.0,202405000.0,21503000.0,180902000.0,1073674419.0,-12661000.0,0.0,1344000.0,26000000.0,0.0,27344000.0,-8801000.0,40957000.0,-31180000.0,-24000.0,-31872000.0,-31872000.0,-31872000.0,0.0,0.0,-121.186,33326000.0,-33063000.0,3479000.0,0.0,124.904,-9.448,-9.387,28630000.0,0.0,8.495,650.712,643.849,0.0,-598331000.0,263000.0,263000.0,21205000.0,,,,,4561000.0,12121000.0,1.0,126388984.0,125056000,125056000.0,0.002,191047000.0,0.0,-90000.0,0.0,1.528,125995000.0
59,ALXN,MRQ,2006-06-30,2006-06-30,2006-06-30,2021-05-02,-370000.0,214581000.0,,168572000.0,46009000.0,,0.275,-2187000.0,53642000.0,53642000.0,0.0,-33165000.0,6.697,5.249,150153000.0,128000.0,150025000.0,150153000.0,5637000.0,871000.0,0.0,0.0,0.0,-32568000.0,-31697000.0,-93.501,-31697000.0,-32568000.0,-33255000.0,-0.265,-0.265,-0.265,34336000.0,,34336000.0,1277505013.0,-11.0,-11.309,-24848000.0,-0.199,1.0,339000.0,1.0,19954000.0,687000.0,265967000.0,,0.0,111391000.0,111391000.0,0.0,180245000.0,25171000.0,155074000.0,1139266013.0,40695000.0,0.0,647000.0,0.0,0.0,647000.0,62723000.0,65910000.0,-22661000.0,-14000.0,-33165000.0,-33165000.0,-33165000.0,0.0,0.0,-97.832,34883000.0,-34544000.0,508000.0,0.0,33.18,-9.626,-9.406,11819000.0,0.0,9.03,643.29,636.393,0.0,-566459000.0,339000.0,339000.0,23462000.0,,,,,3675000.0,11421000.0,1.0,126164564.0,124812000,124812000.0,0.003,194627000.0,0.0,-90000.0,0.0,1.559,143401000.0
60,ALXN,MRQ,2006-03-31,2006-03-31,2006-03-31,2021-05-02,-334000.0,237924000.0,,193199000.0,44725000.0,,0.51,-477000.0,11947000.0,11947000.0,0.0,-27227000.0,9.93,2.764,150186000.0,130000.0,150056000.0,150186000.0,5784000.0,881000.0,0.0,0.0,0.0,-26629000.0,-25748000.0,-33.526,-25748000.0,-26629000.0,-27317000.0,-0.22,-0.22,-0.22,63215000.0,,63215000.0,1216817380.0,-10.0,-10.719,-28572000.0,-0.23,1.0,768000.0,1.0,19954000.0,688000.0,336752000.0,,0.0,177324000.0,177324000.0,0.0,174709000.0,19457000.0,155252000.0,1110229380.0,-31682000.0,0.0,5405000.0,0.0,0.0,5405000.0,-8965000.0,-8488000.0,-28095000.0,-27000.0,-27227000.0,-27227000.0,-27227000.0,0.0,0.0,-35.452,29360000.0,-28592000.0,1319000.0,0.0,17.563,-9.229,-8.785,10365000.0,0.0,8.855,694.327,686.492,0.0,-533294000.0,768000.0,768000.0,21214000.0,,,,,3166000.0,8146000.0,1.0,125378812.0,123964000,123964000.0,0.006,217970000.0,0.0,-90000.0,0.0,1.758,173742000.0
61,ALXN,MRQ,2005-12-31,2005-12-31,2005-12-31,2021-05-02,-315000.0,262711000.0,,217551000.0,45160000.0,,0.671,-292000.0,43629000.0,43629000.0,0.0,-21382000.0,8.568,2.208,150217000.0,129000.0,150088000.0,150217000.0,6110000.0,606000.0,0.0,0.0,0.0,-21013000.0,-20407000.0,-72.882,-20407000.0,-21013000.0,-21469000.0,-0.165,-0.165,-0.165,81890000.0,,81890000.0,713266306.0,-6.0,-6.331,-21701000.0,-0.178,1.0,280000.0,1.0,19954000.0,456000.0,323955000.0,,0.0,168827000.0,168827000.0,0.0,180821000.0,25390000.0,155431000.0,626020306.0,-9008000.0,0.0,1312000.0,-57000.0,0.0,1199000.0,11210000.0,11502000.0,-21409000.0,-8000.0,-21382000.0,-21382000.0,-21382000.0,0.0,0.0,-76.364,22798000.0,-22518000.0,3865000.0,0.0,7.645,-5.232,-4.939,10631000.0,0.0,5.062,448.439,442.758,0.0,-506067000.0,280000.0,280000.0,16450000.0,,,,,2693000.0,6348000.0,1.0,123658332.0,122092000,122092000.0,0.002,242757000.0,0.0,-87000.0,0.0,1.988,192161000.0
62,ALXN,MRQ,2005-09-30,2005-09-30,2005-09-30,2021-05-02,,,,,,,,-152000.0,,,0.0,-36574000.0,,,,,,,,1087000.0,,0.0,0.0,-36201000.0,-35114000.0,-91.443,-35114000.0,-36201000.0,-36937000.0,-0.31,-0.31,-0.31,,,,892445464.0,,,-29051000.0,-0.246,1.0,384000.0,1.0,,736000.0,,,,,,,,,,777375464.0,5686000.0,0.0,66679000.0,0.0,0.0,66354000.0,-31769000.0,-31617000.0,-28899000.0,0.0,-36574000.0,-36574000.0,-36574000.0,0.0,0.0,-95.245,38203000.0,-37819000.0,,0.0,,,,,0.0,6.912,,,,,384000.0,384000.0,31788000.0,,,,,1621000.0,6415000.0,1.0,112459380.0,117876000,117876000.0,0.003,,,-363000.0,,,
63,ALXN,MRQ,2005-06-30,2005-07-31,2005-07-31,2021-05-02,-566000.0,248122000.0,,201162000.0,46960000.0,,0.604,-469000.0,46951000.0,46951000.0,0.0,-32642000.0,8.14,2.667,150224000.0,75000.0,150149000.0,150224000.0,6408000.0,1191000.0,0.0,0.0,0.0,-32309000.0,-31118000.0,-153.291,-31118000.0,-32309000.0,-33005000.0,-0.29,-0.29,-0.29,67671000.0,,67671000.0,847180564.0,-8.0,-8.507,-32786000.0,-0.292,1.0,203000.0,1.0,19954000.0,696000.0,306727000.0,,0.0,148453000.0,148453000.0,0.0,180451000.0,24714000.0,155737000.0,732110564.0,11810000.0,0.0,1698000.0,4632000.0,0.0,1572000.0,42555000.0,43024000.0,-32317000.0,0.0,-32642000.0,-32642000.0,-32642000.0,0.0,0.0,-160.798,33831000.0,-33628000.0,7455000.0,0.0,10.819,-6.732,-6.677,11546000.0,0.0,6.51,688.074,681.641,0.0,-448111000.0,203000.0,203000.0,27616000.0,,,,,170000.0,6215000.0,1.0,112459380.0,112116000,112116000.0,0.002,228168000.0,0.0,-363000.0,0.0,2.035,176448000.0
64,ALXN,MRQ,2005-03-31,2005-03-31,2005-03-31,2021-05-02,,,,,,,,-1150000.0,,,0.0,-26581000.0,,,,,,,,1087000.0,,0.0,0.0,-25979000.0,-24892000.0,-44.057,-24892000.0,-25979000.0,-26810000.0,-0.237,-0.237,-0.237,,,,698129795.0,,,-26701000.0,-0.239,1.0,565000.0,1.0,,831000.0,,,,,,,,,,605148795.0,22542000.0,0.0,470000.0,30000000.0,0.0,25712000.0,22381000.0,23531000.0,-25551000.0,0.0,-26581000.0,-26581000.0,-26581000.0,0.0,0.0,-47.046,25046000.0,-24481000.0,,0.0,,,,,0.0,5.416,,,,,565000.0,565000.0,20277000.0,,,,,0.0,4769000.0,1.0,111728372.0,111700000,111700000.0,0.005,,,-229000.0,,,
65,ALXN,MRQ,2004-12-31,2005-01-31,2005-01-31,2021-05-02,-569000.0,425412000.0,,375534000.0,49878000.0,,1.17,-588000.0,177019000.0,177019000.0,0.0,-24470000.0,2.719,2.265,270000000.0,120000000.0,150000000.0,270000000.0,6710000.0,833000.0,0.0,0.0,0.0,-22637000.0,-21804000.0,-38.728,-21804000.0,-22637000.0,-24558000.0,-0.22,-0.22,-0.22,130303000.0,,130303000.0,760789133.0,-11.0,-11.122,-21887000.0,-0.197,1.0,563000.0,1.0,19954000.0,1921000.0,360322000.0,,0.0,193974000.0,193974000.0,0.0,295109000.0,138117000.0,156992000.0,688273133.0,129535000.0,0.0,1083000.0,145283000.0,0.0,146366000.0,4468000.0,5056000.0,-21299000.0,0.0,-24470000.0,-24470000.0,-24470000.0,0.0,0.0,-43.464,24368000.0,-23805000.0,1385000.0,0.0,5.282,-8.713,-7.829,11003000.0,0.0,6.185,136.97,137.057,0.0,-383019000.0,563000.0,563000.0,20088000.0,,,,,8000.0,4280000.0,1.0,111281024.0,111352000,111352000.0,0.005,405458000.0,700000.0,-88000.0,0.0,3.641,237417000.0
66,ALXN,MRQ,2004-09-30,2004-10-31,2004-10-31,2021-05-02,-291000.0,297412000.0,,251807000.0,45605000.0,,1.394,-415000.0,47484000.0,47484000.0,0.0,-19188000.0,15.48,0.932,120000000.0,0.0,120000000.0,120000000.0,6618000.0,803000.0,0.0,0.0,0.0,-17342000.0,-16539000.0,-112.51,-16539000.0,-17342000.0,-19250000.0,-0.175,-0.175,-0.175,153960000.0,,153960000.0,503409834.0,-8.0,-8.066,-20328000.0,-0.184,1.0,147000.0,1.0,19954000.0,1908000.0,333707000.0,,0.0,199308000.0,199308000.0,0.0,143452000.0,16267000.0,127185000.0,492713834.0,-65740000.0,0.0,563000.0,0.0,0.0,563000.0,-46390000.0,-45975000.0,-19913000.0,0.0,-19188000.0,-19188000.0,-19188000.0,0.0,0.0,-130.531,22342000.0,-22195000.0,6113000.0,0.0,3.2,-6.743,-5.698,11092000.0,0.0,4.461,106.903,106.888,0.0,-358549000.0,147000.0,147000.0,18663000.0,,,,,7000.0,3679000.0,1.0,110443000.0,110428000,110428000.0,0.001,277458000.0,612000.0,-62000.0,0.0,2.513,235540000.0
67,ALXN,MRQ,2004-06-30,2004-07-31,2004-07-31,2021-05-02,-347000.0,319575000.0,,276333000.0,43242000.0,,1.901,-1844000.0,113224000.0,113224000.0,0.0,-20123000.0,14.046,0.852,123920000.0,3920000.0,120000000.0,123920000.0,6765000.0,1166000.0,0.0,0.0,0.0,-18567000.0,-17401000.0,-4.196,-17401000.0,-18567000.0,-20495000.0,-0.223,-0.223,-0.223,172522000.0,,172522000.0,399930356.0,-6.0,-6.312,-18343000.0,-0.202,1.0,4147000.0,1.0,19954000.0,1928000.0,290644000.0,,0.0,153277000.0,153277000.0,0.0,147053000.0,19673000.0,127380000.0,350570356.0,38664000.0,0.0,81037000.0,-120000.0,0.0,80917000.0,-25754000.0,-23910000.0,-16499000.0,0.0,-20123000.0,-20123000.0,-20123000.0,0.0,0.0,-4.852,23372000.0,-19225000.0,3973000.0,0.0,2.032,-4.731,-4.639,11786000.0,0.0,3.98,76.062,74.685,0.0,-339361000.0,4147000.0,4147000.0,17836000.0,,,,,-9000.0,4776000.0,1.0,88083004.0,90736000,90736000.0,0.046,299621000.0,0.0,-372000.0,0.0,3.302,256660000.0
68,ALXN,MRQ,2004-03-31,2004-04-30,2004-04-30,2021-05-02,-101000.0,253265000.0,,208802000.0,44463000.0,,1.273,-350000.0,74560000.0,74560000.0,0.0,-15213000.0,15.098,1.264,123920000.0,3920000.0,120000000.0,123920000.0,6912000.0,810000.0,0.0,0.0,0.0,-13473000.0,-12663000.0,-75.375,-12663000.0,-13473000.0,-15399000.0,-0.172,-0.172,-0.172,111862000.0,,111862000.0,607843358.0,-9.0,-9.28,-20064000.0,-0.228,1.0,168000.0,1.0,19954000.0,1926000.0,268841000.0,,0.0,129613000.0,129613000.0,0.0,141403000.0,13830000.0,127573000.0,494455358.0,64028000.0,0.0,1322000.0,0.0,0.0,1322000.0,82420000.0,82770000.0,-19714000.0,0.0,-15213000.0,-15213000.0,-15213000.0,0.0,0.0,-90.554,14361000.0,-14193000.0,4476000.0,0.0,4.42,-6.544,-6.021,10270000.0,0.0,5.63,786.098,786.553,0.0,-319238000.0,168000.0,168000.0,10792000.0,,,,,58000.0,3569000.0,1.0,87825108.0,87876000,87876000.0,0.002,233311000.0,1121000.0,-186000.0,0.0,2.655,194972000.0
69,ALXN,MRQ,2003-12-31,2004-01-31,2004-01-31,2021-05-02,207000.0,272119000.0,,227194000.0,44925000.0,,1.439,-145000.0,10532000.0,10532000.0,0.0,-18547000.0,12.381,1.16,123920000.0,3920000.0,120000000.0,123920000.0,7059000.0,877000.0,0.0,0.0,0.0,-16683000.0,-15806000.0,-107.524,-15806000.0,-16683000.0,-18609000.0,-0.212,-0.212,-0.212,126003000.0,,126003000.0,510583236.0,-7.0,-7.303,-14536000.0,-0.166,1.0,147000.0,1.0,19954000.0,1926000.0,347203000.0,,0.0,212691000.0,212691000.0,0.0,146116000.0,18350000.0,127766000.0,397583236.0,-388000.0,0.0,586000.0,0.0,0.0,586000.0,13417000.0,13562000.0,-14391000.0,0.0,-18547000.0,-18547000.0,-18547000.0,0.0,0.0,-126.17,17824000.0,-17677000.0,7985000.0,0.0,3.155,-4.962,-4.386,10577000.0,0.0,4.54,633.094,633.084,0.0,-304025000.0,147000.0,147000.0,14524000.0,,,,,23000.0,3300000.0,1.0,87573400.0,87572000,87572000.0,0.002,252165000.0,933000.0,-62000.0,0.0,2.88,208844000.0
70,ALXN,MRQ,2003-09-30,2003-10-31,2003-10-31,2021-05-02,346000.0,286321000.0,,240663000.0,45658000.0,,1.805,-801000.0,10920000.0,10920000.0,0.0,-20212000.0,15.403,0.987,123920000.0,3920000.0,120000000.0,123920000.0,7206000.0,860000.0,0.0,0.0,0.0,-18354000.0,-17494000.0,-119.007,-17494000.0,-18354000.0,-20283000.0,-0.253,-0.253,-0.253,144080000.0,,144080000.0,437395430.0,-6.0,-6.01,-22070000.0,-0.276,1.0,147000.0,1.0,19954000.0,1929000.0,363743000.0,,0.0,226392000.0,226392000.0,0.0,142241000.0,15624000.0,126617000.0,338319430.0,-13924000.0,0.0,44278000.0,0.0,0.0,44278000.0,-36933000.0,-36132000.0,-21269000.0,0.0,-20212000.0,-20212000.0,-20212000.0,0.0,0.0,-137.497,19502000.0,-19355000.0,5095000.0,0.0,2.348,-4.074,-4.158,12365000.0,0.0,4.645,482.624,528.987,0.0,-285478000.0,147000.0,147000.0,16688000.0,,,,,34000.0,2814000.0,1.0,72835184.0,79832000,79832000.0,0.002,266367000.0,871000.0,-71000.0,0.0,3.337,225039000.0
71,ALXN,MRQ,2003-06-30,2003-07-31,2003-07-31,2021-05-02,652000.0,267227000.0,,220910000.0,46317000.0,,1.651,-1121000.0,24844000.0,24844000.0,0.0,-21584000.0,13.589,1.222,123920000.0,0.0,123920000.0,123920000.0,7353000.0,949000.0,0.0,0.0,0.0,-20489000.0,-19540000.0,-117.006,-19540000.0,-20489000.0,-22400000.0,-0.297,-0.297,-0.297,120286000.0,,120286000.0,368876665.0,-5.0,-4.981,-14919000.0,-0.205,1.0,167000.0,1.0,19954000.0,1911000.0,330092000.0,,0.0,190566000.0,190566000.0,0.0,146941000.0,16257000.0,130684000.0,306164665.0,-36364000.0,0.0,67000.0,0.0,0.0,67000.0,-22633000.0,-21481000.0,-13798000.0,0.0,-21584000.0,-21584000.0,-21584000.0,0.0,0.0,-129.246,21730000.0,-21563000.0,8710000.0,0.0,2.545,-3.625,-3.623,12276000.0,0.0,4.202,349.105,349.023,0.0,-265266000.0,167000.0,167000.0,18588000.0,,,,,49000.0,3142000.0,1.0,72852984.0,72860000,72860000.0,0.002,247273000.0,1012000.0,-816000.0,0.0,3.394,204653000.0
72,ALXN,MRQ,2003-03-31,2003-04-30,2003-04-30,2021-05-02,1294000.0,282043000.0,,234734000.0,47309000.0,,1.955,-595000.0,61208000.0,61208000.0,0.0,-19778000.0,26.626,0.981,123920000.0,0.0,123920000.0,123920000.0,7500000.0,968000.0,0.0,0.0,0.0,-18044000.0,-17076000.0,-102.251,-17076000.0,-18044000.0,-19974000.0,-0.273,-0.273,-0.273,142396000.0,,142396000.0,311064667.0,-4.0,-4.276,-22079000.0,-0.303,1.0,167000.0,1.0,19954000.0,1930000.0,315985000.0,,0.0,169727000.0,169727000.0,0.0,139647000.0,8816000.0,130831000.0,239445667.0,8907000.0,0.0,38000.0,0.0,0.0,38000.0,30353000.0,30917000.0,-21484000.0,0.0,-19778000.0,-19778000.0,-19778000.0,0.0,0.0,-118.431,19402000.0,-19235000.0,2246000.0,0.0,1.682,-2.86,-2.851,11903000.0,0.0,3.288,163.221,163.232,0.0,-243682000.0,167000.0,167000.0,14110000.0,,,,,30000.0,2732000.0,1.0,72835184.0,72840000,72840000.0,0.002,262089000.0,0.0,-196000.0,0.0,3.598,225918000.0
73,ALXN,MRQ,2002-12-31,2003-01-31,2003-01-31,2021-05-02,1532000.0,305837000.0,,255544000.0,50293000.0,,2.229,-399000.0,52301000.0,52301000.0,0.0,-21465000.0,20.419,0.884,123920000.0,0.0,123920000.0,123920000.0,7647000.0,930000.0,0.0,0.0,0.0,-19598000.0,-18668000.0,-84.855,-18668000.0,-19598000.0,-21465000.0,-0.295,-0.295,-0.295,162344000.0,,162344000.0,332556571.0,-5.0,-4.753,-30010000.0,-0.412,1.0,220000.0,1.0,19954000.0,1867000.0,344987000.0,,0.0,200882000.0,200882000.0,0.0,143493000.0,12515000.0,130978000.0,228840571.0,32097000.0,0.0,41000.0,0.0,0.0,41000.0,61667000.0,62066000.0,-29611000.0,0.0,-21465000.0,-21465000.0,-21465000.0,483000.0,0.0,-97.568,20997000.0,-20777000.0,6289000.0,0.0,1.41,-2.824,-2.818,14736000.0,0.0,3.143,124.438,124.449,0.0,-223904000.0,220000.0,220000.0,18243000.0,,,,,51000.0,2754000.0,1.0,72821184.0,72828000,72828000.0,0.003,285883000.0,0.0,0.0,0.0,3.925,243029000.0
74,ALXN,MRQ,2002-09-30,2002-10-31,2002-10-31,2021-05-02,1838000.0,329703000.0,,286081000.0,43622000.0,,2.527,-992000.0,20204000.0,20204000.0,0.0,-21640000.0,19.655,0.792,123920000.0,0.0,123920000.0,123920000.0,7751000.0,879000.0,0.0,0.0,0.0,-19713000.0,-18834000.0,-58.31,-18834000.0,-19713000.0,-21640000.0,-0.297,-0.297,-0.297,184023000.0,,184023000.0,261852871.0,-4.0,-4.374,-25295000.0,-0.347,1.0,323000.0,1.0,19954000.0,1927000.0,398910000.0,,0.0,263254000.0,263254000.0,0.0,145680000.0,14555000.0,131125000.0,185506871.0,-27370000.0,0.0,9000.0,0.0,0.0,9000.0,-3076000.0,-2084000.0,-24303000.0,0.0,-21640000.0,-21640000.0,-21640000.0,0.0,0.0,-66.997,21918000.0,-21595000.0,8262000.0,0.0,1.008,-2.635,-2.626,15110000.0,0.0,2.547,37.109,37.107,0.0,-202439000.0,323000.0,323000.0,19677000.0,,,,,16000.0,2241000.0,1.0,72819184.0,72816000,72816000.0,0.004,309749000.0,0.0,0.0,0.0,4.254,271526000.0
75,ALXN,MRQ,2002-06-30,2002-07-31,2002-07-31,2021-05-02,1678000.0,354069000.0,,310784000.0,43285000.0,,2.823,-1773000.0,47574000.0,47574000.0,0.0,-20838000.0,17.945,0.723,123920000.0,0.0,123920000.0,123920000.0,7898000.0,739000.0,0.0,0.0,0.0,-18911000.0,-18172000.0,-24.005,-18172000.0,-18911000.0,-20838000.0,-0.288,-0.288,-0.288,205478000.0,,205478000.0,284647756.0,-6.0,-6.191,-18215000.0,-0.25,1.0,757000.0,1.0,19954000.0,1927000.0,393142000.0,,0.0,261010000.0,261010000.0,0.0,148591000.0,17319000.0,131272000.0,282154756.0,-73853000.0,340000.0,90000.0,0.0,0.0,90000.0,-57501000.0,-56068000.0,-16442000.0,0.0,-20838000.0,-20838000.0,-20838000.0,0.0,0.0,-27.527,21511000.0,-20754000.0,9843000.0,0.0,1.373,-4.99,-4.971,14874000.0,0.0,3.877,43.169,43.061,0.0,-180799000.0,757000.0,757000.0,19385000.0,,,,,5000.0,2126000.0,1.0,72767184.0,72788000,72788000.0,0.01,334115000.0,0.0,0.0,0.0,4.59,293465000.0
76,ALXN,MRQ,2002-03-31,2002-04-30,2002-04-30,2021-05-02,338000.0,370160000.0,,327139000.0,43021000.0,,3.096,-950000.0,121427000.0,121427000.0,0.0,-17105000.0,23.603,0.646,123920000.0,0.0,123920000.0,123920000.0,8088000.0,891000.0,0.0,0.0,0.0,-15178000.0,-14287000.0,-26.506,-14287000.0,-15178000.0,-17105000.0,-0.235,-0.235,-0.235,224881000.0,,224881000.0,290137686.0,-8.0,-9.117,-17398000.0,-0.24,1.0,539000.0,1.0,20165000.0,1927000.0,338628000.0,,0.0,203750000.0,203750000.0,0.0,145279000.0,13860000.0,131419000.0,335011686.0,-47367000.0,0.0,54000.0,0.0,0.0,54000.0,-30973000.0,-30023000.0,-16448000.0,0.0,-17105000.0,-17105000.0,-17105000.0,0.0,0.0,-31.735,18338000.0,-17799000.0,8032000.0,0.0,1.49,-7.748,-7.831,13736000.0,0.0,4.62,37.014,37.078,469000.0,-159961000.0,539000.0,539000.0,15906000.0,,,,,21000.0,2432000.0,1.0,72513352.0,72640000,72640000.0,0.007,349995000.0,700000.0,0.0,0.0,4.818,313279000.0
77,ALXN,MRQ,2001-12-31,2002-01-31,2002-01-31,2021-05-02,795000.0,383515000.0,,343661000.0,39854000.0,,3.344,-966000.0,168794000.0,168794000.0,0.0,-10810000.0,35.869,0.582,123920000.0,0.0,123920000.0,123920000.0,8256000.0,1007000.0,0.0,0.0,0.0,-9581000.0,-8574000.0,-2.537,-8574000.0,-9581000.0,-11510000.0,-0.15,-0.15,-0.15,242368000.0,,242368000.0,407790077.0,-16.0,-19.833,-6270000.0,-0.087,1.0,3380000.0,1.0,20165000.0,1929000.0,308895000.0,,0.0,172145000.0,172145000.0,0.0,141147000.0,9581000.0,131566000.0,404028077.0,48636000.0,24000.0,132000.0,0.0,0.0,130000.0,53810000.0,54752000.0,-5304000.0,0.0,-10810000.0,-10810000.0,-10810000.0,0.0,0.0,-3.198,16879000.0,-13499000.0,3597000.0,0.0,1.667,-12.395,-12.528,13459000.0,0.0,5.575,38.582,38.584,935000.0,-142856000.0,3380000.0,3380000.0,15043000.0,,,,,100000.0,1836000.0,1.0,72471404.0,72476000,72476000.0,0.047,363350000.0,700000.0,-700000.0,0.0,5.013,334080000.0
78,ALXN,MRQ,2001-09-30,2001-10-31,2001-10-31,2021-05-02,3233000.0,394010000.0,,357022000.0,36988000.0,,3.525,-443000.0,120158000.0,120158000.0,0.0,-7789000.0,51.645,0.543,123920000.0,0.0,123920000.0,123920000.0,9220000.0,925000.0,0.0,0.0,0.0,-5872000.0,-4947000.0,-2.66,-4947000.0,-5872000.0,-7789000.0,-0.107,-0.107,-0.107,255384000.0,,255384000.0,300418885.0,-16.0,-23.072,-8470000.0,-0.117,1.0,1860000.0,1.0,20230000.0,1917000.0,370629000.0,,0.0,229335000.0,229335000.0,0.0,138626000.0,6913000.0,131713000.0,311686885.0,-15030000.0,-24000.0,50000.0,0.0,0.0,52000.0,-7055000.0,-6588000.0,-8027000.0,0.0,-7789000.0,-7789000.0,-7789000.0,0.0,0.0,-4.188,11270000.0,-9410000.0,1213000.0,0.0,1.22,-11.863,-12.052,13388000.0,0.0,4.303,30.361,30.36,7167000.0,-132046000.0,1860000.0,1860000.0,9671000.0,,,,,54000.0,1599000.0,1.0,72443204.0,72440000,72440000.0,0.026,373780000.0,0.0,0.0,0.0,5.16,350109000.0
79,ALXN,MRQ,2001-06-30,2001-07-31,2001-07-31,2021-05-02,572000.0,400259000.0,,362747000.0,37512000.0,,3.597,-907000.0,135188000.0,135188000.0,0.0,-7536000.0,45.4,0.537,123920000.0,0.0,123920000.0,123920000.0,9292000.0,1610000.0,0.0,0.0,0.0,-5627000.0,-4017000.0,-1.228,-4017000.0,-5627000.0,-7536000.0,-0.097,-0.097,-0.097,260408000.0,,260408000.0,227423595.0,-5.0,-5.201,-8681000.0,-0.12,1.0,3272000.0,1.0,20270000.0,1909000.0,360731000.0,,0.0,220086000.0,220086000.0,0.0,139851000.0,7990000.0,131861000.0,334986595.0,-96387000.0,-34000.0,104000.0,-92000.0,0.0,47000.0,-88660000.0,-87719000.0,-7774000.0,0.0,-7536000.0,-7536000.0,-7536000.0,0.0,0.0,-2.303,12884000.0,-9612000.0,1722000.0,0.0,1.286,-5.873,-5.643,13731000.0,0.0,4.628,28.377,28.377,6980000.0,-124257000.0,3272000.0,3272000.0,10187000.0,,,,,163000.0,1870000.0,1.0,72390404.0,72390404,,0.045,379989000.0,0.0,0.0,0.0,5.249,354757000.0
80,ALXN,MRQ,2001-03-31,2001-04-30,2001-04-30,2021-05-02,359000.0,406429000.0,,368139000.0,38290000.0,,3.699,-1412000.0,231575000.0,231575000.0,0.0,-6462000.0,52.916,0.52,124012000.0,92000.0,123920000.0,124012000.0,9534000.0,1496000.0,0.0,0.0,0.0,-4519000.0,-3023000.0,-1.542,-3023000.0,-4519000.0,-6462000.0,-0.09,-0.09,-0.09,267464000.0,,267464000.0,285123701.0,-6.0,-6.751,-6581000.0,-0.091,1.0,1960000.0,1.0,21116000.0,1943000.0,270793000.0,,0.0,132154000.0,132154000.0,0.0,138965000.0,6957000.0,132008000.0,421681701.0,-29094000.0,-312000.0,290000.0,-99000.0,0.0,402000.0,-24327000.0,-22603000.0,-5169000.0,0.0,-6462000.0,-6462000.0,-6462000.0,0.0,0.0,-3.297,11125000.0,-9165000.0,1630000.0,0.0,1.577,-7.723,-6.727,13487000.0,0.0,5.832,33.67,33.674,3900000.0,-116721000.0,1960000.0,1960000.0,8362000.0,,,,,-70000.0,1916000.0,1.0,72298620.0,72308000,72308000.0,0.027,385313000.0,0.0,0.0,0.0,5.329,361182000.0
81,ALXN,MRQ,2000-12-31,2001-01-31,2001-01-31,2021-05-02,43000.0,414515000.0,,375970000.0,38545000.0,,3.92,-2692000.0,260669000.0,260669000.0,0.0,-4486000.0,44.86,0.469,124111000.0,191000.0,123920000.0,124111000.0,788000.0,1504000.0,0.0,0.0,0.0,-2538000.0,-1034000.0,-0.326,-1034000.0,-2538000.0,-4486000.0,-0.062,-0.062,-0.062,282214000.0,,282214000.0,1018937228.0,-21.0,-23.13,-5253000.0,-0.073,1.0,3174000.0,1.0,21940000.0,1948000.0,247636000.0,,0.0,109235000.0,109235000.0,0.0,132301000.0,8381000.0,123920000.0,942433228.0,212976000.0,-889000.0,209046000.0,-86000.0,0.0,209396000.0,6141000.0,9722000.0,-2561000.0,0.0,-4486000.0,-4486000.0,-4486000.0,0.0,0.0,-1.413,12248000.0,-9074000.0,2826000.0,0.0,3.339,-17.306,-14.827,12627000.0,0.0,13.078,62.633,62.572,5532000.0,-101435000.0,3174000.0,3174000.0,9399000.0,,,,,-142000.0,1971000.0,1.0,72065244.0,71996000,71996000.0,0.044,392575000.0,0.0,0.0,0.0,5.453,367589000.0
82,ALXN,MRQ,2000-09-30,2000-10-31,2000-10-31,2021-05-02,-8000.0,208007000.0,,171350000.0,36657000.0,,1.27,-2075000.0,47693000.0,47693000.0,0.0,-38559000.0,27.311,1.673,124197000.0,277000.0,123920000.0,124197000.0,788000.0,911000.0,0.0,0.0,0.0,-36561000.0,-35650000.0,-10.488,-35650000.0,-36561000.0,-38559000.0,-0.63,-0.63,-0.63,77813000.0,,77813000.0,1634579981.0,-34.0,-35.362,-9743000.0,-0.159,1.0,3399000.0,1.0,22015000.0,1998000.0,256222000.0,,0.0,118906000.0,118906000.0,0.0,130194000.0,6274000.0,123920000.0,1602148981.0,-44165000.0,771000.0,1462000.0,-92000.0,0.0,1030000.0,-37527000.0,-36223000.0,-7668000.0,0.0,-38559000.0,-38559000.0,-38559000.0,0.0,0.0,-11.344,33650000.0,-30251000.0,2572000.0,0.0,20.59,-29.886,-29.209,10407000.0,0.0,25.85,86.36,85.403,3902000.0,-96802000.0,3399000.0,3399000.0,10923000.0,,,,,457000.0,1378000.0,1.0,61978684.0,61292000,61292000.0,0.055,185992000.0,0.0,0.0,0.0,3.035,165076000.0
83,ALXN,MRQ,2000-06-30,2000-07-31,2000-07-31,2021-05-02,-20000.0,192702000.0,,180080000.0,12622000.0,,1.049,-95000.0,91858000.0,91858000.0,0.0,-5092000.0,25.088,2.128,124289000.0,369000.0,123920000.0,124289000.0,750000.0,676000.0,0.0,0.0,0.0,-3204000.0,-2528000.0,-0.633,-2528000.0,-3204000.0,-5092000.0,-0.085,-0.085,-0.085,61604000.0,,61604000.0,929389745.0,-54.0,-60.669,-1367000.0,-0.023,1.0,3991000.0,1.0,0.0,1888000.0,217955000.0,,0.0,82671000.0,82671000.0,0.0,131098000.0,7178000.0,123920000.0,973679745.0,-76906000.0,0.0,490000.0,-243000.0,0.0,382000.0,-76016000.0,-75921000.0,-1272000.0,0.0,-5092000.0,-5092000.0,-5092000.0,0.0,0.0,-1.276,9983000.0,-5992000.0,2100000.0,0.0,15.805,-48.138,-44.544,8213000.0,0.0,16.125,45.412,41.857,5095000.0,-67214000.0,3991000.0,3991000.0,8769000.0,,,,,282000.0,1214000.0,1.0,60383240.0,58740000,,0.068,192702000.0,0.0,0.0,0.0,3.281,172902000.0
84,ALXN,MRQ,2000-03-31,2000-04-30,2000-04-30,2021-05-02,0.0,194939000.0,,181751000.0,13188000.0,,1.098,-1108000.0,168764000.0,168764000.0,0.0,-6319000.0,37.145,1.956,124474000.0,368000.0,124106000.0,124474000.0,750000.0,373000.0,0.0,0.0,0.0,-5214000.0,-4841000.0,-1.08,-4841000.0,-5214000.0,-6319000.0,-0.105,-0.105,-0.105,65940000.0,,65940000.0,621956666.0,-35.0,-37.447,-3941000.0,-0.066,1.0,4483000.0,1.0,0.0,1105000.0,145756000.0,,0.0,6766000.0,6766000.0,0.0,128999000.0,4893000.0,124106000.0,670700666.0,115453000.0,0.0,1078000.0,116028000.0,0.0,117210000.0,1076000.0,2184000.0,-2833000.0,0.0,-6319000.0,-6319000.0,-6319000.0,0.0,0.0,-1.41,11634000.0,-7151000.0,1672000.0,0.0,10.171,-34.773,-29.595,8494000.0,0.0,11.158,28.656,28.641,5648000.0,-62122000.0,4483000.0,4483000.0,10438000.0,,,,,49000.0,1196000.0,1.0,60112092.0,60080000,,0.075,194939000.0,0.0,0.0,0.0,3.245,176858000.0
85,ALXN,MRQ,1999-12-31,2000-01-31,2000-01-31,2021-05-02,0.0,80330000.0,,71560000.0,8770000.0,,1.249,-719000.0,53311000.0,53311000.0,0.0,-3639000.0,14.315,0.129,4567000.0,368000.0,4199000.0,4567000.0,750000.0,359000.0,0.0,0.0,0.0,-3564000.0,-3205000.0,-0.48,-3205000.0,-3564000.0,-3639000.0,-0.065,-0.065,-0.065,71132000.0,,71132000.0,636592806.0,-99.0,-123.778,-5488000.0,-0.096,1.0,6679000.0,1.0,0.0,75000.0,26587000.0,,0.0,8950000.0,8950000.0,0.0,9198000.0,4999000.0,4199000.0,645200806.0,40045000.0,0.0,46283000.0,-91000.0,0.0,46407000.0,-1593000.0,-874000.0,-4769000.0,0.0,-3639000.0,-3639000.0,-3639000.0,0.0,0.0,-0.545,10990000.0,-4311000.0,2834000.0,0.0,9.07,-96.717,-82.86,7759000.0,0.0,10.938,20.616,19.905,7170000.0,-55803000.0,6679000.0,6679000.0,9840000.0,,,,,50000.0,1150000.0,1.0,58989788.0,56956000,56956000.0,0.117,80330000.0,0.0,0.0,0.0,1.41,66561000.0
86,ALXN,MRQ,1999-09-30,1999-10-31,1999-10-31,2021-05-02,0.0,38909000.0,,30307000.0,8602000.0,,0.627,-347000.0,13266000.0,13266000.0,0.0,-5177000.0,4.874,0.37,4658000.0,368000.0,4290000.0,4658000.0,600000.0,361000.0,0.0,0.0,0.0,-5059000.0,-4698000.0,-0.747,-4698000.0,-5059000.0,-5177000.0,-0.115,-0.115,-0.115,28401000.0,,28401000.0,132125928.0,-17.0,-19.895,-7231000.0,-0.16,1.0,6288000.0,1.0,0.0,118000.0,24083000.0,,0.0,8062000.0,8062000.0,0.0,10508000.0,6218000.0,4290000.0,151612928.0,-10972000.0,0.0,265000.0,-93000.0,0.0,245000.0,-4333000.0,-3986000.0,-6884000.0,0.0,-5177000.0,-5177000.0,-5177000.0,0.0,0.0,-0.823,11755000.0,-5467000.0,4404000.0,0.0,5.338,-19.162,-19.114,7447000.0,0.0,3.345,6.117,6.11,8578000.0,-52164000.0,6288000.0,6288000.0,11140000.0,,,,,49000.0,615000.0,1.0,45325240.0,45276000,45276000.0,0.139,38909000.0,0.0,0.0,0.0,0.859,24089000.0
87,ALXN,MRQ,1999-06-30,1999-07-31,1999-07-31,2021-05-02,-4000.0,44374000.0,,35662000.0,8712000.0,,0.738,-1027000.0,24238000.0,24238000.0,0.0,-4153000.0,5.331,0.333,4751000.0,368000.0,4383000.0,4751000.0,450000.0,298000.0,0.0,0.0,0.0,-4163000.0,-3865000.0,-0.649,-3865000.0,-4163000.0,-4153000.0,-0.092,-0.085,-0.092,33301000.0,,33301000.0,94008796.0,-15.0,-17.677,-5217000.0,-0.116,1.0,5955000.0,1.0,0.0,-10000.0,18197000.0,,0.0,4090000.0,4090000.0,0.0,11073000.0,6690000.0,4383000.0,117124796.0,-3721000.0,0.0,19000.0,-92000.0,0.0,-20000.0,489000.0,1436000.0,-4190000.0,0.0,-4153000.0,-4153000.0,-4153000.0,0.0,0.0,-0.697,10394000.0,-4439000.0,3544000.0,0.0,3.517,-18.315,-18.275,7413000.0,0.0,2.595,6.245,6.235,6862000.0,-46987000.0,5955000.0,5955000.0,9576000.0,,,,,50000.0,818000.0,1.0,45134796.0,45144000,45060000.0,0.132,44374000.0,0.0,0.0,0.0,0.983,28972000.0
88,ALXN,MRQ,1999-03-31,1999-04-30,1999-04-30,2021-05-02,0.0,46496000.0,,38371000.0,8125000.0,,0.829,-552000.0,27959000.0,27959000.0,0.0,6298000.0,8.318,0.243,4843000.0,368000.0,4475000.0,4843000.0,450000.0,251000.0,0.0,0.0,0.0,6374000.0,6625000.0,0.535,6625000.0,6374000.0,6298000.0,0.14,0.133,0.14,37408000.0,,37408000.0,106254895.0,-18.0,-20.97,3968000.0,0.088,1.0,12374000.0,1.0,296000.0,76000.0,18471000.0,,0.0,5540000.0,5540000.0,0.0,9088000.0,4613000.0,4475000.0,126914895.0,6284000.0,0.0,0.0,-92000.0,0.0,322000.0,1442000.0,2070000.0,4520000.0,0.0,6298000.0,6298000.0,6298000.0,0.0,0.0,0.509,6468000.0,5906000.0,2910000.0,0.0,3.393,-21.309,-20.529,6659000.0,0.0,2.812,9.55,9.552,4608000.0,-42834000.0,12374000.0,12374000.0,5669000.0,,,,,49000.0,717000.0,1.0,45125296.0,45132000,47560000.0,0.274,46200000.0,0.0,0.0,0.0,1.024,33758000.0
89,ALXN,MRQ,1998-12-31,1999-01-31,1999-01-31,2021-05-02,0.0,33974000.0,,29730000.0,4244000.0,,0.691,-145000.0,21675000.0,21675000.0,0.0,-4880000.0,13.039,0.094,1015000.0,368000.0,647000.0,1015000.0,0.0,177000.0,0.0,0.0,0.0,-4880000.0,-4703000.0,-27.665,-4703000.0,-4880000.0,-4880000.0,-0.107,-0.107,-0.107,31047000.0,,31047000.0,123798874.0,-8.0,-8.498,-4638000.0,-0.103,1.0,170000.0,1.0,249000.0,0.0,10785000.0,,0.0,7594000.0,7594000.0,0.0,2927000.0,2280000.0,647000.0,152297874.0,-7932000.0,0.0,364000.0,-93000.0,0.0,275000.0,-3714000.0,-3567000.0,-4493000.0,0.0,-4880000.0,-4880000.0,-4880000.0,0.0,0.0,-28.706,5471000.0,-5301000.0,1070000.0,0.0,4.905,-9.877,-9.588,2409000.0,0.0,3.375,149.899,149.178,0.0,-49132000.0,170000.0,170000.0,4681000.0,,,,,33000.0,790000.0,1.0,45125296.0,44908000,44908000.0,0.004,33725000.0,0.0,0.0,0.0,0.751,27450000.0
90,ALXN,MRQ,1998-09-30,1998-10-31,1998-10-31,2021-05-02,0.0,38097000.0,,33821000.0,4276000.0,,0.792,-188000.0,29607000.0,29607000.0,0.0,-3660000.0,18.675,0.072,1108000.0,368000.0,740000.0,1108000.0,67000.0,163000.0,0.0,0.0,0.0,-3660000.0,-3497000.0,-13.714,-3497000.0,-3660000.0,-3660000.0,-0.083,-0.083,-0.083,35546000.0,,35546000.0,62312199.0,-5.0,-4.992,-3760000.0,-0.084,1.0,255000.0,1.0,276000.0,0.0,7511000.0,,0.0,4045000.0,4045000.0,0.0,2551000.0,1811000.0,740000.0,92621199.0,-1902000.0,0.0,0.0,-92000.0,0.0,-96000.0,1766000.0,1956000.0,-3572000.0,0.0,-3660000.0,-3660000.0,-3660000.0,0.0,0.0,-14.353,4412000.0,-4157000.0,763000.0,0.0,2.606,-6.738,-6.25,2411000.0,0.0,2.062,79.367,79.361,0.0,-44252000.0,255000.0,255000.0,3784000.0,,,,,0.0,628000.0,1.0,44907248.0,44904000,44904000.0,0.006,37821000.0,0.0,0.0,0.0,0.842,32010000.0
91,ALXN,MRQ,1998-06-30,1998-07-31,1998-07-31,2021-05-02,0.0,42085000.0,,37840000.0,4245000.0,,0.872,-426000.0,31509000.0,31509000.0,0.0,-3714000.0,18.342,0.074,1200000.0,368000.0,832000.0,1200000.0,67000.0,180000.0,0.0,0.0,0.0,-3672000.0,-3492000.0,-7.127,-3492000.0,-3672000.0,-3714000.0,-0.087,-0.087,-0.087,39190000.0,,39190000.0,73830151.0,-9.0,-10.219,-3889000.0,-0.087,1.0,490000.0,1.0,0.0,42000.0,9713000.0,,0.0,5985000.0,5985000.0,0.0,2895000.0,2063000.0,832000.0,108041703.0,-3329000.0,0.0,-7000.0,574000.0,0.0,-937000.0,1071000.0,1496000.0,-3463000.0,0.0,-3714000.0,-3714000.0,-3714000.0,0.0,0.0,-7.58,4757000.0,-4267000.0,810000.0,0.0,2.757,-12.326,-11.089,2357000.0,0.0,2.406,21.45,19.216,137000.0,-40592000.0,490000.0,490000.0,4040000.0,,,,,0.0,717000.0,1.0,44900448.0,44946360,44946360.0,0.011,42085000.0,0.0,0.0,0.0,0.936,35777000.0
92,ALXN,MRQ,1998-03-31,1998-04-30,1998-04-30,2021-05-02,0.0,45222442.0,,42725802.0,2496640.0,,1.008,-1300000.0,34837355.0,34837355.0,0.0,-3015000.0,18.508,0.054,625803.0,625803.0,0.0,625803.0,66000.0,139000.0,0.0,0.0,0.0,-3015000.0,-2876000.0,-28.475,-2876000.0,-3015000.0,-3015000.0,-0.075,-0.075,-0.075,42913928.0,,42913928.0,123772939.0,-18.0,,-3571000.0,-0.084,1.0,101000.0,1.0,327750.0,0.0,8374626.0,,0.0,7482866.0,7482866.0,0.0,2308514.0,2308514.0,0.0,151495488.0,6914000.0,0.0,8789000.0,425000.0,0.0,9219000.0,-34000.0,1267000.0,-2271000.0,0.0,-3015000.0,-3165000.0,-3165000.0,0.0,0.0,-31.337,3678000.0,-3577000.0,1092374.0,0.0,3.53,-19.467,-16.071,2083488.0,150000.0,3.375,27.599,26.167,0.0,-36877109.0,101000.0,101000.0,3005000.0,,,,,0.0,673000.0,1.0,44887552.0,42558552,42558552.0,0.002,44894692.0,0.0,0.0,0.0,1.055,40417288.0
93,ALXN,MRQ,1997-12-31,1998-01-31,1998-01-31,2021-05-02,0.0,38468546.0,,37127888.0,1340658.0,,0.965,-168000.0,27923745.0,27923745.0,0.0,-2758000.0,17.858,0.057,201196.0,201196.0,0.0,201196.0,0.0,140000.0,0.0,0.0,0.0,-2758000.0,-2618000.0,-8.156,-2618000.0,-2758000.0,-2758000.0,-0.085,,-0.085,36389465.0,,36389465.0,,,,-3879000.0,-0.103,1.0,321000.0,1.0,355091.0,0.0,8311825.0,,0.0,8749575.0,8749575.0,0.0,2079081.0,2079081.0,0.0,148690016.0,-3547000.0,0.0,2941000.0,145000.0,0.0,3077000.0,-2913000.0,-2744000.0,-3711000.0,0.0,-2758000.0,-3208000.0,-3208000.0,0.0,0.0,-9.994,3606000.0,-3285000.0,718432.0,0.0,4.086,-22.794,-16.562,894524.0,450000.0,3.312,24.743,20.786,0.0,-33711851.0,321000.0,321000.0,2918000.0,,,,,0.0,688000.0,1.0,44887552.0,37708804,,0.009,38113455.0,0.0,0.0,0.0,1.011,35048807.0
94,ALXN,MRQ,1997-09-30,1997-10-31,1997-10-31,2021-05-02,,,,,,,,-163000.0,,,0.0,1623000.0,,,,,,,,139000.0,,0.0,0.0,1623000.0,1762000.0,0.427,1762000.0,1623000.0,1623000.0,0.037,0.033,0.037,,,,,,,1320000.0,0.037,1.0,4126000.0,1.0,,0.0,,,,,,,,,,,14728000.0,0.0,13488000.0,-82000.0,0.0,13406000.0,-161000.0,1000.0,1483000.0,0.0,1623000.0,1323000.0,1323000.0,0.0,0.0,0.321,2947000.0,1179000.0,,0.0,,,-19.583,,300000.0,2.938,,14.761,,,4126000.0,4126000.0,2360000.0,,,,,0.0,587000.0,1.0,,35809736,39444888.0,0.115,,,0.0,,,
95,ALXN,MRQ,1997-06-30,1997-07-31,1997-07-31,2021-05-02,0.0,24260000.0,,22981000.0,1279000.0,,0.703,,16743000.0,16743000.0,0.0,-2732366.0,9.52,0.111,138000.0,138000.0,0.0,138000.0,346000.0,,0.0,0.0,0.0,-2732366.0,,,,-2732366.0,-2732366.0,-0.087,-0.087,-0.087,21846000.0,,21846000.0,,,,,,1.0,941234.0,1.0,411000.0,0.0,4830000.0,,0.0,6006000.0,6006000.0,0.0,2414000.0,2414000.0,0.0,,,,,,,,,,,,-2732366.0,-2732366.0,-2732366.0,0.0,0.0,-2.903,3890098.0,-2948864.0,728000.0,0.0,,,-10.847,786000.0,0.0,2.625,,20.529,0.0,-31827000.0,941234.0,941234.0,3170628.0,,,,,,719470.0,1.0,,31069016,31069016.0,0.03,23849000.0,0.0,0.0,0.0,0.768,20567000.0
96,ALXN,MRQ,1997-03-31,1997-04-30,1997-04-30,2021-05-02,,,,,,,,,,,0.0,-1905820.0,,,,,,,,,,0.0,0.0,-1905820.0,,,,-1905820.0,-1905820.0,-0.065,-0.065,-0.065,,,,,,,,,1.0,621027.0,1.0,,0.0,,,,,,,,,,,,,,,,,,,,,-1905820.0,-1905820.0,-1905820.0,0.0,0.0,-3.069,2713490.0,-2092463.0,,0.0,,,,,0.0,2.188,,,,,621027.0,621027.0,2013321.0,,,,,,700169.0,1.0,,29466748,29466748.0,0.021,,,0.0,,,
97,ALXN,MRQ,1996-12-31,1997-01-28,1997-01-28,2021-05-02,,,,,,,,,,,0.0,-1036204.0,,,,,,,,,,0.0,0.0,-1036204.0,,,,-1036204.0,-1036204.0,-0.035,,-0.035,,,,,,,,,1.0,1437984.0,1.0,,0.0,,,,,,,,,,,,,,,,,,,,,-1036204.0,-1036204.0,-1036204.0,0.0,0.0,-0.721,2679419.0,-1241435.0,,0.0,,,,,0.0,3.0,,,,,1437984.0,1437984.0,1921113.0,,,,,,758306.0,1.0,,29367756,,0.049,,,0.0,,,
0,ALXN,MRT,2021-03-31,2021-03-31,2021-03-31,2021-05-02,-85200000.0,18650200000.0,17751200000.0,6452600000.0,12197600000.0,0.353,56.414,-114700000.0,3429600000.0,3429600000.0,567200000.0,535000000.0,4.524,0.501,2702800000.0,143200000.0,2559600000.0,2702800000.0,0.0,315700000.0,0.0,0.0,0.0,760800000.0,1076500000.0,0.172,1076500000.0,760800000.0,654800000.0,3.12,3.06,3.12,12416800000.0,11408425000.0,12416800000.0,33370724304.0,44.0,30.999,2976200000.0,13.522,1.0,5694400000.0,0.909,8148400000.0,106000000.0,8348800000.0,8322500000.0,803900000.0,39700000.0,39700000.0,0.0,6219200000.0,1426200000.0,4793000000.0,33596124304.0,1150700000.0,-1274200000.0,-332600000.0,-130600000.0,0.0,-492400000.0,-1467400000.0,31500000.0,3090900000.0,19600000.0,681800000.0,681800000.0,681800000.0,0.0,-146800000.0,0.109,5071600000.0,622800000.0,125300000.0,0.0,2.706,49.276,49.01,1461600000.0,0.0,152.91,5.365,5.375,1473000000.0,5879200000.0,6261600000.0,6261600000.0,1091100000.0,0.038,0.06,0.091,0.122,300100000.0,1422900000.0,1.0,219711754.0,220100000,222600000.0,28.449,10501800000.0,2140600000.0,-27000000.0,1639100000.0,47.714,5026400000.0
1,ALXN,MRT,2020-12-31,2020-12-31,2020-12-31,2021-05-02,-124600000.0,18103000000.0,17625775000.0,5833000000.0,12270000000.0,0.344,52.936,-106700000.0,2964500000.0,2964500000.0,553500000.0,603400000.0,3.59,0.554,2739100000.0,142400000.0,2596700000.0,2739100000.0,0.0,329400000.0,0.0,0.0,0.0,673700000.0,1003100000.0,0.165,1003100000.0,673700000.0,569000000.0,2.74,2.72,2.74,11651200000.0,11241175000.0,11651200000.0,34692110296.0,51.0,34.585,2896200000.0,13.159,1.0,5516400000.0,0.909,8102500000.0,104700000.0,8150400000.0,8256975000.0,775700000.0,34900000.0,34900000.0,0.0,6451800000.0,1624700000.0,4827100000.0,34192410296.0,311000000.0,-2111900000.0,-452100000.0,-130600000.0,0.0,-611900000.0,-2099500000.0,119100000.0,3002900000.0,19500000.0,603400000.0,603400000.0,603400000.0,0.0,0.0,0.099,4837700000.0,678700000.0,118600000.0,0.0,2.935,56.666,57.022,1461900000.0,0.0,156.24,5.633,5.665,1409300000.0,5243200000.0,6069900000.0,6069900000.0,1002900000.0,0.034,0.054,0.082,0.111,281100000.0,1399900000.0,1.0,218845432.0,220100000,222000000.0,27.578,10000500000.0,2199400000.0,-34400000.0,1632200000.0,45.436,4208300000.0
2,ALXN,MRT,2020-09-30,2020-09-30,2020-09-30,2021-05-02,-119200000.0,17548400000.0,17486175000.0,5067800000.0,12480600000.0,0.335,50.547,-59200000.0,2268000000.0,2268000000.0,515600000.0,956600000.0,3.808,0.585,2767700000.0,138600000.0,2629100000.0,2767700000.0,0.0,344900000.0,0.0,0.0,0.0,679100000.0,1024000000.0,0.175,1024000000.0,679100000.0,580400000.0,4.32,4.26,4.32,11074900000.0,11146325000.0,11074900000.0,24862764445.0,37.0,24.28,2620300000.0,11.959,1.0,5346800000.0,0.912,8157300000.0,98700000.0,8559800000.0,8206600000.0,729000000.0,28900000.0,28900000.0,0.0,6473500000.0,1331000000.0,5142500000.0,25079964445.0,125500000.0,-2111900000.0,-438000000.0,-130500000.0,0.0,-597800000.0,-1962600000.0,208600000.0,2679500000.0,6400000.0,956600000.0,956600000.0,956600000.0,0.0,0.0,0.163,4761000000.0,585800000.0,89200000.0,0.0,2.265,26.218,26.488,1434600000.0,0.0,114.43,4.278,4.277,1437100000.0,4707400000.0,5862400000.0,5862400000.0,977500000.0,0.055,0.086,0.083,0.116,255800000.0,1336500000.0,1.0,219172983.0,219100000,220600000.0,26.757,9391100000.0,2270500000.0,-376200000.0,1818200000.0,42.862,3736800000.0
3,ALXN,MRT,2020-06-30,2020-06-30,2020-06-30,2021-05-02,-110900000.0,16703200000.0,16802825000.0,5367900000.0,11335300000.0,0.33,47.556,-90300000.0,2825000000.0,2825000000.0,466100000.0,846100000.0,4.792,0.592,2607800000.0,126800000.0,2481000000.0,2607800000.0,0.0,362200000.0,0.0,0.0,0.0,538000000.0,900200000.0,0.163,900200000.0,538000000.0,449000000.0,3.77,3.72,3.77,10490800000.0,10969400000.0,10490800000.0,25103470855.0,47.0,27.887,2365900000.0,10.725,1.0,5070700000.0,0.916,7134900000.0,89000000.0,8231000000.0,7517925000.0,577700000.0,26800000.0,26800000.0,0.0,6212400000.0,1120100000.0,5092300000.0,24785670855.0,888200000.0,-837700000.0,-705600000.0,-130600000.0,0.0,-856300000.0,-703700000.0,232600000.0,2456200000.0,-8000000.0,846100000.0,846100000.0,846100000.0,0.0,0.0,0.153,4618600000.0,452100000.0,861600000.0,0.0,2.363,29.294,29.772,1406300000.0,0.0,112.24,4.477,4.472,1372200000.0,4129300000.0,5536800000.0,5536800000.0,924500000.0,0.05,0.077,0.072,0.097,244400000.0,1301600000.0,1.0,220827431.0,220600000,220600000.0,25.099,9568300000.0,2332400000.0,-397100000.0,1946800000.0,43.374,4247800000.0
4,ALXN,MRT,2020-03-31,2020-03-31,2020-03-31,2021-05-02,-101500000.0,18148500000.0,16268950000.0,4870200000.0,13278300000.0,0.325,53.014,-130900000.0,2315000000.0,2315000000.0,420400000.0,2374000000.0,4.349,0.545,2632800000.0,126700000.0,2506100000.0,2632800000.0,0.0,368900000.0,0.0,0.0,0.0,2384300000.0,2753200000.0,0.52,2753200000.0,2384300000.0,2300600000.0,10.66,10.6,10.66,11747800000.0,10887575000.0,11747800000.0,19859884297.0,8.0,7.213,2073700000.0,9.358,1.0,4875100000.0,0.921,9259700000.0,83700000.0,8086700000.0,6899525000.0,586800000.0,47800000.0,47800000.0,0.0,6400700000.0,1119900000.0,5280800000.0,19879584297.0,809500000.0,-837700000.0,-489300000.0,-130600000.0,0.0,-624900000.0,-759200000.0,217700000.0,2204600000.0,-11000000.0,2374000000.0,2374000000.0,2374000000.0,0.0,0.0,0.448,2529900000.0,2345200000.0,862800000.0,0.0,1.692,8.374,8.423,1363100000.0,0.0,89.79,3.754,3.757,1345200000.0,5197400000.0,5295500000.0,5295500000.0,891000000.0,0.146,0.218,0.346,0.45,237900000.0,1299500000.0,1.0,221400872.0,221600000,222600000.0,23.897,8888800000.0,2223500000.0,-73400000.0,2113300000.0,40.112,3750300000.0
5,ALXN,MRT,2019-12-31,2019-12-31,2019-12-31,2021-05-02,-66800000.0,17544600000.0,15231725000.0,5076400000.0,12468200000.0,0.328,50.501,-154700000.0,2685500000.0,2685500000.0,394500000.0,2404300000.0,4.251,0.557,2665800000.0,126700000.0,2539100000.0,2665800000.0,0.0,376800000.0,0.0,0.0,0.0,2256600000.0,2633400000.0,0.528,2633400000.0,2256600000.0,2178800000.0,10.77,10.7,10.77,11271800000.0,10377275000.0,11271800000.0,24461388232.0,11.0,9.289,1930200000.0,8.648,1.0,4596600000.0,0.921,8381700000.0,77800000.0,7948900000.0,6292875000.0,627600000.0,64000000.0,64000000.0,0.0,6272800000.0,1194300000.0,5078500000.0,23932588232.0,1356300000.0,0.0,-386100000.0,-348000000.0,0.0,-739100000.0,9700000.0,180500000.0,2084900000.0,800000.0,2404300000.0,2404300000.0,2404300000.0,0.0,0.0,0.482,2464600000.0,2132000000.0,74000000.0,0.0,2.123,9.954,10.042,1367300000.0,0.0,108.15,4.795,4.836,1243200000.0,4639800000.0,4991100000.0,4991100000.0,886000000.0,0.158,0.232,0.359,0.452,237000000.0,1261100000.0,1.0,221290691.0,223200000,224800000.0,22.362,9162900000.0,2290200000.0,-225500000.0,2081400000.0,41.052,3882100000.0
6,ALXN,MRT,2019-09-30,2019-09-30,2019-09-30,2021-05-02,-48200000.0,14815000000.0,14328550000.0,4341200000.0,10473800000.0,0.331,46.427,-167100000.0,2171300000.0,2171300000.0,377000000.0,1470300000.0,3.978,0.429,2700100000.0,126600000.0,2573500000.0,2700100000.0,0.0,384600000.0,0.0,0.0,0.0,1624500000.0,2009100000.0,0.424,2009100000.0,1624500000.0,1543900000.0,6.57,6.53,6.57,10367200000.0,9850650000.0,10367200000.0,22706980431.0,14.0,11.302,1484100000.0,6.646,1.0,4358600000.0,0.92,8447500000.0,80600000.0,5805100000.0,5785700000.0,576700000.0,44400000.0,44400000.0,0.0,4447800000.0,1091200000.0,3356600000.0,21960780431.0,973800000.0,0.0,-354400000.0,-307800000.0,0.0,-676300000.0,5600000.0,189500000.0,1651200000.0,-6700000.0,1470300000.0,1470300000.0,1470300000.0,0.0,0.0,0.31,2722700000.0,1635900000.0,868200000.0,0.0,2.118,14.936,14.907,1354900000.0,0.0,97.94,4.637,4.618,1116300000.0,3750800000.0,4735600000.0,4735600000.0,822000000.0,0.103,0.149,0.281,0.343,228900000.0,1198800000.0,1.0,224226878.0,223300000,224500000.0,21.207,6367500000.0,0.0,73600000.0,314700000.0,28.515,3250000000.0
7,ALXN,MRT,2019-06-30,2019-06-30,2019-06-30,2021-05-02,-57900000.0,14567700000.0,14085700000.0,4168500000.0,10399200000.0,0.319,45.332,-166400000.0,1984200000.0,1984200000.0,372400000.0,1333600000.0,4.041,0.433,2730400000.0,126600000.0,2603800000.0,2730400000.0,0.0,397000000.0,0.0,0.0,0.0,1437800000.0,1834800000.0,0.408,1834800000.0,1437800000.0,1350500000.0,5.96,5.92,5.96,10163500000.0,9551275000.0,10163500000.0,30573090290.0,21.0,16.663,1272400000.0,5.675,1.0,4126600000.0,0.917,8525000000.0,87300000.0,5757400000.0,5844925000.0,494600000.0,105400000.0,105400000.0,0.0,4404200000.0,1031500000.0,3372700000.0,29370590290.0,1253800000.0,0.0,-5700000.0,-275100000.0,0.0,-299400000.0,118800000.0,292800000.0,1438800000.0,-4400000.0,1333600000.0,1333600000.0,1333600000.0,0.0,0.0,0.296,2638400000.0,1488200000.0,728700000.0,0.0,2.89,22.024,21.977,1333000000.0,0.0,130.98,6.528,6.527,1123600000.0,3283200000.0,4499000000.0,4499000000.0,763900000.0,0.095,0.14,0.246,0.32,215400000.0,1158200000.0,1.0,224237214.0,224200000,225600000.0,20.067,6042700000.0,0.0,16900000.0,341200000.0,26.952,3137000000.0
8,ALXN,MRT,2019-03-31,2019-03-31,2019-03-31,2021-05-02,-20500000.0,13999600000.0,13816375000.0,3650600000.0,10349000000.0,0.314,43.372,-182400000.0,1544800000.0,1544800000.0,368500000.0,416400000.0,3.868,0.442,2747300000.0,126500000.0,2620800000.0,2747300000.0,0.0,401000000.0,0.0,0.0,0.0,526400000.0,927400000.0,0.214,927400000.0,526400000.0,432400000.0,1.86,1.83,1.86,9706600000.0,9202250000.0,9706600000.0,32049590924.0,61.0,34.559,374200000.0,1.672,1.0,3972200000.0,0.915,8598200000.0,94000000.0,5660100000.0,5928600000.0,482200000.0,110300000.0,110300000.0,0.0,4293000000.0,943800000.0,3349200000.0,30208590924.0,1034500000.0,0.0,36800000.0,-250000000.0,0.0,-231300000.0,728100000.0,917600000.0,556600000.0,-18900000.0,416400000.0,416400000.0,416400000.0,0.0,0.0,0.096,3418100000.0,554100000.0,669800000.0,0.0,3.112,72.547,72.677,1288500000.0,0.0,135.18,6.959,6.97,1016300000.0,2823400000.0,4340700000.0,4340700000.0,749700000.0,0.03,0.045,0.089,0.121,208400000.0,1136200000.0,1.0,223469381.0,223800000,225500000.0,19.395,5401400000.0,0.0,16000000.0,306100000.0,24.135,2706800000.0
9,ALXN,MRT,2018-12-31,2018-12-31,2018-12-31,2021-05-02,-9700000.0,13931900000.0,13774025000.0,3385000000.0,10546900000.0,0.3,41.155,-213000000.0,1365500000.0,1365500000.0,374300000.0,77600000.0,2.883,0.52,3206500000.0,343800000.0,2862700000.0,3206500000.0,0.0,405300000.0,0.0,0.0,0.0,340400000.0,745700000.0,0.181,745700000.0,340400000.0,242200000.0,0.35,0.35,0.35,9165300000.0,9053775000.0,9165300000.0,23697488092.0,70.0,31.779,213000000.0,0.956,1.0,3756900000.0,0.909,8678700000.0,98200000.0,5920200000.0,6178925000.0,472500000.0,198300000.0,198300000.0,0.0,4766600000.0,1174000000.0,3592600000.0,21720688092.0,782900000.0,0.0,-37700000.0,-43800000.0,0.0,-102400000.0,470500000.0,680700000.0,426000000.0,-11200000.0,77600000.0,77600000.0,77600000.0,0.0,0.0,0.019,3370800000.0,386100000.0,698200000.0,0.0,2.37,279.906,278.171,1471500000.0,0.0,97.36,5.258,5.248,922300000.0,2325800000.0,4131200000.0,4131200000.0,730400000.0,0.006,0.009,0.055,0.082,203000000.0,1111800000.0,1.0,223096632.0,222700000,224500000.0,18.551,5253200000.0,101800000.0,164600000.0,391100000.0,23.589,2211000000.0
10,ALXN,MRT,2018-09-30,2018-09-30,2018-09-30,2021-05-02,6900000.0,13843600000.0,13686875000.0,3248400000.0,10595200000.0,0.286,41.138,-259100000.0,1228900000.0,1228900000.0,422100000.0,152600000.0,3.162,0.51,3205700000.0,311200000.0,2894500000.0,3205700000.0,0.0,492000000.0,0.0,0.0,0.0,463200000.0,955200000.0,0.244,955200000.0,463200000.0,364400000.0,0.69,0.67,0.69,9169700000.0,8985725000.0,9169700000.0,33456950163.0,72.0,35.026,341600000.0,1.533,1.0,3490000000.0,0.892,8751000000.0,98800000.0,6042000000.0,6270275000.0,432700000.0,306200000.0,306200000.0,0.0,4673900000.0,1027400000.0,3646500000.0,30979650163.0,679100000.0,0.0,-198800000.0,-95100000.0,0.0,-330900000.0,418700000.0,674200000.0,600700000.0,-9400000.0,152600000.0,152600000.0,152600000.0,0.0,0.0,0.039,3035400000.0,454600000.0,52200000.0,0.0,3.378,203.012,201.464,1443400000.0,0.0,139.01,7.919,7.92,910200000.0,2370900000.0,3912100000.0,3912100000.0,789800000.0,0.011,0.017,0.074,0.118,221700000.0,1089500000.0,1.0,222859148.0,222900000,224600000.0,17.551,5092600000.0,0.0,211800000.0,442800000.0,22.847,2221000000.0
11,ALXN,MRT,2018-06-30,2018-06-30,2018-06-30,2021-05-02,-2900000.0,13490400000.0,13636725000.0,2836100000.0,10654300000.0,0.275,39.386,-311200000.0,727500000.0,727500000.0,488500000.0,-100300000.0,2.716,0.539,3204800000.0,278500000.0,2926300000.0,3204800000.0,0.0,497500000.0,0.0,0.0,0.0,179700000.0,677200000.0,0.181,677200000.0,179700000.0,80500000.0,-0.44,-0.45,-0.44,8767400000.0,8929300000.0,8767400000.0,30308157311.0,169.0,44.755,171900000.0,0.772,1.0,3256200000.0,0.87,8831200000.0,99200000.0,6092100000.0,6338525000.0,463200000.0,449500000.0,449500000.0,0.0,4723000000.0,1044400000.0,3678600000.0,27623457311.0,189100000.0,0.0,-259800000.0,-138900000.0,0.0,-437400000.0,143800000.0,452500000.0,483100000.0,-400000.0,-100300000.0,-100300000.0,-100300000.0,0.0,0.0,-0.027,3129900000.0,126300000.0,58800000.0,0.0,3.151,-275.408,-282.159,1422600000.0,0.0,124.15,7.377,7.38,853700000.0,2040000000.0,3744700000.0,3744700000.0,810700000.0,-0.007,-0.011,0.028,0.048,233400000.0,1101400000.0,1.0,222500663.0,222600000,222600000.0,16.823,4659200000.0,0.0,180800000.0,464000000.0,20.931,1791700000.0
12,ALXN,MRT,2018-03-31,2018-03-31,2018-03-31,2021-05-02,-45700000.0,13830200000.0,13636375000.0,3152000000.0,10678200000.0,0.265,41.03,-349500000.0,511800000.0,511800000.0,476800000.0,522300000.0,3.346,0.518,3196500000.0,167500000.0,3029000000.0,3196500000.0,0.0,498600000.0,0.0,0.0,0.0,804400000.0,1303000000.0,0.361,1303000000.0,804400000.0,705400000.0,2.35,2.33,2.35,9112700000.0,8956200000.0,9112700000.0,27355212968.0,34.0,20.994,757500000.0,3.411,1.0,3135600000.0,0.868,8911500000.0,99000000.0,6661400000.0,6363000000.0,456500000.0,1079100000.0,1079100000.0,0.0,4717500000.0,942000000.0,3775500000.0,24708612968.0,-201300000.0,0.0,-432500000.0,-175000000.0,0.0,-651400000.0,-677700000.0,-330400000.0,1107000000.0,20800000.0,522300000.0,522300000.0,522300000.0,0.0,0.0,0.145,2362600000.0,773000000.0,57100000.0,0.0,2.711,47.307,47.43,1379300000.0,0.0,111.46,6.84,6.853,776700000.0,2497400000.0,3612400000.0,3612400000.0,835500000.0,0.038,0.058,0.126,0.223,240700000.0,1089700000.0,1.0,221681437.0,222100000,223700000.0,16.265,4918700000.0,0.0,183100000.0,442700000.0,22.146,2210000000.0
13,ALXN,MRT,2017-12-31,2017-12-31,2017-12-31,2021-05-02,-34400000.0,13583300000.0,13537575000.0,2953900000.0,10629400000.0,0.262,39.719,-357300000.0,584400000.0,584400000.0,454200000.0,443300000.0,3.101,0.527,3231000000.0,167400000.0,3063600000.0,3231000000.0,0.0,496700000.0,0.0,0.0,0.0,646200000.0,1142900000.0,0.322,1142900000.0,646200000.0,547800000.0,1.98,1.97,1.98,8893100000.0,8892025000.0,8893100000.0,29430559326.0,46.0,25.751,758300000.0,3.387,1.0,3096900000.0,0.872,8991800000.0,98400000.0,6285600000.0,6174650000.0,460400000.0,889700000.0,889700000.0,0.0,4690200000.0,952500000.0,3737700000.0,26717559326.0,-381600000.0,0.0,-377700000.0,-175000000.0,0.0,-596600000.0,-918300000.0,-561100000.0,1115600000.0,17700000.0,443300000.0,443300000.0,443300000.0,0.0,0.0,0.125,2428500000.0,668400000.0,710200000.0,0.0,3.004,60.27,60.399,1325400000.0,0.0,119.59,7.524,7.54,726500000.0,2242100000.0,3551100000.0,3551100000.0,878400000.0,0.033,0.05,0.105,0.182,243100000.0,1094400000.0,1.0,223409644.0,223900000,225400000.0,15.86,4591500000.0,0.0,104500000.0,365000000.0,20.507,2001400000.0
14,ALXN,MRT,2017-09-30,2017-09-30,2017-09-30,2021-05-02,-37000000.0,13643000000.0,13455075000.0,2882000000.0,10761000000.0,0.258,40.054,-375500000.0,550000000.0,550000000.0,377900000.0,506700000.0,2.965,0.525,3263000000.0,167000000.0,3096000000.0,3263000000.0,18000000.0,413000000.0,0.0,0.0,0.0,660900000.0,1073900000.0,0.309,1073900000.0,660900000.0,562700000.0,2.26,2.24,2.26,8944000000.0,8842200000.0,8944000000.0,34016658021.0,51.0,31.676,865300000.0,3.875,1.0,3094600000.0,0.891,9069000000.0,98200000.0,6315000000.0,5956350000.0,441000000.0,979000000.0,979000000.0,0.0,4699000000.0,972000000.0,3727000000.0,31310658021.0,-212000000.0,0.0,-244000000.0,-326300000.0,0.0,-655400000.0,-804300000.0,-426800000.0,1240800000.0,6900000.0,506700000.0,506700000.0,506700000.0,0.0,0.0,0.146,2411900000.0,682700000.0,35000000.0,0.0,3.501,61.793,62.075,1354000000.0,0.0,140.29,9.017,9.021,705000000.0,2212000000.0,3472500000.0,3472500000.0,819600000.0,0.038,0.057,0.111,0.19,213600000.0,1056000000.0,1.0,223185245.0,223300000,225000000.0,15.551,4574000000.0,0.0,56000000.0,353000000.0,20.484,1910000000.0
15,ALXN,MRT,2017-06-30,2017-06-30,2017-06-30,2021-05-02,-14000000.0,13489000000.0,13367690500.0,2789000000.0,10700000000.0,0.255,39.55,-377200000.0,542000000.0,542000000.0,291900000.0,522700000.0,3.258,0.52,3248000000.0,167000000.0,3081000000.0,3248000000.0,14000000.0,402600000.0,0.0,0.0,0.0,760700000.0,1163300000.0,0.341,1163300000.0,760700000.0,663500000.0,2.33,2.31,2.33,8875000000.0,8732225750.0,8875000000.0,29891794465.0,39.0,25.696,884100000.0,3.94,1.0,3120500000.0,0.914,9149000000.0,97200000.0,6190000000.0,5744782500.0,410000000.0,902000000.0,902000000.0,0.0,4614000000.0,856000000.0,3758000000.0,27321794465.0,-56300000.0,0.0,-260800000.0,-282500000.0,0.0,-620900000.0,-700100000.0,-322000000.0,1261300000.0,3400000.0,522700000.0,522700000.0,522700000.0,0.0,0.0,0.153,2301600000.0,818900000.0,51000000.0,0.0,3.079,52.271,52.219,1233000000.0,0.0,121.67,8.007,8.001,710000000.0,2134000000.0,3412400000.0,3412400000.0,818900000.0,0.039,0.06,0.132,0.223,202200000.0,1015400000.0,1.0,224556542.0,224400000,225500000.0,15.207,4340000000.0,0.0,140800000.0,387000000.0,19.34,1933000000.0
16,ALXN,MRT,2017-03-31,2017-03-31,2017-03-31,2021-05-02,36000000.0,13435000000.0,13252777250.0,2733000000.0,10702000000.0,0.245,39.43,-343100000.0,713000000.0,713000000.0,268300000.0,477500000.0,3.265,0.517,3283000000.0,167000000.0,3116000000.0,3283000000.0,16000000.0,399000000.0,0.0,0.0,0.0,723600000.0,1122600000.0,0.345,1122600000.0,723600000.0,627200000.0,2.13,2.11,2.13,8856000000.0,8563310500.0,8856000000.0,29554171050.0,41.0,26.327,877100000.0,3.905,1.0,2984400000.0,0.918,9260000000.0,96400000.0,5908000000.0,5605981500.0,396000000.0,749000000.0,749000000.0,0.0,4579000000.0,837000000.0,3742000000.0,27232171050.0,3000000.0,0.0,-121300000.0,-243800000.0,0.0,-432900000.0,-776900000.0,-432700000.0,1220200000.0,-7400000.0,477500000.0,477500000.0,477500000.0,0.0,0.0,0.147,2216800000.0,767600000.0,61000000.0,0.0,3.075,57.031,56.92,1138000000.0,0.0,121.24,8.372,8.372,660000000.0,1969000000.0,3252700000.0,3252700000.0,800700000.0,0.036,0.056,0.129,0.222,189000000.0,981800000.0,1.0,224613750.0,224600000,226200000.0,14.482,4175000000.0,0.0,149700000.0,384000000.0,18.589,1896000000.0
17,ALXN,MRT,2016-12-31,2016-12-31,2016-12-31,2021-05-02,60500000.0,13253300000.0,13094638500.0,2578200000.0,10675100000.0,0.236,38.76,-332700000.0,966000000.0,966000000.0,258300000.0,399400000.0,3.133,0.524,3288500000.0,167000000.0,3121500000.0,3288500000.0,36600000.0,396400000.0,0.0,0.0,0.0,673100000.0,1069500000.0,0.347,1069500000.0,673100000.0,576200000.0,1.78,1.76,1.78,8693800000.0,8364879750.0,8693800000.0,30285859555.0,45.0,28.318,753600000.0,3.36,1.0,2825800000.0,0.916,9340500000.0,96900000.0,5412400000.0,5437130500.0,374700000.0,327400000.0,327400000.0,0.0,4559500000.0,822900000.0,3736600000.0,27436742555.0,-44100000.0,0.0,-393500000.0,-375000000.0,0.0,-836200000.0,-287600000.0,46200000.0,1086300000.0,-6600000.0,399400000.0,399400000.0,399400000.0,0.0,0.0,0.13,2122700000.0,703100000.0,64100000.0,0.0,3.156,68.695,68.736,1035600000.0,0.0,122.35,8.896,8.898,649600000.0,1817600000.0,3084100000.0,3084100000.0,757200000.0,0.031,0.048,0.124,0.218,192300000.0,953000000.0,1.0,224247998.0,224300000,226300000.0,13.75,3912800000.0,0.0,176800000.0,395500000.0,17.444,1755300000.0
18,ALXN,MRT,2016-09-30,2016-09-30,2016-09-30,2021-05-02,-16617000.0,13293462000.0,13055563500.0,2594534000.0,10698928000.0,0.226,37.965,-306076000.0,761989000.0,761989000.0,247637000.0,372619000.0,2.508,0.563,3476768000.0,322942000.0,3153826000.0,3476768000.0,63402000.0,388737000.0,0.0,0.0,0.0,641711000.0,1030448000.0,0.349,1030448000.0,641711000.0,546504000.0,1.68,1.66,1.68,8504103000.0,8256179750.0,8504103000.0,30328466675.0,47.0,29.432,587782000.0,2.624,1.0,2706183000.0,0.916,9505170000.0,95207000.0,5468730000.0,5382280500.0,363058000.0,550882000.0,550882000.0,0.0,4789359000.0,1034341000.0,3755018000.0,27479349675.0,-401182000.0,7000.0,-493141000.0,-223708000.0,0.0,-733287000.0,-563617000.0,-258469000.0,893858000.0,1864000.0,372619000.0,372619000.0,372619000.0,0.0,0.0,0.126,2019347000.0,686836000.0,44849000.0,0.0,3.231,73.747,72.94,931060000.0,0.0,122.54,9.303,9.293,676837000.0,1724809000.0,2953820000.0,2953820000.0,742063000.0,0.029,0.045,0.119,0.217,230656000.0,936581000.0,1.0,224247998.0,224000000,226000000.0,13.187,3788292000.0,0.0,173885000.0,343794000.0,16.912,1560193000.0
19,ALXN,MRT,2016-06-30,2016-06-30,2016-06-30,2021-05-02,694000.0,13029347000.0,13020451750.0,2361209000.0,10668138000.0,0.217,36.604,-287129000.0,597550000.0,597550000.0,230694000.0,94862000.0,3.586,0.589,3446667000.0,79136000.0,3367531000.0,3446667000.0,53422000.0,338459000.0,0.0,0.0,0.0,618041000.0,956500000.0,0.339,956500000.0,618041000.0,526863000.0,0.45,0.43,0.45,8199339000.0,8193371250.0,8199339000.0,28867496349.0,47.0,30.18,539815000.0,2.41,1.0,2590763000.0,0.918,9585206000.0,91178000.0,5634796000.0,5282362500.0,329847000.0,582501000.0,582501000.0,0.0,4830008000.0,658462000.0,4171546000.0,26156594349.0,-724024000.0,-32000.0,-504821000.0,-223708000.0,0.0,-857315000.0,-692811000.0,-409640000.0,826944000.0,-842000.0,94862000.0,94862000.0,94862000.0,0.0,0.0,0.034,1939675000.0,651088000.0,28978000.0,0.0,3.19,275.733,259.467,825301000.0,0.0,116.76,9.271,9.27,609297000.0,1387504000.0,2821457000.0,2821457000.0,712727000.0,0.007,0.012,0.117,0.219,322766000.0,919101000.0,1.0,224020164.0,224000000,226000000.0,12.596,3444141000.0,0.0,432001000.0,570074000.0,15.376,1702747000.0
20,ALXN,MRT,2016-03-31,2016-03-31,2016-03-31,2021-05-02,3815000.0,12802445000.0,13055044750.0,2127509000.0,10674936000.0,0.207,35.832,-293225000.0,710198000.0,710198000.0,222701000.0,145077000.0,3.525,0.588,3421100000.0,35358000.0,3385742000.0,3421100000.0,78416000.0,253022000.0,0.0,0.0,0.0,605304000.0,858326000.0,0.317,858326000.0,605304000.0,534155000.0,0.75,0.73,0.75,8062277000.0,8281754250.0,8062277000.0,33962505102.0,56.0,39.568,532941000.0,2.369,1.0,2481966000.0,0.918,9677138000.0,71149000.0,5232596000.0,5092244750.0,293962000.0,317354000.0,317354000.0,0.0,4740168000.0,603613000.0,4136555000.0,31365059102.0,-206715000.0,-3939300000.0,-503556000.0,3190300000.0,0.0,2508026000.0,-3542777000.0,685299000.0,826166000.0,1870000.0,145077000.0,145077000.0,145077000.0,0.0,0.0,0.054,1845752000.0,636214000.0,42897000.0,0.0,3.89,216.196,185.627,749295000.0,0.0,139.22,11.597,11.582,586249000.0,1272561000.0,2704667000.0,2704667000.0,664420000.0,0.011,0.018,0.119,0.224,383524000.0,908484000.0,1.0,225291331.0,225000000,227000000.0,12.021,3125307000.0,0.0,389078000.0,535910000.0,13.89,1523896000.0
21,ALXN,MRT,2015-12-31,2015-12-31,2015-12-31,2021-05-02,62000000.0,13097000000.0,10958164750.0,2416000000.0,10681000000.0,0.238,38.702,-286300000.0,1010000000.0,1010000000.0,233100000.0,144400000.0,3.408,0.586,3571000000.0,166000000.0,3405000000.0,3571000000.0,21000000.0,166600000.0,0.0,0.0,0.0,545900000.0,712500000.0,0.274,712500000.0,545900000.0,498100000.0,0.68,0.67,0.68,8259000000.0,7145410500.0,8259000000.0,45466933797.0,83.0,63.813,388900000.0,1.822,1.0,2370900000.0,0.91,9756000000.0,47800000.0,5193000000.0,4343339750.0,290000000.0,375000000.0,375000000.0,0.0,4838000000.0,709000000.0,4129000000.0,42980610797.0,66100000.0,-3939300000.0,-245700000.0,3353300000.0,0.0,2985100000.0,-3585200000.0,635000000.0,675200000.0,-9000000.0,144400000.0,144400000.0,144400000.0,0.0,0.0,0.055,1770000000.0,600900000.0,57000000.0,0.0,5.204,297.65,280.515,697000000.0,0.0,190.75,16.506,15.632,533000000.0,1181000000.0,2604000000.0,2604000000.0,709500000.0,0.013,0.02,0.126,0.21,316800000.0,862600000.0,1.0,225324303.0,213400000,215900000.0,12.202,3341000000.0,0.0,353700000.0,529000000.0,15.656,1707000000.0
22,ALXN,MRT,2015-09-30,2015-09-30,2015-09-30,2021-05-02,54428000.0,13153015000.0,8734405250.0,2480219000.0,10672796000.0,0.287,36.48,-259345000.0,1163281000.0,1163281000.0,225040000.0,231201000.0,3.234,0.594,3649604000.0,175000000.0,3474604000.0,3649604000.0,49944000.0,91468000.0,0.0,0.0,0.0,653990000.0,745458000.0,0.298,745458000.0,653990000.0,628830000.0,1.27,1.23,1.27,8252869000.0,5906165000.0,8252869000.0,37632791143.0,58.0,50.483,508381000.0,2.247,1.0,2277883000.0,0.91,9803420000.0,25160000.0,5069058000.0,3538765500.0,236542000.0,295211000.0,295211000.0,0.0,4900146000.0,766860000.0,4133286000.0,35325354143.0,410975000.0,-3939307000.0,-108091000.0,3385508000.0,0.0,3136149000.0,-3480893000.0,712573000.0,767726000.0,-12007000.0,231201000.0,231201000.0,231201000.0,0.0,0.0,0.092,1568830000.0,709053000.0,46974000.0,0.0,4.28,152.791,122.992,618733000.0,0.0,156.2,14.114,14.118,512253000.0,1113791000.0,2502923000.0,2502923000.0,647765000.0,0.026,0.039,0.185,0.261,305849000.0,804586000.0,1.0,226154636.0,226228000,226228000.0,11.064,3349595000.0,0.0,397629000.0,549938000.0,14.806,1713359000.0
23,ALXN,MRT,2015-06-30,2015-06-30,2015-06-30,2021-05-02,62516000.0,13167719000.0,6418873250.0,2533238000.0,10634481000.0,0.373,42.292,-205982000.0,1322123000.0,1322123000.0,222841000.0,592689000.0,3.293,0.54,3629560000.0,131250000.0,3498310000.0,3629560000.0,88366000.0,51099000.0,0.0,0.0,0.0,731524000.0,782623000.0,0.327,782623000.0,731524000.0,725680000.0,2.98,2.92,2.98,8552871000.0,4623707500.0,8552871000.0,35321090532.0,48.0,45.132,620179000.0,3.067,1.0,2168591000.0,0.907,9831662000.0,5844000.0,4874325000.0,2756846750.0,234347000.0,172229000.0,172229000.0,0.0,4614848000.0,769169000.0,3845679000.0,36077492532.0,709936000.0,-3939268000.0,-114545000.0,3373508000.0,0.0,3261783000.0,-3361273000.0,783593000.0,826161000.0,-16735000.0,592689000.0,592689000.0,592689000.0,0.0,0.0,0.248,1407131000.0,761460000.0,47039000.0,0.0,4.218,60.871,60.661,555388000.0,0.0,180.77,15.086,15.287,535824000.0,1297548000.0,2391432000.0,2391432000.0,582762000.0,0.092,0.128,0.265,0.306,164327000.0,749731000.0,1.0,199576769.0,202234000,204546000.0,11.825,3336057000.0,0.0,132991000.0,42018000.0,16.496,1764069000.0
24,ALXN,MRT,2015-03-31,2015-03-31,2015-03-31,2021-05-02,119489000.0,4414925000.0,4015396000.0,2852987000.0,1561938000.0,0.565,17.641,-176342000.0,916814000.0,916814000.0,210460000.0,588969000.0,4.915,0.255,160412000.0,45500000.0,114912000.0,160412000.0,106616000.0,48310000.0,0.0,0.0,0.0,769622000.0,817932000.0,0.361,817932000.0,769622000.0,767034000.0,2.98,2.92,2.98,3516902000.0,3205885250.0,3516902000.0,34252936610.0,45.0,41.877,517747000.0,2.597,1.0,2057257000.0,0.907,841108000.0,2588000.0,2236976000.0,1991070500.0,174498000.0,1008278000.0,1008278000.0,0.0,898023000.0,580439000.0,317584000.0,35032336610.0,388387000.0,0.0,-232491000.0,-47500000.0,0.0,-107138000.0,-181226000.0,-4765000.0,694089000.0,-17338000.0,588969000.0,588969000.0,588969000.0,0.0,0.0,0.26,1262074000.0,795183000.0,52869000.0,0.0,9.961,59.481,58.154,440487000.0,0.0,173.3,15.448,15.235,479883000.0,1127333000.0,2267717000.0,2267717000.0,543623000.0,0.147,0.184,0.387,0.339,-40157000.0,687825000.0,1.0,202148509.0,199361000,202034000.0,11.375,3573817000.0,0.0,178065000.0,0.0,17.926,2272548000.0
25,ALXN,MRT,2014-12-31,2014-12-31,2014-12-31,2021-05-02,56785000.0,4201962000.0,3756581250.0,2796029000.0,1405933000.0,0.595,16.677,-137000000.0,943999000.0,943999000.0,174000000.0,657000000.0,4.608,0.273,164599000.0,48000000.0,116599000.0,164599000.0,58837000.0,47000000.0,0.0,0.0,0.0,875000000.0,922000000.0,0.413,922000000.0,875000000.0,872000000.0,3.32,3.26,3.32,3302018000.0,3001904250.0,3302018000.0,36093387221.0,41.0,39.147,503000000.0,2.54,1.0,2060000000.0,0.922,841119000.0,3000000.0,1974703000.0,1864172000.0,176441000.0,1017567000.0,1017567000.0,0.0,899944000.0,606740000.0,293204000.0,36689021221.0,414000000.0,0.0,-189000000.0,-55000000.0,0.0,7000000.0,-223000000.0,-85000000.0,640000000.0,-10000000.0,657000000.0,657000000.0,657000000.0,0.0,0.0,0.294,1171000000.0,889000000.0,44016000.0,0.0,11.111,55.843,55.732,392248000.0,0.0,185.03,16.423,16.399,432888000.0,1036010000.0,2234000000.0,2234000000.0,514000000.0,0.175,0.219,0.469,0.392,-137000000.0,630000000.0,1.0,198286879.0,198000000,202000000.0,11.283,3360843000.0,0.0,215000000.0,7046000.0,16.974,2189289000.0
26,ALXN,MRT,2014-09-30,2014-09-30,2014-09-30,2021-05-02,48500000.0,3890887000.0,3535514750.0,2559878000.0,1331009000.0,0.587,15.769,-92580000.0,752164000.0,752164000.0,175975000.0,484588000.0,5.094,0.246,156530000.0,48000000.0,108530000.0,156530000.0,98811000.0,36849000.0,0.0,0.0,0.0,807983000.0,844832000.0,0.407,844832000.0,807983000.0,804743000.0,2.44,2.4,2.44,3123039000.0,2771919500.0,3123039000.0,32330652803.0,40.0,38.269,472917000.0,2.388,1.0,1900191000.0,0.915,851333000.0,3240000.0,1941383000.0,1742208250.0,140044000.0,1029543000.0,1029543000.0,0.0,767848000.0,502537000.0,265311000.0,32801682803.0,-158247000.0,0.0,-178747000.0,-55500000.0,0.0,61754000.0,-778961000.0,-676564000.0,565497000.0,-6537000.0,484588000.0,484588000.0,484588000.0,0.0,0.0,0.233,1093102000.0,807089000.0,23175000.0,0.0,10.503,67.69,67.959,328476000.0,0.0,165.82,15.799,15.818,436467000.0,882678000.0,2076166000.0,2076166000.0,470457000.0,0.137,0.175,0.464,0.389,-195793000.0,581252000.0,1.0,197814997.0,198052000,201313000.0,10.483,3039554000.0,104001000.0,320155000.0,4971000.0,15.347,2057341000.0
27,ALXN,MRT,2014-06-30,2014-06-30,2014-06-30,2021-05-02,-32450000.0,3553810000.0,3325241750.0,2341306000.0,1212504000.0,0.578,14.562,-76506000.0,612045000.0,612045000.0,175475000.0,400642000.0,5.605,0.233,141015000.0,48000000.0,93015000.0,141015000.0,72271000.0,34721000.0,0.0,0.0,0.0,706485000.0,741206000.0,0.386,741206000.0,706485000.0,702822000.0,2.02,1.99,2.02,2881582000.0,2579851250.0,2881582000.0,30509328250.0,43.0,41.162,351745000.0,1.778,1.0,1745950000.0,0.909,853859000.0,3663000.0,1811220000.0,1502104500.0,144859000.0,982317000.0,982317000.0,0.0,672228000.0,417701000.0,254527000.0,30905696250.0,-324419000.0,0.0,-78630000.0,-55500000.0,0.0,165612000.0,-919718000.0,-834130000.0,428251000.0,1436000.0,400642000.0,400642000.0,400642000.0,0.0,0.0,0.209,1040245000.0,705705000.0,36066000.0,0.0,10.725,77.14,77.351,273326000.0,0.0,156.25,16.085,16.092,440699000.0,704947000.0,1921425000.0,1921425000.0,458005000.0,0.12,0.155,0.47,0.368,-209299000.0,546473000.0,1.0,197796456.0,197880000,201524000.0,9.71,2699951000.0,57698000.0,302180000.0,96000.0,13.644,1923605000.0
28,ALXN,MRT,2014-03-31,2014-03-31,2014-03-31,2021-05-02,-26435000.0,3379666000.0,3140598750.0,2245880000.0,1133786000.0,0.566,13.655,-41569000.0,528285000.0,528285000.0,175226000.0,330032000.0,5.66,0.251,131917000.0,48000000.0,83917000.0,131917000.0,58859000.0,31695000.0,0.0,0.0,0.0,625443000.0,657138000.0,0.369,657138000.0,625443000.0,621439000.0,1.67,1.64,1.67,2700978000.0,2412340750.0,2700978000.0,29711308101.0,48.0,45.213,378228000.0,1.912,1.0,1603795000.0,0.902,857094000.0,4004000.0,1729382000.0,1254880750.0,126154000.0,1029193000.0,1029193000.0,0.0,678688000.0,396822000.0,281866000.0,30095935101.0,-494675000.0,0.0,39072000.0,-55500000.0,0.0,195159000.0,-1111769000.0,-1061031000.0,419797000.0,2138000.0,330032000.0,330032000.0,330032000.0,0.0,0.0,0.186,979248000.0,624547000.0,35339000.0,0.0,11.143,91.191,91.096,218086000.0,0.0,152.13,16.917,16.914,429021000.0,538452000.0,1779021000.0,1779021000.0,434014000.0,0.105,0.137,0.498,0.352,-131601000.0,510185000.0,1.0,197830376.0,197797000,201804000.0,8.994,2522572000.0,49237000.0,291407000.0,45986000.0,12.753,1849058000.0
29,ALXN,MRT,2013-12-31,2013-12-31,2013-12-31,2021-05-02,-22857000.0,3317696000.0,2967152500.0,2186857000.0,1130839000.0,0.523,12.183,-29329000.0,529857000.0,529857000.0,177556000.0,252895000.0,3.755,0.393,145230000.0,48000000.0,97230000.0,145230000.0,53801000.0,28693000.0,0.0,0.0,0.0,530381000.0,559074000.0,0.36,559074000.0,530381000.0,526269000.0,1.29,1.27,1.29,2382079000.0,2259609500.0,2382079000.0,25281988842.0,48.0,45.221,468020000.0,2.394,1.0,1373790000.0,0.886,863792000.0,4112000.0,1486848000.0,976819250.0,102602000.0,984994000.0,984994000.0,0.0,935617000.0,582429000.0,353188000.0,26055148842.0,-459644000.0,0.0,5145000.0,-36000000.0,0.0,71639000.0,-1027141000.0,-988497000.0,497349000.0,-1491000.0,252895000.0,252895000.0,252895000.0,0.0,0.0,0.163,841774000.0,532016000.0,21596000.0,0.0,10.938,103.028,103.011,201109000.0,0.0,132.884,16.795,16.749,421752000.0,379098000.0,1551346000.0,1551346000.0,317093000.0,0.085,0.112,0.543,0.342,-29511000.0,489720000.0,1.0,196074387.0,195532000,199712000.0,7.934,2453904000.0,44826000.0,273374000.0,101241000.0,12.55,1604428000.0
30,ALXN,MRT,2013-09-30,2013-09-30,2013-09-30,2021-05-02,-12223000.0,3049795000.0,2791118500.0,1915502000.0,1134293000.0,0.512,12.035,-28217000.0,910411000.0,910411000.0,159151000.0,352858000.0,4.844,0.295,137251000.0,48000000.0,89251000.0,137251000.0,54371000.0,26513000.0,0.0,0.0,0.0,500048000.0,526561000.0,0.368,526561000.0,500048000.0,495561000.0,1.81,1.76,1.81,2354766000.0,2156802250.0,2354766000.0,21923408906.0,44.0,41.635,365208000.0,1.867,1.0,1270812000.0,0.889,900211000.0,4487000.0,980968000.0,733269000.0,105196000.0,392344000.0,392344000.0,0.0,695029000.0,395456000.0,299573000.0,22716018906.0,4885000.0,0.0,-21601000.0,-36000000.0,0.0,34617000.0,-421460000.0,-393037000.0,393425000.0,-1697000.0,352858000.0,352858000.0,352858000.0,0.0,0.0,0.247,772998000.0,497814000.0,24416000.0,0.0,9.647,64.377,64.177,178842000.0,0.0,116.16,15.886,15.894,404956000.0,398090000.0,1429963000.0,1429963000.0,294717000.0,0.126,0.164,0.682,0.35,-32960000.0,467525000.0,1.0,195558014.0,195662000,199711000.0,7.308,2149584000.0,33563000.0,142703000.0,13607000.0,10.986,1520046000.0
31,ALXN,MRT,2013-06-30,2013-06-30,2013-06-30,2021-05-02,19526000.0,2815238000.0,2655071750.0,1678633000.0,1136605000.0,0.499,11.327,-27840000.0,936464000.0,936464000.0,87602000.0,351252000.0,5.54,0.273,143854000.0,48000000.0,95854000.0,143854000.0,32875000.0,25482000.0,0.0,0.0,0.0,507302000.0,532784000.0,0.402,532784000.0,507302000.0,502038000.0,1.81,1.75,1.81,2211540000.0,2036219500.0,2211540000.0,17126365520.0,34.0,32.145,362634000.0,1.857,1.0,1236092000.0,0.934,897325000.0,5264000.0,822325000.0,612275750.0,112627000.0,182926000.0,182926000.0,0.0,603698000.0,302978000.0,300720000.0,18000325520.0,130254000.0,0.0,-17952000.0,-91000000.0,0.0,-46535000.0,-211368000.0,-183320000.0,390474000.0,-2317000.0,351252000.0,351252000.0,351252000.0,0.0,0.0,0.265,730834000.0,505258000.0,25587000.0,0.0,8.139,51.246,50.961,173721000.0,0.0,92.24,13.599,13.606,355284000.0,304305000.0,1323694000.0,1323694000.0,260788000.0,0.132,0.173,0.829,0.383,-2026000.0,434596000.0,1.0,195146634.0,195247000,199299000.0,6.78,1917913000.0,29626000.0,150786000.0,20755000.0,9.823,1375655000.0
32,ALXN,MRT,2013-03-31,2013-03-31,2013-03-31,2021-05-02,30962000.0,2685881000.0,2565664750.0,1550041000.0,1135840000.0,0.479,10.731,-23573000.0,1022960000.0,1022960000.0,79838000.0,291625000.0,5.241,0.285,149000000.0,48000000.0,101000000.0,149000000.0,29787000.0,24278000.0,0.0,0.0,0.0,452784000.0,477062000.0,0.388,477062000.0,452784000.0,446497000.0,1.51,1.45,1.51,2090053000.0,1920758000.0,2090053000.0,17146079203.0,38.0,35.941,370732000.0,1.903,1.0,1148484000.0,0.935,899038000.0,6287000.0,617136000.0,549953750.0,101856000.0,0.0,0.0,0.0,595828000.0,295747000.0,300081000.0,17986580203.0,663572000.0,-306000.0,475695000.0,-206075000.0,0.0,297446000.0,-23957000.0,0.0,394305000.0,-4222000.0,291625000.0,291625000.0,291625000.0,0.0,0.0,0.237,697212000.0,451272000.0,25586000.0,0.0,8.606,61.677,61.02,164966000.0,0.0,92.14,14.643,14.61,323907000.0,208420000.0,1228322000.0,1228322000.0,251860000.0,0.114,0.152,0.823,0.369,28990000.0,406262000.0,1.0,195209249.0,194771000,199057000.0,6.306,1786843000.0,31975000.0,154872000.0,21120000.0,9.174,1254294000.0
33,ALXN,MRT,2012-12-31,2012-12-31,2012-12-31,2021-05-02,6635000.0,2613560000.0,2398560500.0,1495600000.0,1117960000.0,0.473,10.348,-21846000.0,989501000.0,989501000.0,72837000.0,254822000.0,4.153,0.326,149000000.0,48000000.0,101000000.0,149000000.0,31266000.0,23887000.0,0.0,0.0,0.0,404968000.0,428855000.0,0.378,428855000.0,404968000.0,397566000.0,1.34,1.28,1.34,1970850000.0,1701564750.0,1970850000.0,17467802488.0,43.0,40.731,388767000.0,2.041,1.0,1061277000.0,0.936,900323000.0,7402000.0,512647000.0,575190000.0,94521000.0,0.0,0.0,0.0,642710000.0,360089000.0,282621000.0,18212328488.0,448636000.0,-605735000.0,517097000.0,142816000.0,0.0,666376000.0,-627585000.0,0.0,410613000.0,-768000.0,254822000.0,254822000.0,254822000.0,0.0,0.0,0.225,656939000.0,404338000.0,21488000.0,0.0,9.241,71.471,69.955,165629000.0,0.0,93.74,16.059,15.743,295598000.0,126203000.0,1134114000.0,1134114000.0,222732000.0,0.106,0.15,0.704,0.357,46785000.0,384678000.0,1.0,194285561.0,190461000,198501000.0,5.955,1713237000.0,40040000.0,142744000.0,19827000.0,8.995,1135511000.0
34,ALXN,MRT,2012-09-30,2012-09-30,2012-09-30,2021-05-02,2345000.0,2505608000.0,2093858250.0,1410391000.0,1095217000.0,0.497,9.684,-20998000.0,905526000.0,905526000.0,68488000.0,222020000.0,3.897,0.338,161000000.0,48000000.0,113000000.0,161000000.0,35070000.0,22027000.0,0.0,0.0,0.0,370778000.0,392805000.0,0.377,392805000.0,370778000.0,364374000.0,1.17,1.12,1.17,1872435000.0,1492475250.0,1872435000.0,21507792453.0,58.0,54.754,375445000.0,1.942,1.0,972659000.0,0.934,902145000.0,6404000.0,496995000.0,560742750.0,90049000.0,0.0,0.0,0.0,633173000.0,361942000.0,271231000.0,22086002453.0,467372000.0,-605735000.0,528356000.0,155456000.0,0.0,691735000.0,-619334000.0,7358000.0,396443000.0,-1472000.0,222020000.0,222020000.0,222020000.0,0.0,0.0,0.213,600827000.0,371832000.0,21962000.0,0.0,11.795,99.478,97.778,165047000.0,0.0,114.4,21.213,21.245,311369000.0,45230000.0,1041147000.0,1041147000.0,193721000.0,0.106,0.149,0.661,0.356,50659000.0,358621000.0,1.0,193059462.0,193353000,201142000.0,5.385,1603463000.0,33686000.0,142354000.0,0.0,8.293,1048449000.0
35,ALXN,MRT,2012-06-30,2012-06-30,2012-06-30,2021-05-02,16542000.0,2457610000.0,1793716750.0,1276161000.0,1181449000.0,0.53,9.279,-20164000.0,806210000.0,806210000.0,112048000.0,195411000.0,3.402,0.405,228000000.0,48000000.0,180000000.0,228000000.0,26812000.0,20329000.0,0.0,0.0,0.0,294039000.0,314368000.0,0.331,314368000.0,294039000.0,289286000.0,1.05,1.0,1.05,1749694000.0,1288298500.0,1749694000.0,18557166888.0,63.0,59.03,311207000.0,1.65,1.0,839010000.0,0.882,931201000.0,4753000.0,573037000.0,557623000.0,94108000.0,0.0,0.0,0.0,707916000.0,375162000.0,332754000.0,18561554888.0,458342000.0,-605735000.0,511709000.0,222106000.0,0.0,736832000.0,-605503000.0,20358000.0,331371000.0,-4358000.0,195411000.0,195411000.0,195411000.0,0.0,0.0,0.205,543698000.0,295312000.0,23752000.0,0.0,10.608,94.987,94.571,164568000.0,0.0,99.3,19.517,19.689,282722000.0,-46948000.0,951058000.0,951058000.0,176008000.0,0.109,0.152,0.527,0.309,47904000.0,346236000.0,1.0,186924017.0,188575000,197051000.0,5.043,1526409000.0,85557000.0,93875000.0,842000.0,8.094,900999000.0
36,ALXN,MRT,2012-03-31,2012-03-31,2012-03-31,2021-05-02,7556000.0,2017464000.0,1474208000.0,811934000.0,1205530000.0,0.585,6.534,-23526000.0,359388000.0,359388000.0,102180000.0,193898000.0,2.296,0.663,355000000.0,108000000.0,247000000.0,355000000.0,17983000.0,19174000.0,0.0,0.0,0.0,259528000.0,278702000.0,0.323,278702000.0,259528000.0,256651000.0,1.05,1.0,1.05,1213280000.0,1089250500.0,1213280000.0,16732109960.0,64.0,60.036,285002000.0,1.535,1.0,759858000.0,0.881,941318000.0,2877000.0,718081000.0,532347500.0,92906000.0,0.0,0.0,0.0,804184000.0,353677000.0,450507000.0,17271347960.0,69958000.0,-605910000.0,41902000.0,288983000.0,0.0,333780000.0,-569949000.0,59458000.0,308528000.0,-2401000.0,193898000.0,193898000.0,193898000.0,0.0,0.0,0.225,499227000.0,260631000.0,16023000.0,0.0,14.235,89.074,88.438,165763000.0,0.0,92.86,20.035,20.002,267397000.0,-83206000.0,862038000.0,862038000.0,152019000.0,0.132,0.178,0.488,0.301,46750000.0,329561000.0,1.0,185993409.0,185682000,194560000.0,4.643,1076146000.0,99601000.0,62753000.0,56404000.0,5.796,458257000.0
37,ALXN,MRT,2011-12-31,2011-12-31,2011-12-31,2021-05-02,4179000.0,1394751000.0,1258474250.0,941270000.0,453481000.0,0.623,6.192,-21982000.0,540865000.0,540865000.0,93140000.0,175315000.0,4.132,0.229,0.0,0.0,0.0,0.0,17905000.0,17616000.0,0.0,0.0,0.0,230456000.0,248072000.0,0.317,248072000.0,230456000.0,229668000.0,0.96,0.91,0.96,1134492000.0,1011271750.0,1134492000.0,12801580508.0,56.0,51.604,248102000.0,1.354,1.0,690291000.0,0.881,171243000.0,788000.0,454858000.0,487511250.0,81386000.0,0.0,0.0,0.0,260259000.0,227785000.0,32474000.0,13238018508.0,273720000.0,-105886000.0,35765000.0,0.0,0.0,39050000.0,-33717000.0,94458000.0,270084000.0,-1697000.0,175315000.0,175315000.0,175315000.0,0.0,0.0,0.224,459465000.0,230826000.0,16029000.0,0.0,11.669,75.51,74.479,165852000.0,0.0,71.5,16.897,16.722,244288000.0,-128619000.0,783431000.0,783431000.0,137421000.0,0.139,0.173,0.473,0.294,44763000.0,308176000.0,1.0,185147112.0,183220000,191806000.0,4.276,1223508000.0,123000000.0,54353000.0,3000.0,6.678,713485000.0
38,ALXN,MRT,2011-09-30,2011-09-30,2011-09-30,2021-05-02,-3104000.0,1305042000.0,1162795750.0,817356000.0,487686000.0,0.612,5.747,-19136000.0,438154000.0,438154000.0,84564000.0,153595000.0,3.869,0.236,1716000.0,1430000.0,286000.0,1716000.0,13636000.0,17130000.0,0.0,0.0,0.0,200616000.0,217746000.0,0.306,217746000.0,200616000.0,199837000.0,0.84,0.8,0.84,1055728000.0,942582750.0,1055728000.0,11475189758.0,57.0,52.7,211170000.0,1.149,1.0,627283000.0,0.881,172844000.0,779000.0,484516000.0,515660250.0,78302000.0,7034000.0,7034000.0,0.0,249314000.0,211244000.0,38070000.0,11820997758.0,228198000.0,-105886000.0,39258000.0,-261000.0,0.0,42047000.0,-44356000.0,81017000.0,230306000.0,201000.0,153595000.0,153595000.0,153595000.0,0.0,0.0,0.216,426798000.0,200485000.0,14372000.0,0.0,11.197,76.962,76.262,164153000.0,0.0,64.06,16.606,16.532,221293000.0,-176789000.0,711847000.0,711847000.0,130200000.0,0.132,0.163,0.389,0.282,42031000.0,284435000.0,1.0,184530093.0,183706000,192161000.0,3.875,1132198000.0,159454000.0,46242000.0,10004000.0,6.163,606112000.0
39,ALXN,MRT,2011-06-30,2011-06-30,2011-06-30,2021-05-02,-19627000.0,1179575000.0,1072099500.0,700395000.0,479180000.0,0.606,5.211,-17156000.0,347868000.0,347868000.0,77690000.0,115898000.0,3.73,0.237,2060000.0,1682000.0,378000.0,2060000.0,13925000.0,16665000.0,0.0,0.0,0.0,177504000.0,194169000.0,0.299,194169000.0,177504000.0,176767000.0,0.64,0.61,0.64,953502000.0,881604750.0,953502000.0,8421577570.0,47.0,43.372,179841000.0,0.983,1.0,571679000.0,0.88,174052000.0,737000.0,471935000.0,538133250.0,75222000.0,20141000.0,20141000.0,0.0,226073000.0,187780000.0,38293000.0,8645775570.0,135764000.0,-105886000.0,40289000.0,15000.0,0.0,42445000.0,-107368000.0,16024000.0,196997000.0,3690000.0,115898000.0,115898000.0,115898000.0,0.0,0.0,0.178,394680000.0,176999000.0,13446000.0,0.0,9.067,74.598,73.484,163763000.0,0.0,47.03,13.314,13.251,212720000.0,-242359000.0,649369000.0,649369000.0,118786000.0,0.108,0.131,0.33,0.273,39149000.0,264071000.0,1.0,183835330.0,182962000,191187000.0,3.549,1005523000.0,156381000.0,60869000.0,9959000.0,5.496,512615000.0
40,ALXN,MRT,2011-03-31,2011-03-31,2011-03-31,2021-05-02,-14275000.0,1154529000.0,999604250.0,669246000.0,485283000.0,0.59,4.96,-12748000.0,289430000.0,289430000.0,69666000.0,102926000.0,3.081,0.281,65232000.0,64770000.0,462000.0,65232000.0,11615000.0,16267000.0,0.0,0.0,0.0,160455000.0,176722000.0,0.3,176722000.0,160455000.0,159763000.0,0.57,0.55,0.57,901365000.0,841282750.0,901365000.0,8748374812.0,55.0,49.504,151027000.0,0.831,1.0,519838000.0,0.882,174413000.0,692000.0,538736000.0,556737500.0,74398000.0,59354000.0,59354000.0,0.0,253164000.0,217182000.0,35982000.0,9010342812.0,103368000.0,-105405000.0,36637000.0,60079000.0,0.0,98023000.0,-160007000.0,-41514000.0,163775000.0,1577000.0,102926000.0,102926000.0,102926000.0,0.0,0.0,0.175,359538000.0,160300000.0,9025000.0,0.0,9.996,87.542,86.561,160625000.0,0.0,49.34,15.285,15.21,200729000.0,-277104000.0,589504000.0,589504000.0,106830000.0,0.103,0.122,0.288,0.272,35565000.0,241989000.0,1.0,182617406.0,181724000,190366000.0,3.244,980116000.0,165314000.0,56837000.0,10259000.0,5.393,452064000.0
41,ALXN,MRT,2010-12-31,2010-12-31,2010-12-31,2021-05-02,-7140000.0,1012037000.0,919912750.0,646556000.0,365481000.0,0.588,4.815,-12843000.0,267145000.0,267145000.0,64437000.0,97030000.0,4.668,0.177,5177000.0,715000.0,4462000.0,5177000.0,2896000.0,15792000.0,0.0,0.0,0.0,149715000.0,165507000.0,0.306,165507000.0,149715000.0,149011000.0,0.54,0.52,0.54,859736000.0,801560250.0,859736000.0,7084032643.0,47.0,42.802,148063000.0,0.829,1.0,476520000.0,0.881,44100000.0,704000.0,567454000.0,554699000.0,62165000.0,94460000.0,94460000.0,0.0,152301000.0,138515000.0,13786000.0,7289025643.0,109973000.0,0.0,37546000.0,0.0,0.0,38867000.0,-89318000.0,-76473000.0,160906000.0,-482000.0,97030000.0,97030000.0,97030000.0,0.0,0.0,0.179,325882000.0,150638000.0,16026000.0,0.0,8.478,75.121,74.583,162240000.0,0.0,40.275,13.474,13.293,168732000.0,-303934000.0,540957000.0,540957000.0,98394000.0,0.105,0.121,0.27,0.277,32338000.0,226766000.0,1.0,180981394.0,178542000,186074000.0,3.03,967937000.0,174212000.0,51981000.0,0.0,5.421,508041000.0
42,ALXN,MRT,2010-09-30,2010-09-30,2010-09-30,2021-05-02,-4599000.0,942257000.0,863503750.0,558237000.0,384020000.0,0.574,4.536,-18118000.0,209956000.0,209956000.0,57107000.0,307707000.0,4.744,0.161,4963000.0,939000.0,4024000.0,4963000.0,4166000.0,15402000.0,0.0,0.0,0.0,127971000.0,143373000.0,0.289,143373000.0,127971000.0,127357000.0,1.785,1.69,1.785,811816000.0,758715250.0,811816000.0,5593073863.0,44.0,39.011,124222000.0,0.694,1.0,438523000.0,0.885,45193000.0,614000.0,574408000.0,539402250.0,60412000.0,88598000.0,88598000.0,0.0,130441000.0,117663000.0,12778000.0,5800833863.0,44661000.0,0.0,31019000.0,-20509000.0,0.0,10435000.0,-107050000.0,-89416000.0,142340000.0,-1064000.0,307707000.0,307707000.0,307707000.0,0.0,0.0,0.621,310260000.0,128263000.0,13322000.0,0.0,7.146,18.852,18.028,162111000.0,0.0,32.18,11.704,11.621,154088000.0,-330384000.0,495630000.0,495630000.0,94432000.0,0.356,0.406,0.237,0.258,31611000.0,215828000.0,1.0,180262084.0,178980000,186042000.0,2.769,897064000.0,184160000.0,-180350000.0,217000.0,5.012,440574000.0
43,ALXN,MRT,2010-06-30,2010-06-30,2010-06-30,2021-05-02,21383000.0,889594000.0,765941000.0,491785000.0,397809000.0,0.596,4.451,-22473000.0,212104000.0,212104000.0,52507000.0,306565000.0,5.511,0.123,4344000.0,245000.0,4099000.0,4344000.0,2979000.0,14342000.0,0.0,0.0,0.0,112964000.0,127306000.0,0.279,127306000.0,112964000.0,112432000.0,1.78,1.685,1.78,792214000.0,662570750.0,792214000.0,4409506919.0,39.0,34.637,115679000.0,0.65,1.0,404182000.0,0.885,46253000.0,532000.0,546352000.0,460525000.0,57747000.0,36721000.0,36721000.0,0.0,97380000.0,89229000.0,8151000.0,4585884919.0,66301000.0,0.0,33736000.0,-44511000.0,0.0,-10715000.0,-59144000.0,-37423000.0,138152000.0,-1992000.0,306565000.0,306565000.0,306565000.0,0.0,0.0,0.671,290745000.0,113437000.0,10955000.0,0.0,5.789,14.959,14.379,161871000.0,0.0,25.595,10.042,9.976,127023000.0,-358257000.0,456689000.0,456689000.0,90602000.0,0.4,0.463,0.245,0.247,30211000.0,200143000.0,1.0,179171124.0,178004000,185150000.0,2.566,843341000.0,197911000.0,-194133000.0,205000.0,4.738,402556000.0
44,ALXN,MRT,2010-03-31,2010-03-31,2010-03-31,2021-05-02,10628000.0,835763000.0,672288750.0,430081000.0,405682000.0,0.629,4.194,-46426000.0,186062000.0,186062000.0,49099000.0,301594000.0,5.281,0.126,9684000.0,328000.0,9356000.0,9684000.0,3240000.0,13291000.0,0.0,0.0,0.0,98726000.0,112017000.0,0.265,112017000.0,98726000.0,98243000.0,1.76,1.66,1.76,742475000.0,561129000.0,742475000.0,4698983329.0,48.0,41.949,72978000.0,0.412,1.0,374012000.0,0.884,47368000.0,483000.0,530582000.0,388741000.0,55552000.0,18642000.0,18642000.0,0.0,93288000.0,81435000.0,11853000.0,4846400329.0,47023000.0,0.0,37128000.0,-44451000.0,0.0,-7662000.0,-64726000.0,-18985000.0,119404000.0,7000.0,301594000.0,301594000.0,301594000.0,0.0,0.0,0.713,271950000.0,102062000.0,9474000.0,0.0,6.527,16.069,15.446,162966000.0,0.0,27.185,11.454,11.373,126660000.0,-380031000.0,423111000.0,423111000.0,85200000.0,0.449,0.537,0.254,0.233,28909000.0,186750000.0,1.0,178274796.0,177012000,184180000.0,2.39,788395000.0,204640000.0,-203351000.0,194000.0,4.454,348646000.0
45,ALXN,MRT,2009-12-31,2009-12-31,2009-12-31,2021-05-02,-1942000.0,786401000.0,586258500.0,373456000.0,412945000.0,0.66,4.034,-63015000.0,157172000.0,157172000.0,45059000.0,295166000.0,4.38,0.142,10843000.0,422000.0,10421000.0,10843000.0,1652000.0,12473000.0,0.0,0.0,0.0,83920000.0,96393000.0,0.249,96393000.0,83920000.0,83314000.0,1.73,1.63,1.73,688356000.0,444188000.0,688356000.0,4187831901.0,50.0,43.445,50826000.0,0.298,1.0,341741000.0,0.884,48543000.0,606000.0,506267000.0,349556750.0,40885000.0,19048000.0,19048000.0,0.0,98045000.0,85262000.0,12783000.0,4323792901.0,19160000.0,0.0,30733000.0,-44351000.0,0.0,-14270000.0,-81423000.0,-19026000.0,113841000.0,1012000.0,295166000.0,295166000.0,295166000.0,0.0,0.0,0.763,254682000.0,87059000.0,11530000.0,0.0,6.281,14.649,14.11,164691000.0,0.0,24.41,11.178,10.769,113731000.0,-400964000.0,386800000.0,386800000.0,81915000.0,0.503,0.665,0.24,0.217,28731000.0,172767000.0,1.0,177132032.0,170652000,181164000.0,2.267,737858000.0,211034000.0,-211852000.0,204000.0,4.324,288194000.0
46,ALXN,MRT,2009-09-30,2009-09-30,2009-09-30,2021-05-02,-10637000.0,552006000.0,509046000.0,332144000.0,219862000.0,0.695,2.443,-72022000.0,166869000.0,166869000.0,38979000.0,73375000.0,3.077,0.292,30908000.0,20494000.0,10414000.0,30908000.0,3283000.0,11014000.0,0.0,0.0,0.0,78422000.0,89436000.0,0.253,89436000.0,78422000.0,77468000.0,0.44,0.405,0.44,427238000.0,333849250.0,427238000.0,3823933754.0,49.0,42.756,40226000.0,0.23,1.0,314571000.0,0.89,49201000.0,954000.0,258899000.0,309331000.0,40999000.0,0.0,0.0,0.0,124768000.0,107945000.0,16823000.0,3917302754.0,41145000.0,0.0,23408000.0,-24292000.0,0.0,-884000.0,-71322000.0,635000.0,112248000.0,1103000.0,73375000.0,73375000.0,73375000.0,0.0,0.0,0.208,233644000.0,80927000.0,15117000.0,0.0,9.169,53.387,50.614,162221000.0,0.0,22.27,11.08,11.017,109455000.0,-638092000.0,353550000.0,353550000.0,73975000.0,0.144,0.22,0.254,0.222,27654000.0,159669000.0,1.0,175900438.0,174894000,181892000.0,2.022,502805000.0,5994000.0,4093000.0,1575000.0,2.875,224199000.0
47,ALXN,MRT,2009-06-30,2009-06-30,2009-06-30,2021-05-02,-5408000.0,514985000.0,478630250.0,300230000.0,214755000.0,0.684,2.27,-74343000.0,147641000.0,147641000.0,36032000.0,66333000.0,2.676,0.333,54272000.0,44310000.0,9962000.0,54272000.0,2710000.0,10003000.0,0.0,0.0,0.0,71398000.0,81401000.0,0.249,81401000.0,71398000.0,69890000.0,0.415,0.375,0.415,386447000.0,270479750.0,386447000.0,3377349450.0,47.0,41.49,18602000.0,0.109,1.0,291390000.0,0.89,50202000.0,1508000.0,259216000.0,348575750.0,45495000.0,0.0,0.0,0.0,128538000.0,112198000.0,16340000.0,3374008450.0,39702000.0,0.0,25595000.0,-5284000.0,0.0,20311000.0,-73981000.0,631000.0,92945000.0,427000.0,66333000.0,66333000.0,66333000.0,0.0,0.0,0.203,217736000.0,73654000.0,9165000.0,0.0,8.731,50.865,49.53,155419000.0,0.0,20.555,10.305,10.688,94954000.0,-664823000.0,327422000.0,327422000.0,67526000.0,0.139,0.245,0.205,0.218,26665000.0,150210000.0,1.0,164145388.0,170256000,180318000.0,1.923,464783000.0,5957000.0,3557000.0,1544000.0,2.73,188032000.0
48,ALXN,MRT,2009-03-31,2009-03-31,2009-03-31,2021-05-02,3436000.0,491642000.0,444681250.0,286366000.0,205276000.0,0.663,1.681,-55824000.0,140809000.0,140809000.0,32861000.0,51905000.0,4.086,0.79,144150000.0,2803000.0,141347000.0,144150000.0,1898000.0,9343000.0,0.0,0.0,0.0,56349000.0,65692000.0,0.223,65692000.0,56349000.0,54214000.0,0.33,0.295,0.33,274711000.0,205567500.0,274711000.0,3081155337.0,55.0,46.903,24557000.0,0.15,1.0,261864000.0,0.889,51054000.0,2135000.0,373845000.0,382375000.0,49360000.0,0.0,0.0,0.0,216931000.0,70084000.0,146847000.0,3076645337.0,34185000.0,0.0,28606000.0,-18592000.0,0.0,10014000.0,-55466000.0,9368000.0,80381000.0,-744000.0,51905000.0,51905000.0,51905000.0,0.0,0.0,0.176,206475000.0,55389000.0,20384000.0,0.0,11.2,59.275,57.061,144833000.0,0.0,18.83,10.439,10.439,79991000.0,-681625000.0,294725000.0,294725000.0,66063000.0,0.117,0.252,0.147,0.191,25724000.0,140412000.0,1.0,163390618.0,163396000,181290000.0,1.804,440588000.0,5116000.0,2309000.0,1498000.0,2.696,216282000.0
49,ALXN,MRT,2008-12-31,2008-12-31,2008-12-31,2021-05-02,2947000.0,477551000.0,412769250.0,277101000.0,200450000.0,0.628,1.59,-48357000.0,139711000.0,139711000.0,28366000.0,33149000.0,3.282,0.933,144221000.0,2796000.0,141425000.0,144221000.0,1128000.0,7608000.0,0.0,0.0,0.0,37137000.0,44745000.0,0.173,44745000.0,37137000.0,34730000.0,0.215,0.195,0.215,247001000.0,163899500.0,247001000.0,2896999988.0,78.0,64.745,4842000.0,0.031,1.0,230733000.0,0.891,52279000.0,2407000.0,345364000.0,386301750.0,49821000.0,0.0,0.0,0.0,230550000.0,84418000.0,146132000.0,2820131988.0,42691000.0,0.0,28893000.0,-585000.0,0.0,28308000.0,-38650000.0,9368000.0,53199000.0,-166000.0,33149000.0,33149000.0,33149000.0,0.0,0.0,0.128,196124000.0,34609000.0,33655000.0,0.0,11.417,85.074,84.163,139885000.0,0.0,18.095,10.884,10.85,74476000.0,-696130000.0,259099000.0,259099000.0,62581000.0,0.08,0.202,0.096,0.143,23682000.0,133543000.0,1.0,155851450.0,155360000,179934000.0,1.668,425272000.0,4369000.0,1581000.0,1545000.0,2.737,192683000.0
50,ALXN,MRT,2008-09-30,2008-09-30,2008-09-30,2021-05-02,4967000.0,430343000.0,376970750.0,270420000.0,159923000.0,0.572,1.133,-43003000.0,124702000.0,124702000.0,24945000.0,5482000.0,4.405,1.477,201570000.0,7290000.0,194280000.0,201570000.0,2398000.0,7250000.0,0.0,0.0,0.0,7765000.0,15015000.0,0.07,15015000.0,7765000.0,5164000.0,0.035,0.02,0.035,173760000.0,127538250.0,173760000.0,3157548569.0,407.0,210.293,-42067000.0,-0.274,1.0,190612000.0,0.884,29946000.0,2601000.0,415878000.0,393523000.0,49724000.0,1700000.0,1700000.0,0.0,256583000.0,61387000.0,195196000.0,3057494569.0,32650000.0,0.0,43323000.0,-578000.0,0.0,42745000.0,-11052000.0,18677000.0,936000.0,21000.0,5482000.0,5482000.0,5482000.0,0.0,0.0,0.025,186274000.0,4338000.0,9890000.0,0.0,17.596,557.733,561.429,128450000.0,0.0,19.65,14.184,13.976,70715000.0,-711466000.0,215557000.0,215557000.0,62951000.0,0.015,0.043,0.02,0.036,23520000.0,123323000.0,1.0,155597688.0,153316000,179686000.0,1.406,400397000.0,0.0,-318000.0,0.0,2.612,209033000.0
51,ALXN,MRT,2008-06-30,2008-06-30,2008-06-30,2021-05-02,-1600000.0,379189000.0,349661250.0,228130000.0,151059000.0,0.461,0.838,-50199000.0,106585000.0,106585000.0,18151000.0,-34292000.0,4.175,1.99,206639000.0,9784000.0,196855000.0,206639000.0,2044000.0,6550000.0,0.0,0.0,0.0,-32493000.0,-25943000.0,-0.161,-25943000.0,-32493000.0,-35103000.0,-0.23,-0.23,-0.23,126798000.0,107254500.0,126798000.0,2899782615.0,-89.0,-111.775,-106834000.0,-0.706,1.0,143016000.0,0.887,30194000.0,2610000.0,394413000.0,378897750.0,48048000.0,1696000.0,1696000.0,0.0,252391000.0,54636000.0,197755000.0,2785346615.0,-6663000.0,0.0,39853000.0,22426000.0,0.0,62279000.0,-12738000.0,28420000.0,-56635000.0,431000.0,-34292000.0,-34292000.0,-34292000.0,0.0,0.0,-0.213,181186000.0,-38170000.0,6989000.0,0.0,21.967,-81.224,-78.804,119387000.0,0.0,18.125,17.282,17.023,56138000.0,-731154000.0,161167000.0,161167000.0,64983000.0,-0.098,-0.32,-0.086,-0.202,23596000.0,116203000.0,1.0,153674296.0,151368000,157982000.0,1.065,348995000.0,0.0,-811000.0,0.0,2.306,173494000.0
52,ALXN,MRT,2008-03-31,2008-03-31,2008-03-31,2021-05-02,-1711000.0,363994000.0,329086500.0,218125000.0,145869000.0,0.338,0.72,-64045000.0,105271000.0,105271000.0,12076000.0,-63850000.0,3.733,2.369,219707000.0,22780000.0,196927000.0,219707000.0,880000.0,5343000.0,0.0,0.0,0.0,-62210000.0,-56867000.0,-0.511,-56867000.0,-62210000.0,-64595000.0,-0.432,-0.432,-0.432,108039000.0,99632750.0,108039000.0,2358217057.0,-38.0,-41.469,-175552000.0,-1.17,1.0,99288000.0,0.892,30443000.0,2385000.0,389552000.0,357195750.0,33085000.0,1693000.0,1693000.0,0.0,255955000.0,58435000.0,197520000.0,2259725057.0,-32138000.0,0.0,40079000.0,35793000.0,0.0,75872000.0,2736000.0,36209000.0,-111507000.0,761000.0,-63850000.0,-63850000.0,-63850000.0,0.0,0.0,-0.573,169437000.0,-70149000.0,6080000.0,0.0,20.916,-35.391,-34.317,111219000.0,0.0,14.825,20.291,19.976,53702000.0,-733528000.0,111364000.0,111364000.0,63353000.0,-0.194,-0.641,-0.174,-0.559,22929000.0,106084000.0,1.0,152426648.0,150056000,150056000.0,0.742,333551000.0,0.0,-745000.0,0.0,2.223,159690000.0
53,ALXN,MRT,2007-12-31,2007-12-31,2007-12-31,2021-05-02,-1443000.0,334357000.0,315022250.0,204417000.0,129940000.0,0.229,0.699,-68825000.0,96279000.0,96279000.0,6696000.0,-92290000.0,5.421,2.292,194771000.0,272000.0,194499000.0,194771000.0,41000.0,4927000.0,0.0,0.0,0.0,-90546000.0,-85619000.0,-1.188,-85619000.0,-90546000.0,-93035000.0,-0.635,-0.635,-0.635,101556000.0,99857750.0,101556000.0,2910065570.0,-32.0,-33.989,-208439000.0,-1.435,1.0,65345000.0,0.907,20891000.0,2489000.0,374249000.0,330393000.0,32907000.0,10433000.0,10433000.0,0.0,232801000.0,37709000.0,195092000.0,2820553570.0,-71505000.0,0.0,47005000.0,17839000.0,0.0,64844000.0,3077000.0,39266000.0,-139614000.0,188000.0,-92290000.0,-92290000.0,-92290000.0,0.0,0.0,-1.281,165103000.0,-99758000.0,9072000.0,0.0,27.773,-30.562,-29.539,104280000.0,0.0,18.758,39.152,37.818,46278000.0,-729279000.0,72041000.0,72041000.0,68961000.0,-0.293,-0.924,-0.274,-1.257,22025000.0,96142000.0,1.0,150369376.0,145244000,145244000.0,0.496,313466000.0,0.0,-745000.0,0.0,2.158,166708000.0
54,ALXN,MRT,2007-09-30,2007-09-30,2007-09-30,2021-05-02,-941000.0,321105000.0,314817250.0,190702000.0,130403000.0,0.122,0.632,-67620000.0,105325000.0,105325000.0,3306000.0,-119212000.0,5.729,2.467,194837000.0,267000.0,194570000.0,194837000.0,18000.0,4261000.0,0.0,0.0,0.0,-116944000.0,-112683000.0,-2.937,-112683000.0,-116944000.0,-119573000.0,-0.847,-0.847,-0.847,92625000.0,105638000.0,92625000.0,2474121839.0,-21.0,-21.956,-213799000.0,-1.458,1.0,35065000.0,0.914,19954000.0,2629000.0,357377000.0,302253500.0,32212000.0,20413000.0,20413000.0,0.0,228480000.0,33286000.0,195194000.0,2419511839.0,51519000.0,0.0,178131000.0,17679000.0,0.0,195531000.0,2038000.0,50300000.0,-146179000.0,129000.0,-119212000.0,-119212000.0,-119212000.0,0.0,0.0,-3.107,161964000.0,-126899000.0,10547000.0,0.0,26.122,-20.296,-19.23,92964000.0,0.0,16.288,63.056,62.252,31625000.0,-716947000.0,38371000.0,38371000.0,70664000.0,-0.379,-1.128,-0.387,-3.048,25599000.0,91300000.0,1.0,148550228.0,146656000,146656000.0,0.262,301151000.0,0.0,-361000.0,0.0,2.053,157416000.0
55,ALXN,MRT,2007-06-30,2007-06-30,2007-06-30,2021-05-02,-827000.0,296890000.0,287291250.0,186860000.0,110030000.0,0.058,0.668,-67897000.0,122290000.0,122290000.0,1152000.0,-130999000.0,7.805,2.083,176900000.0,262000.0,176638000.0,176900000.0,0.0,3900000.0,0.0,0.0,0.0,-128699000.0,-124799000.0,-7.553,-124799000.0,-128699000.0,-131372000.0,-0.967,-0.967,-0.967,96311000.0,84630750.0,96311000.0,1658051167.0,-13.0,-13.286,-207137000.0,-1.437,1.0,15372000.0,0.93,19954000.0,2673000.0,307605000.0,281034250.0,14944000.0,30130000.0,30130000.0,0.0,200579000.0,23941000.0,176638000.0,1640959167.0,60122000.0,0.0,169025000.0,25743000.0,0.0,194489000.0,5096000.0,81518000.0,-139240000.0,-223000.0,-130999000.0,-130999000.0,-130999000.0,0.0,0.0,-7.928,153440000.0,-138068000.0,8041000.0,0.0,17.038,-12.527,-11.649,76749000.0,0.0,11.265,99.308,98.254,10265000.0,-696866000.0,16524000.0,16524000.0,74963000.0,-0.456,-1.548,-0.458,-7.789,24094000.0,78477000.0,1.0,145668812.0,144124000,144124000.0,0.115,276936000.0,0.0,-373000.0,0.0,1.922,162919000.0
56,ALXN,MRT,2007-03-31,2007-03-31,2007-03-31,2021-05-02,-205000.0,307737000.0,266714000.0,206975000.0,100762000.0,0.027,0.77,-47598000.0,159240000.0,159240000.0,85000.0,-136980000.0,9.185,1.825,176332000.0,68000.0,176264000.0,176332000.0,0.0,3698000.0,0.0,0.0,0.0,-134504000.0,-130806000.0,-18.405,-130806000.0,-134504000.0,-137353000.0,-1.045,-1.045,-1.045,108939000.0,69137000.0,108939000.0,1521369543.0,-11.0,-11.631,-168777000.0,-1.193,1.0,7022000.0,0.988,19954000.0,2849000.0,282341000.0,270624750.0,3113000.0,46695000.0,46695000.0,0.0,198798000.0,22534000.0,176264000.0,1545439543.0,125045000.0,0.0,159834000.0,25758000.0,0.0,185313000.0,61056000.0,130902000.0,-121179000.0,-145000.0,-136980000.0,-136980000.0,-136980000.0,0.0,0.0,-19.274,150340000.0,-143318000.0,8761000.0,0.0,14.186,-11.282,-10.344,54592000.0,0.0,10.81,217.453,215.141,1173000.0,-669683000.0,7107000.0,7107000.0,83230000.0,-0.514,-1.981,-0.497,-18.926,22429000.0,67110000.0,1.0,142963880.0,141444000,141444000.0,0.05,287783000.0,0.0,-373000.0,0.0,2.035,184441000.0
57,ALXN,MRT,2006-12-31,2006-12-31,2006-12-31,2021-05-02,-177000.0,333537000.0,249260750.0,236776000.0,96761000.0,0.006,0.983,-31856000.0,200420000.0,200420000.0,0.0,-131514000.0,8.51,1.675,176350000.0,67000.0,176283000.0,176350000.0,5343000.0,3706000.0,0.0,0.0,0.0,-129050000.0,-125344000.0,-80.452,-125344000.0,-129050000.0,-131887000.0,-1.035,-1.035,-1.035,124677000.0,57706000.0,124677000.0,1389445032.0,-11.0,-11.085,-141770000.0,-1.118,1.0,1558000.0,1.0,19954000.0,2837000.0,261691000.0,284227500.0,2314000.0,49728000.0,49728000.0,0.0,208860000.0,27822000.0,181038000.0,1286489032.0,123197000.0,0.0,153827000.0,25776000.0,0.0,179324000.0,53907000.0,119357000.0,-109914000.0,-120000.0,-131514000.0,-131514000.0,-131514000.0,0.0,0.0,-84.412,138643000.0,-137085000.0,10939000.0,0.0,10.319,-9.782,-9.756,39135000.0,0.0,10.098,825.731,821.825,0.0,-637581000.0,1558000.0,1558000.0,83225000.0,-0.528,-2.279,-0.454,-82.831,20615000.0,55418000.0,1.0,127406688.0,126804000,126804000.0,0.012,313583000.0,0.0,-373000.0,0.0,2.473,208954000.0
58,ALXN,MRT,2006-09-30,2006-09-30,2006-09-30,2021-05-02,-145000.0,211001000.0,231554250.0,147498000.0,63503000.0,0.007,0.069,-20530000.0,73165000.0,73165000.0,0.0,-113646000.0,6.859,23.546,176121000.0,121000.0,176000000.0,176121000.0,5490000.0,3257000.0,0.0,0.0,0.0,-111485000.0,-108228000.0,-65.593,-108228000.0,-111485000.0,-114003000.0,-0.905,-0.905,-0.905,8596000.0,47009250.0,8596000.0,1170185419.0,-10.0,-10.812,-123875000.0,-0.991,1.0,1650000.0,1.0,19954000.0,2518000.0,272500000.0,299793500.0,0.0,70683000.0,70683000.0,0.0,202405000.0,21503000.0,180902000.0,1073674419.0,-12656000.0,0.0,8708000.0,25943000.0,0.0,34595000.0,56167000.0,109881000.0,-103345000.0,-73000.0,-113646000.0,-113646000.0,-113646000.0,0.0,0.0,-68.876,120367000.0,-118717000.0,3479000.0,0.0,124.904,-9.448,-9.387,28630000.0,0.0,8.495,650.712,643.849,0.0,-598331000.0,1650000.0,1650000.0,82331000.0,-0.491,-2.418,-0.372,-67.567,14095000.0,38036000.0,1.0,126388984.0,125056000,125056000.0,0.013,191047000.0,0.0,-357000.0,0.0,1.528,125995000.0
59,ALXN,MRT,2006-06-30,2006-06-30,2006-06-30,2021-05-02,-370000.0,214581000.0,,168572000.0,46009000.0,,0.275,-3108000.0,53642000.0,53642000.0,0.0,-118348000.0,6.697,5.249,150153000.0,128000.0,150025000.0,150153000.0,5637000.0,3445000.0,0.0,0.0,0.0,-116411000.0,-112966000.0,-63.787,-112966000.0,-116411000.0,-118978000.0,-0.96,-0.96,-0.96,34336000.0,,34336000.0,1277505013.0,-11.0,-11.309,-104172000.0,-0.835,1.0,1771000.0,1.0,19954000.0,2567000.0,265967000.0,,0.0,111391000.0,111391000.0,0.0,180245000.0,25171000.0,155074000.0,1139266013.0,5691000.0,0.0,74043000.0,-57000.0,0.0,73605000.0,33199000.0,37307000.0,-101064000.0,-49000.0,-118348000.0,-118348000.0,-118348000.0,0.0,0.0,-66.826,125244000.0,-123473000.0,508000.0,0.0,33.18,-9.626,-9.406,11819000.0,0.0,9.03,643.29,636.393,0.0,-566459000.0,1771000.0,1771000.0,92914000.0,,,,-65.732,11155000.0,32330000.0,1.0,126164564.0,124812000,124812000.0,0.014,194627000.0,0.0,-630000.0,0.0,1.559,143401000.0
60,ALXN,MRT,2006-03-31,2006-03-31,2006-03-31,2021-05-02,-334000.0,237924000.0,,193199000.0,44725000.0,,0.51,-2007000.0,11947000.0,11947000.0,0.0,-120293000.0,9.93,2.764,150186000.0,130000.0,150056000.0,150186000.0,5784000.0,3639000.0,0.0,0.0,0.0,-117155000.0,-113516000.0,-70.992,-113516000.0,-117155000.0,-120945000.0,-1.008,-1.008,-1.008,63215000.0,,63215000.0,1216817380.0,-10.0,-10.719,-109061000.0,-0.88,1.0,1599000.0,1.0,19954000.0,3790000.0,336752000.0,,0.0,177324000.0,177324000.0,0.0,174709000.0,19457000.0,155252000.0,1110229380.0,-43363000.0,0.0,74437000.0,-57000.0,0.0,73999000.0,-10273000.0,-8266000.0,-107054000.0,-35000.0,-120293000.0,-120293000.0,-120293000.0,0.0,0.0,-75.23,125232000.0,-123633000.0,1319000.0,0.0,17.563,-9.229,-8.785,10365000.0,0.0,8.855,694.327,686.492,0.0,-533294000.0,1599000.0,1599000.0,98691000.0,,,,-73.268,7767000.0,26541000.0,1.0,125378812.0,123964000,123964000.0,0.013,217970000.0,0.0,-652000.0,0.0,1.758,173742000.0
61,ALXN,MRT,2005-12-31,2005-12-31,2005-12-31,2021-05-02,-315000.0,262711000.0,,217551000.0,45160000.0,,0.671,-2680000.0,43629000.0,43629000.0,0.0,-119647000.0,8.568,2.208,150217000.0,129000.0,150088000.0,150217000.0,6110000.0,3845000.0,0.0,0.0,0.0,-116505000.0,-112660000.0,-80.702,-112660000.0,-116505000.0,-120438000.0,-1.025,-1.025,-1.025,81890000.0,,81890000.0,713266306.0,-6.0,-6.331,-107190000.0,-0.878,1.0,1396000.0,1.0,19954000.0,3933000.0,323955000.0,,0.0,168827000.0,168827000.0,0.0,180821000.0,25390000.0,155431000.0,626020306.0,10861000.0,0.0,69502000.0,29943000.0,0.0,94306000.0,21073000.0,23753000.0,-104510000.0,-8000.0,-119647000.0,-119647000.0,-119647000.0,0.0,0.0,-85.707,120918000.0,-119522000.0,3865000.0,0.0,7.645,-5.232,-4.939,10631000.0,0.0,5.062,448.439,442.758,0.0,-506067000.0,1396000.0,1396000.0,97754000.0,,,,-83.456,4601000.0,23164000.0,1.0,123658332.0,122092000,122092000.0,0.011,242757000.0,0.0,-791000.0,0.0,1.988,192161000.0
62,ALXN,MRT,2005-09-30,2005-09-30,2005-09-30,2021-05-02,,,,,,,,,,,,,,,,,,,,,,0.0,0.0,,,,,,,,,,,,,892445464.0,,,,,1.0,,,,,,,,,,,,,,777375464.0,,,,,,,,,,,,,,,,,,,,,,,,,,6.912,,,,,,,,,,,,,,1.0,112459380.0,117876000,,,,,,,,
63,ALXN,MRT,2005-06-30,2005-07-31,2005-07-31,2021-05-02,-566000.0,248122000.0,283848500.0,201162000.0,46960000.0,0.004,0.607,-2980000.0,46951000.0,46951000.0,0.0,-108750000.0,8.14,2.667,150224000.0,75000.0,150149000.0,150224000.0,6408000.0,3808000.0,0.0,0.0,0.0,-103390000.0,-99582000.0,-93.592,-99582000.0,-103390000.0,-109515000.0,-0.975,-0.975,-0.975,67671000.0,120096500.0,67671000.0,847180564.0,-8.0,-8.507,-99737000.0,-0.895,1.0,1064000.0,1.0,19954000.0,6125000.0,306727000.0,298685500.0,0.0,148453000.0,148453000.0,0.0,180451000.0,24714000.0,155737000.0,732110564.0,-66273000.0,0.0,3743000.0,29874000.0,0.0,28859000.0,1625000.0,4605000.0,-96757000.0,0.0,-108750000.0,-108750000.0,-108750000.0,0.0,0.0,-102.209,110339000.0,-109275000.0,7455000.0,0.0,10.819,-6.732,-6.677,11546000.0,0.0,6.51,688.074,681.641,0.0,-448111000.0,1064000.0,1064000.0,91388000.0,-0.383,-0.906,-0.346,-97.171,375000.0,18951000.0,1.0,112459380.0,111408000,111408000.0,0.01,228168000.0,0.0,-765000.0,0.0,2.048,176448000.0
64,ALXN,MRT,2005-03-31,2005-03-31,2005-03-31,2021-05-02,,,,,,,,,,,,,,,,,,,,,,0.0,0.0,,,,,,,,,,,,,698129795.0,,,,,1.0,,,,,,,,,,,,,,605148795.0,,,,,,,,,,,,,,,,,,,,,,,,,,5.416,,,,,,,,,,,,,,1.0,111728372.0,111700000,,,,,,,,
65,ALXN,MRT,2004-12-31,2005-01-31,2005-01-31,2021-05-02,-569000.0,425412000.0,323916000.0,375534000.0,49878000.0,0.016,1.17,-3197000.0,177019000.0,177019000.0,0.0,-78994000.0,2.719,2.265,270000000.0,120000000.0,150000000.0,270000000.0,6710000.0,3612000.0,0.0,0.0,0.0,-72019000.0,-68407000.0,-13.613,-68407000.0,-72019000.0,-79702000.0,-0.79,-0.79,-0.79,130303000.0,142161750.0,130303000.0,760789133.0,-11.0,-11.122,-80622000.0,-0.724,1.0,5025000.0,1.0,19954000.0,7683000.0,360322000.0,313378500.0,0.0,193974000.0,193974000.0,0.0,295109000.0,138117000.0,156992000.0,688273133.0,166487000.0,0.0,84005000.0,145163000.0,0.0,229168000.0,14744000.0,17941000.0,-77425000.0,0.0,-78994000.0,-78994000.0,-78994000.0,0.0,0.0,-15.72,84443000.0,-79418000.0,1385000.0,0.0,5.282,-8.713,-7.829,11003000.0,0.0,6.185,136.97,137.057,0.0,-383019000.0,5025000.0,5025000.0,67379000.0,-0.244,-0.556,-0.23,-14.332,64000.0,16304000.0,1.0,111281024.0,111352000,111352000.0,0.045,405458000.0,700000.0,-708000.0,0.0,3.641,237417000.0
66,ALXN,MRT,2004-09-30,2004-10-31,2004-10-31,2021-05-02,-291000.0,297412000.0,285592750.0,251807000.0,45605000.0,0.016,1.394,-2754000.0,47484000.0,47484000.0,0.0,-73071000.0,15.48,0.932,120000000.0,0.0,120000000.0,120000000.0,6618000.0,3656000.0,0.0,0.0,0.0,-66065000.0,-62409000.0,-13.541,-62409000.0,-66065000.0,-73753000.0,-0.783,-0.783,-0.783,153960000.0,141086750.0,153960000.0,503409834.0,-8.0,-8.066,-73271000.0,-0.664,1.0,4609000.0,1.0,19954000.0,7688000.0,333707000.0,310098750.0,0.0,199308000.0,199308000.0,0.0,143452000.0,16267000.0,127185000.0,492713834.0,36564000.0,0.0,83508000.0,-120000.0,0.0,83388000.0,23693000.0,26447000.0,-70517000.0,0.0,-73071000.0,-73071000.0,-73071000.0,0.0,0.0,-15.854,77899000.0,-73290000.0,6113000.0,0.0,3.2,-6.743,-5.698,11092000.0,0.0,4.461,106.903,106.888,0.0,-358549000.0,4609000.0,4609000.0,61815000.0,-0.256,-0.518,-0.213,-14.334,79000.0,15324000.0,1.0,110443000.0,110428000,110428000.0,0.042,277458000.0,612000.0,-682000.0,0.0,2.513,235540000.0
67,ALXN,MRT,2004-06-30,2004-07-31,2004-07-31,2021-05-02,-347000.0,319575000.0,282820000.0,276333000.0,43242000.0,0.016,1.995,-3140000.0,113224000.0,113224000.0,0.0,-74095000.0,14.046,0.852,123920000.0,3920000.0,120000000.0,123920000.0,6765000.0,3713000.0,0.0,0.0,0.0,-67077000.0,-63364000.0,-13.748,-63364000.0,-67077000.0,-74786000.0,-0.858,-0.858,-0.858,172522000.0,138616750.0,172522000.0,399930356.0,-6.0,-6.312,-75013000.0,-0.867,1.0,4609000.0,1.0,19954000.0,7709000.0,290644000.0,317607750.0,0.0,153277000.0,153277000.0,0.0,147053000.0,19673000.0,127380000.0,350570356.0,88380000.0,0.0,127223000.0,-120000.0,0.0,127103000.0,33150000.0,36290000.0,-71873000.0,0.0,-74095000.0,-74095000.0,-74095000.0,0.0,0.0,-16.076,75059000.0,-70450000.0,3973000.0,0.0,2.032,-4.731,-4.639,11786000.0,0.0,3.98,76.062,74.685,0.0,-339361000.0,4609000.0,4609000.0,59840000.0,-0.262,-0.535,-0.211,-14.553,106000.0,14459000.0,1.0,88083004.0,86488000,86488000.0,0.053,299621000.0,0.0,-691000.0,0.0,3.464,256660000.0
68,ALXN,MRT,2004-03-31,2004-04-30,2004-04-30,2021-05-02,-101000.0,253265000.0,269733000.0,208802000.0,44463000.0,0.002,1.273,-2417000.0,74560000.0,74560000.0,0.0,-75556000.0,15.098,1.264,123920000.0,3920000.0,120000000.0,123920000.0,6912000.0,3496000.0,0.0,0.0,0.0,-68999000.0,-65503000.0,-104.138,-65503000.0,-68999000.0,-76691000.0,-0.935,-0.935,-0.935,111862000.0,125557750.0,111862000.0,607843358.0,-9.0,-9.28,-71589000.0,-0.815,1.0,629000.0,1.0,19954000.0,7692000.0,268841000.0,327469750.0,0.0,129613000.0,129613000.0,0.0,141403000.0,13830000.0,127573000.0,494455358.0,13352000.0,0.0,46253000.0,0.0,0.0,46253000.0,36271000.0,38719000.0,-69172000.0,0.0,-75556000.0,-75556000.0,-75556000.0,0.0,0.0,-120.121,73417000.0,-72788000.0,4476000.0,0.0,4.42,-6.544,-6.021,10270000.0,0.0,5.63,786.098,786.553,0.0,-319238000.0,629000.0,629000.0,60592000.0,-0.28,-0.602,-0.211,-109.696,164000.0,12825000.0,1.0,87825108.0,87876000,87876000.0,0.007,233311000.0,1121000.0,-1135000.0,0.0,2.655,194972000.0
69,ALXN,MRT,2003-12-31,2004-01-31,2004-01-31,2021-05-02,207000.0,272119000.0,276927500.0,227194000.0,44925000.0,0.002,1.439,-2662000.0,10532000.0,10532000.0,0.0,-80121000.0,12.381,1.16,123920000.0,3920000.0,120000000.0,123920000.0,7059000.0,3654000.0,0.0,0.0,0.0,-73570000.0,-69916000.0,-111.331,-69916000.0,-73570000.0,-81266000.0,-1.035,-1.035,-1.035,126003000.0,133191250.0,126003000.0,510583236.0,-7.0,-7.303,-73604000.0,-0.84,1.0,628000.0,1.0,19954000.0,7696000.0,347203000.0,339255750.0,0.0,212691000.0,212691000.0,0.0,146116000.0,18350000.0,127766000.0,397583236.0,-41769000.0,0.0,44969000.0,0.0,0.0,44969000.0,-15796000.0,-13134000.0,-70942000.0,0.0,-80121000.0,-80121000.0,-80121000.0,0.0,0.0,-127.581,78458000.0,-77830000.0,7985000.0,0.0,3.155,-4.962,-4.386,10577000.0,0.0,4.54,633.094,633.084,0.0,-304025000.0,628000.0,628000.0,63910000.0,-0.289,-0.602,-0.217,-117.15,136000.0,11988000.0,1.0,87573400.0,87572000,87572000.0,0.007,252165000.0,933000.0,-1145000.0,0.0,2.88,208844000.0
70,ALXN,MRT,2003-09-30,2003-10-31,2003-10-31,2021-05-02,346000.0,286321000.0,285357000.0,240663000.0,45658000.0,0.002,1.805,-2916000.0,10920000.0,10920000.0,0.0,-83039000.0,15.403,0.987,123920000.0,3920000.0,120000000.0,123920000.0,7206000.0,3707000.0,0.0,0.0,0.0,-76485000.0,-72778000.0,-103.82,-72778000.0,-76485000.0,-84122000.0,-1.117,-1.117,-1.117,144080000.0,142276500.0,144080000.0,437395430.0,-6.0,-6.01,-89078000.0,-1.116,1.0,701000.0,1.0,19954000.0,7637000.0,363743000.0,338701750.0,0.0,226392000.0,226392000.0,0.0,142241000.0,15624000.0,126617000.0,338319430.0,-9284000.0,0.0,44424000.0,0.0,0.0,44424000.0,32454000.0,35370000.0,-86162000.0,0.0,-83039000.0,-83039000.0,-83039000.0,483000.0,0.0,-118.458,81631000.0,-80930000.0,5095000.0,0.0,2.348,-4.074,-4.158,12365000.0,0.0,4.645,482.624,528.987,0.0,-285478000.0,701000.0,701000.0,67629000.0,-0.291,-0.584,-0.226,-109.108,164000.0,11442000.0,1.0,72835184.0,79832000,79832000.0,0.009,266367000.0,871000.0,-1083000.0,0.0,3.337,225039000.0
71,ALXN,MRT,2003-06-30,2003-07-31,2003-07-31,2021-05-02,652000.0,267227000.0,296202500.0,220910000.0,46317000.0,0.003,1.651,-3107000.0,24844000.0,24844000.0,0.0,-84467000.0,13.589,1.222,123920000.0,0.0,123920000.0,123920000.0,7353000.0,3726000.0,0.0,0.0,0.0,-77785000.0,-74059000.0,-84.446,-74059000.0,-77785000.0,-85479000.0,-1.16,-1.16,-1.16,120286000.0,152262250.0,120286000.0,368876665.0,-5.0,-4.981,-92303000.0,-1.267,1.0,877000.0,1.0,19954000.0,7694000.0,330092000.0,347493500.0,0.0,190566000.0,190566000.0,0.0,146941000.0,16257000.0,130684000.0,306164665.0,-22730000.0,0.0,155000.0,0.0,0.0,155000.0,66311000.0,69418000.0,-89196000.0,0.0,-84467000.0,-84467000.0,-84467000.0,0.0,0.0,-96.314,84471000.0,-83594000.0,8710000.0,0.0,2.545,-3.625,-3.623,12276000.0,0.0,4.202,349.105,349.023,0.0,-265266000.0,877000.0,877000.0,71042000.0,-0.285,-0.555,-0.224,-88.694,146000.0,10869000.0,1.0,72852984.0,72836000,72836000.0,0.012,247273000.0,1012000.0,-1012000.0,0.0,3.395,204653000.0
72,ALXN,MRT,2003-03-31,2003-04-30,2003-04-30,2021-05-02,1294000.0,282043000.0,317913000.0,234734000.0,47309000.0,0.005,1.955,-3759000.0,61208000.0,61208000.0,0.0,-83721000.0,26.626,0.981,123920000.0,0.0,123920000.0,123920000.0,7500000.0,3516000.0,0.0,0.0,0.0,-76266000.0,-72750000.0,-49.591,-72750000.0,-76266000.0,-83917000.0,-1.153,-1.153,-1.153,142396000.0,173560250.0,142396000.0,311064667.0,-4.0,-4.276,-95599000.0,-1.312,1.0,1467000.0,1.0,19954000.0,7651000.0,315985000.0,363256000.0,0.0,169727000.0,169727000.0,0.0,139647000.0,8816000.0,130831000.0,239445667.0,-60219000.0,340000.0,178000.0,0.0,0.0,178000.0,31443000.0,34831000.0,-91840000.0,0.0,-83721000.0,-83721000.0,-83721000.0,483000.0,0.0,-57.07,83828000.0,-82361000.0,2246000.0,0.0,1.682,-2.86,-2.851,11903000.0,0.0,3.288,163.221,163.232,0.0,-243682000.0,1467000.0,1467000.0,71415000.0,-0.263,-0.482,-0.21,-51.988,102000.0,9853000.0,1.0,72835184.0,72840000,72840000.0,0.02,262089000.0,0.0,-196000.0,0.0,3.598,225918000.0
73,ALXN,MRT,2002-12-31,2003-01-31,2003-01-31,2021-05-02,1532000.0,305837000.0,339942250.0,255544000.0,50293000.0,0.005,2.229,-4114000.0,52301000.0,52301000.0,0.0,-81048000.0,20.419,0.884,123920000.0,0.0,123920000.0,123920000.0,7647000.0,3439000.0,0.0,0.0,0.0,-73400000.0,-69961000.0,-38.043,-69961000.0,-73400000.0,-81048000.0,-1.115,-1.115,-1.115,162344000.0,194181500.0,162344000.0,332556571.0,-5.0,-4.753,-90918000.0,-1.248,1.0,1839000.0,1.0,19954000.0,7648000.0,344987000.0,368916750.0,0.0,200882000.0,200882000.0,0.0,143493000.0,12515000.0,130978000.0,228840571.0,-116493000.0,340000.0,194000.0,0.0,0.0,194000.0,-29883000.0,-26109000.0,-86804000.0,0.0,-81048000.0,-81048000.0,-81048000.0,483000.0,0.0,-44.072,82764000.0,-80925000.0,6289000.0,0.0,1.41,-2.824,-2.818,14736000.0,0.0,3.143,124.438,124.449,0.0,-223904000.0,1839000.0,1839000.0,73211000.0,-0.238,-0.417,-0.199,-39.913,93000.0,9553000.0,1.0,72821184.0,72828000,72828000.0,0.025,285883000.0,0.0,0.0,0.0,3.925,243029000.0
74,ALXN,MRT,2002-09-30,2002-10-31,2002-10-31,2021-05-02,1838000.0,329703000.0,359361750.0,286081000.0,43622000.0,0.014,2.527,-4681000.0,20204000.0,20204000.0,0.0,-70393000.0,19.655,0.792,123920000.0,0.0,123920000.0,123920000.0,7751000.0,3516000.0,0.0,0.0,0.0,-63383000.0,-59867000.0,-11.976,-59867000.0,-63383000.0,-71093000.0,-0.97,-0.97,-0.97,184023000.0,214187500.0,184023000.0,261852871.0,-4.0,-4.374,-67178000.0,-0.923,1.0,4999000.0,1.0,19954000.0,7710000.0,398910000.0,359893750.0,0.0,263254000.0,263254000.0,0.0,145680000.0,14555000.0,131125000.0,185506871.0,-99954000.0,364000.0,285000.0,0.0,0.0,283000.0,-37740000.0,-33423000.0,-62497000.0,0.0,-70393000.0,-70393000.0,-70393000.0,0.0,0.0,-14.081,78646000.0,-73647000.0,8262000.0,0.0,1.008,-2.635,-2.626,15110000.0,0.0,2.547,37.109,37.107,0.0,-202439000.0,4999000.0,4999000.0,70011000.0,-0.196,-0.329,-0.176,-12.679,142000.0,8635000.0,1.0,72819184.0,72816000,72816000.0,0.069,309749000.0,0.0,-700000.0,0.0,4.254,271526000.0
75,ALXN,MRT,2002-06-30,2002-07-31,2002-07-31,2021-05-02,1678000.0,354069000.0,375438500.0,310784000.0,43285000.0,0.017,2.831,-4132000.0,47574000.0,47574000.0,0.0,-56542000.0,17.945,0.723,123920000.0,0.0,123920000.0,123920000.0,7898000.0,3562000.0,0.0,0.0,0.0,-49542000.0,-45980000.0,-7.035,-45980000.0,-49542000.0,-57242000.0,-0.78,-0.78,-0.78,205478000.0,232027750.0,205478000.0,284647756.0,-6.0,-6.191,-50353000.0,-0.694,1.0,6536000.0,1.0,19954000.0,7700000.0,393142000.0,352823500.0,0.0,261010000.0,261010000.0,0.0,148591000.0,17319000.0,131272000.0,282154756.0,-87614000.0,340000.0,326000.0,0.0,0.0,326000.0,-41719000.0,-37927000.0,-46221000.0,0.0,-56542000.0,-56542000.0,-56542000.0,0.0,0.0,-8.651,67998000.0,-61462000.0,9843000.0,0.0,1.373,-4.99,-4.971,14874000.0,0.0,3.877,43.169,43.061,0.0,-180799000.0,6536000.0,6536000.0,60005000.0,-0.151,-0.244,-0.14,-7.58,180000.0,7993000.0,1.0,72767184.0,72584000,72584000.0,0.09,334115000.0,0.0,-700000.0,0.0,4.603,293465000.0
76,ALXN,MRT,2002-03-31,2002-04-30,2002-04-30,2021-05-02,338000.0,370160000.0,386986000.0,327139000.0,43021000.0,0.023,3.096,-3266000.0,121427000.0,121427000.0,0.0,-43240000.0,23.603,0.646,123920000.0,0.0,123920000.0,123920000.0,8088000.0,4433000.0,0.0,0.0,0.0,-36258000.0,-31825000.0,-3.516,-31825000.0,-36258000.0,-43940000.0,-0.59,-0.59,-0.59,224881000.0,245760250.0,224881000.0,290137686.0,-8.0,-9.117,-40819000.0,-0.562,1.0,9051000.0,1.0,20165000.0,7682000.0,338628000.0,344720750.0,0.0,203750000.0,203750000.0,0.0,145279000.0,13860000.0,131419000.0,335011686.0,-110148000.0,-34000.0,340000.0,-92000.0,0.0,283000.0,-72878000.0,-69578000.0,-37553000.0,0.0,-43240000.0,-43240000.0,-43240000.0,0.0,0.0,-4.777,59371000.0,-50320000.0,8032000.0,0.0,1.49,-7.748,-7.831,13736000.0,0.0,4.62,37.014,37.078,469000.0,-159961000.0,9051000.0,9051000.0,50807000.0,-0.112,-0.176,-0.105,-4.006,338000.0,7737000.0,1.0,72513352.0,72640000,,0.125,349995000.0,700000.0,-700000.0,0.0,4.818,313279000.0
77,ALXN,MRT,2001-12-31,2002-01-31,2002-01-31,2021-05-02,795000.0,383515000.0,396053250.0,343661000.0,39854000.0,0.026,3.344,-3728000.0,168794000.0,168794000.0,0.0,-32597000.0,35.869,0.582,123920000.0,0.0,123920000.0,123920000.0,8256000.0,5038000.0,0.0,0.0,0.0,-25599000.0,-20561000.0,-1.963,-20561000.0,-25599000.0,-33297000.0,-0.445,-0.445,-0.445,242368000.0,256406000.0,242368000.0,407790077.0,-16.0,-19.833,-30002000.0,-0.414,1.0,10472000.0,1.0,20165000.0,7698000.0,308895000.0,327762000.0,0.0,172145000.0,172145000.0,0.0,141147000.0,9581000.0,131566000.0,404028077.0,-91875000.0,-346000.0,576000.0,-191000.0,0.0,631000.0,-66232000.0,-62158000.0,-26274000.0,0.0,-32597000.0,-32597000.0,-32597000.0,0.0,0.0,-3.113,52158000.0,-41686000.0,3597000.0,0.0,1.667,-12.395,-12.528,13459000.0,0.0,5.575,38.582,38.584,935000.0,-142856000.0,10472000.0,10472000.0,43263000.0,-0.082,-0.127,-0.078,-2.445,247000.0,7221000.0,1.0,72471404.0,72476000,,0.144,363350000.0,700000.0,-700000.0,0.0,5.013,334080000.0
78,ALXN,MRT,2001-09-30,2001-10-31,2001-10-31,2021-05-02,3233000.0,394010000.0,403803250.0,357022000.0,36988000.0,0.025,3.525,-5454000.0,120158000.0,120158000.0,0.0,-26273000.0,51.645,0.543,123920000.0,0.0,123920000.0,123920000.0,9220000.0,5535000.0,0.0,0.0,0.0,-18556000.0,-13021000.0,-1.268,-13021000.0,-18556000.0,-26273000.0,-0.357,-0.357,-0.357,255384000.0,266367500.0,255384000.0,300418885.0,-16.0,-23.072,-28985000.0,-0.4,1.0,10266000.0,1.0,20230000.0,7717000.0,370629000.0,312447250.0,0.0,229335000.0,229335000.0,0.0,138626000.0,6913000.0,131713000.0,311686885.0,72465000.0,-1259000.0,209490000.0,-277000.0,0.0,209897000.0,-113901000.0,-107188000.0,-23531000.0,0.0,-26273000.0,-26273000.0,-26273000.0,0.0,0.0,-2.559,47527000.0,-37261000.0,1213000.0,0.0,1.22,-11.863,-12.052,13388000.0,0.0,4.303,30.361,30.36,7167000.0,-132046000.0,10266000.0,10266000.0,37619000.0,-0.065,-0.099,-0.059,-1.808,5000.0,7356000.0,1.0,72443204.0,72440000,,0.142,373780000.0,0.0,0.0,0.0,5.16,350109000.0
79,ALXN,MRT,2001-06-30,2001-07-31,2001-07-31,2021-05-02,572000.0,400259000.0,357302500.0,362747000.0,37512000.0,0.033,3.597,-7086000.0,135188000.0,135188000.0,0.0,-57043000.0,45.4,0.537,123920000.0,0.0,123920000.0,123920000.0,9292000.0,5521000.0,0.0,0.0,0.0,-49245000.0,-43724000.0,-3.704,-43724000.0,-49245000.0,-57043000.0,-0.82,-0.82,-0.82,260408000.0,221974750.0,260408000.0,227423595.0,-5.0,-5.201,-30258000.0,-0.418,1.0,11805000.0,1.0,20270000.0,7798000.0,360731000.0,283845500.0,0.0,220086000.0,220086000.0,0.0,139851000.0,7990000.0,131861000.0,334986595.0,43330000.0,-464000.0,210902000.0,-369000.0,0.0,210875000.0,-144373000.0,-136823000.0,-23172000.0,0.0,-57043000.0,-57043000.0,-57043000.0,0.0,0.0,-4.832,69907000.0,-58102000.0,1722000.0,0.0,1.286,-5.873,-5.643,13731000.0,0.0,4.628,28.377,28.377,6980000.0,-124257000.0,11805000.0,11805000.0,38871000.0,-0.16,-0.257,-0.173,-4.172,408000.0,7135000.0,1.0,72390404.0,72390404,,0.163,379989000.0,0.0,0.0,0.0,5.249,354757000.0
80,ALXN,MRT,2001-03-31,2001-04-30,2001-04-30,2021-05-02,359000.0,406429000.0,305413250.0,368139000.0,38290000.0,0.041,3.699,-6274000.0,231575000.0,231575000.0,0.0,-54599000.0,52.916,0.52,124012000.0,92000.0,123920000.0,124012000.0,9534000.0,4587000.0,0.0,0.0,0.0,-46822000.0,-42235000.0,-3.372,-42235000.0,-46822000.0,-54599000.0,-0.867,-0.867,-0.867,267464000.0,172273750.0,267464000.0,285123701.0,-6.0,-6.751,-22944000.0,-0.317,1.0,12524000.0,1.0,21116000.0,7777000.0,270793000.0,248151500.0,0.0,132154000.0,132154000.0,0.0,138965000.0,6957000.0,132008000.0,421681701.0,62811000.0,-430000.0,211288000.0,-520000.0,0.0,211210000.0,-131729000.0,-125025000.0,-16670000.0,0.0,-54599000.0,-54599000.0,-54599000.0,0.0,0.0,-4.36,67006000.0,-54482000.0,1630000.0,0.0,1.577,-7.723,-6.727,13487000.0,0.0,5.832,33.67,33.674,3900000.0,-116721000.0,12524000.0,12524000.0,37453000.0,-0.179,-0.317,-0.189,-3.739,527000.0,6479000.0,1.0,72298620.0,72308000,,0.173,385313000.0,0.0,0.0,0.0,5.329,361182000.0
81,ALXN,MRT,2000-12-31,2001-01-31,2001-01-31,2021-05-02,43000.0,414515000.0,252540750.0,375970000.0,38545000.0,0.06,3.92,-5970000.0,260669000.0,260669000.0,0.0,-54456000.0,44.86,0.469,124111000.0,191000.0,123920000.0,124111000.0,788000.0,3464000.0,0.0,0.0,0.0,-47517000.0,-44053000.0,-2.928,-44053000.0,-47517000.0,-54456000.0,-0.882,-0.882,-0.882,282214000.0,121892750.0,282214000.0,1018937228.0,-21.0,-23.13,-20304000.0,-0.282,1.0,15047000.0,1.0,21940000.0,6939000.0,247636000.0,216892250.0,0.0,109235000.0,109235000.0,0.0,132301000.0,8381000.0,123920000.0,942433228.0,207358000.0,-118000.0,212076000.0,115607000.0,0.0,328018000.0,-106326000.0,-100238000.0,-14334000.0,0.0,-54456000.0,-54456000.0,-54456000.0,0.0,0.0,-3.619,67515000.0,-52468000.0,2826000.0,0.0,3.339,-17.306,-14.827,12627000.0,0.0,13.078,62.633,62.572,5532000.0,-101435000.0,15047000.0,15047000.0,39529000.0,-0.216,-0.447,-0.219,-3.158,646000.0,5759000.0,1.0,72065244.0,71996000,66644000.0,0.209,392575000.0,0.0,0.0,0.0,5.453,367589000.0
82,ALXN,MRT,2000-09-30,2000-10-31,2000-10-31,2021-05-02,-8000.0,208007000.0,168994500.0,171350000.0,36657000.0,0.11,1.27,-3997000.0,47693000.0,47693000.0,0.0,-53609000.0,27.311,1.673,124197000.0,277000.0,123920000.0,124197000.0,788000.0,2319000.0,0.0,0.0,0.0,-48543000.0,-46224000.0,-2.492,-46224000.0,-48543000.0,-53609000.0,-0.885,-0.885,-0.885,77813000.0,69122250.0,77813000.0,1634579981.0,-34.0,-35.362,-20539000.0,-0.335,1.0,18552000.0,1.0,22015000.0,5066000.0,256222000.0,161630000.0,0.0,118906000.0,118906000.0,0.0,130194000.0,6274000.0,123920000.0,1602148981.0,34427000.0,771000.0,49313000.0,115602000.0,0.0,165029000.0,-114060000.0,-110834000.0,-16542000.0,0.0,-53609000.0,-53609000.0,-53609000.0,0.0,0.0,-2.89,66257000.0,-47705000.0,2572000.0,0.0,20.59,-29.886,-29.209,10407000.0,0.0,25.85,86.36,85.403,3902000.0,-96802000.0,18552000.0,18552000.0,39970000.0,-0.317,-0.776,-0.3,-2.617,838000.0,4938000.0,1.0,61978684.0,61292000,,0.303,185992000.0,0.0,0.0,0.0,3.035,165076000.0
83,ALXN,MRT,2000-06-30,2000-07-31,2000-07-31,2021-05-02,-20000.0,192702000.0,126720000.0,180080000.0,12622000.0,0.169,1.107,-2269000.0,91858000.0,91858000.0,0.0,-20227000.0,25.088,2.128,124289000.0,369000.0,123920000.0,124289000.0,750000.0,1769000.0,0.0,0.0,0.0,-17088000.0,-15319000.0,-0.714,-15319000.0,-17088000.0,-20227000.0,-0.362,-0.362,-0.362,61604000.0,56769250.0,61604000.0,929389745.0,-54.0,-60.669,-18027000.0,-0.324,1.0,21441000.0,1.0,0.0,3139000.0,217955000.0,103595250.0,0.0,82671000.0,82671000.0,0.0,131098000.0,7178000.0,123920000.0,973679745.0,67620000.0,0.0,48116000.0,115601000.0,0.0,164244000.0,-80866000.0,-78597000.0,-15758000.0,0.0,-20227000.0,-20227000.0,-20227000.0,0.0,0.0,-0.943,44362000.0,-22921000.0,2100000.0,0.0,15.805,-48.138,-44.544,8213000.0,0.0,16.125,45.412,41.857,5095000.0,-67214000.0,21441000.0,21441000.0,40187000.0,-0.16,-0.356,-0.165,-0.797,430000.0,4175000.0,1.0,60383240.0,55656000,55656000.0,0.385,192702000.0,0.0,0.0,0.0,3.462,172902000.0
84,ALXN,MRT,2000-03-31,2000-04-30,2000-04-30,2021-05-02,0.0,194939000.0,89638000.0,181751000.0,13188000.0,0.261,1.098,-3201000.0,168764000.0,168764000.0,0.0,-19288000.0,37.145,1.956,124474000.0,368000.0,124106000.0,124474000.0,750000.0,1391000.0,0.0,0.0,0.0,-18000000.0,-16609000.0,-0.71,-16609000.0,-18000000.0,-19288000.0,-0.377,-0.37,-0.377,65940000.0,49693500.0,65940000.0,621956666.0,-35.0,-37.447,-21877000.0,-0.364,1.0,23405000.0,1.0,0.0,1288000.0,145756000.0,53655750.0,0.0,6766000.0,6766000.0,0.0,128999000.0,4893000.0,124106000.0,670700666.0,140805000.0,0.0,47645000.0,115752000.0,0.0,163842000.0,-4361000.0,-1240000.0,-18676000.0,0.0,-19288000.0,-19288000.0,-19288000.0,0.0,0.0,-0.824,44773000.0,-21368000.0,1672000.0,0.0,10.171,-34.773,-29.595,8494000.0,0.0,11.158,28.656,28.641,5648000.0,-62122000.0,23405000.0,23405000.0,40994000.0,-0.215,-0.388,-0.335,-0.769,198000.0,3779000.0,1.0,60112092.0,60080000,,0.39,194939000.0,0.0,0.0,0.0,3.245,176858000.0
85,ALXN,MRT,1999-12-31,2000-01-31,2000-01-31,2021-05-02,0.0,80330000.0,52527250.0,71560000.0,8770000.0,0.596,1.249,-2645000.0,53311000.0,53311000.0,0.0,-6671000.0,14.315,0.129,4567000.0,368000.0,4199000.0,4567000.0,750000.0,1269000.0,0.0,0.0,0.0,-6412000.0,-5143000.0,-0.164,-5143000.0,-6412000.0,-6671000.0,-0.132,-0.133,-0.132,71132000.0,42560500.0,71132000.0,636592806.0,-99.0,-123.778,-13968000.0,-0.245,1.0,31296000.0,1.0,0.0,259000.0,26587000.0,21834500.0,0.0,8950000.0,8950000.0,0.0,9198000.0,4999000.0,4199000.0,645200806.0,31636000.0,0.0,46567000.0,-368000.0,0.0,46954000.0,-3995000.0,-1354000.0,-11323000.0,0.0,-6671000.0,-6671000.0,-6671000.0,0.0,0.0,-0.213,39607000.0,-8311000.0,2834000.0,0.0,9.07,-96.717,-82.86,7759000.0,0.0,10.938,20.616,19.905,7170000.0,-55803000.0,31296000.0,31296000.0,36225000.0,-0.127,-0.157,-0.294,-0.205,198000.0,3300000.0,1.0,58989788.0,56956000,56956000.0,0.549,80330000.0,0.0,0.0,0.0,1.41,66561000.0
86,ALXN,MRT,1999-09-30,1999-10-31,1999-10-31,2021-05-02,0.0,38909000.0,40938250.0,30307000.0,8602000.0,0.605,0.627,-2071000.0,13266000.0,13266000.0,0.0,-7912000.0,4.874,0.37,4658000.0,368000.0,4290000.0,4658000.0,600000.0,1087000.0,0.0,0.0,0.0,-7728000.0,-6641000.0,-0.268,-6641000.0,-7728000.0,-7912000.0,-0.175,-0.175,-0.175,28401000.0,32539250.0,28401000.0,132125928.0,-17.0,-19.895,-13118000.0,-0.29,1.0,24787000.0,1.0,0.0,184000.0,24083000.0,17884000.0,0.0,8062000.0,8062000.0,0.0,10508000.0,6218000.0,4290000.0,151612928.0,-16341000.0,0.0,648000.0,-370000.0,0.0,822000.0,-6116000.0,-4047000.0,-11047000.0,0.0,-7912000.0,-7912000.0,-7912000.0,0.0,0.0,-0.319,34088000.0,-9301000.0,4404000.0,0.0,5.338,-19.162,-19.114,7447000.0,0.0,3.345,6.117,6.11,8578000.0,-52164000.0,24787000.0,24787000.0,31066000.0,-0.193,-0.243,-0.432,-0.312,181000.0,2940000.0,1.0,45325240.0,45276000,45276000.0,0.547,38909000.0,0.0,0.0,0.0,0.859,24089000.0
87,ALXN,MRT,1999-06-30,1999-07-31,1999-07-31,2021-05-02,-4000.0,44374000.0,40735250.0,35662000.0,8712000.0,0.46,0.739,-1912000.0,24238000.0,24238000.0,0.0,-6395000.0,5.331,0.333,4751000.0,368000.0,4383000.0,4751000.0,450000.0,889000.0,0.0,0.0,0.0,-6207000.0,-5318000.0,-0.284,-5318000.0,-6207000.0,-6395000.0,-0.142,-0.142,-0.142,33301000.0,34325500.0,33301000.0,94008796.0,-15.0,-17.677,-9647000.0,-0.214,1.0,18754000.0,1.0,0.0,188000.0,18197000.0,13741000.0,0.0,4090000.0,4090000.0,0.0,11073000.0,6690000.0,4383000.0,117124796.0,-7271000.0,0.0,383000.0,-369000.0,0.0,481000.0,-17000.0,1895000.0,-7735000.0,0.0,-6395000.0,-6395000.0,-6395000.0,0.0,0.0,-0.341,26663000.0,-7909000.0,3544000.0,0.0,3.517,-18.315,-18.275,7413000.0,0.0,2.595,6.245,6.235,6862000.0,-46987000.0,18754000.0,18754000.0,23710000.0,-0.157,-0.186,-0.452,-0.331,132000.0,2953000.0,1.0,45134796.0,45060000,45060000.0,0.416,44374000.0,0.0,0.0,0.0,0.985,28972000.0
88,ALXN,MRT,1999-03-31,1999-04-30,1999-04-30,2021-05-02,0.0,46496000.0,40163000.0,38371000.0,8125000.0,0.331,0.829,-1311000.0,27959000.0,27959000.0,0.0,-5956000.0,8.318,0.243,4843000.0,368000.0,4475000.0,4843000.0,450000.0,771000.0,0.0,0.0,0.0,-5838000.0,-5067000.0,-0.381,-5067000.0,-5838000.0,-5956000.0,-0.137,-0.145,-0.137,37408000.0,35797750.0,37408000.0,106254895.0,-18.0,-20.97,-8319000.0,-0.184,1.0,13289000.0,1.0,296000.0,118000.0,18471000.0,11620000.0,0.0,5540000.0,5540000.0,0.0,9088000.0,4613000.0,4475000.0,126914895.0,-6879000.0,0.0,357000.0,297000.0,0.0,-436000.0,565000.0,1955000.0,-7008000.0,0.0,-5956000.0,-5956000.0,-5956000.0,0.0,0.0,-0.448,21108000.0,-7819000.0,2910000.0,0.0,3.393,-21.309,-20.529,6659000.0,0.0,2.812,9.55,9.552,4608000.0,-42834000.0,13289000.0,13289000.0,18174000.0,-0.148,-0.166,-0.502,-0.439,82000.0,2852000.0,1.0,45125296.0,45132000,47560000.0,0.294,46200000.0,0.0,0.0,0.0,1.024,33758000.0
89,ALXN,MRT,1998-12-31,1999-01-31,1999-01-31,2021-05-02,0.0,33974000.0,39844610.0,29730000.0,4244000.0,0.025,0.691,-2059000.0,21675000.0,21675000.0,0.0,-15269000.0,13.039,0.094,1015000.0,368000.0,647000.0,1015000.0,0.0,659000.0,0.0,0.0,0.0,-15227000.0,-14568000.0,-14.339,-14568000.0,-15227000.0,-15269000.0,-0.352,-0.352,-0.352,31047000.0,37174232.0,31047000.0,123798874.0,-8.0,-8.498,-15858000.0,-0.353,1.0,1016000.0,1.0,249000.0,42000.0,10785000.0,9095906.0,0.0,7594000.0,7594000.0,0.0,2927000.0,2280000.0,647000.0,152297874.0,-6249000.0,0.0,9146000.0,814000.0,0.0,8461000.0,-911000.0,1152000.0,-13799000.0,0.0,-15269000.0,-15419000.0,-15419000.0,0.0,0.0,-15.176,18318000.0,-17302000.0,1070000.0,0.0,4.905,-9.877,-9.588,2409000.0,150000.0,3.375,149.899,149.178,0.0,-49132000.0,1016000.0,1016000.0,15510000.0,-0.387,-0.415,-1.674,-14.987,33000.0,2808000.0,1.0,45125296.0,44908000,44908000.0,0.023,33725000.0,0.0,0.0,0.0,0.751,27450000.0
90,ALXN,MRT,1998-09-30,1998-10-31,1998-10-31,2021-05-02,0.0,38097000.0,40968247.0,33821000.0,4276000.0,0.028,0.792,-2082000.0,29607000.0,29607000.0,0.0,-13147000.0,18.675,0.072,1108000.0,368000.0,740000.0,1108000.0,67000.0,622000.0,0.0,0.0,0.0,-13105000.0,-12483000.0,-10.697,-12483000.0,-13105000.0,-13147000.0,-0.33,,-0.33,35546000.0,38509848.0,35546000.0,62312199.0,-5.0,-4.992,-15099000.0,-0.336,1.0,1167000.0,1.0,276000.0,42000.0,7511000.0,8477613.0,0.0,4045000.0,4045000.0,0.0,2551000.0,1811000.0,740000.0,92621199.0,-1864000.0,0.0,11723000.0,1052000.0,0.0,11263000.0,-110000.0,1975000.0,-13017000.0,0.0,-13147000.0,-13747000.0,-13747000.0,0.0,0.0,-11.78,16453000.0,-15286000.0,763000.0,0.0,2.606,-6.738,-6.25,2411000.0,600000.0,2.062,79.367,79.361,0.0,-44252000.0,1167000.0,1167000.0,13747000.0,-0.336,-0.357,-1.546,-11.23,0.0,2706000.0,1.0,44907248.0,44904000,,0.026,37821000.0,0.0,0.0,0.0,0.842,32010000.0
91,ALXN,MRT,1998-06-30,1998-07-31,1998-07-31,2021-05-02,0.0,42085000.0,33172500.0,37840000.0,4245000.0,0.152,0.974,-2057000.0,31509000.0,31509000.0,0.0,-7865000.0,18.342,0.074,1200000.0,368000.0,832000.0,1200000.0,67000.0,598000.0,0.0,0.0,0.0,-7823000.0,-7225000.0,-1.434,-7225000.0,-7823000.0,-7865000.0,-0.217,-0.217,-0.217,39190000.0,30518000.0,39190000.0,73830151.0,-9.0,-10.219,-10019000.0,-0.249,1.0,5037000.0,1.0,0.0,42000.0,9713000.0,7271500.0,0.0,5985000.0,5985000.0,0.0,2895000.0,2063000.0,832000.0,108041703.0,14766000.0,0.0,25211000.0,1062000.0,0.0,24765000.0,-2037000.0,20000.0,-7962000.0,0.0,-7865000.0,-8765000.0,-8765000.0,0.0,0.0,-1.74,14989000.0,-9952000.0,810000.0,0.0,2.757,-12.326,-11.089,2357000.0,900000.0,2.406,21.45,19.216,137000.0,-40592000.0,5037000.0,5037000.0,12323000.0,-0.264,-0.287,-1.076,-1.553,0.0,2666000.0,1.0,44900448.0,40224000,40224000.0,0.125,42085000.0,0.0,0.0,0.0,1.046,35777000.0
92,ALXN,MRT,1998-03-31,1998-04-30,1998-04-30,2021-05-02,0.0,45222442.0,,42725802.0,2496640.0,,1.008,,34837355.0,34837355.0,0.0,-6882366.0,18.508,0.054,625803.0,625803.0,0.0,625803.0,66000.0,,0.0,0.0,0.0,-6882366.0,,,,-6882366.0,-6882366.0,-0.21,,-0.21,42913928.0,,42913928.0,123772939.0,-18.0,,,,1.0,5489234.0,1.0,327750.0,0.0,8374626.0,,0.0,7482866.0,7482866.0,0.0,2308514.0,2308514.0,0.0,151495488.0,,,,,,,,,,,-6882366.0,-7782366.0,-7782366.0,0.0,0.0,-1.418,14121098.0,-8631864.0,1092374.0,0.0,3.53,-19.467,-16.071,2083488.0,900000.0,3.375,27.599,26.167,0.0,-36877109.0,5489234.0,5489234.0,11453628.0,,,,-1.254,,2667470.0,1.0,44887552.0,42558552,,0.129,44894692.0,0.0,0.0,0.0,1.055,40417288.0
93,ALXN,MRT,1997-12-31,1998-01-31,1998-01-31,2021-05-02,0.0,38468546.0,,37127888.0,1340658.0,,0.965,-1080000.0,27923745.0,27923745.0,0.0,-5773186.0,17.858,0.057,201196.0,201196.0,0.0,201196.0,0.0,609499.0,0.0,0.0,0.0,-5773186.0,-5163687.0,-0.859,-5163687.0,-5773186.0,-5773186.0,-0.2,,-0.2,36389465.0,,36389465.0,,,,-6301140.0,-0.167,1.0,6009261.0,1.0,355091.0,0.0,8311825.0,,0.0,8749575.0,8749575.0,0.0,2079081.0,2079081.0,0.0,148690016.0,19289467.0,0.0,27070097.0,-98221.0,0.0,27123151.0,-2612544.0,-1987941.0,-5221140.0,0.0,-5773186.0,-6523186.0,-6523186.0,0.0,0.0,-1.086,13156588.0,-7147327.0,718432.0,0.0,4.086,-22.794,-16.562,894524.0,750000.0,3.312,24.743,20.786,0.0,-33711851.0,6009261.0,6009261.0,10461949.0,,,,-0.961,0.0,2694639.0,1.0,44887552.0,37708804,,0.159,38113455.0,0.0,0.0,0.0,1.011,35048807.0
94,ALXN,MRT,1997-09-30,1997-10-31,1997-10-31,2021-05-02,,,,,,,,,,,0.0,-4051390.0,,,,,,,,,,0.0,0.0,-4051390.0,,,,-4051390.0,-4051390.0,-0.15,,-0.15,,,,,,,,,1.0,7126245.0,1.0,,0.0,,,,,,,,,,,,,,,,,,,,,-4051390.0,-4351390.0,-4351390.0,0.0,0.0,-0.611,12230007.0,-5103762.0,,0.0,,,-19.583,,300000.0,2.938,,14.761,,,7126245.0,7126245.0,9465062.0,,,,-0.569,,2764945.0,1.0,,35809736,,0.199,,,0.0,,,
95,ALXN,MRT,1997-06-30,1997-07-31,1997-07-31,2021-05-02,0.0,24260000.0,,22981000.0,1279000.0,,0.733,-749000.0,16743000.0,16743000.0,0.0,-7252000.0,9.52,0.111,138000.0,138000.0,0.0,138000.0,346000.0,698000.0,0.0,0.0,0.0,-7252000.0,-6554000.0,-1.72,-6554000.0,-7252000.0,-7252000.0,-0.242,-0.242,-0.242,21846000.0,,21846000.0,,,,-6473000.0,-0.217,1.0,3811000.0,1.0,411000.0,0.0,4830000.0,,0.0,6006000.0,6006000.0,0.0,2414000.0,2414000.0,0.0,,7252000.0,0.0,10793000.0,-350000.0,0.0,10606000.0,2370000.0,3119000.0,-5724000.0,0.0,-7252000.0,-7252000.0,-7252000.0,0.0,0.0,-1.903,11906000.0,-8095000.0,728000.0,0.0,,,-10.847,786000.0,0.0,2.625,,20.529,0.0,-31827000.0,3811000.0,3811000.0,9079000.0,,,,-1.903,0.0,2827000.0,1.0,,29804000,29804000.0,0.128,23849000.0,0.0,0.0,0.0,0.8,20567000.0
96,ALXN,MRT,1997-03-31,1997-04-30,1997-04-30,2021-05-02,,,,,,,,,,,,,,,,,,,,,,0.0,0.0,,,,,,,,,,,,,,,,,,1.0,,,,,,,,,,,,,,,,,,,,,,,,,,,,,,,,,,,,,,,,2.188,,,,,,,,,,,,,,1.0,,29466748,,,,,,,,
97,ALXN,MRT,1996-12-31,1997-01-28,1997-01-28,2021-05-02,,,,,,,,,,,,,,,,,,,,,,0.0,0.0,,,,,,,,,,,,,,,,,,1.0,,,,,,,,,,,,,,,,,,,,,,,,,,,,,,,,,,,,,,,,3.0,,,,,,,,,,,,,,1.0,,29367756,,,,,,,,
98,ALXN,MRT,1996-06-30,1996-07-31,1996-07-31,2021-05-02,,,,,,,,-332000.0,,,0.0,-5435000.0,,,,,,,,811000.0,,0.0,0.0,-5435000.0,-4624000.0,-1.752,-4624000.0,-5435000.0,-5435000.0,-0.255,-0.255,-0.255,,,,,,,-5331000.0,-0.249,1.0,2640000.0,1.0,,0.0,,,,,,,,,,,4412000.0,0.0,18474000.0,-426000.0,0.0,18228000.0,-8817000.0,-8443000.0,-4999000.0,0.0,-5435000.0,-5435000.0,-5435000.0,0.0,0.0,-2.059,8472000.0,-5832000.0,,0.0,,,-5.882,,0.0,1.5,,12.16,,,2640000.0,2640000.0,6629000.0,,,,-2.059,123000.0,1843000.0,1.0,,21402392,21402392.0,0.123,,,0.0,,,
