None,ticker,dimension,calendardate,datekey,reportperiod,lastupdated,accoci,assets,assetsavg,assetsc,assetsnc,assetturnover,bvps,capex,cashneq,cashnequsd,cor,consolinc,currentratio,de,debt,debtc,debtnc,debtusd,deferredrev,depamor,deposits,divyield,dps,ebit,ebitda,ebitdamargin,ebitdausd,ebitusd,ebt,eps,epsdil,epsusd,equity,equityavg,equityusd,ev,evebit,evebitda,fcf,fcfps,fxusd,gp,grossmargin,intangibles,intexp,invcap,invcapavg,inventory,investments,investmentsc,investmentsnc,liabilities,liabilitiesc,liabilitiesnc,marketcap,ncf,ncfbus,ncfcommon,ncfdebt,ncfdiv,ncff,ncfi,ncfinv,ncfo,ncfx,netinc,netinccmn,netinccmnusd,netincdis,netincnci,netmargin,opex,opinc,payables,payoutratio,pb,pe,pe1,ppnenet,prefdivis,price,ps,ps1,receivables,retearn,revenue,revenueusd,rnd,roa,roe,roic,ros,sbcomp,sgna,sharefactor,sharesbas,shareswa,shareswadil,sps,tangibles,taxassets,taxexp,taxliabilities,tbvps,workingcapital
0,BMC,MRY,2013-12-31,2013-03-31,2013-03-31,2019-04-25,32000000.0,4720300000.0,4562400000.0,2099400000.0,2620900000.0,0.483,5.36,-154100000.0,1379200000.0,1379200000.0,592000000.0,331000000.0,1.492,4.767,1306000000.0,0.0,1306000000.0,1306000000.0,1975300000.0,229000000.0,0.0,0.0,0.0,475700000.0,704700000.0,0.32,704700000.0,475700000.0,427900000.0,2.17,2.13,2.17,818500000.0,1045950000.0,818500000.0,6870747370.0,14.0,9.75,611000000.0,4.001,1.0,1609400000.0,0.731,2167100000.0,47800000.0,1072900000.0,797725000.0,0.0,202700000.0,131200000.0,71500000.0,3901800000.0,1407100000.0,2494700000.0,6620047370.0,-117700000.0,-19400000.0,-1113700000.0,470600000.0,0.0,-635400000.0,-233800000.0,-62200000.0,765100000.0,-13600000.0,331000000.0,331000000.0,331000000.0,0.0,0.0,0.15,1144000000.0,465400000.0,42100000.0,0.0,8.088,20.0,21.35,85200000.0,0.0,46.33,3.007,3.214,443700000.0,3576300000.0,2201400000.0,2201400000.0,174600000.0,0.073,0.316,0.596,0.216,147400000.0,925600000.0,1.0,142889000.0,152700000,155700000.0,14.417,2553200000.0,81300000.0,96900000.0,0.0,16.72,692300000.0
1,BMC,MRY,2012-12-31,2012-03-31,2012-03-31,2019-04-25,31900000.0,4845800000.0,4390325000.0,2182800000.0,2663000000.0,0.495,8.51,-159000000.0,1496900000.0,1496900000.0,568900000.0,401000000.0,1.546,2.352,821600000.0,0.0,821600000.0,821600000.0,1993900000.0,224600000.0,0.0,0.0,0.0,553300000.0,777900000.0,0.358,777900000.0,553300000.0,530000000.0,2.36,2.32,2.36,1445800000.0,1517000000.0,1445800000.0,5601256320.0,10.0,7.2,641300000.0,3.775,1.0,1603100000.0,0.738,2202300000.0,23300000.0,556600000.0,131275000.0,0.0,138700000.0,86100000.0,52600000.0,3400000000.0,1411600000.0,1988400000.0,6595356320.0,-164000000.0,-464300000.0,-765900000.0,468800000.0,0.0,-282000000.0,-665900000.0,-42600000.0,800300000.0,-16400000.0,401000000.0,401000000.0,401000000.0,0.0,0.0,0.185,1059200000.0,543900000.0,32700000.0,0.0,4.562,16.447,17.017,87800000.0,0.0,40.16,3.037,3.141,484800000.0,3245300000.0,2172000000.0,2172000000.0,165200000.0,0.091,0.264,4.215,0.255,127200000.0,851900000.0,1.0,164227000.0,169900000,172800000.0,12.784,2643500000.0,71000000.0,129000000.0,0.0,15.559,771200000.0
2,BMC,MRY,2011-12-31,2011-03-31,2011-03-31,2019-04-25,32000000.0,4485400000.0,4187300000.0,2267400000.0,2218000000.0,0.493,9.306,-137800000.0,1660900000.0,1660900000.0,485200000.0,456200000.0,1.631,1.697,335600000.0,0.0,335600000.0,335600000.0,1955500000.0,190000000.0,0.0,0.0,0.0,551100000.0,741100000.0,0.359,741100000.0,551100000.0,531300000.0,2.55,2.5,2.55,1662900000.0,1522750000.0,1662900000.0,7677708540.0,14.0,10.36,627400000.0,3.511,1.0,1580100000.0,0.765,1701700000.0,19800000.0,68100000.0,17850000.0,0.0,95600000.0,27800000.0,67800000.0,2822500000.0,1390300000.0,1432200000.0,8884608540.0,292300000.0,-51000000.0,-333900000.0,-25600000.0,0.0,-340900000.0,-147600000.0,40200000.0,765200000.0,15600000.0,456200000.0,456200000.0,456200000.0,0.0,0.0,0.221,1047300000.0,532800000.0,47400000.0,0.0,5.343,19.475,19.506,94200000.0,0.0,49.74,4.302,4.304,507500000.0,2845200000.0,2065300000.0,2065300000.0,181600000.0,0.109,0.3,30.874,0.267,106500000.0,832100000.0,1.0,178621000.0,178700000,182400000.0,11.557,2783700000.0,65100000.0,75100000.0,0.0,15.578,877100000.0
3,BMC,MRY,2010-12-31,2010-03-31,2010-03-31,2019-04-25,5400000.0,4137600000.0,3859100000.0,1905000000.0,2232600000.0,0.495,7.579,-103100000.0,1368600000.0,1368600000.0,411500000.0,406100000.0,1.418,1.982,340900000.0,0.0,340900000.0,340900000.0,1823100000.0,175800000.0,0.0,0.0,0.0,525500000.0,701300000.0,0.367,701300000.0,525500000.0,504200000.0,2.21,2.17,2.21,1387700000.0,1263325000.0,1387700000.0,6200998000.0,12.0,8.842,532300000.0,2.907,1.0,1499700000.0,0.785,1669900000.0,21300000.0,96200000.0,127900000.0,0.0,127900000.0,65500000.0,62400000.0,2749900000.0,1343800000.0,1406100000.0,6939598000.0,345300000.0,-92300000.0,-198900000.0,26500000.0,0.0,-158700000.0,-159300000.0,36200000.0,635400000.0,27900000.0,406100000.0,406100000.0,406100000.0,0.0,0.0,0.212,993600000.0,506100000.0,60500000.0,0.0,5.001,17.088,17.195,95000000.0,0.0,38.0,3.631,3.641,452600000.0,2389300000.0,1911200000.0,1911200000.0,195900000.0,0.105,0.321,4.109,0.275,88900000.0,765000000.0,1.0,182621000.0,183100000,186800000.0,10.438,2467700000.0,53700000.0,98100000.0,0.0,13.477,561200000.0
4,BMC,MRY,2009-12-31,2009-03-31,2009-03-31,2019-04-25,-25500000.0,3697500000.0,3637475000.0,1560500000.0,2137000000.0,0.515,5.604,-95300000.0,1023300000.0,1023300000.0,425000000.0,238100000.0,1.17,2.526,313600000.0,0.0,313600000.0,313600000.0,1787900000.0,182800000.0,0.0,0.0,0.0,380900000.0,563700000.0,0.301,563700000.0,380900000.0,363900000.0,1.27,1.25,1.27,1048500000.0,989000000.0,1048500000.0,5531085000.0,15.0,9.812,484400000.0,2.589,1.0,1446900000.0,0.773,1601200000.0,17000000.0,53300000.0,53700000.0,0.0,145900000.0,73600000.0,72300000.0,2649000000.0,1333300000.0,1315700000.0,6093285000.0,-265000000.0,-783700000.0,-244400000.0,277700000.0,0.0,57400000.0,-851900000.0,20700000.0,579700000.0,-50200000.0,238100000.0,238100000.0,238100000.0,0.0,0.0,0.127,1079100000.0,367800000.0,62600000.0,0.0,5.811,25.591,25.984,103000000.0,0.0,33.0,3.255,3.298,409200000.0,1985400000.0,1871900000.0,1871900000.0,222000000.0,0.065,0.241,7.093,0.203,82000000.0,739200000.0,1.0,184645000.0,187100000,190200000.0,10.005,2096300000.0,68000000.0,125800000.0,0.0,11.204,227200000.0
5,BMC,MRY,2008-12-31,2008-03-31,2008-03-31,2019-04-25,19700000.0,3345500000.0,3220775000.0,1802600000.0,1542900000.0,0.538,5.105,-106600000.0,1288300000.0,1288300000.0,394400000.0,313600000.0,1.399,2.364,9200000.0,0.0,9200000.0,9200000.0,1779400000.0,152100000.0,0.0,0.0,0.0,435500000.0,587600000.0,0.339,587600000.0,435500000.0,434400000.0,1.59,1.56,1.59,994500000.0,1029875000.0,994500000.0,5234894657.0,12.0,8.909,487100000.0,2.501,1.0,1337200000.0,0.772,916700000.0,1100000.0,-138900000.0,-13325000.0,0.0,186900000.0,62200000.0,124700000.0,2351000000.0,1288600000.0,1062400000.0,6248094657.0,404800000.0,-114800000.0,-455500000.0,-6600000.0,0.0,-438200000.0,221400000.0,439400000.0,593700000.0,27900000.0,313600000.0,313600000.0,313600000.0,0.0,0.0,0.181,979700000.0,357500000.0,48100000.0,0.0,6.283,19.924,20.453,99800000.0,0.0,32.52,3.608,3.658,353200000.0,1753100000.0,1731600000.0,1731600000.0,209400000.0,0.097,0.305,-32.683,0.252,66600000.0,736800000.0,1.0,192130832.0,194800000,199600000.0,8.889,2428800000.0,61700000.0,120800000.0,0.0,12.468,514000000.0
6,BMC,MRY,2007-12-31,2007-03-31,2007-03-31,2019-04-25,-9300000.0,3260000000.0,3111125000.0,1789500000.0,1470500000.0,0.508,5.138,-87200000.0,883500000.0,883500000.0,370300000.0,215900000.0,1.451,2.107,0.0,0.0,0.0,0.0,1729000000.0,160800000.0,0.0,0.0,0.0,302100000.0,462900000.0,0.293,462900000.0,302100000.0,300600000.0,1.06,1.03,1.06,1049100000.0,1052250000.0,1049100000.0,5488493219.0,18.0,11.857,332900000.0,1.63,1.0,1210100000.0,0.766,818900000.0,1500000.0,324700000.0,346725000.0,0.0,623600000.0,412500000.0,211100000.0,2210900000.0,1232900000.0,978000000.0,6280093219.0,-22400000.0,-145200000.0,-353400000.0,280800000.0,0.0,-44000000.0,-405900000.0,-177700000.0,420100000.0,7400000.0,215900000.0,215900000.0,215900000.0,0.0,0.0,0.137,1002800000.0,207300000.0,81400000.0,0.0,5.986,29.088,29.047,88300000.0,0.0,30.79,3.974,3.978,440300000.0,1478000000.0,1580400000.0,1580400000.0,210700000.0,0.069,0.205,0.871,0.191,41600000.0,720900000.0,1.0,203965353.0,204200000,210200000.0,7.739,2441100000.0,69900000.0,84700000.0,0.0,11.954,556600000.0
7,BMC,MRY,2006-12-31,2006-03-31,2006-03-31,2019-04-25,-22400000.0,3210900000.0,3097925000.0,1506400000.0,1704500000.0,0.484,5.087,-80800000.0,905900000.0,905900000.0,381800000.0,102000000.0,1.253,1.922,0.0,0.0,0.0,0.0,1628300000.0,205100000.0,0.0,0.0,0.0,205500000.0,410600000.0,0.274,410600000.0,205500000.0,203800000.0,0.47,0.47,0.47,1098800000.0,1130150000.0,1098800000.0,3989367970.0,19.0,9.716,340100000.0,1.575,1.0,1116600000.0,0.745,725700000.0,1700000.0,376900000.0,560550000.0,0.0,437800000.0,157500000.0,280300000.0,2112100000.0,1202400000.0,909700000.0,4609767970.0,85800000.0,-9400000.0,-271000000.0,-7100000.0,0.0,-278100000.0,-60000000.0,24100000.0,420900000.0,3000000.0,102000000.0,102000000.0,102000000.0,0.0,0.0,0.068,988100000.0,128500000.0,141500000.0,0.0,4.195,45.194,46.085,352100000.0,0.0,21.66,3.076,3.122,372900000.0,1264400000.0,1498400000.0,1498400000.0,209100000.0,0.033,0.09,0.367,0.137,3000000.0,705200000.0,1.0,212824006.0,216000000,218900000.0,6.937,2485200000.0,43400000.0,101800000.0,0.0,11.506,304000000.0
8,BMC,MRY,2005-12-31,2005-03-31,2005-03-31,2019-04-25,-14900000.0,3342400000.0,3107950000.0,1475900000.0,1866500000.0,0.471,5.684,-119400000.0,820100000.0,820100000.0,416800000.0,75300000.0,1.324,1.649,0.0,0.0,0.0,0.0,1642900000.0,221700000.0,0.0,0.0,0.0,100200000.0,321900000.0,0.22,321900000.0,100200000.0,98200000.0,0.34,0.34,0.34,1261800000.0,1232000000.0,1261800000.0,2733151545.0,27.0,8.491,382500000.0,1.723,1.0,1046200000.0,0.715,814000000.0,2000000.0,593200000.0,655600000.0,0.0,463000000.0,108700000.0,354300000.0,2080600000.0,1115100000.0,965500000.0,3322951545.0,207800000.0,-266100000.0,-58600000.0,-5100000.0,0.0,-63700000.0,-234600000.0,139600000.0,501900000.0,4200000.0,75300000.0,75300000.0,75300000.0,0.0,0.0,0.051,1023000000.0,23200000.0,62300000.0,0.0,2.634,44.13,44.118,383700000.0,0.0,15.0,2.271,2.276,480300000.0,1168300000.0,1463000000.0,1463000000.0,217400000.0,0.024,0.061,0.153,0.068,3900000.0,769400000.0,1.0,221530103.0,222000000,224000000.0,6.59,2528400000.0,86800000.0,22900000.0,0.0,11.389,360800000.0
9,BMC,MRY,2004-12-31,2004-03-31,2004-03-31,2019-04-25,-10700000.0,3044800000.0,2815925000.0,1436400000.0,1608400000.0,0.504,5.36,-103700000.0,612300000.0,612300000.0,468600000.0,-26800000.0,1.467,1.506,0.0,0.0,0.0,0.0,1401600000.0,259400000.0,0.0,0.0,0.0,-28300000.0,231100000.0,0.163,231100000.0,-28300000.0,-29400000.0,-0.12,-0.12,-0.12,1215200000.0,1263250000.0,1215200000.0,3957213199.0,-140.0,17.123,395000000.0,1.742,1.0,950100000.0,0.67,659000000.0,1100000.0,794100000.0,810050000.0,0.0,600700000.0,296600000.0,304100000.0,1829600000.0,979400000.0,850200000.0,4401413199.0,112200000.0,-53800000.0,-140500000.0,-3200000.0,0.0,-143700000.0,-248400000.0,-93000000.0,498700000.0,5600000.0,-26800000.0,-26800000.0,-26800000.0,0.0,0.0,-0.019,1049000000.0,-98900000.0,39200000.0,0.0,3.622,-164.232,-162.917,396000000.0,0.0,19.55,3.102,3.124,506800000.0,1108800000.0,1418700000.0,1418700000.0,249900000.0,-0.01,-0.021,-0.035,-0.02,2100000.0,784800000.0,1.0,225136225.0,226700000,226700000.0,6.258,2385800000.0,102700000.0,-2600000.0,0.0,10.524,457000000.0
10,BMC,MRY,2003-12-31,2003-03-31,2003-03-31,2019-04-25,-7700000.0,2920400000.0,2792375000.0,1079400000.0,1841000000.0,0.475,5.84,-111800000.0,500100000.0,500100000.0,421700000.0,48000000.0,1.287,1.111,0.0,0.0,0.0,0.0,1168700000.0,248300000.0,0.0,0.0,0.0,69300000.0,317600000.0,0.239,317600000.0,69300000.0,69300000.0,0.2,0.2,0.2,1383400000.0,1418225000.0,1383400000.0,3233209297.0,47.0,10.18,493800000.0,2.084,1.0,905000000.0,0.682,720600000.0,0.0,860900000.0,1033075000.0,0.0,515200000.0,151700000.0,363500000.0,1537000000.0,838800000.0,698200000.0,3520409297.0,170100000.0,-462000000.0,-185500000.0,-1200000.0,0.0,-186700000.0,-249500000.0,323600000.0,605600000.0,700000.0,48000000.0,48000000.0,48000000.0,0.0,0.0,0.036,883800000.0,21200000.0,52200000.0,0.0,2.545,73.342,75.45,408400000.0,0.0,15.09,2.654,2.695,516700000.0,1143900000.0,1326700000.0,1326700000.0,215800000.0,0.017,0.034,0.067,0.052,2600000.0,643300000.0,1.0,233294188.0,236900000,237900000.0,5.6,2199800000.0,18000000.0,21300000.0,0.0,9.286,240600000.0
11,BMC,MRY,2002-12-31,2002-03-31,2002-03-31,2019-04-25,-18800000.0,2676200000.0,2738425000.0,996800000.0,1679400000.0,0.471,6.149,-161800000.0,330000000.0,330000000.0,97000000.0,-184100000.0,1.465,0.776,0.0,0.0,0.0,0.0,943300000.0,375600000.0,0.0,0.0,0.0,-230100000.0,145500000.0,0.113,145500000.0,-230100000.0,-230500000.0,-0.75,-0.75,-0.75,1506600000.0,1623900000.0,1506600000.0,4440579232.0,-19.0,30.519,421000000.0,1.718,1.0,1191900000.0,0.925,395600000.0,400000.0,1270000000.0,1310800000.0,0.0,773700000.0,215800000.0,557900000.0,1169600000.0,680600000.0,489000000.0,4722279232.0,184000000.0,-19900000.0,-133800000.0,-150000000.0,0.0,-283800000.0,-108600000.0,73100000.0,582800000.0,-6400000.0,-184100000.0,-184100000.0,-184100000.0,0.0,0.0,-0.143,1475500000.0,-283600000.0,16200000.0,0.0,3.134,-25.651,-25.933,443000000.0,0.0,19.45,3.664,3.697,488800000.0,1126600000.0,1288900000.0,1288900000.0,508500000.0,-0.067,-0.113,-0.176,-0.179,2200000.0,712400000.0,1.0,242790706.0,245000000,245000000.0,5.261,2280600000.0,70100000.0,-46400000.0,0.0,9.309,316200000.0
12,BMC,MRY,2001-12-31,2001-03-31,2001-03-31,2019-04-25,-9800000.0,3033900000.0,2954600000.0,902700000.0,2131200000.0,0.511,7.397,-294500000.0,146000000.0,146000000.0,101100000.0,42400000.0,1.089,0.671,150000000.0,150000000.0,0.0,150000000.0,857400000.0,314900000.0,0.0,0.0,0.0,71700000.0,386600000.0,0.256,386600000.0,71700000.0,60400000.0,0.17,0.17,0.17,1815300000.0,1816625000.0,1815300000.0,5255389226.0,73.0,13.594,270900000.0,1.104,1.0,1408500000.0,0.933,655600000.0,11300000.0,1553300000.0,1527225000.0,0.0,858000000.0,144700000.0,713300000.0,1218600000.0,829000000.0,389600000.0,5238089226.0,-6400000.0,-133800000.0,-95500000.0,-113500000.0,0.0,-209000000.0,-360900000.0,60900000.0,565400000.0,-1900000.0,42400000.0,42400000.0,42400000.0,0.0,0.0,0.028,1417000000.0,-8500000.0,22100000.0,0.0,2.886,123.54,126.471,456500000.0,0.0,21.5,3.47,3.495,742400000.0,1336200000.0,1509600000.0,1509600000.0,442600000.0,0.014,0.023,0.047,0.047,10800000.0,766200000.0,1.0,243632057.0,245400000,252500000.0,6.152,2378300000.0,8300000.0,18000000.0,0.0,9.692,73700000.0
13,BMC,MRY,2000-12-31,2000-03-31,2000-03-31,2019-04-25,-3400000.0,2962100000.0,2865603000.0,896200000.0,2065900000.0,0.6,7.39,-250700000.0,152400000.0,152400000.0,74100000.0,242500000.0,1.014,0.663,263000000.0,263000000.0,0.0,263000000.0,695200000.0,235600000.0,0.0,0.0,0.0,334800000.0,570400000.0,0.332,570400000.0,334800000.0,311400000.0,1.01,0.96,1.01,1780900000.0,1587316750.0,1780900000.0,12271411980.0,37.0,21.514,116000000.0,0.481,1.0,1645100000.0,0.957,632200000.0,23400000.0,1556600000.0,1373524000.0,0.0,923100000.0,102800000.0,820300000.0,1181200000.0,883900000.0,297300000.0,12056554980.0,-195500000.0,-649100000.0,103600000.0,261800000.0,0.0,365400000.0,-932700000.0,-32900000.0,366700000.0,5100000.0,242500000.0,242500000.0,242500000.0,0.0,0.0,0.141,1374600000.0,270500000.0,29300000.0,0.0,6.77,49.718,48.886,337500000.0,0.0,49.375,7.013,6.921,754800000.0,1385600000.0,1719200000.0,1719200000.0,390400000.0,0.085,0.153,0.244,0.195,2700000.0,694800000.0,1.0,244183392.0,241000000,253000000.0,7.134,2329900000.0,0.0,68900000.0,0.0,9.668,12300000.0
14,BMC,MRY,1999-12-31,1999-03-31,1999-03-31,2019-04-25,8800000.0,2282700000.0,1752517000.0,873400000.0,1409300000.0,0.744,5.695,-191000000.0,347900000.0,347900000.0,152000000.0,362600000.0,1.342,0.711,0.0,0.0,0.0,0.0,708700000.0,76800000.0,0.0,0.0,0.0,476400000.0,553200000.0,0.424,553200000.0,476400000.0,476400000.0,1.55,1.46,1.55,1334400000.0,1042907250.0,1334400000.0,7921679188.0,17.0,14.32,469300000.0,2.003,1.0,1151900000.0,0.883,145400000.0,0.0,1138600000.0,969933000.0,0.0,856700000.0,106300000.0,750400000.0,948300000.0,650800000.0,297500000.0,8044749188.0,241900000.0,-6700000.0,33300000.0,-1300000.0,0.0,65700000.0,-479200000.0,-249000000.0,660300000.0,-2500000.0,362600000.0,362600000.0,362600000.0,0.0,0.0,0.278,736600000.0,415300000.0,27300000.0,0.0,6.029,22.186,23.911,244400000.0,0.0,37.063,6.17,6.66,583000000.0,1143100000.0,1303900000.0,1303900000.0,163900000.0,0.207,0.348,0.491,0.365,1400000.0,512800000.0,1.0,217059000.0,234300000,248600000.0,5.565,2137300000.0,0.0,113800000.0,0.0,9.122,222600000.0
15,BMC,MRY,1998-12-31,1998-03-31,1998-03-31,2019-04-25,3824000.0,1498068000.0,1193877000.0,533399000.0,964669000.0,0.825,3.819,-119700000.0,106016000.0,106016000.0,127700000.0,188500000.0,1.22,0.707,0.0,0.0,0.0,0.0,446730000.0,69200000.0,0.0,0.0,0.0,293000000.0,362200000.0,0.368,362200000.0,293000000.0,293000000.0,0.82,0.77,0.82,877659000.0,721056500.0,877659000.0,8528572282.0,29.0,23.547,273700000.0,1.191,1.0,857600000.0,0.87,107690000.0,0.0,847313000.0,685028000.0,0.0,679788000.0,79224000.0,600564000.0,620409000.0,437049000.0,183360000.0,8614050282.0,-21000000.0,-72700000.0,-33600000.0,-4400000.0,0.0,-39600000.0,-371900000.0,-179500000.0,393400000.0,-2900000.0,188500000.0,188500000.0,188500000.0,0.0,0.0,0.191,604000000.0,253600000.0,20256000.0,0.0,9.815,45.698,51.105,172964000.0,0.0,41.906,8.743,9.774,333166000.0,762725000.0,985300000.0,985300000.0,121200000.0,0.158,0.261,0.428,0.297,1600000.0,394700000.0,1.0,205555264.0,229800000,244500000.0,4.288,1390378000.0,40805000.0,104500000.0,0.0,6.05,96350000.0
16,BMC,MRY,1997-12-31,1997-03-31,1997-03-31,2019-04-25,-2660000.0,889686000.0,,282217000.0,607469000.0,,2.492,-63663000.0,89790000.0,89790000.0,105744000.0,184442000.0,1.303,0.576,0.0,0.0,0.0,0.0,254886000.0,44469000.0,0.0,0.0,0.0,269606000.0,314075000.0,0.397,314075000.0,269606000.0,269606000.0,0.81,0.76,0.81,564454000.0,,564454000.0,,,,244977000.0,1.081,1.0,686195000.0,0.866,60504000.0,0.0,522743000.0,,0.0,464911000.0,62169000.0,402742000.0,325232000.0,216649000.0,108583000.0,,27447000.0,-14719000.0,-15404000.0,1200000.0,-5786000.0,-3145000.0,-276262000.0,-188837000.0,308640000.0,-1786000.0,184442000.0,184442000.0,184442000.0,0.0,0.0,0.233,443361000.0,242834000.0,11001000.0,0.0,,,28.472,126705000.0,0.0,23.063,,6.597,102048000.0,570481000.0,791939000.0,791939000.0,102536000.0,,,,0.34,1997000.0,329566000.0,1.0,,226542000,241462000.0,3.496,829182000.0,0.0,85164000.0,0.0,3.66,65568000.0
17,BMC,MRY,1996-12-31,1996-03-31,1996-03-31,2019-04-25,,,,,,,,-46864000.0,,,55033000.0,113553000.0,,,,,,,,29451000.0,,0.0,0.0,175395000.0,204846000.0,0.436,204846000.0,175395000.0,175395000.0,0.55,0.52,0.55,,,,,,,130023000.0,0.624,1.0,414873000.0,0.883,,0.0,,,,,,,,,,,24777000.0,-18510000.0,-54907000.0,0.0,-7009000.0,-57054000.0,-95119000.0,-26834000.0,176887000.0,63000.0,113553000.0,113553000.0,113553000.0,0.0,0.0,0.242,255856000.0,159017000.0,,0.0,,,24.886,,0.0,13.688,,6.065,,,469906000.0,469906000.0,60976000.0,,,,0.373,1354000.0,171291000.0,,,208213000,216748000.0,2.257,,,61842000.0,,,
0,BMC,MRQ,2013-06-30,2013-06-30,2013-06-30,2019-04-25,31000000.0,4727500000.0,,2124200000.0,2603300000.0,,6.459,-37100000.0,1642400000.0,1642400000.0,140800000.0,52500000.0,1.625,4.148,1304100000.0,0.0,1304100000.0,1304100000.0,1988600000.0,57400000.0,0.0,0.0,0.0,70700000.0,128100000.0,0.265,128100000.0,70700000.0,55700000.0,0.37,0.36,0.37,918400000.0,,918400000.0,6424301490.0,14.0,9.191,230000000.0,1.617,1.0,342800000.0,0.709,2159000000.0,15000000.0,922600000.0,,0.0,161700000.0,101100000.0,60600000.0,3809100000.0,1307600000.0,2501500000.0,6497501490.0,263200000.0,-3100000.0,6400000.0,-3100000.0,0.0,5700000.0,1200000.0,41400000.0,267100000.0,-10800000.0,52500000.0,52500000.0,52500000.0,0.0,0.0,0.109,273100000.0,69700000.0,49400000.0,0.0,7.075,19.731,20.421,80700000.0,0.0,45.13,2.98,2.943,274900000.0,3628800000.0,483600000.0,483600000.0,43000000.0,,,,,40000000.0,219800000.0,1.0,143973000.0,142200000,145200000.0,3.401,2568500000.0,79300000.0,3200000.0,0.0,18.063,816600000.0
1,BMC,MRQ,2013-03-31,2013-03-31,2013-03-31,2019-04-25,32000000.0,4720300000.0,,2099400000.0,2620900000.0,,5.708,-40600000.0,1379200000.0,1379200000.0,147600000.0,72700000.0,1.492,4.767,1306000000.0,0.0,1306000000.0,1306000000.0,1975300000.0,55800000.0,0.0,0.0,0.0,107900000.0,163700000.0,0.288,163700000.0,107900000.0,93700000.0,0.51,0.5,0.51,818500000.0,,818500000.0,6870747370.0,14.0,9.75,306600000.0,2.138,1.0,421000000.0,0.74,2167100000.0,14200000.0,1072900000.0,,0.0,202700000.0,131200000.0,71500000.0,3901800000.0,1407100000.0,2494700000.0,6620047370.0,321300000.0,0.0,23700000.0,-2700000.0,0.0,22900000.0,-45900000.0,-5300000.0,347200000.0,-2900000.0,72700000.0,72700000.0,72700000.0,0.0,0.0,0.128,315200000.0,105800000.0,42100000.0,0.0,8.088,20.0,21.35,85200000.0,0.0,46.33,3.007,3.214,443700000.0,3576300000.0,568600000.0,568600000.0,58100000.0,,,,,31500000.0,246800000.0,1.0,142889000.0,143400000,146100000.0,3.965,2553200000.0,81300000.0,21000000.0,0.0,17.805,692300000.0
2,BMC,MRQ,2012-12-31,2012-12-31,2012-12-31,2019-04-25,23300000.0,4328800000.0,,1713500000.0,2615300000.0,,4.543,-36900000.0,1057900000.0,1057900000.0,148700000.0,106300000.0,1.32,5.365,1308600000.0,0.0,1308600000.0,1308600000.0,1776100000.0,57300000.0,0.0,0.0,0.0,149700000.0,207000000.0,0.357,207000000.0,149700000.0,137000000.0,0.71,0.7,0.71,680100000.0,,680100000.0,5652275930.0,12.0,7.915,94900000.0,0.634,1.0,431500000.0,0.744,2197900000.0,12700000.0,1083200000.0,,0.0,195200000.0,123600000.0,71600000.0,3648700000.0,1298400000.0,2350300000.0,6138675930.0,-253300000.0,0.0,-806300000.0,478900000.0,0.0,-325000000.0,-58000000.0,-21100000.0,131800000.0,-2100000.0,106300000.0,106300000.0,106300000.0,0.0,0.0,0.183,283900000.0,147600000.0,48800000.0,0.0,9.026,18.664,18.777,89600000.0,0.0,39.62,2.793,2.699,378200000.0,3503400000.0,580200000.0,580200000.0,41900000.0,,,,,41400000.0,232000000.0,1.0,154938817.0,149700000,152600000.0,3.876,2130900000.0,79800000.0,30700000.0,0.0,14.234,415100000.0
3,BMC,MRQ,2012-09-30,2012-09-30,2012-09-30,2019-04-25,7400000.0,4535700000.0,,1904700000.0,2631000000.0,,8.39,-37400000.0,1311200000.0,1311200000.0,148000000.0,97800000.0,1.459,2.432,824800000.0,0.0,824800000.0,824800000.0,1842000000.0,58000000.0,0.0,0.0,0.0,142200000.0,200200000.0,0.365,200200000.0,142200000.0,131600000.0,0.62,0.61,0.62,1321400000.0,,1321400000.0,5973961360.0,12.0,8.296,29100000.0,0.185,1.0,400200000.0,0.73,2200400000.0,10600000.0,543000000.0,,0.0,174100000.0,128200000.0,45900000.0,3214300000.0,1305900000.0,1908400000.0,6616161360.0,-154300000.0,-12500000.0,-184800000.0,-3000000.0,0.0,-187300000.0,-40800000.0,9300000.0,66500000.0,7300000.0,97800000.0,97800000.0,97800000.0,0.0,0.0,0.178,262200000.0,138000000.0,52200000.0,0.0,5.007,19.317,19.571,92300000.0,0.0,41.49,3.055,3.018,341600000.0,3397400000.0,548200000.0,548200000.0,32300000.0,,,,,36900000.0,219000000.0,1.0,159464000.0,157500000,160300000.0,3.481,2335300000.0,74600000.0,33800000.0,0.0,14.827,598800000.0
4,BMC,MRQ,2012-06-30,2012-06-30,2012-06-30,2019-04-25,2300000.0,4664800000.0,,2041200000.0,2623600000.0,,8.502,-39200000.0,1465500000.0,1465500000.0,147800000.0,54100000.0,1.534,2.42,823300000.0,0.0,823300000.0,823300000.0,1959800000.0,57900000.0,0.0,0.0,0.0,75900000.0,133800000.0,0.265,133800000.0,75900000.0,65700000.0,0.34,0.33,0.34,1363800000.0,,1363800000.0,6199679760.0,12.0,8.387,180400000.0,1.125,1.0,356600000.0,0.707,2199900000.0,10200000.0,491800000.0,,0.0,182700000.0,138100000.0,44600000.0,3301000000.0,1330900000.0,1970100000.0,6874979760.0,-31400000.0,-6900000.0,-146300000.0,-2600000.0,0.0,-146000000.0,-89100000.0,-45100000.0,219600000.0,-15900000.0,54100000.0,54100000.0,54100000.0,0.0,0.0,0.107,282700000.0,73900000.0,48500000.0,0.0,5.041,19.129,19.759,88000000.0,0.0,42.68,3.162,3.149,307700000.0,3299500000.0,504400000.0,504400000.0,42200000.0,,,,,37600000.0,227900000.0,1.0,161082000.0,160400000,163800000.0,3.145,2464900000.0,72100000.0,11600000.0,0.0,15.367,710300000.0
5,BMC,MRQ,2012-03-31,2012-03-31,2012-03-31,2019-04-25,31900000.0,4845800000.0,,2182800000.0,2663000000.0,,8.837,-43700000.0,1496900000.0,1496900000.0,159800000.0,70700000.0,1.546,2.352,821600000.0,0.0,821600000.0,821600000.0,1993900000.0,63000000.0,0.0,0.0,0.0,110100000.0,173100000.0,0.307,173100000.0,110100000.0,102000000.0,0.44,0.44,0.44,1445800000.0,,1445800000.0,5601256320.0,10.0,7.2,169200000.0,1.034,1.0,404900000.0,0.717,2202300000.0,8100000.0,556600000.0,,0.0,138700000.0,86100000.0,52600000.0,3400000000.0,1411600000.0,1988400000.0,6595356320.0,177400000.0,-301300000.0,-145600000.0,489500000.0,0.0,345400000.0,-386800000.0,-41800000.0,212900000.0,5900000.0,70700000.0,70700000.0,70700000.0,0.0,0.0,0.125,298900000.0,106000000.0,32700000.0,0.0,4.562,16.447,17.017,87800000.0,0.0,40.16,3.037,3.141,484800000.0,3245300000.0,564700000.0,564700000.0,43700000.0,,,,,34500000.0,239600000.0,1.0,164227000.0,163600000,165600000.0,3.452,2643500000.0,71000000.0,31300000.0,0.0,16.158,771200000.0
6,BMC,MRQ,2011-12-31,2011-12-31,2011-12-31,2019-04-25,15500000.0,4088200000.0,,1835800000.0,2252400000.0,,8.764,-42500000.0,1319500000.0,1319500000.0,137600000.0,119900000.0,1.429,1.79,325400000.0,0.0,325400000.0,325400000.0,1870400000.0,50200000.0,0.0,0.0,0.0,162800000.0,213000000.0,0.389,213000000.0,162800000.0,158300000.0,0.72,0.71,0.72,1465300000.0,,1465300000.0,4456290440.0,8.0,5.545,121800000.0,0.728,1.0,410600000.0,0.749,1836400000.0,4500000.0,-26700000.0,,0.0,94500000.0,37100000.0,57400000.0,2622900000.0,1284400000.0,1338500000.0,5579090440.0,-140200000.0,-14100000.0,-228900000.0,-16000000.0,0.0,-243900000.0,-57300000.0,-700000.0,164300000.0,-3300000.0,119900000.0,119900000.0,119900000.0,0.0,0.0,0.219,248800000.0,161800000.0,34000000.0,0.0,3.807,12.321,12.608,84400000.0,0.0,32.78,2.572,2.526,369300000.0,3174800000.0,548200000.0,548200000.0,38500000.0,,,,,31100000.0,204500000.0,1.0,170198000.0,167200000,169500000.0,3.279,2251800000.0,58500000.0,38400000.0,0.0,13.468,551400000.0
7,BMC,MRQ,2011-09-30,2011-09-30,2011-09-30,2019-04-25,-2100000.0,4189600000.0,,1933100000.0,2256500000.0,,8.805,-41000000.0,1459700000.0,1459700000.0,142000000.0,114700000.0,1.511,1.751,336900000.0,0.0,336900000.0,336900000.0,1894200000.0,57900000.0,0.0,0.0,0.0,161400000.0,219300000.0,0.394,219300000.0,161400000.0,156200000.0,0.66,0.65,0.66,1523200000.0,,1523200000.0,5519089760.0,10.0,7.041,120700000.0,0.698,1.0,414700000.0,0.745,1826500000.0,5200000.0,-39300000.0,,0.0,92800000.0,30900000.0,61900000.0,2666400000.0,1279600000.0,1386800000.0,6768089760.0,-123200000.0,-3000000.0,-215600000.0,-2100000.0,0.0,-216700000.0,-43600000.0,400000.0,161700000.0,-24600000.0,114700000.0,114700000.0,114700000.0,0.0,0.0,0.206,253700000.0,161000000.0,32500000.0,0.0,4.443,15.312,15.486,86300000.0,0.0,38.56,3.132,3.087,331100000.0,3055400000.0,556700000.0,556700000.0,38300000.0,,,,,30800000.0,204500000.0,1.0,175521000.0,173000000,176000000.0,3.218,2363100000.0,58100000.0,41500000.0,0.0,13.66,653500000.0
8,BMC,MRQ,2011-06-30,2011-06-30,2011-06-30,2019-04-25,40100000.0,4437700000.0,,2063300000.0,2374400000.0,,9.267,-31800000.0,1582900000.0,1582900000.0,129500000.0,95700000.0,1.582,1.716,333900000.0,0.0,333900000.0,333900000.0,2068500000.0,53500000.0,0.0,0.0,0.0,119000000.0,172500000.0,0.343,172500000.0,119000000.0,113500000.0,0.54,0.53,0.54,1633700000.0,,1633700000.0,8348832600.0,15.0,10.968,229600000.0,1.302,1.0,372900000.0,0.742,1850100000.0,5500000.0,34500000.0,,0.0,96000000.0,31900000.0,64100000.0,2804000000.0,1304100000.0,1499900000.0,9674132600.0,-78000000.0,-145900000.0,-175800000.0,-2600000.0,0.0,-166800000.0,-178200000.0,-500000.0,261400000.0,5600000.0,95700000.0,95700000.0,95700000.0,0.0,0.0,0.19,257800000.0,115100000.0,34300000.0,0.0,5.922,21.072,21.284,90900000.0,0.0,54.7,4.592,4.577,408000000.0,2940900000.0,502400000.0,502400000.0,44700000.0,,,,,30800000.0,203300000.0,1.0,176858000.0,176300000,180600000.0,2.85,2587600000.0,64100000.0,17800000.0,0.0,14.677,759200000.0
9,BMC,MRQ,2011-03-31,2011-03-31,2011-03-31,2019-04-25,32000000.0,4485400000.0,,2267400000.0,2218000000.0,,9.306,-30800000.0,1660900000.0,1660900000.0,133700000.0,122500000.0,1.631,1.697,335600000.0,0.0,335600000.0,335600000.0,1955500000.0,49900000.0,0.0,0.0,0.0,148900000.0,198800000.0,0.354,198800000.0,148900000.0,143800000.0,0.68,0.67,0.68,1662900000.0,,1662900000.0,7677708540.0,14.0,10.36,259600000.0,1.453,1.0,428500000.0,0.762,1701700000.0,5100000.0,68100000.0,,0.0,95600000.0,27800000.0,67800000.0,2822500000.0,1390300000.0,1432200000.0,8884608540.0,116800000.0,0.0,-117100000.0,-3100000.0,0.0,-114800000.0,-66400000.0,-35600000.0,290400000.0,7600000.0,122500000.0,122500000.0,122500000.0,0.0,0.0,0.218,286700000.0,141800000.0,47400000.0,0.0,5.343,19.475,19.506,94200000.0,0.0,49.74,4.302,4.304,507500000.0,2845200000.0,562200000.0,562200000.0,54700000.0,,,,,30200000.0,223600000.0,1.0,178621000.0,178700000,183000000.0,3.146,2783700000.0,65100000.0,21300000.0,0.0,15.578,877100000.0
10,BMC,MRQ,2010-12-31,2010-12-31,2010-12-31,2019-04-25,19300000.0,4270600000.0,,2058600000.0,2212000000.0,,9.022,-36100000.0,1544100000.0,1544100000.0,130900000.0,109100000.0,1.554,1.656,337200000.0,0.0,337200000.0,337200000.0,1809800000.0,47300000.0,0.0,0.0,0.0,146000000.0,193300000.0,0.358,193300000.0,146000000.0,141100000.0,0.61,0.6,0.61,1607800000.0,,1607800000.0,7245252360.0,14.0,10.182,144200000.0,0.809,1.0,409000000.0,0.758,1710100000.0,4900000.0,29300000.0,,0.0,56300000.0,2800000.0,53500000.0,2662800000.0,1324300000.0,1338500000.0,8375552360.0,66600000.0,-51000000.0,-19200000.0,-16500000.0,0.0,-28400000.0,-89100000.0,-2000000.0,180300000.0,3800000.0,109100000.0,109100000.0,109100000.0,0.0,0.0,0.202,269600000.0,139400000.0,43000000.0,0.0,5.209,18.51,18.781,97000000.0,0.0,47.14,4.2,4.212,459600000.0,2722700000.0,539900000.0,539900000.0,45000000.0,,,,,25300000.0,216200000.0,1.0,177674000.0,178200000,182300000.0,3.03,2560500000.0,38500000.0,32000000.0,0.0,14.369,734300000.0
11,BMC,MRQ,2010-09-30,2010-09-30,2010-09-30,2019-04-25,12100000.0,4053600000.0,,1884700000.0,2168900000.0,,8.291,-35800000.0,1477500000.0,1477500000.0,111000000.0,131800000.0,1.497,1.742,347200000.0,0.0,347200000.0,347200000.0,1755600000.0,48100000.0,0.0,0.0,0.0,148500000.0,196600000.0,0.391,196600000.0,148500000.0,143800000.0,0.74,0.73,0.74,1478300000.0,,1478300000.0,6169180480.0,12.0,8.633,91300000.0,0.512,1.0,391300000.0,0.779,1655800000.0,4700000.0,8800000.0,,0.0,51100000.0,0.0,51100000.0,2575300000.0,1258700000.0,1316600000.0,7230780480.0,67500000.0,0.0,-49100000.0,-3000000.0,0.0,-49100000.0,-24500000.0,11300000.0,127100000.0,14000000.0,131800000.0,131800000.0,131800000.0,0.0,0.0,0.262,247800000.0,143500000.0,45200000.0,0.0,4.891,15.923,16.192,100200000.0,0.0,40.48,3.684,3.678,364400000.0,2613600000.0,502300000.0,502300000.0,43400000.0,,,,,25900000.0,196000000.0,1.0,178626000.0,178300000,181400000.0,2.817,2397800000.0,38100000.0,12000000.0,0.0,13.448,626000000.0
12,BMC,MRQ,2010-06-30,2010-06-30,2010-06-30,2019-04-25,-12700000.0,3939600000.0,,1788900000.0,2150700000.0,,7.443,-35100000.0,1410000000.0,1410000000.0,109600000.0,92800000.0,1.42,1.936,348400000.0,0.0,348400000.0,348400000.0,1805100000.0,44700000.0,0.0,0.0,0.0,107700000.0,152400000.0,0.331,152400000.0,107700000.0,102600000.0,0.51,0.5,0.51,1342000000.0,,1342000000.0,5258441490.0,10.0,7.535,132300000.0,0.734,1.0,351300000.0,0.762,1653000000.0,5100000.0,-34800000.0,,0.0,61300000.0,10300000.0,51000000.0,2597600000.0,1259800000.0,1337800000.0,6286141490.0,41400000.0,0.0,-148500000.0,-3000000.0,0.0,-148600000.0,32400000.0,66500000.0,167400000.0,-9800000.0,92800000.0,92800000.0,92800000.0,0.0,0.0,0.201,243200000.0,108100000.0,47500000.0,0.0,4.684,15.093,15.256,99000000.0,0.0,34.63,3.27,3.248,315400000.0,2481800000.0,460900000.0,460900000.0,38500000.0,,,,,25100000.0,196300000.0,1.0,181523000.0,180300000,183800000.0,2.556,2286600000.0,42700000.0,9800000.0,0.0,12.682,529100000.0
13,BMC,MRQ,2010-03-31,2010-03-31,2010-03-31,2019-04-25,5400000.0,4137600000.0,,1905000000.0,2232600000.0,,7.629,-21900000.0,1368600000.0,1368600000.0,113500000.0,118800000.0,1.418,1.982,340900000.0,0.0,340900000.0,340900000.0,1823100000.0,46500000.0,0.0,0.0,0.0,122800000.0,169300000.0,0.345,169300000.0,122800000.0,117400000.0,0.65,0.64,0.65,1387700000.0,,1387700000.0,6200998000.0,12.0,8.842,281600000.0,1.548,1.0,377800000.0,0.769,1669900000.0,5400000.0,96200000.0,,0.0,127900000.0,65500000.0,62400000.0,2749900000.0,1343800000.0,1406100000.0,6939598000.0,289100000.0,0.0,-58300000.0,-2400000.0,0.0,-56700000.0,41000000.0,63000000.0,303500000.0,1300000.0,118800000.0,118800000.0,118800000.0,0.0,0.0,0.242,262300000.0,115500000.0,60500000.0,0.0,5.001,17.088,17.195,95000000.0,0.0,38.0,3.631,3.641,452600000.0,2389300000.0,491300000.0,491300000.0,52700000.0,,,,,23800000.0,203700000.0,1.0,182621000.0,181900000,185900000.0,2.701,2467700000.0,53700000.0,-1400000.0,0.0,13.566,561200000.0
14,BMC,MRQ,2009-12-31,2009-12-31,2009-12-31,2019-04-25,9200000.0,3914600000.0,,1685700000.0,2228900000.0,,7.137,-27000000.0,1079500000.0,1079500000.0,104400000.0,110700000.0,1.344,2.001,340900000.0,0.0,340900000.0,340900000.0,1727100000.0,44500000.0,0.0,0.0,0.0,151800000.0,196300000.0,0.386,196300000.0,151800000.0,146700000.0,0.6,0.59,0.6,1304600000.0,,1304600000.0,6526019200.0,13.0,9.367,56200000.0,0.307,1.0,403700000.0,0.795,1692500000.0,5100000.0,228900000.0,,0.0,190300000.0,128000000.0,62300000.0,2610000000.0,1254600000.0,1355400000.0,7354019200.0,-58300000.0,-67600000.0,-55700000.0,38500000.0,0.0,-12900000.0,-129100000.0,-34500000.0,83200000.0,500000.0,110700000.0,110700000.0,110700000.0,0.0,0.0,0.218,256100000.0,147600000.0,49200000.0,0.0,5.637,19.844,19.95,97900000.0,0.0,40.1,3.872,3.86,454400000.0,2270600000.0,508100000.0,508100000.0,47800000.0,,,,,22600000.0,199000000.0,1.0,183392000.0,182800000,186500000.0,2.78,2222100000.0,63800000.0,36000000.0,0.0,12.156,431100000.0
15,BMC,MRQ,2009-09-30,2009-09-30,2009-09-30,2019-04-25,11300000.0,3747300000.0,,1620600000.0,2126700000.0,,6.676,-33600000.0,1137800000.0,1137800000.0,95000000.0,94200000.0,1.313,2.059,309800000.0,0.0,309800000.0,309800000.0,1696600000.0,42000000.0,0.0,0.0,0.0,137900000.0,179900000.0,0.39,179900000.0,137900000.0,132600000.0,0.51,0.5,0.51,1225000000.0,,1225000000.0,6219807170.0,13.0,9.268,59800000.0,0.326,1.0,366800000.0,0.794,1626300000.0,5300000.0,58700000.0,,0.0,151000000.0,74700000.0,76300000.0,2522300000.0,1234300000.0,1288000000.0,6905107170.0,140800000.0,-24700000.0,-47500000.0,-5900000.0,0.0,-49700000.0,86800000.0,145100000.0,93400000.0,10300000.0,94200000.0,94200000.0,94200000.0,0.0,0.0,0.204,232000000.0,134800000.0,64000000.0,0.0,5.637,20.091,20.177,104300000.0,0.0,37.53,3.674,3.664,312400000.0,2159800000.0,461800000.0,461800000.0,41700000.0,,,,,21900000.0,181800000.0,1.0,183989000.0,183500000,187000000.0,2.517,2121000000.0,71200000.0,38400000.0,0.0,11.559,386300000.0
16,BMC,MRQ,2009-06-30,2009-06-30,2009-06-30,2019-04-25,-4800000.0,3636900000.0,,1557300000.0,2079600000.0,,6.164,-20600000.0,997000000.0,997000000.0,98600000.0,82400000.0,1.263,2.201,311700000.0,0.0,311700000.0,311700000.0,1727800000.0,42800000.0,0.0,0.0,0.0,113000000.0,155800000.0,0.346,155800000.0,113000000.0,107500000.0,0.45,0.44,0.45,1136000000.0,,1136000000.0,5538881960.0,12.0,8.506,134700000.0,0.731,1.0,351400000.0,0.781,1590700000.0,5500000.0,127800000.0,,0.0,288100000.0,213800000.0,74300000.0,2500900000.0,1233100000.0,1267800000.0,6248581960.0,-26300000.0,0.0,-37400000.0,-3700000.0,0.0,-39400000.0,-158000000.0,-137400000.0,155300000.0,15800000.0,82400000.0,82400000.0,82400000.0,0.0,0.0,0.183,243200000.0,108200000.0,63200000.0,0.0,5.501,19.57,19.645,106700000.0,0.0,33.79,3.316,3.305,242000000.0,2066900000.0,450000000.0,450000000.0,53700000.0,,,,,20600000.0,180500000.0,1.0,184924000.0,184300000,187900000.0,2.442,2046200000.0,72400000.0,25100000.0,0.0,11.103,324200000.0
17,BMC,MRQ,2009-03-31,2009-03-31,2009-03-31,2019-04-25,-25500000.0,3697500000.0,,1560500000.0,2137000000.0,,5.686,-24700000.0,1023300000.0,1023300000.0,106100000.0,83300000.0,1.17,2.526,313600000.0,0.0,313600000.0,313600000.0,1787900000.0,47300000.0,0.0,0.0,0.0,117400000.0,164700000.0,0.344,164700000.0,117400000.0,114100000.0,0.45,0.44,0.45,1048500000.0,,1048500000.0,5531085000.0,15.0,9.812,173600000.0,0.941,1.0,373200000.0,0.779,1601200000.0,3300000.0,53300000.0,,0.0,145900000.0,73600000.0,72300000.0,2649000000.0,1333300000.0,1315700000.0,6093285000.0,151800000.0,0.0,-23500000.0,-5800000.0,0.0,-27000000.0,-8400000.0,16400000.0,198300000.0,-11100000.0,83300000.0,83300000.0,83300000.0,0.0,0.0,0.174,252900000.0,120300000.0,62600000.0,0.0,5.811,25.591,25.984,103000000.0,0.0,33.0,3.255,3.298,409200000.0,1985400000.0,479300000.0,479300000.0,54500000.0,,,,,19800000.0,180400000.0,1.0,184645000.0,184400000,186900000.0,2.599,2096300000.0,68000000.0,30800000.0,0.0,11.368,227200000.0
18,BMC,MRQ,2008-12-31,2008-12-31,2008-12-31,2019-04-25,-21200000.0,3612200000.0,,1376600000.0,2235600000.0,,5.227,-27000000.0,871500000.0,871500000.0,103200000.0,83800000.0,1.041,2.715,309300000.0,0.0,309300000.0,309300000.0,1730800000.0,45200000.0,0.0,0.0,0.0,125500000.0,170700000.0,0.35,170700000.0,125500000.0,119700000.0,0.45,0.44,0.45,972200000.0,,972200000.0,4546586460.0,12.0,8.152,127800000.0,0.687,1.0,385200000.0,0.789,1650400000.0,5800000.0,76800000.0,,0.0,167900000.0,89900000.0,78000000.0,2640000000.0,1322800000.0,1317200000.0,5045786460.0,61200000.0,0.0,-67300000.0,-6100000.0,0.0,-72600000.0,-1000000.0,19300000.0,154800000.0,-20000000.0,83800000.0,83800000.0,83800000.0,0.0,0.0,0.172,256500000.0,128700000.0,60500000.0,0.0,5.19,20.039,20.386,100000000.0,0.0,26.91,2.714,2.692,373200000.0,1907300000.0,488400000.0,488400000.0,52000000.0,,,,,18900000.0,180000000.0,1.0,187506000.0,186000000,188300000.0,2.626,1961800000.0,51100000.0,35900000.0,0.0,10.547,53800000.0
19,BMC,MRQ,2008-09-30,2008-09-30,2008-09-30,2019-04-25,1800000.0,3629600000.0,,1342700000.0,2286900000.0,,5.078,-23600000.0,810300000.0,810300000.0,112400000.0,69800000.0,1.012,2.786,311100000.0,0.0,311100000.0,311100000.0,1762300000.0,45500000.0,0.0,0.0,0.0,114500000.0,160000000.0,0.343,160000000.0,114500000.0,108700000.0,0.37,0.36,0.37,958800000.0,,958800000.0,4760430270.0,13.0,8.66,51700000.0,0.274,1.0,354300000.0,0.759,1672600000.0,5800000.0,130400000.0,,0.0,198900000.0,115300000.0,83600000.0,2670800000.0,1327400000.0,1343400000.0,5440530270.0,-176200000.0,400000.0,-88200000.0,-3400000.0,0.0,-90500000.0,-137300000.0,-114000000.0,75300000.0,-23700000.0,69800000.0,69800000.0,69800000.0,0.0,0.0,0.15,248800000.0,105500000.0,63100000.0,0.0,5.674,21.589,21.855,106200000.0,0.0,28.63,2.973,2.954,343100000.0,1823800000.0,466700000.0,466700000.0,53700000.0,,,,,20900000.0,184900000.0,1.0,190029000.0,188800000,192200000.0,2.472,1957000000.0,58900000.0,38900000.0,0.0,10.365,15300000.0
20,BMC,MRQ,2008-06-30,2008-06-30,2008-06-30,2019-04-25,22900000.0,3610600000.0,,1412900000.0,2197700000.0,,5.172,-20000000.0,986500000.0,986500000.0,103300000.0,1200000.0,1.107,2.697,306400000.0,0.0,306400000.0,306400000.0,1821500000.0,44800000.0,0.0,0.0,0.0,23500000.0,68300000.0,0.156,68300000.0,23500000.0,21400000.0,0.01,0.01,0.01,976500000.0,,976500000.0,5587808000.0,15.0,10.382,131300000.0,0.695,1.0,334200000.0,0.764,1699900000.0,2100000.0,-45700000.0,,0.0,87000000.0,0.0,87000000.0,2634100000.0,1276300000.0,1357800000.0,6876108000.0,-301800000.0,-784100000.0,-65400000.0,293000000.0,0.0,247500000.0,-705200000.0,99000000.0,151300000.0,4600000.0,1200000.0,1200000.0,1200000.0,0.0,0.0,0.003,320900000.0,13300000.0,54200000.0,0.0,7.042,26.487,27.068,100300000.0,0.0,36.0,3.854,3.81,299800000.0,1754300000.0,437500000.0,437500000.0,61800000.0,,,,,22400000.0,193900000.0,1.0,191003000.0,188800000,192900000.0,2.317,1910700000.0,91800000.0,20200000.0,0.0,10.12,136600000.0
21,BMC,MRQ,2008-03-31,2008-03-31,2008-03-31,2019-04-25,19700000.0,3345500000.0,,1802600000.0,1542900000.0,,5.242,-23900000.0,1288300000.0,1288300000.0,105600000.0,97000000.0,1.399,2.364,9200000.0,0.0,9200000.0,9200000.0,1779400000.0,41800000.0,0.0,0.0,0.0,116900000.0,158700000.0,0.34,158700000.0,116900000.0,116700000.0,0.49,0.49,0.49,994500000.0,,994500000.0,5234894657.0,12.0,8.909,185800000.0,0.979,1.0,361300000.0,0.774,916700000.0,200000.0,-138900000.0,,0.0,186900000.0,62200000.0,124700000.0,2351000000.0,1288600000.0,1062400000.0,6248094657.0,275100000.0,-200000.0,-87700000.0,-2400000.0,0.0,-86500000.0,140600000.0,164300000.0,209700000.0,11300000.0,97000000.0,97000000.0,97000000.0,0.0,0.0,0.208,262900000.0,98400000.0,48100000.0,0.0,6.283,19.924,20.453,99800000.0,0.0,32.52,3.608,3.658,353200000.0,1753100000.0,466900000.0,466900000.0,59900000.0,,,,,19000000.0,192800000.0,1.0,192130832.0,189700000,193600000.0,2.461,2428800000.0,61700000.0,19700000.0,0.0,12.803,514000000.0
22,BMC,MRQ,2007-12-31,2007-12-31,2007-12-31,2019-04-25,13600000.0,3148100000.0,,1706600000.0,1441500000.0,,5.231,-25300000.0,1013200000.0,1013200000.0,101700000.0,84000000.0,1.443,2.122,0.0,0.0,0.0,0.0,1694700000.0,37500000.0,0.0,0.0,0.0,125200000.0,162700000.0,0.354,162700000.0,125200000.0,124800000.0,0.44,0.42,0.44,1008500000.0,,1008500000.0,5916150010.0,15.0,10.637,39800000.0,0.206,1.0,357300000.0,0.778,939900000.0,400000.0,12600000.0,,0.0,352300000.0,244400000.0,107900000.0,2139600000.0,1182400000.0,957200000.0,6978650010.0,-49300000.0,-22200000.0,-143500000.0,-1100000.0,0.0,-136200000.0,19000000.0,65800000.0,65100000.0,2800000.0,84000000.0,84000000.0,84000000.0,0.0,0.0,0.183,250800000.0,106500000.0,52900000.0,0.0,6.92,24.977,25.099,97700000.0,0.0,35.64,4.144,4.08,349400000.0,1709500000.0,459000000.0,459000000.0,54300000.0,,,,,15900000.0,185500000.0,1.0,195809484.0,192800000,197900000.0,2.381,2208200000.0,75200000.0,40800000.0,0.0,11.453,524200000.0
23,BMC,MRQ,2007-09-30,2007-09-30,2007-09-30,2019-04-25,6000000.0,3147500000.0,,1718300000.0,1429200000.0,,5.214,-32500000.0,1062500000.0,1062500000.0,94500000.0,77400000.0,1.478,2.058,0.0,0.0,0.0,0.0,1702000000.0,37200000.0,0.0,0.0,0.0,111300000.0,148500000.0,0.353,148500000.0,111300000.0,111100000.0,0.39,0.38,0.39,1029200000.0,,1029200000.0,5137334377.0,14.0,9.817,121400000.0,0.615,1.0,326200000.0,0.775,922400000.0,200000.0,300000.0,,0.0,416500000.0,275200000.0,141300000.0,2118300000.0,1162300000.0,956000000.0,6278934377.0,-79100000.0,-53800000.0,-172500000.0,-1500000.0,0.0,-169400000.0,-72900000.0,11500000.0,153900000.0,9300000.0,77400000.0,77400000.0,77400000.0,0.0,0.0,0.184,234800000.0,91400000.0,40500000.0,0.0,6.101,24.215,24.209,92600000.0,0.0,31.23,3.833,3.764,269200000.0,1620300000.0,420700000.0,420700000.0,49600000.0,,,,,16500000.0,179900000.0,1.0,201054575.0,197400000,202000000.0,2.131,2225100000.0,70600000.0,33700000.0,0.0,11.272,556000000.0
24,BMC,MRQ,2007-06-30,2007-06-30,2007-06-30,2019-04-25,-8000000.0,3242000000.0,,1789900000.0,1452100000.0,,5.453,-24900000.0,1141600000.0,1141600000.0,92600000.0,55200000.0,1.528,1.982,0.0,0.0,0.0,0.0,1782200000.0,35600000.0,0.0,0.0,0.0,82100000.0,117700000.0,0.306,117700000.0,82100000.0,81800000.0,0.28,0.27,0.28,1087300000.0,,1087300000.0,5193213813.0,15.0,10.403,140100000.0,0.703,1.0,292400000.0,0.759,856600000.0,300000.0,72700000.0,,0.0,425100000.0,238800000.0,186300000.0,2154700000.0,1171100000.0,983600000.0,6076713813.0,258100000.0,-38600000.0,-51800000.0,-1600000.0,0.0,-46100000.0,134700000.0,197800000.0,165000000.0,4500000.0,55200000.0,55200000.0,55200000.0,0.0,0.0,0.143,231200000.0,61200000.0,27600000.0,0.0,5.589,25.309,25.462,93800000.0,0.0,30.3,3.788,3.767,322600000.0,1542200000.0,385000000.0,385000000.0,45600000.0,,,,,15200000.0,178600000.0,1.0,200551611.0,199400000,204800000.0,1.931,2385400000.0,71300000.0,26600000.0,0.0,11.963,618800000.0
25,BMC,MRQ,2007-03-31,2007-03-31,2007-03-31,2019-04-25,-9300000.0,3260000000.0,,1789500000.0,1470500000.0,,5.199,-26500000.0,883500000.0,883500000.0,92800000.0,62800000.0,1.451,2.107,0.0,0.0,0.0,0.0,1729000000.0,48800000.0,0.0,0.0,0.0,78500000.0,127300000.0,0.304,127300000.0,78500000.0,78200000.0,0.31,0.3,0.31,1049100000.0,,1049100000.0,5488493219.0,18.0,11.857,197600000.0,0.979,1.0,326600000.0,0.779,818900000.0,300000.0,324700000.0,,0.0,623600000.0,412500000.0,211100000.0,2210900000.0,1232900000.0,978000000.0,6280093219.0,91900000.0,0.0,-113200000.0,-1600000.0,0.0,-109600000.0,-25500000.0,500000.0,224100000.0,2900000.0,62800000.0,62800000.0,62800000.0,0.0,0.0,0.15,271900000.0,54700000.0,81400000.0,0.0,5.986,29.088,29.047,88300000.0,0.0,30.79,3.974,3.978,440300000.0,1478000000.0,419400000.0,419400000.0,57500000.0,,,,,9500000.0,194300000.0,1.0,203965353.0,201800000,208700000.0,2.078,2441100000.0,69900000.0,15400000.0,0.0,12.097,556600000.0
26,BMC,MRQ,2006-12-31,2006-12-31,2006-12-31,2019-04-25,-12200000.0,3104700000.0,,1588500000.0,1516200000.0,,5.293,-23600000.0,791600000.0,791600000.0,95300000.0,63900000.0,1.388,1.88,0.0,0.0,0.0,0.0,1583600000.0,32700000.0,0.0,0.0,0.0,97100000.0,129800000.0,0.314,129800000.0,97100000.0,96800000.0,0.31,0.3,0.31,1078100000.0,,1078100000.0,5922482254.0,20.0,12.959,89500000.0,0.439,1.0,317600000.0,0.769,842700000.0,300000.0,326000000.0,,0.0,623800000.0,376800000.0,247000000.0,2026600000.0,1144400000.0,882200000.0,6603882254.0,110200000.0,-1000000.0,-68400000.0,-1500000.0,0.0,-56900000.0,52300000.0,73400000.0,113100000.0,1700000.0,63900000.0,63900000.0,63900000.0,0.0,0.0,0.155,243700000.0,73900000.0,54600000.0,0.0,6.125,32.261,32.525,85000000.0,0.0,32.2,4.209,4.181,377400000.0,1415700000.0,412900000.0,412900000.0,49500000.0,,,,,10600000.0,182800000.0,1.0,205089511.0,203700000,210100000.0,2.027,2262000000.0,46100000.0,32900000.0,0.0,11.105,444100000.0
27,BMC,MRQ,2006-09-30,2006-09-30,2006-09-30,2019-04-25,-15700000.0,3008700000.0,,1491400000.0,1517300000.0,,5.178,-16600000.0,681400000.0,681400000.0,95200000.0,58200000.0,1.363,1.851,0.0,0.0,0.0,0.0,1563100000.0,39600000.0,0.0,0.0,0.0,84800000.0,124400000.0,0.322,124400000.0,84800000.0,84300000.0,0.29,0.28,0.29,1055300000.0,,1055300000.0,4855271804.0,18.0,10.852,11700000.0,0.057,1.0,291500000.0,0.754,851800000.0,500000.0,381500000.0,,0.0,694400000.0,432500000.0,261900000.0,1953400000.0,1094000000.0,859400000.0,5579271804.0,-42600000.0,-500000.0,-51500000.0,-1500000.0,0.0,-44800000.0,-27000000.0,-10100000.0,28300000.0,900000.0,58200000.0,58200000.0,58200000.0,0.0,0.0,0.151,231900000.0,59600000.0,34600000.0,0.0,5.287,29.442,29.912,86400000.0,0.0,27.22,3.632,3.611,313900000.0,1351800000.0,386700000.0,386700000.0,52800000.0,,,,,10700000.0,171600000.0,1.0,204969574.0,203800000,209000000.0,1.897,2156900000.0,46600000.0,26100000.0,0.0,10.583,397400000.0
28,BMC,MRQ,2006-06-30,2006-06-30,2006-06-30,2019-04-25,-19000000.0,3071100000.0,,1557300000.0,1513800000.0,,4.947,-20500000.0,724000000.0,724000000.0,87000000.0,31000000.0,1.382,1.992,0.0,0.0,0.0,0.0,1634600000.0,39700000.0,0.0,0.0,0.0,41700000.0,81400000.0,0.225,81400000.0,41700000.0,41300000.0,0.15,0.15,0.15,1026500000.0,,1026500000.0,4006899776.0,16.0,9.119,34100000.0,0.164,1.0,274400000.0,0.759,865700000.0,400000.0,354700000.0,,0.0,679000000.0,443900000.0,235100000.0,2044600000.0,1126700000.0,917900000.0,4912799776.0,-181900000.0,-143700000.0,-120300000.0,285400000.0,0.0,167300000.0,-405700000.0,-241500000.0,54600000.0,1900000.0,31000000.0,31000000.0,31000000.0,0.0,0.0,0.086,255300000.0,19100000.0,60100000.0,0.0,4.786,28.218,29.146,90900000.0,0.0,23.9,3.25,3.281,294600000.0,1293700000.0,361400000.0,361400000.0,50900000.0,,,,,10800000.0,172200000.0,1.0,205556476.0,207500000,211200000.0,1.742,2205400000.0,46100000.0,10300000.0,0.0,10.628,430600000.0
29,BMC,MRQ,2006-03-31,2006-03-31,2006-03-31,2019-04-25,-22400000.0,3210900000.0,,1506400000.0,1704500000.0,,5.181,-19400000.0,905900000.0,905900000.0,96500000.0,51600000.0,1.253,1.922,0.0,0.0,0.0,0.0,1628300000.0,42900000.0,0.0,0.0,0.0,78500000.0,121400000.0,0.298,121400000.0,78500000.0,77900000.0,0.24,0.24,0.24,1098800000.0,,1098800000.0,3989367970.0,19.0,9.716,249800000.0,1.178,1.0,311400000.0,0.763,725700000.0,600000.0,376900000.0,,0.0,437800000.0,157500000.0,280300000.0,2112100000.0,1202400000.0,909700000.0,4609767970.0,285500000.0,-400000.0,-77900000.0,-2700000.0,0.0,-80600000.0,94500000.0,114100000.0,269200000.0,2400000.0,51600000.0,51600000.0,51600000.0,0.0,0.0,0.127,252800000.0,58600000.0,141500000.0,0.0,4.195,45.194,46.085,352100000.0,0.0,21.66,3.076,3.122,372900000.0,1264400000.0,407900000.0,407900000.0,53500000.0,,,,,600000.0,192800000.0,1.0,212824006.0,212100000,216200000.0,1.923,2485200000.0,43400000.0,26300000.0,0.0,11.717,304000000.0
30,BMC,MRQ,2005-12-31,2005-12-31,2005-12-31,2019-04-25,-20100000.0,3029100000.0,,1324900000.0,1704200000.0,,5.192,-29700000.0,620400000.0,620400000.0,92100000.0,48700000.0,1.299,1.713,0.0,0.0,0.0,0.0,1565800000.0,48400000.0,0.0,0.0,0.0,71800000.0,120200000.0,0.316,120200000.0,71800000.0,71500000.0,0.23,0.22,0.23,1116700000.0,,1116700000.0,3905936554.0,30.0,11.078,36800000.0,0.171,1.0,288200000.0,0.758,742500000.0,300000.0,646600000.0,,0.0,553100000.0,241700000.0,311400000.0,1912400000.0,1019600000.0,892800000.0,4431936554.0,94400000.0,0.0,-84600000.0,-1600000.0,0.0,-86200000.0,116000000.0,139900000.0,66500000.0,-1900000.0,48700000.0,48700000.0,48700000.0,0.0,0.0,0.128,235700000.0,52500000.0,37400000.0,0.0,3.969,67.252,66.097,360600000.0,0.0,20.49,2.983,2.967,393300000.0,1212700000.0,380300000.0,380300000.0,50800000.0,,,,,600000.0,177200000.0,1.0,216297538.0,215100000,217900000.0,1.768,2286600000.0,0.0,22800000.0,0.0,10.63,305300000.0
31,BMC,MRQ,2005-09-30,2005-09-30,2005-09-30,2019-04-25,-17100000.0,3015500000.0,,1267100000.0,1748400000.0,,5.306,-21400000.0,526000000.0,526000000.0,95700000.0,42800000.0,1.308,1.612,0.0,0.0,0.0,0.0,1559500000.0,56300000.0,0.0,0.0,0.0,60100000.0,116400000.0,0.322,116400000.0,60100000.0,59700000.0,0.2,0.19,0.2,1154500000.0,,1154500000.0,3744988262.0,35.0,11.031,-29100000.0,-0.134,1.0,266100000.0,0.735,756700000.0,400000.0,764000000.0,,0.0,693600000.0,341300000.0,352300000.0,1861000000.0,968800000.0,892200000.0,4598688262.0,-327700000.0,-5700000.0,-39400000.0,-1400000.0,0.0,-40800000.0,-280500000.0,-253500000.0,-7700000.0,1300000.0,42800000.0,42800000.0,42800000.0,0.0,0.0,0.118,225800000.0,40300000.0,27000000.0,0.0,3.983,85.796,87.917,359200000.0,0.0,21.1,3.082,3.077,320500000.0,1164100000.0,361800000.0,361800000.0,52300000.0,,,,,1000000.0,165900000.0,1.0,217947311.0,217600000,220800000.0,1.663,2258800000.0,0.0,16900000.0,0.0,10.381,298300000.0
32,BMC,MRQ,2005-06-30,2005-06-30,2005-06-30,2019-04-25,-16800000.0,3136200000.0,,1380800000.0,1755400000.0,,5.24,-10300000.0,853700000.0,853700000.0,98100000.0,-41100000.0,1.318,1.726,0.0,0.0,0.0,0.0,1636600000.0,57500000.0,0.0,0.0,0.0,-5000000.0,52500000.0,0.151,52500000.0,-5000000.0,-5300000.0,-0.19,-0.19,-0.19,1150600000.0,,1150600000.0,3079574477.0,48.0,10.475,82600000.0,0.376,1.0,250200000.0,0.718,780100000.0,300000.0,454700000.0,,0.0,442200000.0,115100000.0,327100000.0,1985600000.0,1047700000.0,937900000.0,3899674477.0,33600000.0,-3300000.0,-69100000.0,-1400000.0,0.0,-70500000.0,10000000.0,23600000.0,92900000.0,1200000.0,-41100000.0,-41100000.0,-41100000.0,0.0,0.0,-0.118,273100000.0,-22900000.0,30600000.0,0.0,3.389,165.944,179.5,366200000.0,0.0,17.95,2.626,2.654,342300000.0,1122000000.0,348300000.0,348300000.0,50000000.0,,,,,800000.0,171000000.0,1.0,217252060.0,219600000,219600000.0,1.586,2356100000.0,0.0,35800000.0,0.0,10.729,333100000.0
33,BMC,MRQ,2005-03-31,2005-03-31,2005-03-31,2019-04-25,-14900000.0,3342400000.0,,1475900000.0,1866500000.0,,5.715,-23300000.0,820100000.0,820100000.0,116300000.0,15500000.0,1.324,1.649,0.0,0.0,0.0,0.0,1642900000.0,62000000.0,0.0,0.0,0.0,1500000.0,63500000.0,0.161,63500000.0,1500000.0,500000.0,0.07,0.07,0.07,1261800000.0,,1261800000.0,2733151545.0,27.0,8.491,250900000.0,1.136,1.0,278800000.0,0.706,814000000.0,1000000.0,593200000.0,,0.0,463000000.0,108700000.0,354300000.0,2080600000.0,1115100000.0,965500000.0,3322951545.0,230300000.0,-50300000.0,-10400000.0,-1400000.0,0.0,-11800000.0,-31100000.0,31200000.0,274200000.0,-1000000.0,15500000.0,15500000.0,15500000.0,0.0,0.0,0.039,293000000.0,-14200000.0,62300000.0,0.0,2.634,44.13,44.118,383700000.0,0.0,15.0,2.271,2.276,480300000.0,1168300000.0,395100000.0,395100000.0,61300000.0,,,,,1000000.0,221900000.0,1.0,221530103.0,220800000,222200000.0,1.789,2528400000.0,86800000.0,-15000000.0,0.0,11.451,360800000.0
34,BMC,MRQ,2004-12-31,2004-12-31,2004-12-31,2019-04-25,-10200000.0,3153400000.0,,1225500000.0,1927900000.0,,5.612,-32100000.0,589800000.0,589800000.0,103400000.0,36400000.0,1.147,1.537,0.0,0.0,0.0,0.0,1485300000.0,57200000.0,0.0,0.0,0.0,49900000.0,107100000.0,0.277,107100000.0,49900000.0,49500000.0,0.16,0.16,0.16,1243000000.0,,1243000000.0,3649327046.0,26.0,10.168,95500000.0,0.431,1.0,283400000.0,0.733,803100000.0,400000.0,691800000.0,,0.0,510900000.0,131000000.0,379900000.0,1910400000.0,1068700000.0,841700000.0,4128327046.0,110800000.0,-3800000.0,-16600000.0,-1400000.0,0.0,-18000000.0,-4200000.0,31700000.0,127600000.0,5400000.0,36400000.0,36400000.0,36400000.0,0.0,0.0,0.094,260900000.0,22500000.0,46000000.0,0.0,3.321,42.692,43.256,400400000.0,0.0,18.6,2.812,2.806,546800000.0,1156900000.0,386800000.0,386800000.0,53400000.0,,,,,1500000.0,202000000.0,1.0,221953067.0,221500000,224400000.0,1.746,2350300000.0,0.0,13100000.0,0.0,10.611,156800000.0
35,BMC,MRQ,2004-09-30,2004-09-30,2004-09-30,2019-04-25,-13400000.0,3002200000.0,,1075200000.0,1927000000.0,,5.473,-33000000.0,479000000.0,479000000.0,101100000.0,12700000.0,1.105,1.464,0.0,0.0,0.0,0.0,1407400000.0,53000000.0,0.0,0.0,0.0,17900000.0,70900000.0,0.2,70900000.0,17900000.0,17900000.0,0.06,0.06,0.06,1218400000.0,,1218400000.0,2737745487.0,61.0,10.054,-23000000.0,-0.103,1.0,254000000.0,0.715,815800000.0,0.0,734300000.0,,0.0,540300000.0,166300000.0,374000000.0,1783800000.0,973100000.0,810700000.0,3526945487.0,-310200000.0,-207200000.0,-16500000.0,-1300000.0,0.0,-17800000.0,-304800000.0,-64600000.0,10000000.0,2400000.0,12700000.0,12700000.0,12700000.0,0.0,0.0,0.036,251800000.0,2200000.0,15200000.0,0.0,2.895,221.82,225.857,406200000.0,0.0,15.81,2.422,2.417,463400000.0,1126600000.0,355100000.0,355100000.0,55400000.0,,,,,1100000.0,179600000.0,1.0,223083206.0,222600000,223900000.0,1.595,2186400000.0,0.0,5200000.0,0.0,9.822,102100000.0
36,BMC,MRQ,2004-06-30,2004-06-30,2004-06-30,2019-04-25,-16900000.0,2933800000.0,,1386900000.0,1546900000.0,,5.4,-31000000.0,789200000.0,789200000.0,96000000.0,10700000.0,1.541,1.435,0.0,0.0,0.0,0.0,1394600000.0,49500000.0,0.0,0.0,0.0,30300000.0,79800000.0,0.245,79800000.0,30300000.0,30300000.0,0.05,0.05,0.05,1204800000.0,,1204800000.0,3509774781.0,423.0,13.525,59100000.0,0.265,1.0,230000000.0,0.706,641500000.0,0.0,603100000.0,,0.0,447200000.0,169800000.0,277400000.0,1729000000.0,900000000.0,829000000.0,4122074781.0,176900000.0,-4800000.0,-15100000.0,-1000000.0,0.0,-16100000.0,105500000.0,141300000.0,90100000.0,-2600000.0,10700000.0,10700000.0,10700000.0,0.0,0.0,0.033,217300000.0,12700000.0,23200000.0,0.0,3.421,-412.207,-370.0,399900000.0,0.0,18.5,2.873,2.877,389500000.0,1119500000.0,326000000.0,326000000.0,47200000.0,,,,,300000.0,165900000.0,1.0,222814853.0,223100000,225100000.0,1.461,2292300000.0,0.0,19600000.0,0.0,10.275,486900000.0
37,BMC,MRQ,2004-03-31,2004-03-31,2004-03-31,2019-04-25,-10700000.0,3044800000.0,,1436400000.0,1608400000.0,,5.411,-33600000.0,612300000.0,612300000.0,409700000.0,36900000.0,1.467,1.506,0.0,0.0,0.0,0.0,1401600000.0,60500000.0,0.0,0.0,0.0,40600000.0,101100000.0,0.253,101100000.0,40600000.0,40300000.0,0.16,0.16,0.16,1215200000.0,,1215200000.0,3957213199.0,-140.0,17.123,232700000.0,1.036,1.0,-9600000.0,-0.024,659000000.0,300000.0,794100000.0,,0.0,600700000.0,296600000.0,304100000.0,1829600000.0,979400000.0,850200000.0,4401413199.0,168100000.0,-52000000.0,-33500000.0,-1000000.0,0.0,-34500000.0,-65000000.0,20500000.0,266300000.0,1300000.0,36900000.0,36900000.0,36900000.0,0.0,0.0,0.092,-36000000.0,26400000.0,39200000.0,0.0,3.622,-164.232,-162.917,396000000.0,0.0,19.55,3.102,3.124,506800000.0,1108800000.0,400100000.0,400100000.0,-202000000.0,,,,,2100000.0,197100000.0,1.0,225136225.0,224600000,224600000.0,1.781,2385800000.0,102700000.0,3400000.0,0.0,10.622,457000000.0
38,BMC,MRQ,2003-12-31,2003-12-31,2003-12-31,2019-04-25,-6200000.0,2786000000.0,,1164500000.0,1621500000.0,,5.391,-15400000.0,444200000.0,444200000.0,19900000.0,-44400000.0,1.342,1.292,0.0,0.0,0.0,0.0,1226700000.0,64200000.0,0.0,0.0,0.0,-43700000.0,20500000.0,0.055,20500000.0,-43700000.0,-44400000.0,-0.2,-0.2,-0.2,1215700000.0,,1215700000.0,3828201814.0,-98.0,16.187,58900000.0,0.261,1.0,354900000.0,0.947,640500000.0,700000.0,833800000.0,,0.0,620700000.0,319000000.0,301700000.0,1570300000.0,867500000.0,702800000.0,4219601814.0,52800000.0,-2300000.0,-26000000.0,-2200000.0,0.0,-28200000.0,5700000.0,23400000.0,74300000.0,1000000.0,-44400000.0,-44400000.0,-44400000.0,0.0,0.0,-0.118,416300000.0,-61400000.0,33000000.0,0.0,3.471,-97.903,-88.81,385200000.0,0.0,18.65,3.016,3.006,479500000.0,1075600000.0,374800000.0,374800000.0,177500000.0,,,,,-1000000.0,224300000.0,1.0,226252108.0,225500000,225500000.0,1.662,2145500000.0,0.0,0.0,0.0,9.514,297000000.0
39,BMC,MRQ,2003-09-30,2003-09-30,2003-09-30,2019-04-25,-2900000.0,2687200000.0,,1044800000.0,1642400000.0,,5.675,-27000000.0,391400000.0,391400000.0,20000000.0,-13200000.0,1.275,1.085,0.0,0.0,0.0,0.0,1137500000.0,77000000.0,0.0,0.0,0.0,-18900000.0,58100000.0,0.174,58100000.0,-18900000.0,-18900000.0,-0.06,-0.06,-0.06,1288900000.0,,1288900000.0,2743209860.0,119.0,8.997,7100000.0,0.031,1.0,313800000.0,0.94,669200000.0,0.0,807400000.0,,0.0,648100000.0,296200000.0,351900000.0,1398300000.0,819200000.0,579100000.0,3171309860.0,-36700000.0,-600000.0,-22300000.0,0.0,0.0,-22300000.0,-48400000.0,-22800000.0,34100000.0,-100000.0,-13200000.0,-13200000.0,-13200000.0,0.0,0.0,-0.04,350500000.0,-36700000.0,25500000.0,0.0,2.46,236.665,348.25,400500000.0,0.0,13.93,2.308,2.302,369000000.0,1122500000.0,333800000.0,333800000.0,147100000.0,,,,,400000.0,188100000.0,1.0,227660435.0,227100000,227100000.0,1.47,2018000000.0,0.0,-5700000.0,0.0,8.886,225600000.0
40,BMC,MRQ,2003-06-30,2003-06-30,2003-06-30,2019-04-25,6500000.0,2745700000.0,,1049300000.0,1696400000.0,,5.807,-27700000.0,428100000.0,428100000.0,19000000.0,-6100000.0,1.292,1.059,0.0,0.0,0.0,0.0,1181600000.0,57700000.0,0.0,0.0,0.0,-6400000.0,51300000.0,0.166,51300000.0,-6400000.0,-6400000.0,-0.03,-0.03,-0.03,1333200000.0,,1333200000.0,3233362253.0,58.0,10.457,96300000.0,0.419,1.0,290900000.0,0.939,700300000.0,0.0,804900000.0,,0.0,631300000.0,255500000.0,375800000.0,1412500000.0,812400000.0,600100000.0,3733462253.0,-72000000.0,1100000.0,-58700000.0,0.0,0.0,-58700000.0,-140700000.0,-114100000.0,124000000.0,3400000.0,-6100000.0,-6100000.0,-6100000.0,0.0,0.0,-0.02,318100000.0,-27200000.0,12800000.0,0.0,2.8,101.729,116.643,402900000.0,0.0,16.33,2.804,2.816,390100000.0,1137300000.0,309900000.0,309900000.0,127300000.0,,,,,600000.0,175200000.0,1.0,228625980.0,229600000,229600000.0,1.35,2045400000.0,0.0,-300000.0,0.0,8.909,236900000.0
41,BMC,MRQ,2003-03-31,2003-03-31,2003-03-31,2019-04-25,-7700000.0,2920400000.0,,1079400000.0,1841000000.0,,5.937,-29400000.0,500100000.0,500100000.0,357100000.0,20600000.0,1.287,1.111,0.0,0.0,0.0,0.0,1168700000.0,76700000.0,0.0,0.0,0.0,29900000.0,106600000.0,0.28,106600000.0,29900000.0,29900000.0,0.08,0.09,0.08,1383400000.0,,1383400000.0,3233209297.0,47.0,10.18,196100000.0,0.842,1.0,23600000.0,0.062,720600000.0,0.0,860900000.0,,0.0,515200000.0,151700000.0,363500000.0,1537000000.0,838800000.0,698200000.0,3520409297.0,212900000.0,-42100000.0,-46300000.0,-1200000.0,0.0,-47500000.0,24600000.0,95400000.0,225500000.0,10300000.0,20600000.0,20600000.0,20600000.0,0.0,0.0,0.054,3500000.0,20100000.0,52200000.0,0.0,2.545,73.342,75.45,408400000.0,0.0,15.09,2.654,2.695,516700000.0,1143900000.0,380700000.0,380700000.0,-135300000.0,,,,,600000.0,169200000.0,1.0,233294188.0,233000000,233700000.0,1.634,2199800000.0,18000000.0,9300000.0,0.0,9.441,240600000.0
42,BMC,MRQ,2002-12-31,2002-12-31,2002-12-31,2019-04-25,-14000000.0,2818200000.0,,906500000.0,1911700000.0,,5.972,-39500000.0,287200000.0,287200000.0,22300000.0,12100000.0,1.139,1.011,0.0,0.0,0.0,0.0,1096300000.0,70400000.0,0.0,0.0,0.0,18500000.0,88900000.0,0.254,88900000.0,18500000.0,18500000.0,0.05,0.05,0.05,1401100000.0,,1401100000.0,3509998589.0,92.0,11.626,8400000.0,0.036,1.0,327300000.0,0.936,706900000.0,0.0,1028000000.0,,0.0,612300000.0,168800000.0,443500000.0,1417100000.0,796100000.0,621000000.0,4028598589.0,-231400000.0,-370900000.0,-36500000.0,0.0,0.0,-36500000.0,-244800000.0,165600000.0,47900000.0,2000000.0,12100000.0,12100000.0,12100000.0,0.0,0.0,0.035,320500000.0,6800000.0,58800000.0,0.0,2.875,157.367,171.1,416900000.0,0.0,17.11,3.153,3.141,575700000.0,1124300000.0,349600000.0,349600000.0,120500000.0,,,,,700000.0,170500000.0,1.0,235452869.0,234600000,235500000.0,1.49,2111300000.0,17100000.0,6400000.0,0.0,9.0,110400000.0
43,BMC,MRQ,2002-09-30,2002-09-30,2002-09-30,2019-04-25,-29000000.0,2671500000.0,,1159700000.0,1511800000.0,,5.901,-21600000.0,518600000.0,518600000.0,20900000.0,10100000.0,1.7,0.893,0.0,0.0,0.0,0.0,1040800000.0,48300000.0,0.0,0.0,0.0,14100000.0,62400000.0,0.214,62400000.0,14100000.0,14100000.0,0.04,0.04,0.04,1411000000.0,,1411000000.0,2607189312.0,-30.0,12.675,59800000.0,0.25,1.0,270300000.0,0.928,366000000.0,0.0,1104700000.0,,0.0,706800000.0,251000000.0,455800000.0,1260500000.0,682200000.0,578300000.0,3151189312.0,-25400000.0,-47100000.0,-74900000.0,0.0,0.0,-74900000.0,-28900000.0,39800000.0,81400000.0,-3000000.0,10100000.0,10100000.0,10100000.0,0.0,0.0,0.035,273300000.0,-3000000.0,25700000.0,0.0,2.233,-38.904,-38.441,418200000.0,0.0,13.07,2.523,2.502,418800000.0,1114300000.0,291200000.0,291200000.0,112400000.0,,,,,600000.0,148200000.0,1.0,241100942.0,239100000,239800000.0,1.218,2305500000.0,15900000.0,4000000.0,0.0,9.642,477500000.0
44,BMC,MRQ,2002-06-30,2002-06-30,2002-06-30,2019-04-25,-27700000.0,2759400000.0,,1209800000.0,1549600000.0,,6.133,-21300000.0,544000000.0,544000000.0,21400000.0,5200000.0,1.735,0.868,0.0,0.0,0.0,0.0,1046000000.0,52900000.0,0.0,0.0,0.0,6700000.0,59600000.0,0.195,59600000.0,6700000.0,6700000.0,0.02,0.02,0.02,1477400000.0,,1477400000.0,3673426084.0,-21.0,22.732,229500000.0,0.953,1.0,283800000.0,0.93,379300000.0,0.0,1138700000.0,,0.0,706000000.0,217200000.0,488800000.0,1282000000.0,697400000.0,584600000.0,4003426084.0,214000000.0,-1900000.0,-27800000.0,0.0,0.0,-27800000.0,-400000.0,22800000.0,250800000.0,-8600000.0,5200000.0,5200000.0,5200000.0,0.0,0.0,0.017,286600000.0,-2800000.0,35900000.0,0.0,2.71,-27.725,-27.667,429200000.0,0.0,16.6,3.195,3.191,411800000.0,1106900000.0,305200000.0,305200000.0,118200000.0,,,,,700000.0,155500000.0,1.0,241170246.0,240900000,242500000.0,1.267,2380100000.0,69300000.0,1500000.0,0.0,9.88,512400000.0
45,BMC,MRQ,2002-03-31,2002-03-31,2002-03-31,2019-04-25,-18800000.0,2676200000.0,,996800000.0,1679400000.0,,6.218,-29200000.0,330000000.0,330000000.0,22300000.0,-1800000.0,1.465,0.776,0.0,0.0,0.0,0.0,943300000.0,92200000.0,0.0,0.0,0.0,-1200000.0,91000000.0,0.274,91000000.0,-1200000.0,-1200000.0,-0.01,-0.01,-0.01,1506600000.0,,1506600000.0,4440579232.0,-19.0,30.519,143900000.0,0.594,1.0,309500000.0,0.933,395600000.0,0.0,1270000000.0,,0.0,773700000.0,215800000.0,557900000.0,1169600000.0,680600000.0,489000000.0,4722279232.0,48300000.0,-9500000.0,-33600000.0,0.0,0.0,-33600000.0,-84900000.0,-46200000.0,173100000.0,-6300000.0,-1800000.0,-1800000.0,-1800000.0,0.0,0.0,-0.005,322100000.0,-12600000.0,16200000.0,0.0,3.134,-25.651,-25.933,443000000.0,0.0,19.45,3.664,3.697,488800000.0,1126600000.0,331800000.0,331800000.0,152500000.0,,,,,-100000.0,180100000.0,1.0,242790706.0,242300000,242300000.0,1.369,2280600000.0,70100000.0,600000.0,0.0,9.412,316200000.0
46,BMC,MRQ,2001-12-31,2001-12-31,2001-12-31,2019-04-25,-8600000.0,2653600000.0,,882900000.0,1770700000.0,,6.369,-36700000.0,281700000.0,281700000.0,22700000.0,-94500000.0,1.212,0.71,0.0,0.0,0.0,0.0,851700000.0,99100000.0,0.0,0.0,0.0,-106400000.0,-7300000.0,-0.023,-7300000.0,-106400000.0,-106400000.0,-0.39,-0.39,-0.39,1551400000.0,,1551400000.0,3853508083.0,-20.0,21.784,149200000.0,0.612,1.0,298300000.0,0.929,440600000.0,0.0,1203100000.0,,0.0,729000000.0,198000000.0,531000000.0,1102200000.0,728200000.0,374000000.0,3997908083.0,137300000.0,-4700000.0,-30900000.0,0.0,0.0,-30900000.0,-19700000.0,21700000.0,185900000.0,2000000.0,-94500000.0,-94500000.0,-94500000.0,0.0,0.0,-0.294,419600000.0,-121300000.0,56400000.0,0.0,2.577,-25.097,-24.803,451800000.0,0.0,16.37,2.886,2.878,497300000.0,1134500000.0,321000000.0,321000000.0,137200000.0,,,,,800000.0,164500000.0,1.0,244221630.0,243600000,243600000.0,1.318,2213000000.0,0.0,-11900000.0,0.0,9.085,154700000.0
47,BMC,MRQ,2001-09-30,2001-09-30,2001-09-30,2019-04-25,-7500000.0,2751300000.0,,853400000.0,1897900000.0,,6.781,-42000000.0,144400000.0,144400000.0,25100000.0,-53300000.0,1.245,0.646,0.0,0.0,0.0,0.0,874000000.0,93300000.0,0.0,0.0,0.0,-75000000.0,18300000.0,0.062,18300000.0,-75000000.0,-75000000.0,-0.22,-0.22,-0.22,1671400000.0,,1671400000.0,3010378583.0,-55.0,9.909,20400000.0,0.083,1.0,270000000.0,0.915,568400000.0,0.0,1353200000.0,,0.0,844500000.0,194600000.0,649900000.0,1079900000.0,685300000.0,394600000.0,3139378583.0,15400000.0,-2500000.0,-41400000.0,0.0,0.0,-41400000.0,-2400000.0,42100000.0,62400000.0,-3200000.0,-53300000.0,-53300000.0,-53300000.0,0.0,0.0,-0.181,363200000.0,-93200000.0,20200000.0,0.0,1.878,-73.179,-70.556,456900000.0,0.0,12.7,2.165,2.159,494800000.0,1232900000.0,295100000.0,295100000.0,105800000.0,,,,,900000.0,173100000.0,1.0,247195164.0,246500000,246500000.0,1.197,2182900000.0,0.0,-21700000.0,0.0,8.856,168100000.0
48,BMC,MRQ,2001-06-30,2001-06-30,2001-06-30,2019-04-25,-3200000.0,2872600000.0,,845200000.0,2027400000.0,,7.142,-53900000.0,129000000.0,129000000.0,26900000.0,-34500000.0,1.2,0.626,0.0,0.0,0.0,0.0,918900000.0,91000000.0,0.0,0.0,0.0,-47500000.0,43500000.0,0.128,43500000.0,-47500000.0,-47900000.0,-0.14,-0.14,-0.14,1766200000.0,,1766200000.0,5588041658.0,1164.0,16.122,107500000.0,0.435,1.0,314100000.0,0.921,622300000.0,400000.0,1416900000.0,,0.0,869700000.0,162700000.0,707000000.0,1106400000.0,704400000.0,402000000.0,5584041658.0,-17000000.0,-3200000.0,-27900000.0,-150000000.0,0.0,-177900000.0,-1600000.0,55500000.0,161400000.0,1100000.0,-34500000.0,-34500000.0,-34500000.0,0.0,0.0,-0.101,370600000.0,-56500000.0,15700000.0,0.0,3.162,-2659.067,-2254.0,461100000.0,0.0,22.54,3.778,3.772,577300000.0,1295800000.0,341000000.0,341000000.0,113000000.0,,,,,600000.0,194700000.0,1.0,247739204.0,247300000,247300000.0,1.379,2250300000.0,0.0,-13400000.0,0.0,9.099,140800000.0
49,BMC,MRQ,2001-03-31,2001-03-31,2001-03-31,2019-04-25,-9800000.0,3033900000.0,,902700000.0,2131200000.0,,7.379,-84700000.0,146000000.0,146000000.0,33000000.0,23000000.0,1.089,0.671,150000000.0,150000000.0,0.0,150000000.0,857400000.0,86700000.0,0.0,0.0,0.0,35700000.0,122400000.0,0.286,122400000.0,35700000.0,32200000.0,0.09,0.09,0.09,1815300000.0,,1815300000.0,5255389226.0,73.0,13.594,47900000.0,0.195,1.0,395400000.0,0.923,655600000.0,3500000.0,1553300000.0,,0.0,858000000.0,144700000.0,713300000.0,1218600000.0,829000000.0,389600000.0,5238089226.0,-2700000.0,-21800000.0,-11200000.0,-16000000.0,0.0,-27200000.0,-112100000.0,-5600000.0,132600000.0,4000000.0,23000000.0,23000000.0,23000000.0,0.0,0.0,0.054,379700000.0,15700000.0,22100000.0,0.0,2.886,123.54,126.471,456500000.0,0.0,21.5,3.47,3.495,742400000.0,1336200000.0,428400000.0,428400000.0,114600000.0,,,,,2200000.0,213900000.0,1.0,243632057.0,246000000,252500000.0,1.741,2378300000.0,8300000.0,9200000.0,0.0,9.668,73700000.0
50,BMC,MRQ,2000-12-31,2000-12-31,2000-12-31,2019-04-25,-16700000.0,2946400000.0,,869200000.0,2077200000.0,,7.304,-69200000.0,148700000.0,148700000.0,24000000.0,21900000.0,1.086,0.649,166000000.0,166000000.0,0.0,166000000.0,784400000.0,87100000.0,0.0,0.0,0.0,32500000.0,119600000.0,0.31,119600000.0,32500000.0,30600000.0,0.09,0.09,0.09,1787300000.0,,1787300000.0,3511541752.0,21.0,7.27,71500000.0,0.292,1.0,361500000.0,0.938,669900000.0,1900000.0,1493100000.0,,0.0,873300000.0,146900000.0,726400000.0,1159100000.0,800700000.0,358400000.0,3437241752.0,48000000.0,-11500000.0,-59700000.0,-9000000.0,0.0,-68700000.0,-23500000.0,50700000.0,140700000.0,-500000.0,21900000.0,21900000.0,21900000.0,0.0,0.0,0.057,351500000.0,10000000.0,52400000.0,0.0,1.923,29.278,28.571,424700000.0,0.0,14.0,2.207,2.199,662400000.0,1392500000.0,385500000.0,385500000.0,111200000.0,,,,,5000000.0,190800000.0,1.0,245517268.0,244700000,249300000.0,1.575,2276500000.0,0.0,8700000.0,0.0,9.303,68500000.0
51,BMC,MRQ,2000-09-30,2000-09-30,2000-09-30,2019-04-25,-8300000.0,2912100000.0,,757200000.0,2154900000.0,,7.414,-74600000.0,100700000.0,100700000.0,23500000.0,-12500000.0,1.003,0.596,175000000.0,175000000.0,0.0,175000000.0,748800000.0,77000000.0,0.0,0.0,0.0,-15900000.0,61100000.0,0.189,61100000.0,-15900000.0,-16400000.0,-0.05,-0.05,-0.05,1824700000.0,,1824700000.0,4740718883.0,20.0,9.239,-11100000.0,-0.045,1.0,299500000.0,0.927,698000000.0,500000.0,1533100000.0,,0.0,949100000.0,129100000.0,820000000.0,1087400000.0,755300000.0,332100000.0,4720418883.0,-39000000.0,-83200000.0,-15000000.0,14500000.0,0.0,-500000.0,-102200000.0,55600000.0,63500000.0,200000.0,-12500000.0,-12500000.0,-12500000.0,0.0,0.0,-0.039,335300000.0,-35800000.0,15800000.0,0.0,2.587,28.661,28.125,399300000.0,0.0,19.125,2.953,2.944,585300000.0,1383100000.0,323000000.0,323000000.0,110200000.0,,,,,1600000.0,171000000.0,1.0,246819288.0,246100000,246100000.0,1.312,2214100000.0,0.0,-3900000.0,0.0,8.997,1900000.0
52,BMC,MRQ,2000-06-30,2000-06-30,2000-06-30,2019-04-25,-12900000.0,2926000000.0,,761700000.0,2164300000.0,,7.492,-66000000.0,139700000.0,139700000.0,20600000.0,10000000.0,1.006,0.591,160000000.0,160000000.0,0.0,160000000.0,757400000.0,64100000.0,0.0,0.0,0.0,17200000.0,81300000.0,0.218,81300000.0,17200000.0,14000000.0,0.04,0.04,0.04,1839200000.0,,1839200000.0,9109478995.0,28.0,15.639,162600000.0,0.662,1.0,352100000.0,0.945,660100000.0,3200000.0,1529400000.0,,0.0,1003300000.0,112700000.0,890600000.0,1086800000.0,756800000.0,330000000.0,8998878995.0,-12700000.0,-17300000.0,-9600000.0,-103000000.0,0.0,-112600000.0,-123100000.0,-39800000.0,228600000.0,-5600000.0,10000000.0,10000000.0,10000000.0,0.0,0.0,0.027,350500000.0,1600000.0,32900000.0,0.0,4.893,38.115,37.245,371000000.0,0.0,36.5,5.321,5.298,595400000.0,1395600000.0,372700000.0,372700000.0,106600000.0,,,,,2000000.0,190500000.0,1.0,246544630.0,245500000,254400000.0,1.518,2265900000.0,0.0,4000000.0,0.0,9.23,4900000.0
53,BMC,MRQ,2000-03-31,2000-03-31,2000-03-31,2019-04-25,-3400000.0,2962100000.0,,896200000.0,2065900000.0,,7.299,-122100000.0,152400000.0,152400000.0,-100200000.0,98000000.0,1.014,0.663,263000000.0,263000000.0,0.0,263000000.0,695200000.0,86100000.0,0.0,0.0,0.0,134900000.0,221000000.0,0.464,221000000.0,134900000.0,130500000.0,0.41,0.39,0.41,1780900000.0,,1780900000.0,12271411980.0,37.0,21.514,75200000.0,0.308,1.0,576600000.0,1.21,632200000.0,4400000.0,1556600000.0,,0.0,923100000.0,102800000.0,820300000.0,1181200000.0,883900000.0,297300000.0,12056554980.0,47300000.0,0.0,22900000.0,-57000000.0,0.0,-34100000.0,-116700000.0,5400000.0,197300000.0,800000.0,98000000.0,98000000.0,98000000.0,0.0,0.0,0.206,455600000.0,121000000.0,29300000.0,0.0,6.77,49.718,48.886,337500000.0,0.0,49.375,7.013,6.921,754800000.0,1385600000.0,476400000.0,476400000.0,229000000.0,,,,,600000.0,190500000.0,1.0,244183392.0,244000000,253600000.0,1.952,2329900000.0,0.0,32500000.0,0.0,9.549,12300000.0
54,BMC,MRQ,1999-12-31,1999-12-31,1999-12-31,2019-04-25,-39000.0,2859233000.0,,797164000.0,2062069000.0,,6.909,-34700000.0,105143000.0,105143000.0,62800000.0,69200000.0,0.911,0.705,320000000.0,320000000.0,0.0,320000000.0,675371000.0,54300000.0,0.0,0.0,0.0,95400000.0,149700000.0,0.351,149700000.0,95400000.0,89600000.0,0.28,0.27,0.28,1676823000.0,,1676823000.0,19460895266.0,61.0,40.007,-25600000.0,-0.105,1.0,363600000.0,0.853,643678000.0,5800000.0,1555610000.0,,0.0,941715000.0,94025000.0,847690000.0,1182410000.0,874802000.0,307608000.0,19372928266.0,-201900000.0,-13600000.0,20000000.0,-75000000.0,0.0,-55000000.0,-153600000.0,-105300000.0,9100000.0,-2400000.0,69200000.0,69200000.0,69200000.0,0.0,0.0,0.162,284700000.0,78900000.0,30605000.0,0.0,11.553,79.102,77.609,316576000.0,0.0,79.938,11.89,11.907,647748000.0,1287479000.0,426400000.0,426400000.0,54600000.0,,,,,700000.0,176900000.0,1.0,242350940.0,242700000,255400000.0,1.757,2215555000.0,29096000.0,20400000.0,0.0,9.129,-77638000.0
55,BMC,MRQ,1999-09-30,1999-09-30,1999-09-30,2019-04-25,3602000.0,2861161000.0,,906276000.0,1954885000.0,,6.385,-55800000.0,307033000.0,307033000.0,60900000.0,58900000.0,0.865,0.871,395000000.0,395000000.0,0.0,395000000.0,713230000.0,50800000.0,0.0,0.0,0.0,79700000.0,130500000.0,0.314,130500000.0,79700000.0,72700000.0,0.25,0.23,0.25,1529170000.0,,1529170000.0,17294355475.0,47.0,34.068,57800000.0,0.241,1.0,354800000.0,0.854,664588000.0,7000000.0,1236412000.0,,0.0,851337000.0,93214000.0,758123000.0,1331991000.0,1048128000.0,283863000.0,17122469475.0,-6100000.0,0.0,48000000.0,-90000000.0,0.0,-42000000.0,-87300000.0,-31500000.0,113600000.0,9600000.0,58900000.0,58900000.0,58900000.0,0.0,0.0,0.142,291900000.0,62900000.0,26494000.0,0.0,11.197,59.93,58.658,296154000.0,0.0,71.563,11.068,11.078,572870000.0,1218317000.0,415700000.0,415700000.0,49300000.0,,,,,700000.0,166100000.0,1.0,239265949.0,239500000,253100000.0,1.736,2196573000.0,28940000.0,13800000.0,0.0,9.171,-141852000.0
56,BMC,MRQ,1999-06-30,1999-06-30,1999-06-30,2019-04-25,-4160000.0,2779918000.0,,866213000.0,1913705000.0,,5.734,-38100000.0,313114000.0,313114000.0,50600000.0,16400000.0,0.776,1.04,485000000.0,485000000.0,0.0,485000000.0,719899000.0,44400000.0,0.0,0.0,0.0,24700000.0,69100000.0,0.172,69100000.0,24700000.0,18600000.0,0.07,0.07,0.07,1362374000.0,,1362374000.0,12207143186.0,30.0,23.657,8600000.0,0.036,1.0,350100000.0,0.874,689915000.0,6100000.0,1145474000.0,,0.0,832496000.0,97705000.0,734791000.0,1417544000.0,1116415000.0,301129000.0,12555057186.0,-34800000.0,-635500000.0,12700000.0,483800000.0,0.0,496500000.0,-575100000.0,98500000.0,46700000.0,-2900000.0,16400000.0,16400000.0,16400000.0,0.0,0.0,0.041,342400000.0,7700000.0,31921000.0,0.0,9.216,40.269,40.602,265807000.0,0.0,54.0,8.809,9.002,557473000.0,1159489000.0,400700000.0,400700000.0,57500000.0,,,,,700000.0,161300000.0,1.0,232501059.0,237600000,249800000.0,1.686,2090003000.0,35585000.0,2200000.0,0.0,8.796,-250202000.0
57,BMC,MRQ,1999-03-31,1999-03-31,1999-03-31,2019-04-25,8800000.0,2282700000.0,,873400000.0,1409300000.0,,5.674,-108231000.0,347900000.0,347900000.0,45732000.0,100411000.0,1.342,0.711,0.0,0.0,0.0,0.0,708700000.0,20173000.0,0.0,0.0,0.0,116968000.0,137141000.0,0.355,137141000.0,116968000.0,116968000.0,0.43,0.41,0.43,1334400000.0,,1334400000.0,7921679188.0,17.0,14.32,102592000.0,0.436,1.0,340823000.0,0.882,145400000.0,0.0,1138600000.0,,0.0,856700000.0,106300000.0,750400000.0,948300000.0,650800000.0,297500000.0,8044749188.0,173680000.0,-62000.0,38625000.0,66000.0,0.0,66470000.0,-86796000.0,-872000.0,210823000.0,-7029000.0,100411000.0,100411000.0,100411000.0,0.0,0.0,0.26,239183000.0,101640000.0,27300000.0,0.0,6.029,22.186,23.911,244400000.0,0.0,37.063,6.17,6.66,583000000.0,1143100000.0,386555000.0,386555000.0,46436000.0,,,,,1302000.0,153327000.0,1.0,217059000.0,235188000,248384000.0,1.644,2137300000.0,0.0,16557000.0,0.0,9.088,222600000.0
58,BMC,MRQ,1998-12-31,1998-12-31,1998-12-31,2019-04-25,5709000.0,1694866000.0,,464974000.0,1229892000.0,,4.494,-35795000.0,123070000.0,123070000.0,38339000.0,109997000.0,1.078,0.606,0.0,0.0,0.0,0.0,460632000.0,21865000.0,0.0,0.0,0.0,149031000.0,170896000.0,0.497,170896000.0,149031000.0,149031000.0,0.47,0.44,0.47,1055280000.0,,1055280000.0,9503350813.0,20.0,16.983,73785000.0,0.314,1.0,305788000.0,0.889,119973000.0,0.0,1020691000.0,,0.0,901905000.0,66569000.0,835336000.0,639586000.0,431132000.0,208454000.0,9604332813.0,26900000.0,-238000.0,3269000.0,-253000.0,0.0,5842000.0,-89275000.0,-30324000.0,109580000.0,753000.0,109997000.0,109997000.0,109997000.0,0.0,0.0,0.32,173126000.0,132662000.0,12556000.0,0.0,9.101,27.905,31.163,224396000.0,0.0,44.563,7.14,7.779,218443000.0,962975000.0,344127000.0,344127000.0,39182000.0,,,,,40000.0,132886000.0,1.0,215525000.0,234831000,248830000.0,1.465,1574893000.0,22127000.0,39034000.0,0.0,6.706,33842000.0
59,BMC,MRQ,1998-09-30,1998-09-30,1998-09-30,2019-04-25,5290000.0,1558195000.0,,403758000.0,1154437000.0,,4.04,-24313000.0,100982000.0,100982000.0,35495000.0,84975000.0,0.98,0.648,0.0,0.0,0.0,0.0,445446000.0,20819000.0,0.0,0.0,0.0,118043000.0,138862000.0,0.472,138862000.0,118043000.0,118043000.0,0.36,0.34,0.36,945256000.0,,945256000.0,12774984249.0,30.0,25.362,67128000.0,0.287,1.0,258439000.0,0.879,107648000.0,0.0,937599000.0,,0.0,861617000.0,65855000.0,795762000.0,612939000.0,411966000.0,200973000.0,12929437249.0,-47021000.0,-4400000.0,-10678000.0,-344000.0,0.0,-20441000.0,-120883000.0,-73277000.0,91441000.0,2862000.0,84975000.0,84975000.0,84975000.0,0.0,0.0,0.289,156285000.0,102154000.0,13306000.0,0.0,13.678,42.844,46.924,197813000.0,0.0,60.063,10.658,11.585,186911000.0,863286000.0,293934000.0,293934000.0,39187000.0,,,,,25000.0,116039000.0,1.0,215266385.0,233983000,248965000.0,1.256,1450547000.0,0.0,33068000.0,0.0,6.199,-8208000.0
60,BMC,MRQ,1998-06-30,1998-06-30,1998-06-30,2019-04-25,3059000.0,1474307000.0,,424433000.0,1049874000.0,,3.588,-22661000.0,154453000.0,154453000.0,32434000.0,67217000.0,0.982,0.762,0.0,0.0,0.0,0.0,472761000.0,13943000.0,0.0,0.0,0.0,92358000.0,106301000.0,0.381,106301000.0,92358000.0,92358000.0,0.29,0.27,0.29,836693000.0,,836693000.0,11069251818.0,30.0,24.837,225795000.0,0.968,1.0,246850000.0,0.884,104750000.0,0.0,782842000.0,,0.0,790874000.0,58483000.0,732391000.0,637614000.0,432262000.0,205352000.0,11141344818.0,88341000.0,-2000000.0,2084000.0,-769000.0,0.0,13829000.0,-182246000.0,-144527000.0,248456000.0,914000.0,67217000.0,67217000.0,67217000.0,0.0,0.0,0.241,168006000.0,78844000.0,8501000.0,0.0,13.316,42.192,45.163,179315000.0,0.0,51.938,10.179,11.065,163483000.0,788535000.0,279284000.0,279284000.0,40154000.0,,,,,33000.0,110548000.0,1.0,214514461.0,233197000,248221000.0,1.198,1369557000.0,0.0,25141000.0,0.0,5.873,-7829000.0
61,BMC,MRQ,1998-03-31,1998-03-31,1998-03-31,2019-04-25,3824000.0,1498068000.0,,533399000.0,964669000.0,,3.819,-69206000.0,106016000.0,106016000.0,63042000.0,81988000.0,1.22,0.707,0.0,0.0,0.0,0.0,446730000.0,24204000.0,0.0,0.0,0.0,119317000.0,143521000.0,0.335,143521000.0,119317000.0,119317000.0,0.31,0.29,0.31,877659000.0,,877659000.0,8528572282.0,29.0,23.547,120056000.0,0.522,1.0,364825000.0,0.853,107690000.0,0.0,847313000.0,,0.0,679788000.0,79224000.0,600564000.0,620409000.0,437049000.0,183360000.0,8614050282.0,-27996000.0,-656000.0,19106000.0,-4400000.0,5661000.0,-8706000.0,-206492000.0,-167631000.0,189262000.0,-2060000.0,81988000.0,81988000.0,81988000.0,0.0,0.0,0.192,263437000.0,101388000.0,20256000.0,0.0,9.815,45.698,51.105,172964000.0,0.0,41.906,8.743,9.774,333166000.0,762725000.0,427867000.0,427867000.0,46116000.0,,,,,1600000.0,194694000.0,1.0,205555264.0,229800000,244500000.0,1.862,1390378000.0,40805000.0,37329000.0,0.0,6.05,96350000.0
62,BMC,MRQ,1997-12-31,1997-12-31,1997-12-31,2019-04-25,-401000.0,956004000.0,,276578000.0,679426000.0,,2.964,-13158000.0,85478000.0,85478000.0,21792000.0,67602000.0,1.132,0.53,0.0,0.0,0.0,0.0,267441000.0,19420000.0,0.0,0.0,0.0,95611000.0,115031000.0,0.543,115031000.0,95611000.0,95611000.0,0.32,0.31,0.32,624745000.0,,624745000.0,,,,57588000.0,0.273,1.0,190235000.0,0.897,92353000.0,0.0,533739000.0,,0.0,466651000.0,43218000.0,423433000.0,331259000.0,244434000.0,86825000.0,6744782100.0,23151000.0,-5055000.0,-26735000.0,0.0,-1896000.0,-14328000.0,-32502000.0,-4264000.0,70746000.0,-765000.0,67602000.0,67602000.0,67602000.0,0.0,0.0,0.319,102602000.0,87633000.0,3176000.0,0.0,10.796,37.368,42.614,143909000.0,0.0,32.813,7.124,7.305,153686000.0,664258000.0,212027000.0,212027000.0,28558000.0,,,,,0.0,74044000.0,1.0,205555264.0,210773000,221640000.0,1.006,863651000.0,0.0,28009000.0,0.0,4.098,32144000.0
63,BMC,MRQ,1997-09-30,1997-09-30,1997-09-30,2019-04-25,,,,,,,,-24316000.0,,,21884000.0,47259000.0,,,,,,,,13492000.0,,0.0,0.0,67336000.0,80828000.0,0.461,80828000.0,67336000.0,67336000.0,0.23,0.21,0.23,,,,,,,19973000.0,0.095,1.0,153494000.0,0.875,,0.0,,,,,,,,,,,-35353000.0,-15802000.0,-31645000.0,0.0,-1884000.0,-26586000.0,-52865000.0,-2301000.0,44289000.0,-191000.0,47259000.0,47259000.0,47259000.0,0.0,0.0,0.269,93375000.0,60119000.0,,0.0,,,46.92,,0.0,32.375,,7.685,,,175378000.0,175378000.0,24651000.0,,,,,0.0,63523000.0,1.0,,210040000,224488000.0,0.835,,,20077000.0,,,
64,BMC,MRQ,1997-06-30,1997-06-30,1997-06-30,2019-04-25,,,,,,,,-13020000.0,,,20982000.0,-8349000.0,,,,,,,,12084000.0,,0.0,0.0,10736000.0,22820000.0,0.134,22820000.0,10736000.0,10736000.0,-0.04,-0.04,-0.04,,,,,,,76083000.0,0.363,1.0,149046000.0,0.877,,0.0,,,,,,,,,,,19198000.0,-51187000.0,5674000.0,0.0,-1881000.0,10020000.0,-80041000.0,-5304000.0,89103000.0,116000.0,-8349000.0,-8349000.0,-8349000.0,0.0,0.0,-0.049,144586000.0,4460000.0,,0.0,,,,,0.0,27.688,,,,,170028000.0,170028000.0,21875000.0,,,,,0.0,62439000.0,1.0,,209689000,223983000.0,0.811,,,19085000.0,,,
65,BMC,MRQ,1997-03-31,1997-03-31,1997-03-31,2019-04-25,-2660000.0,889686000.0,,282217000.0,607469000.0,,2.492,-42930000.0,89790000.0,89790000.0,64951000.0,73983000.0,1.303,0.576,0.0,0.0,0.0,0.0,254886000.0,20565000.0,0.0,0.0,0.0,109939000.0,130504000.0,0.335,130504000.0,109939000.0,109939000.0,0.26,0.245,0.26,564454000.0,,564454000.0,,,,62163000.0,0.274,1.0,324378000.0,0.833,60504000.0,0.0,522743000.0,,0.0,464911000.0,62169000.0,402742000.0,325232000.0,216649000.0,108583000.0,,22321000.0,-5000.0,-26553000.0,1200000.0,-5786000.0,-17956000.0,-63364000.0,-33729000.0,105093000.0,-1452000.0,73983000.0,73983000.0,73983000.0,0.0,0.0,0.19,226978000.0,97400000.0,11001000.0,0.0,,,28.472,126705000.0,0.0,23.063,,6.597,102048000.0,570481000.0,389329000.0,389329000.0,44788000.0,,,,,1997000.0,182190000.0,1.0,,226542000,241462000.0,1.719,829182000.0,0.0,35956000.0,0.0,3.66,65568000.0
66,BMC,MRQ,1996-12-31,1996-12-31,1996-12-31,2019-04-25,,,,,,,,,,,13657000.0,48101000.0,,,,,,,,,,0.0,0.0,69210000.0,,,,69210000.0,69210000.0,0.24,0.225,0.24,,,,,,,,,1.0,136403000.0,0.909,,0.0,,,,,,,,,,,,,,,,,,,,,48101000.0,48101000.0,48101000.0,0.0,0.0,0.321,72493000.0,63910000.0,,0.0,,,,,0.0,20.688,,,,,150060000.0,150060000.0,20056000.0,,,,,,52437000.0,1.0,,201766000,215496000.0,0.744,,,21109000.0,,,
0,BMC,MRT,2013-06-30,2013-06-30,2013-06-30,2019-04-25,31000000.0,4727500000.0,4578075000.0,2124200000.0,2603300000.0,0.476,6.459,-152000000.0,1642400000.0,1642400000.0,585100000.0,329300000.0,1.625,4.148,1304100000.0,0.0,1304100000.0,1304100000.0,1988600000.0,228500000.0,0.0,0.0,0.0,470500000.0,699000000.0,0.321,699000000.0,470500000.0,418000000.0,2.21,2.17,2.21,918400000.0,934600000.0,918400000.0,6424301490.0,14.0,9.191,660600000.0,4.646,1.0,1595500000.0,0.732,2159000000.0,52500000.0,922600000.0,905425000.0,0.0,161700000.0,101100000.0,60600000.0,3809100000.0,1307600000.0,2501500000.0,6497501490.0,176900000.0,-15600000.0,-961000000.0,470100000.0,0.0,-483700000.0,-143500000.0,24300000.0,812600000.0,-8500000.0,329300000.0,329300000.0,329300000.0,0.0,0.0,0.151,1134400000.0,461100000.0,49400000.0,0.0,7.075,19.731,20.421,80700000.0,0.0,45.13,2.98,2.943,274900000.0,3628800000.0,2180600000.0,2180600000.0,175300000.0,0.072,0.352,0.52,0.216,149800000.0,917600000.0,1.0,143973000.0,142200000,145200000.0,15.335,2568500000.0,79300000.0,88700000.0,0.0,18.063,816600000.0
1,BMC,MRT,2013-03-31,2013-03-31,2013-03-31,2019-04-25,32000000.0,4720300000.0,4562400000.0,2099400000.0,2620900000.0,0.483,5.36,-154100000.0,1379200000.0,1379200000.0,592000000.0,331000000.0,1.492,4.767,1306000000.0,0.0,1306000000.0,1306000000.0,1975300000.0,229000000.0,0.0,0.0,0.0,475700000.0,704700000.0,0.32,704700000.0,475700000.0,427900000.0,2.17,2.13,2.17,818500000.0,1045950000.0,818500000.0,6870747370.0,14.0,9.75,611000000.0,4.001,1.0,1609400000.0,0.731,2167100000.0,47800000.0,1072900000.0,797725000.0,0.0,202700000.0,131200000.0,71500000.0,3901800000.0,1407100000.0,2494700000.0,6620047370.0,-117700000.0,-19400000.0,-1113700000.0,470600000.0,0.0,-635400000.0,-233800000.0,-62200000.0,765100000.0,-13600000.0,331000000.0,331000000.0,331000000.0,0.0,0.0,0.15,1144000000.0,465400000.0,42100000.0,0.0,8.088,20.0,21.35,85200000.0,0.0,46.33,3.007,3.214,443700000.0,3576300000.0,2201400000.0,2201400000.0,174600000.0,0.073,0.316,0.596,0.216,147400000.0,925600000.0,1.0,142889000.0,152700000,155700000.0,14.417,2553200000.0,81300000.0,96900000.0,0.0,16.72,692300000.0
2,BMC,MRT,2012-12-31,2012-12-31,2012-12-31,2019-04-25,23300000.0,4328800000.0,4593775000.0,1713500000.0,2615300000.0,0.478,4.543,-157200000.0,1057900000.0,1057900000.0,604300000.0,328900000.0,1.32,5.365,1308600000.0,0.0,1308600000.0,1308600000.0,1776100000.0,236200000.0,0.0,0.0,0.0,477900000.0,714100000.0,0.325,714100000.0,477900000.0,436300000.0,2.11,2.08,2.11,680100000.0,1202775000.0,680100000.0,5652275930.0,12.0,7.915,473600000.0,3.164,1.0,1593200000.0,0.725,2197900000.0,41600000.0,1083200000.0,668650000.0,0.0,195200000.0,123600000.0,71600000.0,3648700000.0,1298400000.0,2350300000.0,6138675930.0,-261600000.0,-320700000.0,-1283000000.0,962800000.0,0.0,-312900000.0,-574700000.0,-98700000.0,630800000.0,-4800000.0,328900000.0,328900000.0,328900000.0,0.0,0.0,0.15,1127700000.0,465500000.0,48800000.0,0.0,9.026,18.664,18.777,89600000.0,0.0,39.62,2.793,2.699,378200000.0,3503400000.0,2197500000.0,2197500000.0,160100000.0,0.072,0.273,0.715,0.217,150400000.0,918500000.0,1.0,154938817.0,149700000,152600000.0,14.679,2130900000.0,79800000.0,107400000.0,0.0,14.234,415100000.0
3,BMC,MRT,2012-09-30,2012-09-30,2012-09-30,2019-04-25,7400000.0,4535700000.0,4533625000.0,1904700000.0,2631000000.0,0.478,8.39,-162800000.0,1311200000.0,1311200000.0,593200000.0,342500000.0,1.459,2.432,824800000.0,0.0,824800000.0,824800000.0,1842000000.0,229100000.0,0.0,0.0,0.0,491000000.0,720100000.0,0.333,720100000.0,491000000.0,457600000.0,2.12,2.09,2.12,1321400000.0,1399075000.0,1321400000.0,5973961360.0,12.0,8.296,500500000.0,3.178,1.0,1572300000.0,0.726,2200400000.0,33400000.0,543000000.0,391175000.0,0.0,174100000.0,128200000.0,45900000.0,3214300000.0,1305900000.0,1908400000.0,6616161360.0,-148500000.0,-334800000.0,-705600000.0,467900000.0,0.0,-231800000.0,-574000000.0,-78300000.0,663300000.0,-6000000.0,342500000.0,342500000.0,342500000.0,0.0,0.0,0.158,1092600000.0,479700000.0,52200000.0,0.0,5.007,19.317,19.571,92300000.0,0.0,41.49,3.055,3.018,341600000.0,3397400000.0,2165500000.0,2165500000.0,156700000.0,0.076,0.245,1.255,0.227,140100000.0,891000000.0,1.0,159464000.0,157500000,160300000.0,13.749,2335300000.0,74600000.0,115100000.0,0.0,14.827,598800000.0
4,BMC,MRT,2012-06-30,2012-06-30,2012-06-30,2019-04-25,2300000.0,4664800000.0,4447100000.0,2041200000.0,2623600000.0,0.489,8.502,-166400000.0,1465500000.0,1465500000.0,587200000.0,359400000.0,1.534,2.42,823300000.0,0.0,823300000.0,823300000.0,1959800000.0,229000000.0,0.0,0.0,0.0,510200000.0,739200000.0,0.34,739200000.0,510200000.0,482200000.0,2.16,2.13,2.16,1363800000.0,1449525000.0,1363800000.0,6199679760.0,12.0,8.387,592100000.0,3.691,1.0,1586800000.0,0.73,2199900000.0,28000000.0,491800000.0,245600000.0,0.0,182700000.0,138100000.0,44600000.0,3301000000.0,1330900000.0,1970100000.0,6874979760.0,-117400000.0,-325300000.0,-736400000.0,468800000.0,0.0,-261200000.0,-576800000.0,-87200000.0,758500000.0,-37900000.0,359400000.0,359400000.0,359400000.0,0.0,0.0,0.165,1084100000.0,502700000.0,48500000.0,0.0,5.041,19.129,19.759,88000000.0,0.0,42.68,3.162,3.149,307700000.0,3299500000.0,2174000000.0,2174000000.0,162700000.0,0.081,0.248,2.077,0.235,134000000.0,876500000.0,1.0,161082000.0,160400000,163800000.0,13.554,2464900000.0,72100000.0,122800000.0,0.0,15.367,710300000.0
5,BMC,MRT,2012-03-31,2012-03-31,2012-03-31,2019-04-25,31900000.0,4845800000.0,4390325000.0,2182800000.0,2663000000.0,0.495,8.51,-159000000.0,1496900000.0,1496900000.0,568900000.0,401000000.0,1.546,2.352,821600000.0,0.0,821600000.0,821600000.0,1993900000.0,224600000.0,0.0,0.0,0.0,553300000.0,777900000.0,0.358,777900000.0,553300000.0,530000000.0,2.36,2.32,2.36,1445800000.0,1517000000.0,1445800000.0,5601256320.0,10.0,7.2,641300000.0,3.775,1.0,1603100000.0,0.738,2202300000.0,23300000.0,556600000.0,131275000.0,0.0,138700000.0,86100000.0,52600000.0,3400000000.0,1411600000.0,1988400000.0,6595356320.0,-164000000.0,-464300000.0,-765900000.0,468800000.0,0.0,-282000000.0,-665900000.0,-42600000.0,800300000.0,-16400000.0,401000000.0,401000000.0,401000000.0,0.0,0.0,0.185,1059200000.0,543900000.0,32700000.0,0.0,4.562,16.447,17.017,87800000.0,0.0,40.16,3.037,3.141,484800000.0,3245300000.0,2172000000.0,2172000000.0,165200000.0,0.091,0.264,4.215,0.255,127200000.0,851900000.0,1.0,164227000.0,169900000,172800000.0,12.784,2643500000.0,71000000.0,129000000.0,0.0,15.559,771200000.0
6,BMC,MRT,2011-12-31,2011-12-31,2011-12-31,2019-04-25,15500000.0,4088200000.0,4300225000.0,1835800000.0,2252400000.0,0.505,8.764,-146100000.0,1319500000.0,1319500000.0,542800000.0,452800000.0,1.429,1.79,325400000.0,0.0,325400000.0,325400000.0,1870400000.0,211500000.0,0.0,0.0,0.0,592100000.0,803600000.0,0.37,803600000.0,592100000.0,571800000.0,2.6,2.56,2.6,1465300000.0,1571275000.0,1465300000.0,4456290440.0,8.0,5.545,731700000.0,4.376,1.0,1626700000.0,0.75,1836400000.0,20300000.0,-26700000.0,9150000.0,0.0,94500000.0,37100000.0,57400000.0,2622900000.0,1284400000.0,1338500000.0,5579090440.0,-224600000.0,-163000000.0,-737400000.0,-23800000.0,0.0,-742200000.0,-345500000.0,-36400000.0,877800000.0,-14700000.0,452800000.0,452800000.0,452800000.0,0.0,0.0,0.209,1047000000.0,579700000.0,34000000.0,0.0,3.807,12.321,12.608,84400000.0,0.0,32.78,2.572,2.526,369300000.0,3174800000.0,2169500000.0,2169500000.0,176200000.0,0.105,0.288,64.71,0.273,122900000.0,835900000.0,1.0,170198000.0,167200000,169500000.0,12.975,2251800000.0,58500000.0,119000000.0,0.0,13.468,551400000.0
7,BMC,MRT,2011-09-30,2011-09-30,2011-09-30,2019-04-25,-2100000.0,4189600000.0,4345825000.0,1933100000.0,2256500000.0,0.497,8.805,-139700000.0,1459700000.0,1459700000.0,536100000.0,442000000.0,1.511,1.751,336900000.0,0.0,336900000.0,336900000.0,1894200000.0,208600000.0,0.0,0.0,0.0,575300000.0,783900000.0,0.363,783900000.0,575300000.0,554600000.0,2.49,2.45,2.49,1523200000.0,1606900000.0,1523200000.0,5519089760.0,10.0,7.041,754100000.0,4.359,1.0,1625100000.0,0.752,1826500000.0,20700000.0,-39300000.0,23150000.0,0.0,92800000.0,30900000.0,61900000.0,2666400000.0,1279600000.0,1386800000.0,6768089760.0,-17800000.0,-199900000.0,-527700000.0,-24300000.0,0.0,-526700000.0,-377300000.0,-37700000.0,893800000.0,-7600000.0,442000000.0,442000000.0,442000000.0,0.0,0.0,0.205,1067800000.0,557300000.0,32500000.0,0.0,4.443,15.312,15.486,86300000.0,0.0,38.56,3.132,3.087,331100000.0,3055400000.0,2161200000.0,2161200000.0,182700000.0,0.102,0.275,24.851,0.266,117100000.0,847600000.0,1.0,175521000.0,173000000,176000000.0,12.492,2363100000.0,58100000.0,112600000.0,0.0,13.66,653500000.0
8,BMC,MRT,2011-06-30,2011-06-30,2011-06-30,2019-04-25,40100000.0,4437700000.0,4311825000.0,2063300000.0,2374400000.0,0.489,9.267,-134500000.0,1582900000.0,1582900000.0,505100000.0,459100000.0,1.582,1.716,333900000.0,0.0,333900000.0,333900000.0,2068500000.0,198800000.0,0.0,0.0,0.0,562400000.0,761200000.0,0.361,761200000.0,562400000.0,542200000.0,2.57,2.53,2.57,1633700000.0,1595675000.0,1633700000.0,8348832600.0,15.0,10.968,724700000.0,4.111,1.0,1601700000.0,0.76,1850100000.0,20200000.0,34500000.0,35175000.0,0.0,96000000.0,31900000.0,64100000.0,2804000000.0,1304100000.0,1499900000.0,9674132600.0,172900000.0,-196900000.0,-361200000.0,-25200000.0,0.0,-359100000.0,-358200000.0,-26800000.0,859200000.0,31000000.0,459100000.0,459100000.0,459100000.0,0.0,0.0,0.218,1061900000.0,539800000.0,34300000.0,0.0,5.922,21.072,21.284,90900000.0,0.0,54.7,4.592,4.577,408000000.0,2940900000.0,2106800000.0,2106800000.0,187800000.0,0.106,0.288,15.989,0.267,112200000.0,839100000.0,1.0,176858000.0,176300000,180600000.0,11.95,2587600000.0,64100000.0,83100000.0,0.0,14.677,759200000.0
9,BMC,MRT,2011-03-31,2011-03-31,2011-03-31,2019-04-25,32000000.0,4485400000.0,4187300000.0,2267400000.0,2218000000.0,0.493,9.306,-137800000.0,1660900000.0,1660900000.0,485200000.0,456200000.0,1.631,1.697,335600000.0,0.0,335600000.0,335600000.0,1955500000.0,190000000.0,0.0,0.0,0.0,551100000.0,741100000.0,0.359,741100000.0,551100000.0,531300000.0,2.55,2.5,2.55,1662900000.0,1522750000.0,1662900000.0,7677708540.0,14.0,10.36,627400000.0,3.511,1.0,1580100000.0,0.765,1701700000.0,19800000.0,68100000.0,17850000.0,0.0,95600000.0,27800000.0,67800000.0,2822500000.0,1390300000.0,1432200000.0,8884608540.0,292300000.0,-51000000.0,-333900000.0,-25600000.0,0.0,-340900000.0,-147600000.0,40200000.0,765200000.0,15600000.0,456200000.0,456200000.0,456200000.0,0.0,0.0,0.221,1047300000.0,532800000.0,47400000.0,0.0,5.343,19.475,19.506,94200000.0,0.0,49.74,4.302,4.304,507500000.0,2845200000.0,2065300000.0,2065300000.0,181600000.0,0.109,0.3,30.874,0.267,106500000.0,832100000.0,1.0,178621000.0,178700000,182400000.0,11.557,2783700000.0,65100000.0,75100000.0,0.0,15.578,877100000.0
10,BMC,MRT,2010-12-31,2010-12-31,2010-12-31,2019-04-25,19300000.0,4270600000.0,4100350000.0,2058600000.0,2212000000.0,0.486,9.022,-128900000.0,1544100000.0,1544100000.0,465000000.0,452500000.0,1.554,1.656,337200000.0,0.0,337200000.0,337200000.0,1809800000.0,186600000.0,0.0,0.0,0.0,525000000.0,711600000.0,0.357,711600000.0,525000000.0,504900000.0,2.51,2.47,2.51,1607800000.0,1453950000.0,1607800000.0,7245252360.0,14.0,10.182,649400000.0,3.644,1.0,1529400000.0,0.767,1710100000.0,20100000.0,29300000.0,24875000.0,0.0,56300000.0,2800000.0,53500000.0,2662800000.0,1324300000.0,1338500000.0,8375552360.0,464600000.0,-51000000.0,-275100000.0,-24900000.0,0.0,-282800000.0,-40200000.0,138800000.0,778300000.0,9300000.0,452500000.0,452500000.0,452500000.0,0.0,0.0,0.227,1022900000.0,506500000.0,43000000.0,0.0,5.209,18.51,18.781,97000000.0,0.0,47.14,4.2,4.212,459600000.0,2722700000.0,1994400000.0,1994400000.0,179600000.0,0.11,0.311,21.106,0.263,100100000.0,812200000.0,1.0,177674000.0,178200000,182300000.0,11.192,2560500000.0,38500000.0,52400000.0,0.0,14.369,734300000.0
11,BMC,MRT,2010-09-30,2010-09-30,2010-09-30,2019-04-25,12100000.0,4053600000.0,4011350000.0,1884700000.0,2168900000.0,0.489,8.291,-119800000.0,1477500000.0,1477500000.0,438500000.0,454100000.0,1.497,1.742,347200000.0,0.0,347200000.0,347200000.0,1755600000.0,183800000.0,0.0,0.0,0.0,530800000.0,714600000.0,0.364,714600000.0,530800000.0,510500000.0,2.5,2.46,2.5,1478300000.0,1378150000.0,1478300000.0,6169180480.0,12.0,8.633,561400000.0,3.149,1.0,1524100000.0,0.777,1655800000.0,20300000.0,8800000.0,74775000.0,0.0,51100000.0,0.0,51100000.0,2575300000.0,1258700000.0,1316600000.0,7230780480.0,339700000.0,-67600000.0,-311600000.0,30100000.0,0.0,-267300000.0,-80200000.0,106300000.0,681200000.0,6000000.0,454100000.0,454100000.0,454100000.0,0.0,0.0,0.231,1009400000.0,514700000.0,45200000.0,0.0,4.891,15.923,16.192,100200000.0,0.0,40.48,3.684,3.678,364400000.0,2613600000.0,1962600000.0,1962600000.0,182400000.0,0.113,0.329,7.099,0.27,97400000.0,795000000.0,1.0,178626000.0,178300000,181400000.0,11.007,2397800000.0,38100000.0,56400000.0,0.0,13.448,626000000.0
12,BMC,MRT,2010-06-30,2010-06-30,2010-06-30,2019-04-25,-12700000.0,3939600000.0,3934775000.0,1788900000.0,2150700000.0,0.488,7.443,-117600000.0,1410000000.0,1410000000.0,422500000.0,416500000.0,1.42,1.936,348400000.0,0.0,348400000.0,348400000.0,1805100000.0,177700000.0,0.0,0.0,0.0,520200000.0,697900000.0,0.363,697900000.0,520200000.0,499300000.0,2.27,2.23,2.27,1342000000.0,1314825000.0,1342000000.0,5258441490.0,10.0,7.535,529900000.0,2.939,1.0,1499600000.0,0.78,1653000000.0,20900000.0,-34800000.0,87250000.0,0.0,61300000.0,10300000.0,51000000.0,2597600000.0,1259800000.0,1337800000.0,6286141490.0,413000000.0,-92300000.0,-310000000.0,27200000.0,0.0,-267900000.0,31100000.0,240100000.0,647500000.0,2300000.0,416500000.0,416500000.0,416500000.0,0.0,0.0,0.217,993600000.0,506000000.0,47500000.0,0.0,4.684,15.093,15.256,99000000.0,0.0,34.63,3.27,3.248,315400000.0,2481800000.0,1922100000.0,1922100000.0,180700000.0,0.106,0.317,5.962,0.271,93400000.0,780800000.0,1.0,181523000.0,180300000,183800000.0,10.661,2286600000.0,42700000.0,82800000.0,0.0,12.682,529100000.0
13,BMC,MRT,2010-03-31,2010-03-31,2010-03-31,2019-04-25,5400000.0,4137600000.0,3859100000.0,1905000000.0,2232600000.0,0.495,7.579,-103100000.0,1368600000.0,1368600000.0,411500000.0,406100000.0,1.418,1.982,340900000.0,0.0,340900000.0,340900000.0,1823100000.0,175800000.0,0.0,0.0,0.0,525500000.0,701300000.0,0.367,701300000.0,525500000.0,504200000.0,2.21,2.17,2.21,1387700000.0,1263325000.0,1387700000.0,6200998000.0,12.0,8.842,532300000.0,2.907,1.0,1499700000.0,0.785,1669900000.0,21300000.0,96200000.0,127900000.0,0.0,127900000.0,65500000.0,62400000.0,2749900000.0,1343800000.0,1406100000.0,6939598000.0,345300000.0,-92300000.0,-198900000.0,26500000.0,0.0,-158700000.0,-159300000.0,36200000.0,635400000.0,27900000.0,406100000.0,406100000.0,406100000.0,0.0,0.0,0.212,993600000.0,506100000.0,60500000.0,0.0,5.001,17.088,17.195,95000000.0,0.0,38.0,3.631,3.641,452600000.0,2389300000.0,1911200000.0,1911200000.0,195900000.0,0.105,0.321,4.109,0.275,88900000.0,765000000.0,1.0,182621000.0,183100000,186800000.0,10.438,2467700000.0,53700000.0,98100000.0,0.0,13.477,561200000.0
14,BMC,MRT,2009-12-31,2009-12-31,2009-12-31,2019-04-25,9200000.0,3914600000.0,3749075000.0,1685700000.0,2228900000.0,0.507,7.137,-105900000.0,1079500000.0,1079500000.0,404100000.0,370600000.0,1.344,2.001,340900000.0,0.0,340900000.0,340900000.0,1727100000.0,176600000.0,0.0,0.0,0.0,520100000.0,696700000.0,0.367,696700000.0,520100000.0,500900000.0,2.01,1.97,2.01,1304600000.0,1178525000.0,1304600000.0,6526019200.0,13.0,9.367,424300000.0,2.321,1.0,1495100000.0,0.787,1692500000.0,19200000.0,228900000.0,117175000.0,0.0,190300000.0,128000000.0,62300000.0,2610000000.0,1254600000.0,1355400000.0,7354019200.0,208000000.0,-92300000.0,-164100000.0,23100000.0,0.0,-129000000.0,-208700000.0,-10400000.0,530200000.0,15500000.0,370600000.0,370600000.0,370600000.0,0.0,0.0,0.195,984200000.0,510900000.0,49200000.0,0.0,5.637,19.844,19.95,97900000.0,0.0,40.1,3.872,3.86,454400000.0,2270600000.0,1899200000.0,1899200000.0,197700000.0,0.099,0.314,4.439,0.274,84900000.0,741700000.0,1.0,183392000.0,182800000,186500000.0,10.389,2222100000.0,63800000.0,130300000.0,0.0,12.156,431100000.0
15,BMC,MRT,2009-09-30,2009-09-30,2009-09-30,2019-04-25,11300000.0,3747300000.0,3673475000.0,1620600000.0,2126700000.0,0.512,6.676,-105900000.0,1137800000.0,1137800000.0,402900000.0,343700000.0,1.313,2.059,309800000.0,0.0,309800000.0,309800000.0,1696600000.0,177300000.0,0.0,0.0,0.0,493800000.0,671100000.0,0.357,671100000.0,493800000.0,473900000.0,1.86,1.82,1.86,1225000000.0,1095425000.0,1225000000.0,6219807170.0,13.0,9.268,495900000.0,2.702,1.0,1476600000.0,0.786,1626300000.0,19900000.0,58700000.0,79150000.0,0.0,151000000.0,74700000.0,76300000.0,2522300000.0,1234300000.0,1288000000.0,6905107170.0,327500000.0,-24700000.0,-175700000.0,-21500000.0,0.0,-188700000.0,-80600000.0,43400000.0,601800000.0,-5000000.0,343700000.0,343700000.0,343700000.0,0.0,0.0,0.183,984600000.0,492000000.0,64000000.0,0.0,5.637,20.091,20.177,104300000.0,0.0,37.53,3.674,3.664,312400000.0,2159800000.0,1879500000.0,1879500000.0,201900000.0,0.094,0.314,6.239,0.263,81200000.0,722700000.0,1.0,183989000.0,183500000,187000000.0,10.243,2121000000.0,71200000.0,130200000.0,0.0,11.559,386300000.0
16,BMC,MRT,2009-06-30,2009-06-30,2009-06-30,2019-04-25,-4800000.0,3636900000.0,3644050000.0,1557300000.0,2079600000.0,0.517,6.164,-95900000.0,997000000.0,997000000.0,420300000.0,319300000.0,1.263,2.201,311700000.0,0.0,311700000.0,311700000.0,1727800000.0,180800000.0,0.0,0.0,0.0,470400000.0,651200000.0,0.346,651200000.0,470400000.0,450000000.0,1.72,1.68,1.72,1136000000.0,1028875000.0,1136000000.0,5538881960.0,12.0,8.506,487800000.0,2.647,1.0,1464100000.0,0.777,1590700000.0,20400000.0,127800000.0,97075000.0,0.0,288100000.0,213800000.0,74300000.0,2500900000.0,1233100000.0,1267800000.0,6248581960.0,10500000.0,400000.0,-216400000.0,-19000000.0,0.0,-229500000.0,-304700000.0,-215700000.0,583700000.0,-39000000.0,319300000.0,319300000.0,319300000.0,0.0,0.0,0.169,1001400000.0,462700000.0,63200000.0,0.0,5.501,19.57,19.645,106700000.0,0.0,33.79,3.316,3.305,242000000.0,2066900000.0,1884400000.0,1884400000.0,213900000.0,0.088,0.31,4.846,0.25,80200000.0,725800000.0,1.0,184924000.0,184300000,187900000.0,10.225,2046200000.0,72400000.0,130700000.0,0.0,11.103,324200000.0
17,BMC,MRT,2009-03-31,2009-03-31,2009-03-31,2019-04-25,-25500000.0,3697500000.0,3637475000.0,1560500000.0,2137000000.0,0.515,5.604,-95300000.0,1023300000.0,1023300000.0,425000000.0,238100000.0,1.17,2.526,313600000.0,0.0,313600000.0,313600000.0,1787900000.0,182800000.0,0.0,0.0,0.0,380900000.0,563700000.0,0.301,563700000.0,380900000.0,363900000.0,1.27,1.25,1.27,1048500000.0,989000000.0,1048500000.0,5531085000.0,15.0,9.812,484400000.0,2.589,1.0,1446900000.0,0.773,1601200000.0,17000000.0,53300000.0,53700000.0,0.0,145900000.0,73600000.0,72300000.0,2649000000.0,1333300000.0,1315700000.0,6093285000.0,-265000000.0,-783700000.0,-244400000.0,277700000.0,0.0,57400000.0,-851900000.0,20700000.0,579700000.0,-50200000.0,238100000.0,238100000.0,238100000.0,0.0,0.0,0.127,1079100000.0,367800000.0,62600000.0,0.0,5.811,25.591,25.984,103000000.0,0.0,33.0,3.255,3.298,409200000.0,1985400000.0,1871900000.0,1871900000.0,222000000.0,0.065,0.241,7.093,0.203,82000000.0,739200000.0,1.0,184645000.0,187100000,190200000.0,10.005,2096300000.0,68000000.0,125800000.0,0.0,11.204,227200000.0
18,BMC,MRT,2008-12-31,2008-12-31,2008-12-31,2019-04-25,-21200000.0,3612200000.0,3549475000.0,1376600000.0,2235600000.0,0.524,5.227,-94500000.0,871500000.0,871500000.0,424500000.0,251800000.0,1.041,2.715,309300000.0,0.0,309300000.0,309300000.0,1730800000.0,177300000.0,0.0,0.0,0.0,380400000.0,557700000.0,0.3,557700000.0,380400000.0,366500000.0,1.32,1.3,1.32,972200000.0,975500000.0,972200000.0,4546586460.0,12.0,8.152,496600000.0,2.67,1.0,1435000000.0,0.772,1650400000.0,13900000.0,76800000.0,5650000.0,0.0,167900000.0,89900000.0,78000000.0,2640000000.0,1322800000.0,1317200000.0,5045786460.0,-141700000.0,-783900000.0,-308600000.0,281100000.0,0.0,-2100000.0,-702900000.0,168600000.0,591100000.0,-27800000.0,251800000.0,251800000.0,251800000.0,0.0,0.0,0.135,1089100000.0,345900000.0,60500000.0,0.0,5.19,20.039,20.386,100000000.0,0.0,26.91,2.714,2.692,373200000.0,1907300000.0,1859500000.0,1859500000.0,227400000.0,0.071,0.258,67.327,0.205,81200000.0,751600000.0,1.0,187506000.0,186000000,188300000.0,9.997,1961800000.0,51100000.0,114700000.0,0.0,10.547,53800000.0
19,BMC,MRT,2008-09-30,2008-09-30,2008-09-30,2019-04-25,1800000.0,3629600000.0,3433450000.0,1342700000.0,2286900000.0,0.533,5.078,-92800000.0,810300000.0,810300000.0,423000000.0,252000000.0,1.012,2.786,311100000.0,0.0,311100000.0,311100000.0,1762300000.0,169600000.0,0.0,0.0,0.0,380100000.0,549700000.0,0.3,549700000.0,380100000.0,371600000.0,1.31,1.28,1.31,958800000.0,984575000.0,958800000.0,4760430270.0,13.0,8.66,408600000.0,2.164,1.0,1407100000.0,0.769,1672600000.0,8500000.0,130400000.0,-10400000.0,0.0,198900000.0,115300000.0,83600000.0,2670800000.0,1327400000.0,1343400000.0,5440530270.0,-252200000.0,-806100000.0,-384800000.0,286100000.0,0.0,-65700000.0,-682900000.0,215100000.0,501400000.0,-5000000.0,252000000.0,252000000.0,252000000.0,0.0,0.0,0.138,1083400000.0,323700000.0,63100000.0,0.0,5.674,21.589,21.855,106200000.0,0.0,28.63,2.973,2.954,343100000.0,1823800000.0,1830100000.0,1830100000.0,229700000.0,0.073,0.256,-36.548,0.208,78200000.0,757100000.0,1.0,190029000.0,188800000,192200000.0,9.693,1957000000.0,58900000.0,119600000.0,0.0,10.365,15300000.0
20,BMC,MRT,2008-06-30,2008-06-30,2008-06-30,2019-04-25,22900000.0,3610600000.0,3312925000.0,1412900000.0,2197700000.0,0.539,5.172,-101700000.0,986500000.0,986500000.0,405100000.0,259600000.0,1.107,2.697,306400000.0,0.0,306400000.0,306400000.0,1821500000.0,161300000.0,0.0,0.0,0.0,376900000.0,538200000.0,0.302,538200000.0,376900000.0,374000000.0,1.33,1.3,1.33,976500000.0,1002175000.0,976500000.0,5587808000.0,15.0,10.382,478300000.0,2.533,1.0,1379000000.0,0.773,1699900000.0,2900000.0,-45700000.0,-42925000.0,0.0,87000000.0,0.0,87000000.0,2634100000.0,1276300000.0,1357800000.0,6876108000.0,-155100000.0,-860300000.0,-469100000.0,288000000.0,0.0,-144600000.0,-618500000.0,340600000.0,580000000.0,28000000.0,259600000.0,259600000.0,259600000.0,0.0,0.0,0.146,1069400000.0,309600000.0,54200000.0,0.0,7.042,26.487,27.068,100300000.0,0.0,36.0,3.854,3.81,299800000.0,1754300000.0,1784100000.0,1784100000.0,225600000.0,0.078,0.259,-8.78,0.211,73800000.0,752100000.0,1.0,191003000.0,188800000,192900000.0,9.45,1910700000.0,91800000.0,114400000.0,0.0,10.12,136600000.0
21,BMC,MRT,2008-03-31,2008-03-31,2008-03-31,2019-04-25,19700000.0,3345500000.0,3220775000.0,1802600000.0,1542900000.0,0.538,5.105,-106600000.0,1288300000.0,1288300000.0,394400000.0,313600000.0,1.399,2.364,9200000.0,0.0,9200000.0,9200000.0,1779400000.0,152100000.0,0.0,0.0,0.0,435500000.0,587600000.0,0.339,587600000.0,435500000.0,434400000.0,1.59,1.56,1.59,994500000.0,1029875000.0,994500000.0,5234894657.0,12.0,8.909,487100000.0,2.501,1.0,1337200000.0,0.772,916700000.0,1100000.0,-138900000.0,-13325000.0,0.0,186900000.0,62200000.0,124700000.0,2351000000.0,1288600000.0,1062400000.0,6248094657.0,404800000.0,-114800000.0,-455500000.0,-6600000.0,0.0,-438200000.0,221400000.0,439400000.0,593700000.0,27900000.0,313600000.0,313600000.0,313600000.0,0.0,0.0,0.181,979700000.0,357500000.0,48100000.0,0.0,6.283,19.924,20.453,99800000.0,0.0,32.52,3.608,3.658,353200000.0,1753100000.0,1731600000.0,1731600000.0,209400000.0,0.097,0.305,-32.683,0.252,66600000.0,736800000.0,1.0,192130832.0,194800000,199600000.0,8.889,2428800000.0,61700000.0,120800000.0,0.0,12.468,514000000.0
22,BMC,MRT,2007-12-31,2007-12-31,2007-12-31,2019-04-25,13600000.0,3148100000.0,3199400000.0,1706600000.0,1441500000.0,0.526,5.231,-109200000.0,1013200000.0,1013200000.0,381600000.0,279400000.0,1.443,2.122,0.0,0.0,0.0,0.0,1694700000.0,159100000.0,0.0,0.0,0.0,397100000.0,556200000.0,0.33,556200000.0,397100000.0,395900000.0,1.42,1.37,1.42,1008500000.0,1043525000.0,1008500000.0,5916150010.0,15.0,10.637,498900000.0,2.588,1.0,1302500000.0,0.773,939900000.0,1200000.0,12600000.0,102575000.0,0.0,352300000.0,244400000.0,107900000.0,2139600000.0,1182400000.0,957200000.0,6978650010.0,221600000.0,-114600000.0,-481000000.0,-5800000.0,0.0,-461300000.0,55300000.0,275600000.0,608100000.0,19500000.0,279400000.0,279400000.0,279400000.0,0.0,0.0,0.166,988700000.0,313800000.0,52900000.0,0.0,6.92,24.977,25.099,97700000.0,0.0,35.64,4.144,4.08,349400000.0,1709500000.0,1684100000.0,1684100000.0,207000000.0,0.087,0.268,3.871,0.236,57100000.0,738300000.0,1.0,195809484.0,192800000,197900000.0,8.735,2208200000.0,75200000.0,116500000.0,0.0,11.453,524200000.0
23,BMC,MRT,2007-09-30,2007-09-30,2007-09-30,2019-04-25,6000000.0,3147500000.0,3188550000.0,1718300000.0,1429200000.0,0.514,5.214,-107500000.0,1062500000.0,1062500000.0,375200000.0,259300000.0,1.478,2.058,0.0,0.0,0.0,0.0,1702000000.0,154300000.0,0.0,0.0,0.0,369000000.0,523300000.0,0.319,523300000.0,369000000.0,367900000.0,1.29,1.25,1.29,1029200000.0,1060925000.0,1029200000.0,5137334377.0,14.0,9.817,548600000.0,2.779,1.0,1262800000.0,0.771,922400000.0,1100000.0,300000.0,180925000.0,0.0,416500000.0,275200000.0,141300000.0,2118300000.0,1162300000.0,956000000.0,6278934377.0,381100000.0,-93400000.0,-405900000.0,-6200000.0,0.0,-382000000.0,88600000.0,283200000.0,656100000.0,18400000.0,259300000.0,259300000.0,259300000.0,0.0,0.0,0.158,981600000.0,281200000.0,40500000.0,0.0,6.101,24.215,24.209,92600000.0,0.0,31.23,3.833,3.764,269200000.0,1620300000.0,1638000000.0,1638000000.0,202200000.0,0.081,0.244,2.04,0.225,51800000.0,735600000.0,1.0,201054575.0,197400000,202000000.0,8.298,2225100000.0,70600000.0,108600000.0,0.0,11.272,556000000.0
24,BMC,MRT,2007-06-30,2007-06-30,2007-06-30,2019-04-25,-8000000.0,3242000000.0,3153850000.0,1789900000.0,1452100000.0,0.509,5.453,-91600000.0,1141600000.0,1141600000.0,375900000.0,240100000.0,1.528,1.982,0.0,0.0,0.0,0.0,1782200000.0,156700000.0,0.0,0.0,0.0,342500000.0,499200000.0,0.311,499200000.0,342500000.0,341100000.0,1.19,1.15,1.19,1087300000.0,1067450000.0,1087300000.0,5193213813.0,15.0,10.403,438900000.0,2.201,1.0,1228100000.0,0.766,856600000.0,1400000.0,72700000.0,276225000.0,0.0,425100000.0,238800000.0,186300000.0,2154700000.0,1171100000.0,983600000.0,6076713813.0,417600000.0,-40100000.0,-284900000.0,-6200000.0,0.0,-257400000.0,134500000.0,261600000.0,530500000.0,10000000.0,240100000.0,240100000.0,240100000.0,0.0,0.0,0.15,978700000.0,249400000.0,27600000.0,0.0,5.589,25.309,25.462,93800000.0,0.0,30.3,3.788,3.767,322600000.0,1542200000.0,1604000000.0,1604000000.0,205400000.0,0.076,0.225,1.24,0.214,46000000.0,727300000.0,1.0,200551611.0,199400000,204800000.0,8.044,2385400000.0,71300000.0,101000000.0,0.0,11.963,618800000.0
25,BMC,MRT,2007-03-31,2007-03-31,2007-03-31,2019-04-25,-9300000.0,3260000000.0,3111125000.0,1789500000.0,1470500000.0,0.508,5.138,-87200000.0,883500000.0,883500000.0,370300000.0,215900000.0,1.451,2.107,0.0,0.0,0.0,0.0,1729000000.0,160800000.0,0.0,0.0,0.0,302100000.0,462900000.0,0.293,462900000.0,302100000.0,300600000.0,1.06,1.03,1.06,1049100000.0,1052250000.0,1049100000.0,5488493219.0,18.0,11.857,332900000.0,1.63,1.0,1210100000.0,0.766,818900000.0,1500000.0,324700000.0,346725000.0,0.0,623600000.0,412500000.0,211100000.0,2210900000.0,1232900000.0,978000000.0,6280093219.0,-22400000.0,-145200000.0,-353400000.0,280800000.0,0.0,-44000000.0,-405900000.0,-177700000.0,420100000.0,7400000.0,215900000.0,215900000.0,215900000.0,0.0,0.0,0.137,1002800000.0,207300000.0,81400000.0,0.0,5.986,29.088,29.047,88300000.0,0.0,30.79,3.974,3.978,440300000.0,1478000000.0,1580400000.0,1580400000.0,210700000.0,0.069,0.205,0.871,0.191,41600000.0,720900000.0,1.0,203965353.0,204200000,210200000.0,7.739,2441100000.0,69900000.0,84700000.0,0.0,11.954,556600000.0
26,BMC,MRT,2006-12-31,2006-12-31,2006-12-31,2019-04-25,-12200000.0,3104700000.0,3098850000.0,1588500000.0,1516200000.0,0.506,5.293,-80100000.0,791600000.0,791600000.0,374000000.0,204700000.0,1.388,1.88,0.0,0.0,0.0,0.0,1583600000.0,154900000.0,0.0,0.0,0.0,302100000.0,457000000.0,0.291,457000000.0,302100000.0,300300000.0,0.99,0.97,0.99,1078100000.0,1064675000.0,1078100000.0,5922482254.0,20.0,12.959,385100000.0,1.891,1.0,1194900000.0,0.762,842700000.0,1800000.0,326000000.0,359775000.0,0.0,623800000.0,376800000.0,247000000.0,2026600000.0,1144400000.0,882200000.0,6603882254.0,171200000.0,-145600000.0,-318100000.0,279700000.0,0.0,-15000000.0,-285900000.0,-64100000.0,465200000.0,6900000.0,204700000.0,204700000.0,204700000.0,0.0,0.0,0.13,983700000.0,211200000.0,54600000.0,0.0,6.125,32.261,32.525,85000000.0,0.0,32.2,4.209,4.181,377400000.0,1415700000.0,1568900000.0,1568900000.0,206700000.0,0.066,0.192,0.84,0.193,32700000.0,719400000.0,1.0,205089511.0,203700000,210100000.0,7.702,2262000000.0,46100000.0,95600000.0,0.0,11.105,444100000.0
27,BMC,MRT,2006-09-30,2006-09-30,2006-09-30,2019-04-25,-15700000.0,3008700000.0,3079950000.0,1491400000.0,1517300000.0,0.499,5.178,-86200000.0,681400000.0,681400000.0,370800000.0,189500000.0,1.363,1.851,0.0,0.0,0.0,0.0,1563100000.0,170600000.0,0.0,0.0,0.0,276800000.0,447400000.0,0.291,447400000.0,276800000.0,275000000.0,0.91,0.89,0.91,1055300000.0,1074325000.0,1055300000.0,4855271804.0,18.0,10.852,332400000.0,1.631,1.0,1165500000.0,0.759,851800000.0,1800000.0,381500000.0,439925000.0,0.0,694400000.0,432500000.0,261900000.0,1953400000.0,1094000000.0,859400000.0,5579271804.0,155400000.0,-144600000.0,-334300000.0,279600000.0,0.0,-44300000.0,-222200000.0,2400000.0,418600000.0,3300000.0,189500000.0,189500000.0,189500000.0,0.0,0.0,0.123,975700000.0,189800000.0,34600000.0,0.0,5.287,29.442,29.912,86400000.0,0.0,27.22,3.632,3.611,313900000.0,1351800000.0,1536300000.0,1536300000.0,208000000.0,0.062,0.176,0.629,0.18,22700000.0,713800000.0,1.0,204969574.0,203800000,209000000.0,7.538,2156900000.0,46600000.0,85500000.0,0.0,10.583,397400000.0
28,BMC,MRT,2006-06-30,2006-06-30,2006-06-30,2019-04-25,-19000000.0,3071100000.0,3081650000.0,1557300000.0,1513800000.0,0.49,4.947,-91000000.0,724000000.0,724000000.0,371300000.0,174100000.0,1.382,1.992,0.0,0.0,0.0,0.0,1634600000.0,187300000.0,0.0,0.0,0.0,252100000.0,439400000.0,0.291,439400000.0,252100000.0,250400000.0,0.82,0.8,0.82,1026500000.0,1099125000.0,1026500000.0,4006899776.0,16.0,9.119,291600000.0,1.405,1.0,1140100000.0,0.754,865700000.0,1700000.0,354700000.0,535550000.0,0.0,679000000.0,443900000.0,235100000.0,2044600000.0,1126700000.0,917900000.0,4912799776.0,-129700000.0,-149800000.0,-322200000.0,279700000.0,0.0,-40300000.0,-475700000.0,-241000000.0,382600000.0,3700000.0,174100000.0,174100000.0,174100000.0,0.0,0.0,0.115,969600000.0,170500000.0,60100000.0,0.0,4.786,28.218,29.146,90900000.0,0.0,23.9,3.25,3.281,294600000.0,1293700000.0,1511400000.0,1511400000.0,207500000.0,0.056,0.158,0.471,0.167,13000000.0,708100000.0,1.0,205556476.0,207500000,211200000.0,7.284,2205400000.0,46100000.0,76300000.0,0.0,10.628,430600000.0
29,BMC,MRT,2006-03-31,2006-03-31,2006-03-31,2019-04-25,-22400000.0,3210900000.0,3097925000.0,1506400000.0,1704500000.0,0.484,5.087,-80800000.0,905900000.0,905900000.0,381800000.0,102000000.0,1.253,1.922,0.0,0.0,0.0,0.0,1628300000.0,205100000.0,0.0,0.0,0.0,205500000.0,410600000.0,0.274,410600000.0,205500000.0,203800000.0,0.47,0.47,0.47,1098800000.0,1130150000.0,1098800000.0,3989367970.0,19.0,9.716,340100000.0,1.575,1.0,1116600000.0,0.745,725700000.0,1700000.0,376900000.0,560550000.0,0.0,437800000.0,157500000.0,280300000.0,2112100000.0,1202400000.0,909700000.0,4609767970.0,85800000.0,-9400000.0,-271000000.0,-7100000.0,0.0,-278100000.0,-60000000.0,24100000.0,420900000.0,3000000.0,102000000.0,102000000.0,102000000.0,0.0,0.0,0.068,988100000.0,128500000.0,141500000.0,0.0,4.195,45.194,46.085,352100000.0,0.0,21.66,3.076,3.122,372900000.0,1264400000.0,1498400000.0,1498400000.0,209100000.0,0.033,0.09,0.367,0.137,3000000.0,705200000.0,1.0,212824006.0,216000000,218900000.0,6.937,2485200000.0,43400000.0,101800000.0,0.0,11.506,304000000.0
30,BMC,MRT,2005-12-31,2005-12-31,2005-12-31,2019-04-25,-20100000.0,3029100000.0,3130800000.0,1324900000.0,1704200000.0,0.474,5.192,-84700000.0,620400000.0,620400000.0,402200000.0,65900000.0,1.299,1.713,0.0,0.0,0.0,0.0,1565800000.0,224200000.0,0.0,0.0,0.0,128400000.0,352600000.0,0.237,352600000.0,128400000.0,126400000.0,0.31,0.29,0.31,1116700000.0,1170900000.0,1116700000.0,3905936554.0,30.0,11.078,341200000.0,1.586,1.0,1083300000.0,0.729,742500000.0,2000000.0,646600000.0,614625000.0,0.0,553100000.0,241700000.0,311400000.0,1912400000.0,1019600000.0,892800000.0,4431936554.0,30600000.0,-59300000.0,-203500000.0,-5800000.0,0.0,-209300000.0,-185600000.0,-58800000.0,425900000.0,-400000.0,65900000.0,65900000.0,65900000.0,0.0,0.0,0.044,1027600000.0,55700000.0,37400000.0,0.0,3.969,67.252,66.097,360600000.0,0.0,20.49,2.983,2.967,393300000.0,1212700000.0,1485500000.0,1485500000.0,214400000.0,0.021,0.056,0.209,0.086,3400000.0,736000000.0,1.0,216297538.0,215100000,217900000.0,6.906,2286600000.0,0.0,60500000.0,0.0,10.63,305300000.0
31,BMC,MRT,2005-09-30,2005-09-30,2005-09-30,2019-04-25,-17100000.0,3015500000.0,3161875000.0,1267100000.0,1748400000.0,0.472,5.306,-87100000.0,526000000.0,526000000.0,413500000.0,53600000.0,1.308,1.612,0.0,0.0,0.0,0.0,1559500000.0,233000000.0,0.0,0.0,0.0,106500000.0,339500000.0,0.228,339500000.0,106500000.0,104400000.0,0.24,0.23,0.24,1154500000.0,1202475000.0,1154500000.0,3744988262.0,35.0,11.031,399900000.0,1.838,1.0,1078500000.0,0.723,756700000.0,2100000.0,764000000.0,625925000.0,0.0,693600000.0,341300000.0,352300000.0,1861000000.0,968800000.0,892200000.0,4598688262.0,47000000.0,-63100000.0,-135500000.0,-5600000.0,0.0,-141100000.0,-305800000.0,-167000000.0,487000000.0,6900000.0,53600000.0,53600000.0,53600000.0,0.0,0.0,0.036,1052800000.0,25700000.0,27000000.0,0.0,3.983,85.796,87.917,359200000.0,0.0,21.1,3.082,3.077,320500000.0,1164100000.0,1492000000.0,1492000000.0,217000000.0,0.017,0.045,0.17,0.071,4300000.0,760800000.0,1.0,217947311.0,217600000,220800000.0,6.857,2258800000.0,0.0,50800000.0,0.0,10.381,298300000.0
32,BMC,MRT,2005-06-30,2005-06-30,2005-06-30,2019-04-25,-16800000.0,3136200000.0,3158550000.0,1380800000.0,1755400000.0,0.47,5.24,-98700000.0,853700000.0,853700000.0,418900000.0,23500000.0,1.318,1.726,0.0,0.0,0.0,0.0,1636600000.0,229700000.0,0.0,0.0,0.0,64300000.0,294000000.0,0.198,294000000.0,64300000.0,62600000.0,0.1,0.1,0.1,1150600000.0,1218450000.0,1150600000.0,3079574477.0,48.0,10.475,406000000.0,1.849,1.0,1066400000.0,0.718,780100000.0,1700000.0,454700000.0,618500000.0,0.0,442200000.0,115100000.0,327100000.0,1985600000.0,1047700000.0,937900000.0,3899674477.0,64500000.0,-264600000.0,-112600000.0,-5500000.0,0.0,-118100000.0,-330100000.0,21900000.0,504700000.0,8000000.0,23500000.0,23500000.0,23500000.0,0.0,0.0,0.016,1078800000.0,-12400000.0,30600000.0,0.0,3.389,165.944,179.5,366200000.0,0.0,17.95,2.626,2.654,342300000.0,1122000000.0,1485300000.0,1485300000.0,220100000.0,0.007,0.019,0.104,0.043,4400000.0,774500000.0,1.0,217252060.0,219600000,219600000.0,6.764,2356100000.0,0.0,39100000.0,0.0,10.729,333100000.0
33,BMC,MRT,2005-03-31,2005-03-31,2005-03-31,2019-04-25,-14900000.0,3342400000.0,3107950000.0,1475900000.0,1866500000.0,0.471,5.684,-119400000.0,820100000.0,820100000.0,416800000.0,75300000.0,1.324,1.649,0.0,0.0,0.0,0.0,1642900000.0,221700000.0,0.0,0.0,0.0,100200000.0,321900000.0,0.22,321900000.0,100200000.0,98200000.0,0.34,0.34,0.34,1261800000.0,1232000000.0,1261800000.0,2733151545.0,27.0,8.491,382500000.0,1.723,1.0,1046200000.0,0.715,814000000.0,2000000.0,593200000.0,655600000.0,0.0,463000000.0,108700000.0,354300000.0,2080600000.0,1115100000.0,965500000.0,3322951545.0,207800000.0,-266100000.0,-58600000.0,-5100000.0,0.0,-63700000.0,-234600000.0,139600000.0,501900000.0,4200000.0,75300000.0,75300000.0,75300000.0,0.0,0.0,0.051,1023000000.0,23200000.0,62300000.0,0.0,2.634,44.13,44.118,383700000.0,0.0,15.0,2.271,2.276,480300000.0,1168300000.0,1463000000.0,1463000000.0,217400000.0,0.024,0.061,0.153,0.068,3900000.0,769400000.0,1.0,221530103.0,222000000,224000000.0,6.59,2528400000.0,86800000.0,22900000.0,0.0,11.389,360800000.0
34,BMC,MRT,2004-12-31,2004-12-31,2004-12-31,2019-04-25,-10200000.0,3153400000.0,3033550000.0,1225500000.0,1927900000.0,0.484,5.612,-129700000.0,589800000.0,589800000.0,710200000.0,96700000.0,1.147,1.537,0.0,0.0,0.0,0.0,1485300000.0,220200000.0,0.0,0.0,0.0,138700000.0,358900000.0,0.244,358900000.0,138700000.0,138000000.0,0.43,0.43,0.43,1243000000.0,1220350000.0,1243000000.0,3649327046.0,26.0,10.168,364300000.0,1.645,1.0,757800000.0,0.516,803100000.0,700000.0,691800000.0,705825000.0,0.0,510900000.0,131000000.0,379900000.0,1910400000.0,1068700000.0,841700000.0,4128327046.0,145600000.0,-267800000.0,-81700000.0,-4700000.0,0.0,-86400000.0,-268500000.0,128900000.0,494000000.0,6500000.0,96700000.0,96700000.0,96700000.0,0.0,0.0,0.066,694000000.0,63800000.0,46000000.0,0.0,3.321,42.692,43.256,400400000.0,0.0,18.6,2.812,2.806,546800000.0,1156900000.0,1468000000.0,1468000000.0,-46000000.0,0.032,0.079,0.197,0.094,5000000.0,744600000.0,1.0,221953067.0,221500000,224400000.0,6.628,2350300000.0,0.0,41300000.0,0.0,10.611,156800000.0
35,BMC,MRT,2004-09-30,2004-09-30,2004-09-30,2019-04-25,-13400000.0,3002200000.0,2941700000.0,1075200000.0,1927000000.0,0.495,5.473,-113000000.0,479000000.0,479000000.0,626700000.0,15900000.0,1.105,1.464,0.0,0.0,0.0,0.0,1407400000.0,227200000.0,0.0,0.0,0.0,45100000.0,272300000.0,0.187,272300000.0,45100000.0,44100000.0,0.07,0.07,0.07,1218400000.0,1213525000.0,1218400000.0,2737745487.0,61.0,10.054,327700000.0,1.472,1.0,829300000.0,0.57,815800000.0,1000000.0,734300000.0,741325000.0,0.0,540300000.0,166300000.0,374000000.0,1783800000.0,973100000.0,810700000.0,3526945487.0,87600000.0,-266300000.0,-91100000.0,-5500000.0,0.0,-96600000.0,-258600000.0,120600000.0,440700000.0,2100000.0,15900000.0,15900000.0,15900000.0,0.0,0.0,0.011,849400000.0,-20100000.0,15200000.0,0.0,2.895,221.82,225.857,406200000.0,0.0,15.81,2.422,2.417,463400000.0,1126600000.0,1456000000.0,1456000000.0,78100000.0,0.005,0.013,0.061,0.031,2500000.0,766900000.0,1.0,223083206.0,222600000,223900000.0,6.541,2186400000.0,0.0,28200000.0,0.0,9.822,102100000.0
36,BMC,MRT,2004-06-30,2004-06-30,2004-06-30,2019-04-25,-16900000.0,2933800000.0,2862950000.0,1386900000.0,1546900000.0,0.501,5.4,-107000000.0,789200000.0,789200000.0,545600000.0,-10000000.0,1.541,1.435,0.0,0.0,0.0,0.0,1394600000.0,251200000.0,0.0,0.0,0.0,8300000.0,259500000.0,0.181,259500000.0,8300000.0,7300000.0,-0.05,-0.05,-0.05,1204800000.0,1231150000.0,1204800000.0,3509774781.0,423.0,13.525,357800000.0,1.604,1.0,889100000.0,0.62,641500000.0,1000000.0,603100000.0,759600000.0,0.0,447200000.0,169800000.0,277400000.0,1729000000.0,900000000.0,829000000.0,4122074781.0,361100000.0,-59700000.0,-96900000.0,-4200000.0,0.0,-101100000.0,-2200000.0,162400000.0,464800000.0,-400000.0,-10000000.0,-10000000.0,-10000000.0,0.0,0.0,-0.007,948100000.0,-59000000.0,23200000.0,0.0,3.421,-412.207,-370.0,399900000.0,0.0,18.5,2.873,2.877,389500000.0,1119500000.0,1434700000.0,1434700000.0,169800000.0,-0.003,-0.008,0.011,0.006,1800000.0,775400000.0,1.0,222814853.0,223100000,225100000.0,6.431,2292300000.0,0.0,17300000.0,0.0,10.275,486900000.0
37,BMC,MRT,2004-03-31,2004-03-31,2004-03-31,2019-04-25,-10700000.0,3044800000.0,2815925000.0,1436400000.0,1608400000.0,0.504,5.36,-103700000.0,612300000.0,612300000.0,468600000.0,-26800000.0,1.467,1.506,0.0,0.0,0.0,0.0,1401600000.0,259400000.0,0.0,0.0,0.0,-28300000.0,231100000.0,0.163,231100000.0,-28300000.0,-29400000.0,-0.12,-0.12,-0.12,1215200000.0,1263250000.0,1215200000.0,3957213199.0,-140.0,17.123,395000000.0,1.742,1.0,950100000.0,0.67,659000000.0,1100000.0,794100000.0,810050000.0,0.0,600700000.0,296600000.0,304100000.0,1829600000.0,979400000.0,850200000.0,4401413199.0,112200000.0,-53800000.0,-140500000.0,-3200000.0,0.0,-143700000.0,-248400000.0,-93000000.0,498700000.0,5600000.0,-26800000.0,-26800000.0,-26800000.0,0.0,0.0,-0.019,1049000000.0,-98900000.0,39200000.0,0.0,3.622,-164.232,-162.917,396000000.0,0.0,19.55,3.102,3.124,506800000.0,1108800000.0,1418700000.0,1418700000.0,249900000.0,-0.01,-0.021,-0.035,-0.02,2100000.0,784800000.0,1.0,225136225.0,226700000,226700000.0,6.258,2385800000.0,102700000.0,-2600000.0,0.0,10.524,457000000.0
38,BMC,MRT,2003-12-31,2003-12-31,2003-12-31,2019-04-25,-6200000.0,2786000000.0,2784825000.0,1164500000.0,1621500000.0,0.502,5.391,-99500000.0,444200000.0,444200000.0,416000000.0,-43100000.0,1.342,1.292,0.0,0.0,0.0,0.0,1226700000.0,275600000.0,0.0,0.0,0.0,-39100000.0,236500000.0,0.169,236500000.0,-39100000.0,-39800000.0,-0.21,-0.2,-0.21,1215700000.0,1305300000.0,1215700000.0,3828201814.0,-98.0,16.187,358400000.0,1.589,1.0,983200000.0,0.703,640500000.0,700000.0,833800000.0,826750000.0,0.0,620700000.0,319000000.0,301700000.0,1570300000.0,867500000.0,702800000.0,4219601814.0,157000000.0,-43900000.0,-153300000.0,-3400000.0,0.0,-156700000.0,-158800000.0,-18100000.0,457900000.0,14600000.0,-43100000.0,-43100000.0,-43100000.0,0.0,0.0,-0.031,1088400000.0,-105200000.0,33000000.0,0.0,3.471,-97.903,-88.81,385200000.0,0.0,18.65,3.016,3.006,479500000.0,1075600000.0,1399200000.0,1399200000.0,316600000.0,-0.015,-0.033,-0.047,-0.028,600000.0,756800000.0,1.0,226252108.0,225500000,225500000.0,6.205,2145500000.0,0.0,3300000.0,0.0,9.514,297000000.0
39,BMC,MRT,2003-09-30,2003-09-30,2003-09-30,2019-04-25,-2900000.0,2687200000.0,2792875000.0,1044800000.0,1642400000.0,0.492,5.675,-123600000.0,391400000.0,391400000.0,418400000.0,13400000.0,1.275,1.085,0.0,0.0,0.0,0.0,1137500000.0,281800000.0,0.0,0.0,0.0,23100000.0,304900000.0,0.222,304900000.0,23100000.0,23100000.0,0.04,0.05,0.04,1288900000.0,1351650000.0,1288900000.0,2743209860.0,119.0,8.997,307900000.0,1.356,1.0,955600000.0,0.695,669200000.0,0.0,807400000.0,875300000.0,0.0,648100000.0,296200000.0,351900000.0,1398300000.0,819200000.0,579100000.0,3171309860.0,-127200000.0,-412500000.0,-163800000.0,-1200000.0,0.0,-165000000.0,-409300000.0,124100000.0,431500000.0,15600000.0,13400000.0,13400000.0,13400000.0,0.0,0.0,0.01,992600000.0,-37000000.0,25500000.0,0.0,2.46,236.665,348.25,400500000.0,0.0,13.93,2.308,2.302,369000000.0,1122500000.0,1374000000.0,1374000000.0,259600000.0,0.005,0.01,0.026,0.017,2300000.0,703000000.0,1.0,227660435.0,227100000,227100000.0,6.05,2018000000.0,0.0,9700000.0,0.0,8.886,225600000.0
40,BMC,MRT,2003-06-30,2003-06-30,2003-06-30,2019-04-25,6500000.0,2745700000.0,2788950000.0,1049300000.0,1696400000.0,0.477,5.807,-118200000.0,428100000.0,428100000.0,419300000.0,36700000.0,1.292,1.059,0.0,0.0,0.0,0.0,1181600000.0,253100000.0,0.0,0.0,0.0,56100000.0,309200000.0,0.232,309200000.0,56100000.0,56100000.0,0.14,0.15,0.14,1333200000.0,1382175000.0,1333200000.0,3233362253.0,58.0,10.457,360600000.0,1.571,1.0,912100000.0,0.685,700300000.0,0.0,804900000.0,949625000.0,0.0,631300000.0,255500000.0,375800000.0,1412500000.0,812400000.0,600100000.0,3733462253.0,-115900000.0,-459000000.0,-216400000.0,-1200000.0,0.0,-217600000.0,-389800000.0,186700000.0,478800000.0,12700000.0,36700000.0,36700000.0,36700000.0,0.0,0.0,0.028,915400000.0,-3300000.0,12800000.0,0.0,2.8,101.729,116.643,402900000.0,0.0,16.33,2.804,2.816,390100000.0,1137300000.0,1331400000.0,1331400000.0,224900000.0,0.013,0.027,0.059,0.042,2500000.0,663100000.0,1.0,228625980.0,229600000,229600000.0,5.799,2045400000.0,0.0,19400000.0,0.0,8.909,236900000.0
41,BMC,MRT,2003-03-31,2003-03-31,2003-03-31,2019-04-25,-7700000.0,2920400000.0,2792375000.0,1079400000.0,1841000000.0,0.475,5.84,-111800000.0,500100000.0,500100000.0,421700000.0,48000000.0,1.287,1.111,0.0,0.0,0.0,0.0,1168700000.0,248300000.0,0.0,0.0,0.0,69300000.0,317600000.0,0.239,317600000.0,69300000.0,69300000.0,0.2,0.2,0.2,1383400000.0,1418225000.0,1383400000.0,3233209297.0,47.0,10.18,493800000.0,2.084,1.0,905000000.0,0.682,720600000.0,0.0,860900000.0,1033075000.0,0.0,515200000.0,151700000.0,363500000.0,1537000000.0,838800000.0,698200000.0,3520409297.0,170100000.0,-462000000.0,-185500000.0,-1200000.0,0.0,-186700000.0,-249500000.0,323600000.0,605600000.0,700000.0,48000000.0,48000000.0,48000000.0,0.0,0.0,0.036,883800000.0,21200000.0,52200000.0,0.0,2.545,73.342,75.45,408400000.0,0.0,15.09,2.654,2.695,516700000.0,1143900000.0,1326700000.0,1326700000.0,215800000.0,0.017,0.034,0.067,0.052,2600000.0,643300000.0,1.0,233294188.0,236900000,237900000.0,5.6,2199800000.0,18000000.0,21300000.0,0.0,9.286,240600000.0
42,BMC,MRT,2002-12-31,2002-12-31,2002-12-31,2019-04-25,-14000000.0,2818200000.0,2731325000.0,906500000.0,1911700000.0,0.468,5.972,-111600000.0,287200000.0,287200000.0,86900000.0,25600000.0,1.139,1.011,0.0,0.0,0.0,0.0,1096300000.0,263800000.0,0.0,0.0,0.0,38100000.0,301900000.0,0.236,301900000.0,38100000.0,38100000.0,0.1,0.1,0.1,1401100000.0,1449025000.0,1401100000.0,3509998589.0,92.0,11.626,441600000.0,1.882,1.0,1190900000.0,0.932,706900000.0,0.0,1028000000.0,1135350000.0,0.0,612300000.0,168800000.0,443500000.0,1417100000.0,796100000.0,621000000.0,4028598589.0,5500000.0,-429400000.0,-172800000.0,0.0,0.0,-172800000.0,-359000000.0,182000000.0,553200000.0,-15900000.0,25600000.0,25600000.0,25600000.0,0.0,0.0,0.02,1202500000.0,-11600000.0,58800000.0,0.0,2.875,157.367,171.1,416900000.0,0.0,17.11,3.153,3.141,575700000.0,1124300000.0,1277800000.0,1277800000.0,503600000.0,0.009,0.018,0.034,0.03,1900000.0,654300000.0,1.0,235452869.0,234600000,235500000.0,5.447,2111300000.0,17100000.0,12500000.0,0.0,9.0,110400000.0
43,BMC,MRT,2002-09-30,2002-09-30,2002-09-30,2019-04-25,-29000000.0,2671500000.0,2690175000.0,1159700000.0,1511800000.0,0.464,5.901,-108800000.0,518600000.0,518600000.0,87300000.0,-81000000.0,1.7,0.893,0.0,0.0,0.0,0.0,1040800000.0,292500000.0,0.0,0.0,0.0,-86800000.0,205700000.0,0.165,205700000.0,-86800000.0,-86800000.0,-0.34,-0.34,-0.34,1411000000.0,1486600000.0,1411000000.0,2607189312.0,-30.0,12.675,582400000.0,2.436,1.0,1161900000.0,0.93,366000000.0,0.0,1104700000.0,1179125000.0,0.0,706800000.0,251000000.0,455800000.0,1260500000.0,682200000.0,578300000.0,3151189312.0,374200000.0,-63200000.0,-167200000.0,0.0,0.0,-167200000.0,-133900000.0,38100000.0,691200000.0,-15900000.0,-81000000.0,-81000000.0,-81000000.0,0.0,0.0,-0.065,1301600000.0,-139700000.0,25700000.0,0.0,2.233,-38.904,-38.441,418200000.0,0.0,13.07,2.523,2.502,418800000.0,1114300000.0,1249200000.0,1249200000.0,520300000.0,-0.03,-0.054,-0.074,-0.069,2000000.0,648300000.0,1.0,241100942.0,239100000,239800000.0,5.225,2305500000.0,15900000.0,-5800000.0,0.0,9.642,477500000.0
44,BMC,MRT,2002-06-30,2002-06-30,2002-06-30,2019-04-25,-27700000.0,2759400000.0,2710125000.0,1209800000.0,1549600000.0,0.462,6.133,-129200000.0,544000000.0,544000000.0,91500000.0,-144400000.0,1.735,0.868,0.0,0.0,0.0,0.0,1046000000.0,337500000.0,0.0,0.0,0.0,-175900000.0,161600000.0,0.129,161600000.0,-175900000.0,-175900000.0,-0.6,-0.6,-0.6,1477400000.0,1551700000.0,1477400000.0,3673426084.0,-21.0,22.732,543000000.0,2.254,1.0,1161600000.0,0.927,379300000.0,0.0,1138700000.0,1241250000.0,0.0,706000000.0,217200000.0,488800000.0,1282000000.0,697400000.0,584600000.0,4003426084.0,415000000.0,-18600000.0,-133700000.0,0.0,0.0,-133700000.0,-107400000.0,40400000.0,672200000.0,-16100000.0,-144400000.0,-144400000.0,-144400000.0,0.0,0.0,-0.115,1391500000.0,-229900000.0,35900000.0,0.0,2.71,-27.725,-27.667,429200000.0,0.0,16.6,3.195,3.191,411800000.0,1106900000.0,1253100000.0,1253100000.0,513700000.0,-0.053,-0.093,-0.142,-0.14,2300000.0,673200000.0,1.0,241170246.0,240900000,242500000.0,5.202,2380100000.0,69300000.0,-31500000.0,0.0,9.88,512400000.0
45,BMC,MRT,2002-03-31,2002-03-31,2002-03-31,2019-04-25,-18800000.0,2676200000.0,2738425000.0,996800000.0,1679400000.0,0.471,6.149,-161800000.0,330000000.0,330000000.0,97000000.0,-184100000.0,1.465,0.776,0.0,0.0,0.0,0.0,943300000.0,375600000.0,0.0,0.0,0.0,-230100000.0,145500000.0,0.113,145500000.0,-230100000.0,-230500000.0,-0.75,-0.75,-0.75,1506600000.0,1623900000.0,1506600000.0,4440579232.0,-19.0,30.519,421000000.0,1.718,1.0,1191900000.0,0.925,395600000.0,400000.0,1270000000.0,1310800000.0,0.0,773700000.0,215800000.0,557900000.0,1169600000.0,680600000.0,489000000.0,4722279232.0,184000000.0,-19900000.0,-133800000.0,-150000000.0,0.0,-283800000.0,-108600000.0,73100000.0,582800000.0,-6400000.0,-184100000.0,-184100000.0,-184100000.0,0.0,0.0,-0.143,1475500000.0,-283600000.0,16200000.0,0.0,3.134,-25.651,-25.933,443000000.0,0.0,19.45,3.664,3.697,488800000.0,1126600000.0,1288900000.0,1288900000.0,508500000.0,-0.067,-0.113,-0.176,-0.179,2200000.0,712400000.0,1.0,242790706.0,245000000,245000000.0,5.261,2280600000.0,70100000.0,-46400000.0,0.0,9.309,316200000.0
46,BMC,MRT,2001-12-31,2001-12-31,2001-12-31,2019-04-25,-8600000.0,2653600000.0,2827850000.0,882900000.0,1770700000.0,0.49,6.369,-217300000.0,281700000.0,281700000.0,107700000.0,-159300000.0,1.212,0.71,0.0,0.0,0.0,0.0,851700000.0,370100000.0,0.0,0.0,0.0,-193200000.0,176900000.0,0.128,176900000.0,-193200000.0,-197100000.0,-0.66,-0.66,-0.66,1551400000.0,1701075000.0,1551400000.0,3853508083.0,-20.0,21.784,325000000.0,1.334,1.0,1277800000.0,0.922,440600000.0,3900000.0,1203100000.0,1381625000.0,0.0,729000000.0,198000000.0,531000000.0,1102200000.0,728200000.0,374000000.0,3997908083.0,133000000.0,-32200000.0,-111400000.0,-166000000.0,0.0,-277400000.0,-135800000.0,113700000.0,542300000.0,3900000.0,-159300000.0,-159300000.0,-159300000.0,0.0,0.0,-0.115,1533100000.0,-255300000.0,56400000.0,0.0,2.577,-25.097,-24.803,451800000.0,0.0,16.37,2.886,2.878,497300000.0,1134500000.0,1385500000.0,1385500000.0,470600000.0,-0.056,-0.094,-0.14,-0.139,4500000.0,746200000.0,1.0,244221630.0,243600000,243600000.0,5.688,2213000000.0,0.0,-37800000.0,0.0,9.085,154700000.0
47,BMC,MRT,2001-09-30,2001-09-30,2001-09-30,2019-04-25,-7500000.0,2751300000.0,2901050000.0,853400000.0,1897900000.0,0.5,6.781,-249800000.0,144400000.0,144400000.0,109000000.0,-42900000.0,1.245,0.646,0.0,0.0,0.0,0.0,874000000.0,358100000.0,0.0,0.0,0.0,-54300000.0,303800000.0,0.21,303800000.0,-54300000.0,-60100000.0,-0.18,-0.18,-0.18,1671400000.0,1760050000.0,1671400000.0,3010378583.0,-55.0,9.909,247300000.0,1.003,1.0,1341000000.0,0.925,568400000.0,5800000.0,1353200000.0,1454125000.0,0.0,844500000.0,194600000.0,649900000.0,1079900000.0,685300000.0,394600000.0,3139378583.0,43700000.0,-39000000.0,-140200000.0,-175000000.0,0.0,-315200000.0,-139600000.0,142700000.0,497100000.0,1400000.0,-42900000.0,-42900000.0,-42900000.0,0.0,0.0,-0.03,1465000000.0,-124000000.0,20200000.0,0.0,1.878,-73.179,-70.556,456900000.0,0.0,12.7,2.165,2.159,494800000.0,1232900000.0,1450000000.0,1450000000.0,444600000.0,-0.015,-0.024,-0.037,-0.037,8700000.0,772500000.0,1.0,247195164.0,246500000,246500000.0,5.882,2182900000.0,0.0,-17200000.0,0.0,8.856,168100000.0
48,BMC,MRT,2001-06-30,2001-06-30,2001-06-30,2019-04-25,-3200000.0,2872600000.0,2941250000.0,845200000.0,2027400000.0,0.502,7.142,-282400000.0,129000000.0,129000000.0,107400000.0,-2100000.0,1.2,0.626,0.0,0.0,0.0,0.0,918900000.0,341800000.0,0.0,0.0,0.0,4800000.0,346600000.0,0.235,346600000.0,4800000.0,-1500000.0,-0.01,-0.01,-0.01,1766200000.0,1798375000.0,1766200000.0,5588041658.0,1164.0,16.122,215800000.0,0.873,1.0,1370500000.0,0.927,622300000.0,6300000.0,1416900000.0,1499100000.0,0.0,869700000.0,162700000.0,707000000.0,1106400000.0,704400000.0,402000000.0,5584041658.0,-10700000.0,-119700000.0,-113800000.0,-160500000.0,0.0,-274300000.0,-239400000.0,156200000.0,498200000.0,4800000.0,-2100000.0,-2100000.0,-2100000.0,0.0,0.0,-0.001,1437100000.0,-66600000.0,15700000.0,0.0,3.162,-2659.067,-2254.0,461100000.0,0.0,22.54,3.778,3.772,577300000.0,1295800000.0,1477900000.0,1477900000.0,449000000.0,-0.001,-0.001,0.003,0.003,9400000.0,770400000.0,1.0,247739204.0,247300000,247300000.0,5.976,2250300000.0,0.0,600000.0,0.0,9.099,140800000.0
49,BMC,MRT,2001-03-31,2001-03-31,2001-03-31,2019-04-25,-9800000.0,3033900000.0,2954600000.0,902700000.0,2131200000.0,0.511,7.397,-294500000.0,146000000.0,146000000.0,101100000.0,42400000.0,1.089,0.671,150000000.0,150000000.0,0.0,150000000.0,857400000.0,314900000.0,0.0,0.0,0.0,71700000.0,386600000.0,0.256,386600000.0,71700000.0,60400000.0,0.17,0.17,0.17,1815300000.0,1816625000.0,1815300000.0,5255389226.0,73.0,13.594,270900000.0,1.104,1.0,1408500000.0,0.933,655600000.0,11300000.0,1553300000.0,1527225000.0,0.0,858000000.0,144700000.0,713300000.0,1218600000.0,829000000.0,389600000.0,5238089226.0,-6400000.0,-133800000.0,-95500000.0,-113500000.0,0.0,-209000000.0,-360900000.0,60900000.0,565400000.0,-1900000.0,42400000.0,42400000.0,42400000.0,0.0,0.0,0.028,1417000000.0,-8500000.0,22100000.0,0.0,2.886,123.54,126.471,456500000.0,0.0,21.5,3.47,3.495,742400000.0,1336200000.0,1509600000.0,1509600000.0,442600000.0,0.014,0.023,0.047,0.047,10800000.0,766200000.0,1.0,243632057.0,245400000,252500000.0,6.152,2378300000.0,8300000.0,18000000.0,0.0,9.692,73700000.0
50,BMC,MRT,2000-12-31,2000-12-31,2000-12-31,2019-04-25,-16700000.0,2946400000.0,2936650000.0,869200000.0,2077200000.0,0.53,7.304,-331900000.0,148700000.0,148700000.0,-32100000.0,117400000.0,1.086,0.649,166000000.0,166000000.0,0.0,166000000.0,784400000.0,314300000.0,0.0,0.0,0.0,168700000.0,483000000.0,0.31,483000000.0,168700000.0,158700000.0,0.49,0.47,0.49,1787300000.0,1808025000.0,1787300000.0,3511541752.0,21.0,7.27,298200000.0,1.219,1.0,1589700000.0,1.021,669900000.0,10000000.0,1493100000.0,1528050000.0,0.0,873300000.0,146900000.0,726400000.0,1159100000.0,800700000.0,358400000.0,3437241752.0,43600000.0,-112000000.0,-61400000.0,-154500000.0,0.0,-215900000.0,-365500000.0,71900000.0,630100000.0,-5100000.0,117400000.0,117400000.0,117400000.0,0.0,0.0,0.075,1492900000.0,96800000.0,52400000.0,0.0,1.923,29.278,28.571,424700000.0,0.0,14.0,2.207,2.199,662400000.0,1392500000.0,1557600000.0,1557600000.0,557000000.0,0.04,0.065,0.11,0.108,9200000.0,742800000.0,1.0,245517268.0,244700000,249300000.0,6.365,2276500000.0,0.0,41300000.0,0.0,9.303,68500000.0
51,BMC,MRT,2000-09-30,2000-09-30,2000-09-30,2019-04-25,-8300000.0,2912100000.0,2914858250.0,757200000.0,2154900000.0,0.548,7.414,-297400000.0,100700000.0,100700000.0,6700000.0,164700000.0,1.003,0.596,175000000.0,175000000.0,0.0,175000000.0,748800000.0,281500000.0,0.0,0.0,0.0,231600000.0,513100000.0,0.321,513100000.0,231600000.0,217700000.0,0.68,0.65,0.68,1824700000.0,1780405750.0,1824700000.0,4740718883.0,20.0,9.239,201100000.0,0.817,1.0,1591800000.0,0.996,698000000.0,13900000.0,1533100000.0,1543677500.0,0.0,949100000.0,129100000.0,820000000.0,1087400000.0,755300000.0,332100000.0,4720418883.0,-206300000.0,-114100000.0,18300000.0,-220500000.0,0.0,-202200000.0,-495600000.0,-84100000.0,498500000.0,-7000000.0,164700000.0,164700000.0,164700000.0,0.0,0.0,0.103,1426100000.0,165700000.0,15800000.0,0.0,2.587,28.661,28.125,399300000.0,0.0,19.125,2.953,2.944,585300000.0,1383100000.0,1598500000.0,1598500000.0,500400000.0,0.057,0.093,0.15,0.145,4900000.0,728900000.0,1.0,246819288.0,246100000,246100000.0,6.495,2214100000.0,0.0,53000000.0,0.0,8.997,1900000.0
52,BMC,MRT,2000-06-30,2000-06-30,2000-06-30,2019-04-25,-12900000.0,2926000000.0,2902123500.0,761700000.0,2164300000.0,0.583,7.492,-278600000.0,139700000.0,139700000.0,44100000.0,236100000.0,1.006,0.591,160000000.0,160000000.0,0.0,160000000.0,757400000.0,255300000.0,0.0,0.0,0.0,327200000.0,582500000.0,0.344,582500000.0,327200000.0,306800000.0,0.98,0.93,0.98,1839200000.0,1706523250.0,1839200000.0,9109478995.0,28.0,15.639,270000000.0,1.1,1.0,1647100000.0,0.974,660100000.0,20400000.0,1529400000.0,1469505500.0,0.0,1003300000.0,112700000.0,890600000.0,1086800000.0,756800000.0,330000000.0,8998878995.0,-173400000.0,-30900000.0,81300000.0,-325000000.0,0.0,-243700000.0,-480700000.0,-171200000.0,548600000.0,2400000.0,236100000.0,236100000.0,236100000.0,0.0,0.0,0.14,1382700000.0,264400000.0,32900000.0,0.0,4.893,38.115,37.245,371000000.0,0.0,36.5,5.321,5.298,595400000.0,1395600000.0,1691200000.0,1691200000.0,439500000.0,0.081,0.138,0.223,0.193,4000000.0,724000000.0,1.0,246544630.0,245500000,254400000.0,6.889,2265900000.0,0.0,70700000.0,0.0,9.23,4900000.0
53,BMC,MRT,2000-03-31,2000-03-31,2000-03-31,2019-04-25,-3400000.0,2962100000.0,2865603000.0,896200000.0,2065900000.0,0.6,7.39,-250700000.0,152400000.0,152400000.0,74100000.0,242500000.0,1.014,0.663,263000000.0,263000000.0,0.0,263000000.0,695200000.0,235600000.0,0.0,0.0,0.0,334800000.0,570400000.0,0.332,570400000.0,334800000.0,311400000.0,1.01,0.96,1.01,1780900000.0,1587316750.0,1780900000.0,12271411980.0,37.0,21.514,116000000.0,0.481,1.0,1645100000.0,0.957,632200000.0,23400000.0,1556600000.0,1373524000.0,0.0,923100000.0,102800000.0,820300000.0,1181200000.0,883900000.0,297300000.0,12056554980.0,-195500000.0,-649100000.0,103600000.0,261800000.0,0.0,365400000.0,-932700000.0,-32900000.0,366700000.0,5100000.0,242500000.0,242500000.0,242500000.0,0.0,0.0,0.141,1374600000.0,270500000.0,29300000.0,0.0,6.77,49.718,48.886,337500000.0,0.0,49.375,7.013,6.921,754800000.0,1385600000.0,1719200000.0,1719200000.0,390400000.0,0.085,0.153,0.244,0.195,2700000.0,694800000.0,1.0,244183392.0,241000000,253000000.0,7.134,2329900000.0,0.0,68900000.0,0.0,9.668,12300000.0
54,BMC,MRT,1999-12-31,1999-12-31,1999-12-31,2019-04-25,-39000.0,2859233000.0,2695753000.0,797164000.0,2062069000.0,0.604,6.909,-236831000.0,105143000.0,105143000.0,220032000.0,244911000.0,0.911,0.705,320000000.0,320000000.0,0.0,320000000.0,675371000.0,169673000.0,0.0,0.0,0.0,316768000.0,486441000.0,0.299,486441000.0,316768000.0,297868000.0,1.03,0.98,1.03,1676823000.0,1475691750.0,1676823000.0,19460895266.0,61.0,40.007,143392000.0,0.591,1.0,1409323000.0,0.865,643678000.0,18900000.0,1555610000.0,1269024000.0,0.0,941715000.0,94025000.0,847690000.0,1182410000.0,874802000.0,307608000.0,19372928266.0,-69120000.0,-649162000.0,119325000.0,318866000.0,0.0,465970000.0,-902796000.0,-39172000.0,380223000.0,-2729000.0,244911000.0,244911000.0,244911000.0,0.0,0.0,0.15,1158183000.0,251140000.0,30605000.0,0.0,11.553,79.102,77.609,316576000.0,0.0,79.938,11.89,11.907,647748000.0,1287479000.0,1629355000.0,1629355000.0,207836000.0,0.091,0.166,0.25,0.194,3402000.0,657627000.0,1.0,242350940.0,242700000,255400000.0,6.713,2215555000.0,29096000.0,52957000.0,0.0,9.129,-77638000.0
55,BMC,MRT,1999-09-30,1999-09-30,1999-09-30,2019-04-25,3602000.0,2861161000.0,2404661250.0,906276000.0,1954885000.0,0.643,6.385,-237926000.0,307033000.0,307033000.0,195571000.0,285708000.0,0.865,0.871,395000000.0,395000000.0,0.0,395000000.0,713230000.0,137238000.0,0.0,0.0,0.0,370399000.0,507637000.0,0.328,507637000.0,370399000.0,357299000.0,1.22,1.15,1.22,1529170000.0,1320306000.0,1529170000.0,17294355475.0,47.0,34.068,242777000.0,1.014,1.0,1351511000.0,0.874,664588000.0,13100000.0,1236412000.0,1135294250.0,0.0,851337000.0,93214000.0,758123000.0,1331991000.0,1048128000.0,283863000.0,17122469475.0,159680000.0,-635800000.0,102594000.0,393613000.0,0.0,526812000.0,-838471000.0,35804000.0,480703000.0,424000.0,285708000.0,285708000.0,285708000.0,0.0,0.0,0.185,1046609000.0,304902000.0,26494000.0,0.0,11.197,59.93,58.658,296154000.0,0.0,71.563,11.068,11.078,572870000.0,1218317000.0,1547082000.0,1547082000.0,192418000.0,0.119,0.216,0.326,0.239,2742000.0,613613000.0,1.0,239265949.0,239500000,253100000.0,6.46,2196573000.0,28940000.0,71591000.0,0.0,9.171,-141852000.0
56,BMC,MRT,1999-06-30,1999-06-30,1999-06-30,2019-04-25,-4160000.0,2779918000.0,2078919750.0,866213000.0,1913705000.0,0.686,5.734,-206439000.0,313114000.0,313114000.0,170166000.0,311783000.0,0.776,1.04,485000000.0,485000000.0,0.0,485000000.0,719899000.0,107257000.0,0.0,0.0,0.0,408742000.0,515999000.0,0.362,515999000.0,408742000.0,402642000.0,1.33,1.26,1.33,1362374000.0,1174327500.0,1362374000.0,12207143186.0,30.0,23.657,252105000.0,1.061,1.0,1255150000.0,0.881,689915000.0,6100000.0,1145474000.0,1060591000.0,0.0,832496000.0,97705000.0,734791000.0,1417544000.0,1116415000.0,301129000.0,12555057186.0,118759000.0,-640200000.0,43916000.0,483269000.0,0.0,548371000.0,-872054000.0,-5973000.0,458544000.0,-6314000.0,311783000.0,311783000.0,311783000.0,0.0,0.0,0.219,910994000.0,344156000.0,31921000.0,0.0,9.216,40.269,40.602,265807000.0,0.0,54.0,8.809,9.002,557473000.0,1159489000.0,1425316000.0,1425316000.0,182305000.0,0.15,0.265,0.385,0.287,2067000.0,563552000.0,1.0,232501059.0,237600000,249800000.0,5.999,2090003000.0,35585000.0,90859000.0,0.0,8.796,-250202000.0
57,BMC,MRT,1999-03-31,1999-03-31,1999-03-31,2019-04-25,8800000.0,2282700000.0,1752517000.0,873400000.0,1409300000.0,0.744,5.695,-191000000.0,347900000.0,347900000.0,152000000.0,362600000.0,1.342,0.711,0.0,0.0,0.0,0.0,708700000.0,76800000.0,0.0,0.0,0.0,476400000.0,553200000.0,0.424,553200000.0,476400000.0,476400000.0,1.55,1.46,1.55,1334400000.0,1042907250.0,1334400000.0,7921679188.0,17.0,14.32,469300000.0,2.003,1.0,1151900000.0,0.883,145400000.0,0.0,1138600000.0,969933000.0,0.0,856700000.0,106300000.0,750400000.0,948300000.0,650800000.0,297500000.0,8044749188.0,241900000.0,-6700000.0,33300000.0,-1300000.0,0.0,65700000.0,-479200000.0,-249000000.0,660300000.0,-2500000.0,362600000.0,362600000.0,362600000.0,0.0,0.0,0.278,736600000.0,415300000.0,27300000.0,0.0,6.029,22.186,23.911,244400000.0,0.0,37.063,6.17,6.66,583000000.0,1143100000.0,1303900000.0,1303900000.0,163900000.0,0.207,0.348,0.491,0.365,1400000.0,512800000.0,1.0,217059000.0,234300000,248600000.0,5.565,2137300000.0,0.0,113800000.0,0.0,9.122,222600000.0
58,BMC,MRT,1998-12-31,1998-12-31,1998-12-31,2019-04-25,5709000.0,1694866000.0,1556359000.0,464974000.0,1229892000.0,0.864,4.494,-151975000.0,123070000.0,123070000.0,169310000.0,344177000.0,1.078,0.606,0.0,0.0,0.0,0.0,460632000.0,80831000.0,0.0,0.0,0.0,478749000.0,559580000.0,0.416,559580000.0,478749000.0,478749000.0,1.43,1.34,1.43,1055280000.0,928722000.0,1055280000.0,9503350813.0,20.0,16.983,486764000.0,2.073,1.0,1175902000.0,0.874,119973000.0,0.0,1020691000.0,897111250.0,0.0,901905000.0,66569000.0,835336000.0,639586000.0,431132000.0,208454000.0,9604332813.0,40224000.0,-7294000.0,13781000.0,-5766000.0,5661000.0,-9476000.0,-598896000.0,-415759000.0,638739000.0,2469000.0,344177000.0,344177000.0,344177000.0,0.0,0.0,0.256,760854000.0,415048000.0,12556000.0,0.0,9.101,27.905,31.163,224396000.0,0.0,44.563,7.14,7.779,218443000.0,962975000.0,1345212000.0,1345212000.0,164639000.0,0.221,0.371,0.534,0.356,1698000.0,554167000.0,1.0,215525000.0,234831000,248830000.0,5.728,1574893000.0,22127000.0,134572000.0,0.0,6.706,33842000.0
59,BMC,MRT,1998-09-30,1998-09-30,1998-09-30,2019-04-25,5290000.0,1558195000.0,1371643500.0,403758000.0,1154437000.0,0.884,4.04,-129338000.0,100982000.0,100982000.0,152763000.0,301782000.0,0.98,0.648,0.0,0.0,0.0,0.0,445446000.0,78386000.0,0.0,0.0,0.0,425329000.0,503715000.0,0.415,503715000.0,425329000.0,425329000.0,1.28,1.21,1.28,945256000.0,821088250.0,945256000.0,12774984249.0,30.0,25.362,470567000.0,2.011,1.0,1060349000.0,0.874,107648000.0,0.0,937599000.0,775373250.0,0.0,861617000.0,65855000.0,795762000.0,612939000.0,411966000.0,200973000.0,12929437249.0,36475000.0,-12111000.0,-16223000.0,-5513000.0,3765000.0,-29646000.0,-542123000.0,-389699000.0,599905000.0,951000.0,301782000.0,301782000.0,301782000.0,0.0,0.0,0.249,690330000.0,370019000.0,13306000.0,0.0,13.678,42.844,46.924,197813000.0,0.0,60.063,10.658,11.585,186911000.0,863286000.0,1213112000.0,1213112000.0,154015000.0,0.22,0.368,0.549,0.351,1658000.0,495325000.0,1.0,215266385.0,233983000,248965000.0,5.185,1450547000.0,0.0,123547000.0,0.0,6.199,-8208000.0
60,BMC,MRT,1998-06-30,1998-06-30,1998-06-30,2019-04-25,3059000.0,1474307000.0,,424433000.0,1049874000.0,,3.588,-129341000.0,154453000.0,154453000.0,139152000.0,264066000.0,0.982,0.762,0.0,0.0,0.0,0.0,472761000.0,71059000.0,0.0,0.0,0.0,374622000.0,445681000.0,0.407,445681000.0,374622000.0,374622000.0,1.15,1.08,1.15,836693000.0,,836693000.0,11069251818.0,30.0,24.837,423412000.0,1.816,1.0,955404000.0,0.873,104750000.0,0.0,782842000.0,,0.0,790874000.0,58483000.0,732391000.0,637614000.0,432262000.0,205352000.0,11141344818.0,48143000.0,-23513000.0,-37190000.0,-5169000.0,1881000.0,-35791000.0,-474105000.0,-318723000.0,552753000.0,-2102000.0,264066000.0,264066000.0,264066000.0,0.0,0.0,0.241,627420000.0,327984000.0,8501000.0,0.0,13.316,42.192,45.163,179315000.0,0.0,51.938,10.179,11.065,163483000.0,788535000.0,1094556000.0,1094556000.0,139479000.0,,,,0.342,1633000.0,442809000.0,1.0,214514461.0,233197000,248221000.0,4.694,1369557000.0,0.0,110556000.0,0.0,5.873,-7829000.0
61,BMC,MRT,1998-03-31,1998-03-31,1998-03-31,2019-04-25,3824000.0,1498068000.0,1193877000.0,533399000.0,964669000.0,0.825,3.819,-119700000.0,106016000.0,106016000.0,127700000.0,188500000.0,1.22,0.707,0.0,0.0,0.0,0.0,446730000.0,69200000.0,0.0,0.0,0.0,293000000.0,362200000.0,0.368,362200000.0,293000000.0,293000000.0,0.82,0.77,0.82,877659000.0,721056500.0,877659000.0,8528572282.0,29.0,23.547,273700000.0,1.191,1.0,857600000.0,0.87,107690000.0,0.0,847313000.0,685028000.0,0.0,679788000.0,79224000.0,600564000.0,620409000.0,437049000.0,183360000.0,8614050282.0,-21000000.0,-72700000.0,-33600000.0,-4400000.0,0.0,-39600000.0,-371900000.0,-179500000.0,393400000.0,-2900000.0,188500000.0,188500000.0,188500000.0,0.0,0.0,0.191,604000000.0,253600000.0,20256000.0,0.0,9.815,45.698,51.105,172964000.0,0.0,41.906,8.743,9.774,333166000.0,762725000.0,985300000.0,985300000.0,121200000.0,0.158,0.261,0.428,0.297,1600000.0,394700000.0,1.0,205555264.0,229800000,244500000.0,4.288,1390378000.0,40805000.0,104500000.0,0.0,6.05,96350000.0
62,BMC,MRT,1997-12-31,1997-12-31,1997-12-31,2019-04-25,-401000.0,956004000.0,,276578000.0,679426000.0,,2.964,-93424000.0,85478000.0,85478000.0,129609000.0,180495000.0,1.132,0.53,0.0,0.0,0.0,0.0,267441000.0,65561000.0,0.0,0.0,0.0,283622000.0,349183000.0,0.369,349183000.0,283622000.0,283622000.0,0.77,0.725,0.77,624745000.0,,624745000.0,,,,215807000.0,1.024,1.0,817153000.0,0.863,92353000.0,0.0,533739000.0,,0.0,466651000.0,43218000.0,423433000.0,331259000.0,244434000.0,86825000.0,6744782100.0,29317000.0,-72049000.0,-79259000.0,1200000.0,-11447000.0,-48850000.0,-228772000.0,-45598000.0,309231000.0,-2292000.0,180495000.0,180495000.0,180495000.0,0.0,0.0,0.191,567541000.0,249612000.0,3176000.0,0.0,10.796,37.368,42.614,143909000.0,0.0,32.813,7.124,7.305,153686000.0,664258000.0,946762000.0,946762000.0,119872000.0,,,,0.3,1997000.0,382196000.0,1.0,205555264.0,210773000,221640000.0,4.492,863651000.0,0.0,103127000.0,0.0,4.098,32144000.0
63,BMC,MRT,1997-09-30,1997-09-30,1997-09-30,2019-04-25,,,,,,,,,,,121474000.0,160994000.0,,,,,,,,,,0.0,0.0,257221000.0,,,,257221000.0,257221000.0,0.69,0.64,0.69,,,,,,,,,1.0,763321000.0,0.863,,0.0,,,,,,,,,,,,,,,,,,,,,160994000.0,160994000.0,160994000.0,0.0,0.0,0.182,537432000.0,225889000.0,,0.0,,,46.92,,0.0,32.375,,7.685,,,884795000.0,884795000.0,111370000.0,,,,0.291,,360589000.0,1.0,,210040000,224488000.0,4.213,,,96227000.0,,,
64,BMC,MRT,1997-06-30,1997-06-30,1997-06-30,2019-04-25,,,,,,,,,,,,,,,,,,,,,,0.0,0.0,,,,,,,,,,,,,,,,,,1.0,,,,,,,,,,,,,,,,,,,,,,,,,,,,,,,,,,,,,,,,27.688,,,,,,,,,,,,,,1.0,,209689000,,,,,,,,
65,BMC,MRT,1997-03-31,1997-03-31,1997-03-31,2019-04-25,-2660000.0,889686000.0,,282217000.0,607469000.0,,2.492,-63663000.0,89790000.0,89790000.0,105744000.0,184442000.0,1.303,0.576,0.0,0.0,0.0,0.0,254886000.0,44469000.0,0.0,0.0,0.0,269606000.0,314075000.0,0.397,314075000.0,269606000.0,269606000.0,0.81,0.76,0.81,564454000.0,,564454000.0,,,,244977000.0,1.081,1.0,686195000.0,0.866,60504000.0,0.0,522743000.0,,0.0,464911000.0,62169000.0,402742000.0,325232000.0,216649000.0,108583000.0,,27447000.0,-14719000.0,-15404000.0,1200000.0,-5786000.0,-3145000.0,-276262000.0,-188837000.0,308640000.0,-1786000.0,184442000.0,184442000.0,184442000.0,0.0,0.0,0.233,443361000.0,242834000.0,11001000.0,0.0,,,28.472,126705000.0,0.0,23.063,,6.597,102048000.0,570481000.0,791939000.0,791939000.0,102536000.0,,,,0.34,1997000.0,329566000.0,1.0,,226542000,241462000.0,3.496,829182000.0,0.0,85164000.0,0.0,3.66,65568000.0
66,BMC,MRT,1996-12-31,1996-12-31,1996-12-31,2019-04-25,,,,,,,,,,,,,,,,,,,,,,0.0,0.0,,,,,,,,,,,,,,,,,,1.0,,,,,,,,,,,,,,,,,,,,,,,,,,,,,,,,,,,,,,,,20.688,,,,,,,,,,,,,,1.0,,201766000,,,,,,,,
67,BMC,MRT,1996-03-31,1996-03-31,1996-03-31,2019-04-25,,,,,,,,-46864000.0,,,55033000.0,113553000.0,,,,,,,,29451000.0,,0.0,0.0,175395000.0,204846000.0,0.436,204846000.0,175395000.0,175395000.0,0.55,0.52,0.55,,,,,,,130023000.0,0.624,1.0,414873000.0,0.883,,0.0,,,,,,,,,,,24777000.0,-18510000.0,-54907000.0,0.0,-7009000.0,-57054000.0,-95119000.0,-26834000.0,176887000.0,63000.0,113553000.0,113553000.0,113553000.0,0.0,0.0,0.242,255856000.0,159017000.0,,0.0,,,24.886,,0.0,13.688,,6.065,,,469906000.0,469906000.0,60976000.0,,,,0.373,1354000.0,171291000.0,,,208213000,216748000.0,2.257,,,61842000.0,,,
