None,ticker,dimension,calendardate,datekey,reportperiod,lastupdated,accoci,assets,assetsavg,assetsc,assetsnc,assetturnover,bvps,capex,cashneq,cashnequsd,cor,consolinc,currentratio,de,debt,debtc,debtnc,debtusd,deferredrev,depamor,deposits,divyield,dps,ebit,ebitda,ebitdamargin,ebitdausd,ebitusd,ebt,eps,epsdil,epsusd,equity,equityavg,equityusd,ev,evebit,evebitda,fcf,fcfps,fxusd,gp,grossmargin,intangibles,intexp,invcap,invcapavg,inventory,investments,investmentsc,investmentsnc,liabilities,liabilitiesc,liabilitiesnc,marketcap,ncf,ncfbus,ncfcommon,ncfdebt,ncfdiv,ncff,ncfi,ncfinv,ncfo,ncfx,netinc,netinccmn,netinccmnusd,netincdis,netincnci,netmargin,opex,opinc,payables,payoutratio,pb,pe,pe1,ppnenet,prefdivis,price,ps,ps1,receivables,retearn,revenue,revenueusd,rnd,roa,roe,roic,ros,sbcomp,sgna,sharefactor,sharesbas,shareswa,shareswadil,sps,tangibles,taxassets,taxexp,taxliabilities,tbvps,workingcapital
0,VFC,MRY,2021-12-31,2021-03-31,2021-03-31,2021-08-25,,,,,,,,-274200000.0,,,4370780000.0,407869000.0,,,,,,,,696675000.0,,0.024,1.94,645090000.0,1341765000.0,0.145,1341765000.0,645090000.0,509435000.0,1.05,1.04,1.05,,,,35350485263.0,55.0,26.346,1039025000.0,2.667,1.0,4868050000.0,0.527,,135655000.0,,,,,,,,,,31305760263.0,-560118000.0,-2009151000.0,54438000.0,1755224000.0,-756784000.0,1052878000.0,-2895618000.0,-600000000.0,1313225000.0,-30603000.0,407869000.0,407869000.0,407869000.0,-52963000.0,0.0,0.044,4260419000.0,607631000.0,,1.848,,76.754,76.114,,0.0,79.92,3.388,3.371,,,9238830000.0,9238830000.0,0.0,,,,0.07,70823000.0,4240058000.0,1.0,391713717.0,389655000.0,392121000.0,23.71,,,101566000.0,,,
1,VFC,MRY,2020-12-31,2020-03-28,2020-03-28,2021-08-25,-930958000.0,11133251000.0,10904958000.0,5027016000.0,6106235000.0,0.962,8.491,-333836000.0,1369028000.0,1369028000.0,4690520000.0,679449000.0,1.662,2.316,4858750000.0,1229830000.0,3628920000.0,4858750000.0,0.0,660326000.0,0.0,0.033,1.9,869553000.0,1529879000.0,0.146,1529879000.0,869553000.0,777511000.0,1.72,1.7,1.72,3357334000.0,4181039250.0,3357334000.0,25450954212.0,29.0,16.636,540691000.0,1.367,1.0,5798036000.0,0.553,3010564000.0,92042000.0,8588525000.0,8259466500.0,1293912000.0,0.0,0.0,0.0,7775917000.0,3023884000.0,4752033000.0,22810885212.0,854736000.0,0.0,-844617000.0,996864000.0,-748663000.0,309732000.0,-302047000.0,0.0,874527000.0,-27476000.0,679449000.0,679449000.0,679449000.0,-50303000.0,0.0,0.065,4870231000.0,927805000.0,407021000.0,1.105,6.794,33.573,33.599,2227920000.0,0.0,57.79,2.175,2.179,1308051000.0,7309000.0,10488556000.0,10488556000.0,0.0,0.062,0.163,0.105,0.083,68205000.0,4547008000.0,1.0,394720284.0,395411000.0,399936000.0,26.526,8122687000.0,0.0,98062000.0,0.0,20.542,2003132000.0
2,VFC,MRY,2019-12-31,2019-03-30,2019-03-30,2021-08-25,-902075000.0,10356785000.0,10490818500.0,4673457000.0,5683328000.0,0.979,10.877,-269002000.0,402226000.0,402226000.0,4656326000.0,1259792000.0,1.756,1.409,2780207000.0,664323000.0,2115884000.0,2780207000.0,0.0,255729000.0,0.0,0.022,1.94,1535417000.0,1791146000.0,0.174,1791146000.0,1535417000.0,1427679000.0,3.19,3.15,3.19,4298516000.0,4127453000.0,4298516000.0,36665464138.0,24.0,20.47,1395221000.0,3.531,1.0,5610561000.0,0.546,3399141000.0,107738000.0,6674021000.0,6819331250.0,1173102000.0,0.0,0.0,0.0,6058269000.0,2661604000.0,3396665000.0,34382069138.0,-132603000.0,109881000.0,48620000.0,-872564000.0,-767061000.0,-1591005000.0,-220632000.0,0.0,1664223000.0,14811000.0,1259792000.0,1259792000.0,1259792000.0,-389366000.0,0.0,0.123,4420379000.0,1190182000.0,489600000.0,0.608,7.999,27.292,27.245,876093000.0,0.0,86.91,3.349,3.345,1372625000.0,1179601000.0,10266887000.0,10266887000.0,0.0,0.12,0.305,0.225,0.15,84285000.0,4420379000.0,1.0,395605444.0,395189000.0,400496000.0,25.98,6957644000.0,0.0,167887000.0,0.0,17.606,2011853000.0
3,VFC,MRY,2017-12-31,2017-12-30,2017-12-30,2021-08-25,-926140000.0,9958502000.0,9813357250.0,4377764000.0,5580738000.0,0.855,9.318,-203818000.0,563483000.0,563483000.0,3849248000.0,614923000.0,1.595,1.677,2923338000.0,735549000.0,2187789000.0,2923338000.0,0.0,238320000.0,0.0,0.023,1.72,1236706000.0,1475026000.0,0.176,1475026000.0,1236706000.0,1134732000.0,1.54,1.52,1.54,3719900000.0,3918679000.0,3719900000.0,32078242402.0,26.0,21.748,1270842000.0,3.183,1.0,4545436000.0,0.541,3782425000.0,101974000.0,5791832000.0,6212580000.0,1706609000.0,0.0,0.0,0.0,6238602000.0,2744100000.0,3494502000.0,29241031402.0,-661629000.0,-525573000.0,-1110463000.0,432139000.0,-684679000.0,-1363003000.0,-776251000.0,0.0,1474660000.0,2965000.0,614923000.0,614923000.0,614923000.0,-346853000.0,0.0,0.073,3662062000.0,883374000.0,760997000.0,1.117,7.861,47.552,48.052,1014638000.0,0.0,74.0,3.483,3.519,1429986000.0,1023745000.0,8394684000.0,8394684000.0,0.0,0.063,0.157,0.199,0.147,63888000.0,3662062000.0,1.0,395149073.0,399223000.0,403559000.0,21.028,6176077000.0,0.0,519809000.0,0.0,15.47,1633664000.0
4,VFC,MRY,2016-12-31,2016-12-31,2016-12-31,2021-08-25,-1041463000.0,9739287000.0,9922191750.0,4293098000.0,5446189000.0,1.111,11.874,-220066000.0,1227862000.0,1227862000.0,5589923000.0,1074106000.0,2.405,0.971,2318898000.0,279718000.0,2039180000.0,2318898000.0,0.0,281577000.0,0.0,0.029,1.53,1374690000.0,1656267000.0,0.15,1656267000.0,1374690000.0,1279968000.0,2.58,2.54,2.58,4940921000.0,4839020250.0,4940921000.0,24422095454.0,18.0,14.745,1260502000.0,3.029,1.0,5436224000.0,0.493,3088595000.0,94722000.0,5956328000.0,5965053750.0,1424571000.0,0.0,0.0,0.0,4798366000.0,1785400000.0,3012966000.0,22071495454.0,284630000.0,115983000.0,-951550000.0,510665000.0,-635994000.0,-1076879000.0,-112414000.0,0.0,1480568000.0,-6645000.0,1074106000.0,1074106000.0,1074106000.0,4748000.0,0.0,0.097,3980766000.0,1455458000.0,620194000.0,0.593,4.467,20.549,20.678,895960000.0,0.0,53.35,2.002,2.013,1148797000.0,2545458000.0,11026147000.0,11026147000.0,0.0,0.108,0.222,0.23,0.125,67762000.0,3901122000.0,1.0,413711255.0,416103000.0,422081000.0,26.499,6650692000.0,0.0,205862000.0,0.0,15.983,2507698000.0
5,VFC,MRY,2015-12-31,2016-01-02,2016-01-02,2021-08-25,-1043222000.0,9639542000.0,9882068500.0,4163136000.0,5476406000.0,1.113,12.631,-317784000.0,944423000.0,944423000.0,5603766000.0,1231593000.0,2.144,0.79,1854761000.0,452941000.0,1401820000.0,1854761000.0,0.0,272075000.0,0.0,0.021,1.33,1667545000.0,1939620000.0,0.176,1939620000.0,1667545000.0,1578794000.0,2.9,2.85,2.9,5384838000.0,5153523750.0,5384838000.0,28681172292.0,17.0,14.787,885832000.0,2.078,1.0,5392627000.0,0.49,3737018000.0,88751000.0,4871149000.0,5361093500.0,1555360000.0,0.0,0.0,0.0,4254704000.0,1941713000.0,2312991000.0,26537740292.0,-26101000.0,0.0,-701752000.0,426812000.0,-565275000.0,-840215000.0,-322822000.0,0.0,1203616000.0,-66680000.0,1231593000.0,1231593000.0,1231593000.0,-14537000.0,0.0,0.112,3747799000.0,1644828000.0,680606000.0,0.459,4.928,21.547,21.466,945491000.0,0.0,62.25,2.413,2.413,1289962000.0,3128731000.0,10996393000.0,10996393000.0,0.0,0.125,0.239,0.311,0.152,73420000.0,3747799000.0,1.0,426309081.0,426309081.0,,25.794,5902524000.0,0.0,347201000.0,0.0,13.846,2221423000.0
6,VFC,MRY,2014-12-31,2014-12-28,2014-12-28,2021-08-25,-702272000.0,9845300000.0,10215413750.0,4031569000.0,5813731000.0,1.163,13.038,-302020000.0,971895000.0,971895000.0,6112880000.0,1047505000.0,2.498,0.748,1439644000.0,25797000.0,1413847000.0,1439644000.0,0.0,274883000.0,0.0,0.015,1.107,1519436000.0,1794319000.0,0.151,1794319000.0,1519436000.0,1433332000.0,2.42,2.38,2.42,5630882000.0,5725359750.0,5630882000.0,33994718991.0,22.0,18.946,1460046000.0,3.381,1.0,5768850000.0,0.486,4258508000.0,86104000.0,4440476000.0,4896428750.0,1482804000.0,0.0,0.0,0.0,4214418000.0,1614065000.0,2600353000.0,32407694991.0,195492000.0,0.0,-692926000.0,1000.0,-478933000.0,-1171858000.0,-329255000.0,0.0,1762066000.0,-65461000.0,1047505000.0,1047505000.0,1047505000.0,280244000.0,0.0,0.088,3970536000.0,1798314000.0,690842000.0,0.457,5.755,30.938,31.008,942181000.0,0.0,75.04,2.728,2.728,1276224000.0,3231753000.0,11881730000.0,11881730000.0,0.0,0.103,0.183,0.31,0.128,104313000.0,3970536000.0,1.0,431872268.0,431872268.0,,27.512,5586792000.0,0.0,385827000.0,0.0,12.936,2417504000.0
7,VFC,MRY,2013-12-31,2013-12-28,2013-12-28,2021-08-25,-211720000.0,10315443000.0,9952086250.0,3882982000.0,6432461000.0,1.147,13.802,-325142000.0,776403000.0,776403000.0,5931469000.0,1210119000.0,2.476,0.697,1450806000.0,23977000.0,1426829000.0,1450806000.0,0.0,253273000.0,0.0,0.015,0.915,1647263000.0,1900536000.0,0.166,1900536000.0,1647263000.0,1562490000.0,2.76,2.71,2.76,6077038000.0,5494741500.0,6077038000.0,28696745308.0,17.0,15.099,1180899000.0,2.682,1.0,5488179000.0,0.481,4981951000.0,84773000.0,4439894000.0,4659606000.0,1399062000.0,0.0,0.0,0.0,4238405000.0,1568001000.0,2670404000.0,27113971308.0,178942000.0,0.0,-233995000.0,-395840000.0,-402136000.0,-983831000.0,-350273000.0,0.0,1506041000.0,7005000.0,1210119000.0,1210119000.0,1210119000.0,0.0,0.0,0.106,3841032000.0,1647147000.0,638732000.0,0.332,4.462,22.406,22.312,932792000.0,0.0,61.58,2.374,2.374,1360443000.0,3432090000.0,11419648000.0,11419648000.0,0.0,0.122,0.22,0.354,0.144,87118000.0,3841032000.0,1.0,440304828.0,440304828.0,,25.936,5333492000.0,169321000.0,352371000.0,0.0,12.113,2314981000.0
8,VFC,MRY,2012-12-31,2012-12-29,2012-12-29,2021-08-25,-453895000.0,9633021000.0,9673534750.0,3449583000.0,6183438000.0,1.125,11.632,-282830000.0,597461000.0,597461000.0,5817880000.0,1086138000.0,1.991,0.879,1844598000.0,415432000.0,1429166000.0,1844598000.0,0.0,237956000.0,0.0,0.02,0.757,1515341000.0,1753297000.0,0.161,1753297000.0,1515341000.0,1421736000.0,2.47,2.43,2.47,5125625000.0,4757233500.0,5125625000.0,18604320896.0,12.0,10.611,992170000.0,2.252,1.0,5061975000.0,0.465,4926815000.0,93605000.0,4221131000.0,4747640000.0,1354158000.0,0.0,0.0,0.0,4507396000.0,1732212000.0,2775184000.0,16335253896.0,256233000.0,70769000.0,-244512000.0,-271786000.0,-333229000.0,-802515000.0,-220291000.0,0.0,1275000000.0,4039000.0,1085999000.0,1085999000.0,1085999000.0,0.0,139000.0,0.1,3596708000.0,1465267000.0,562638000.0,0.306,3.187,15.042,15.009,828218000.0,0.0,37.072,1.501,1.501,1222345000.0,2941447000.0,10879855000.0,10879855000.0,0.0,0.112,0.228,0.319,0.139,92814000.0,3596708000.0,1.0,440629952.0,440629952.0,,24.692,4706206000.0,140515000.0,335737000.0,0.0,10.681,1717371000.0
9,VFC,MRY,2011-12-31,2011-12-31,2011-12-31,2021-08-25,-421477000.0,9313126000.0,8231439500.0,3187944000.0,6125182000.0,1.149,10.253,-190996000.0,341228000.0,341228000.0,5128602000.0,890393000.0,1.913,1.058,2116211000.0,284430000.0,1831781000.0,2116211000.0,0.0,198735000.0,0.0,0.021,0.652,1240017000.0,1438752000.0,0.152,1438752000.0,1240017000.0,1162439000.0,2.03,2.0,2.03,4525991000.0,4344900500.0,4525991000.0,16658547099.0,13.0,11.578,890375000.0,2.017,1.0,4330630000.0,0.458,4981923000.0,77578000.0,4440154000.0,4026194500.0,1453645000.0,0.0,0.0,0.0,4787951000.0,1666032000.0,3121919000.0,14014972099.0,-451011000.0,-2207065000.0,126592000.0,1146536000.0,-285722000.0,912245000.0,-2460033000.0,0.0,1081371000.0,15406000.0,888089000.0,888089000.0,888089000.0,0.0,2304000.0,0.094,3085839000.0,1244791000.0,637116000.0,0.321,3.097,15.781,15.639,737451000.0,0.0,31.747,1.482,1.482,1120246000.0,2520804000.0,9459232000.0,9459232000.0,0.0,0.108,0.204,0.308,0.131,76739000.0,3085839000.0,1.0,441451204.0,441451204.0,,21.428,4331203000.0,106717000.0,274350000.0,0.0,9.811,1521912000.0
10,VFC,MRY,2010-12-31,2010-12-28,2010-12-28,2021-08-25,-268594000.0,6457556000.0,6486359000.0,2826060000.0,3631496000.0,1.188,8.9,-125250000.0,792239000.0,792239000.0,4105201000.0,573512000.0,2.547,0.672,975195000.0,39313000.0,935882000.0,975195000.0,0.0,173396000.0,0.0,0.028,0.608,825800000.0,999196000.0,0.13,999196000.0,825800000.0,748062000.0,1.312,1.295,1.312,3861219000.0,3818998500.0,3861219000.0,10005516968.0,12.0,10.014,876032000.0,2.019,1.0,3597388000.0,0.467,2657563000.0,77738000.0,2873474000.0,3029308250.0,1070694000.0,0.0,0.0,0.0,2596237000.0,1109475000.0,1486762000.0,9420095968.0,60690000.0,-38290000.0,-274106000.0,-212804000.0,-264281000.0,-742832000.0,-180480000.0,0.0,1001282000.0,-17280000.0,571362000.0,571362000.0,571362000.0,0.0,2150000.0,0.074,2776528000.0,820860000.0,510998000.0,0.463,2.44,16.487,16.549,602908000.0,0.0,21.712,1.223,1.223,773083000.0,1940508000.0,7702589000.0,7702589000.0,0.0,0.088,0.15,0.273,0.107,63538000.0,2574790000.0,1.0,433855888.0,433855888.0,,17.754,3799993000.0,68220000.0,176700000.0,0.0,8.759,1716585000.0
11,VFC,MRY,2009-12-31,2009-12-28,2009-12-28,2021-08-25,-209742000.0,6473863000.0,6662960000.0,2632562000.0,3841301000.0,1.084,8.593,-95594000.0,731549000.0,731549000.0,4025122000.0,458458000.0,2.402,0.697,1187126000.0,248632000.0,938494000.0,1187126000.0,0.0,170452000.0,0.0,0.032,0.592,743388000.0,913840000.0,0.127,913840000.0,743388000.0,657486000.0,1.045,1.032,1.045,3815151000.0,3722239250.0,3815151000.0,9198573056.0,12.0,10.066,877891000.0,1.977,1.0,3195164000.0,0.443,2902801000.0,85902000.0,2930850000.0,3427194500.0,958639000.0,0.0,0.0,0.0,2660578000.0,1095789000.0,1564789000.0,8183256056.0,349705000.0,-212339000.0,-49384000.0,-14261000.0,-261682000.0,-319343000.0,-316876000.0,0.0,973485000.0,12439000.0,461271000.0,461271000.0,461271000.0,0.0,-2813000.0,0.064,2458347000.0,736817000.0,373186000.0,0.567,2.145,17.741,17.639,614178000.0,0.0,18.433,1.133,1.133,776140000.0,2050109000.0,7220286000.0,7220286000.0,0.0,0.069,0.124,0.217,0.103,36038000.0,2336394000.0,1.0,443958012.0,443958012.0,,16.263,3571062000.0,64959000.0,196215000.0,0.0,8.044,1536773000.0
12,VFC,MRY,2008-12-31,2008-12-28,2008-12-28,2021-08-25,-276294000.0,6433868000.0,6710179250.0,2653010000.0,3780858000.0,1.139,8.076,-134808000.0,381844000.0,381844000.0,4283680000.0,602847000.0,2.621,0.809,1198448000.0,56902000.0,1141546000.0,1198448000.0,0.0,166171000.0,0.0,0.043,0.583,942042000.0,1108213000.0,0.145,1108213000.0,942042000.0,847992000.0,1.38,1.355,1.38,3555892000.0,3691149000.0,3555892000.0,7326726291.0,8.0,6.611,543593000.0,1.235,1.0,3358920000.0,0.439,2680020000.0,94050000.0,3558270000.0,3891312500.0,1151895000.0,0.0,0.0,0.0,2876623000.0,1012182000.0,1864441000.0,5993617291.0,59981000.0,-93377000.0,-84757000.0,-71368000.0,-255235000.0,-389761000.0,-215786000.0,0.0,678401000.0,-12873000.0,602748000.0,602748000.0,602748000.0,0.0,99000.0,0.079,2419925000.0,938995000.0,435381000.0,0.422,1.686,9.944,9.864,642727000.0,0.0,13.613,0.784,0.784,851282000.0,1972874000.0,7642600000.0,7642600000.0,0.0,0.09,0.163,0.242,0.123,31592000.0,2419925000.0,1.0,440302464.0,440302464.0,,17.358,3753848000.0,96339000.0,245244000.0,0.0,8.526,1640828000.0
13,VFC,MRY,2007-12-31,2007-12-29,2007-12-29,2021-08-25,61495000.0,6446685000.0,6056719750.0,2645129000.0,3801556000.0,1.192,8.126,-120230000.0,321863000.0,321863000.0,4080022000.0,592246000.0,2.332,0.802,1280158000.0,135348000.0,1144810000.0,1280158000.0,0.0,141227000.0,0.0,0.032,0.557,956575000.0,1097802000.0,0.152,1097802000.0,956575000.0,884453000.0,1.34,1.305,1.34,3576829000.0,3342458000.0,3576829000.0,9248792475.0,10.0,8.425,700346000.0,1.591,1.0,3139337000.0,0.435,2713432000.0,72122000.0,3557161000.0,3497261000.0,1138752000.0,0.0,0.0,0.0,2869856000.0,1134387000.0,1735469000.0,7727409475.0,-21361000.0,-699554000.0,-280461000.0,460872000.0,-246634000.0,-50652000.0,-806062000.0,0.0,820576000.0,14777000.0,591621000.0,591621000.0,591621000.0,21625000.0,625000.0,0.082,2173896000.0,965441000.0,509879000.0,0.416,2.16,13.061,13.101,651858000.0,0.0,17.555,1.07,1.07,970951000.0,1786216000.0,7219359000.0,7219359000.0,0.0,0.098,0.177,0.274,0.133,62413000.0,2173896000.0,1.0,440182824.0,440182824.0,,16.401,3733253000.0,104489000.0,292832000.0,0.0,8.481,1510742000.0
14,VFC,MRY,2006-12-31,2006-12-30,2006-12-30,2021-08-25,-123652000.0,5465693000.0,5441954000.0,2578010000.0,2887683000.0,1.142,7.304,-132807000.0,343224000.0,343224000.0,3515624000.0,533516000.0,2.54,0.674,792702000.0,157343000.0,635359000.0,792702000.0,0.0,128846000.0,0.0,0.024,0.485,832962000.0,961808000.0,0.155,961808000.0,832962000.0,775703000.0,1.205,1.18,1.205,3265172000.0,3040137750.0,3265172000.0,10023299778.0,12.0,10.421,357946000.0,0.801,1.0,2700170000.0,0.434,1786618000.0,57259000.0,3113705000.0,3274163750.0,958262000.0,0.0,0.0,0.0,2200521000.0,1014848000.0,1185673000.0,9173709778.0,46667000.0,-34634000.0,1093000.0,-94053000.0,-216529000.0,-285425000.0,-166747000.0,0.0,490753000.0,8086000.0,533516000.0,533516000.0,533516000.0,1535000.0,0.0,0.086,1874026000.0,826144000.0,385700000.0,0.402,2.81,17.195,17.029,593058000.0,0.0,20.52,1.476,1.476,809594000.0,1806875000.0,6215794000.0,6215794000.0,0.0,0.098,0.175,0.254,0.134,46427000.0,1874026000.0,1.0,447061880.0,447061880.0,,13.904,3679075000.0,84519000.0,242187000.0,0.0,8.229,1563162000.0
15,VFC,MRY,2005-12-31,2005-12-31,2005-12-31,2021-08-25,-164802000.0,5171071000.0,5196837250.0,2365376000.0,2805695000.0,1.088,6.315,-108496000.0,296557000.0,296557000.0,3209312000.0,506702000.0,2.053,0.841,820640000.0,172912000.0,647728000.0,820640000.0,0.0,121434000.0,0.0,0.02,0.275,806362000.0,927796000.0,0.164,927796000.0,806362000.0,735766000.0,1.135,1.11,1.135,2808213000.0,2718854500.0,2808213000.0,6979166064.0,9.0,7.522,452850000.0,1.018,1.0,2444843000.0,0.432,1723824000.0,70596000.0,2819187000.0,2812409000.0,900452000.0,0.0,0.0,0.0,2362858000.0,1152143000.0,1210715000.0,6152522064.0,-188950000.0,-205171000.0,-129029000.0,-187788000.0,-124116000.0,-423493000.0,-314543000.0,0.0,561346000.0,-12260000.0,506702000.0,506702000.0,506702000.0,-35906000.0,0.0,0.09,1676892000.0,767951000.0,392709000.0,0.242,2.191,12.142,12.189,510678000.0,0.0,13.835,1.088,1.088,676265000.0,1585421000.0,5654155000.0,5654155000.0,0.0,0.098,0.186,0.287,0.143,40512000.0,1676892000.0,1.0,444707052.0,444707052.0,,12.714,3447247000.0,98586000.0,229064000.0,0.0,7.752,1213233000.0
16,VFC,MRY,2004-12-31,2004-12-31,2004-12-31,2021-08-25,-113071000.0,5004278000.0,4771725000.0,2378568000.0,2625710000.0,1.094,5.657,-75074000.0,485507000.0,485507000.0,3067678000.0,474702000.0,1.733,0.991,1000701000.0,444062000.0,556639000.0,1000701000.0,0.0,130216000.0,0.0,0.019,0.263,747513000.0,877729000.0,0.168,877729000.0,747513000.0,671492000.0,1.075,1.052,1.075,2513241000.0,2303998500.0,2513241000.0,7076893736.0,9.0,8.063,648917000.0,1.461,1.0,2150388000.0,0.412,1671114000.0,76021000.0,2476144000.0,2821570000.0,973248000.0,0.0,0.0,0.0,2491037000.0,1372214000.0,1118823000.0,6151381736.0,-29278000.0,-644572000.0,106613000.0,-22550000.0,-117731000.0,-34398000.0,-729258000.0,0.0,723991000.0,10387000.0,474702000.0,474702000.0,474702000.0,-75823000.0,0.0,0.091,1486031000.0,664357000.0,369937000.0,0.245,2.448,12.958,12.879,572254000.0,0.0,13.845,1.179,1.179,751582000.0,1427283000.0,5218066000.0,5218066000.0,0.0,0.099,0.206,0.265,0.143,10047000.0,1486031000.0,1.0,444303484.0,444303484.0,,11.744,3333164000.0,99338000.0,196790000.0,0.0,7.502,1006354000.0
17,VFC,MRY,2003-12-31,2004-01-03,2004-01-03,2021-08-25,-189455000.0,4245552000.0,3869033500.0,2208531000.0,2037021000.0,1.356,4.514,-78815000.0,514785000.0,514785000.0,3262375000.0,397933000.0,2.533,1.176,991475000.0,35092000.0,956383000.0,991475000.0,0.0,118138000.0,0.0,0.024,0.253,659874000.0,778012000.0,0.148,778012000.0,659874000.0,598506000.0,0.917,0.902,0.917,1951307000.0,1814456750.0,1951307000.0,5521583907.0,8.0,7.097,460857000.0,1.066,1.0,1983029000.0,0.378,1019606000.0,61368000.0,2830779000.0,2816208750.0,932985000.0,0.0,0.0,0.0,2294245000.0,871857000.0,1422388000.0,4601296907.0,18418000.0,-578038000.0,-28769000.0,245847000.0,-111258000.0,105310000.0,-656904000.0,0.0,539672000.0,30340000.0,397933000.0,397933000.0,397933000.0,0.0,0.0,0.076,1338140000.0,644889000.0,315219000.0,0.276,2.358,11.563,11.609,591680000.0,0.0,10.645,0.877,0.877,633863000.0,1067602000.0,5245404000.0,5245404000.0,0.0,0.103,0.219,0.234,0.126,1584000.0,1338140000.0,1.0,432249592.0,432249592.0,,12.135,3225946000.0,0.0,200573000.0,0.0,7.463,1336674000.0
18,VFC,MRY,2002-12-31,2003-01-04,2003-01-04,2021-08-25,-214141000.0,3503151000.0,3472833250.0,2074540000.0,1428611000.0,1.464,3.815,-50913000.0,496367000.0,496367000.0,3254008000.0,-154543000.0,2.371,1.113,663983000.0,61696000.0,602287000.0,663983000.0,0.0,107398000.0,0.0,0.026,0.242,114082000.0,221480000.0,0.044,221480000.0,114082000.0,42757000.0,-0.372,-0.345,-0.372,1657848000.0,1656208250.0,1657848000.0,4465265274.0,39.0,20.161,594671000.0,1.368,1.0,1829515000.0,0.36,473355000.0,71325000.0,2322568000.0,2542162500.0,830518000.0,0.0,0.0,0.0,1845303000.0,874844000.0,970459000.0,4060362274.0,164318000.0,-1342000.0,-84870000.0,-318150000.0,-108773000.0,-520083000.0,-44580000.0,0.0,645584000.0,13498000.0,-154543000.0,-154543000.0,-154543000.0,-8283000.0,0.0,-0.03,1207591000.0,621924000.0,298456000.0,-0.651,2.449,-26.273,-25.114,566546000.0,0.0,9.342,0.799,0.799,587859000.0,833332000.0,5083523000.0,5083523000.0,0.0,-0.045,-0.093,0.045,0.022,1003000.0,1229902000.0,1.0,434611964.0,434611964.0,,11.697,3029796000.0,258589000.0,197300000.0,0.0,6.971,1199696000.0
19,VFC,MRY,2001-12-31,2001-12-29,2001-12-29,2021-08-25,-103040000.0,4103016000.0,4307904750.0,2031420000.0,2071596000.0,1.212,4.76,-84613000.0,332049000.0,332049000.0,3504233000.0,137830000.0,2.496,0.942,982631000.0,78596000.0,904035000.0,982631000.0,0.0,138058000.0,0.0,0.024,0.232,383301000.0,521359000.0,0.1,521359000.0,383301000.0,289937000.0,0.297,0.297,0.297,2112796000.0,2213368000.0,2112796000.0,5181497563.0,14.0,9.938,515943000.0,1.162,1.0,1716184000.0,0.329,998046000.0,93364000.0,2941719000.0,3264768500.0,866565000.0,0.0,0.0,0.0,1990220000.0,813833000.0,1176387000.0,4290103563.0,213158000.0,-5057000.0,-101960000.0,-176152000.0,-106864000.0,-377783000.0,-90833000.0,0.0,600556000.0,-658000.0,137830000.0,137830000.0,137830000.0,79448000.0,0.0,0.026,1261757000.0,454427000.0,240292000.0,0.781,2.031,31.126,32.542,642337000.0,0.0,9.665,0.822,0.822,572012000.0,1221200000.0,5220417000.0,5220417000.0,0.0,0.032,0.062,0.117,0.073,0.0,1247000000.0,1.0,443880348.0,443880348.0,,11.761,3104970000.0,134842000.0,152107000.0,0.0,6.995,1217587000.0
20,VFC,MRY,2000-12-31,2000-12-30,2000-12-30,2021-08-25,-87875000.0,4358156000.0,4410586750.0,2110096000.0,2248060000.0,1.225,4.817,-118620000.0,118891000.0,118891000.0,3572871000.0,260334000.0,2.097,0.988,1166040000.0,261004000.0,905036000.0,1166040000.0,0.0,125386000.0,0.0,0.025,0.223,510212000.0,635598000.0,0.118,635598000.0,510212000.0,421701000.0,0.562,0.552,0.562,2191813000.0,2194748750.0,2191813000.0,5270116683.0,10.0,8.292,315761000.0,0.694,1.0,1830252000.0,0.339,1101876000.0,88511000.0,3297229000.0,3102949750.0,1124438000.0,0.0,0.0,0.0,2166343000.0,1006200000.0,1160143000.0,4122792683.0,39030000.0,-308062000.0,-104406000.0,246086000.0,-104920000.0,41253000.0,-436635000.0,0.0,434381000.0,-2298000.0,260334000.0,260334000.0,260334000.0,-1165000.0,0.0,0.048,1324694000.0,505558000.0,340127000.0,0.397,1.881,15.837,16.121,776015000.0,0.0,9.06,0.763,0.763,716299000.0,1333988000.0,5403123000.0,5403123000.0,0.0,0.059,0.119,0.164,0.094,0.0,1282281000.0,1.0,455054380.0,455054380.0,,11.874,3256280000.0,118314000.0,161367000.0,0.0,7.156,1103896000.0
21,VFC,MRY,1999-12-31,2000-01-01,2000-01-01,2021-08-25,-64756000.0,4026514000.0,4133595250.0,1877416000.0,2149098000.0,1.343,4.58,-150076000.0,79861000.0,79861000.0,3657120000.0,366242000.0,1.686,0.861,931517000.0,413683000.0,517834000.0,931517000.0,0.0,167432000.0,0.0,0.028,0.212,667002000.0,834434000.0,0.15,834434000.0,667002000.0,595576000.0,0.76,0.748,0.76,2163818000.0,2135110750.0,2163818000.0,4447466080.0,7.0,5.33,273285000.0,0.578,1.0,1894496000.0,0.341,992463000.0,71426000.0,2772234000.0,2811547500.0,964040000.0,0.0,0.0,0.0,1862696000.0,1113473000.0,749223000.0,3543526080.0,16653000.0,-156587000.0,-123752000.0,143531000.0,-104302000.0,-83254000.0,-319777000.0,0.0,423361000.0,-3677000.0,366242000.0,366242000.0,366242000.0,0.0,0.0,0.066,1241864000.0,652632000.0,332666000.0,0.279,1.638,9.675,9.868,804422000.0,0.0,7.5,0.638,0.638,732502000.0,1281315000.0,5551616000.0,5551616000.0,0.0,0.089,0.172,0.237,0.12,0.0,1230009000.0,1.0,472470144.0,472470144.0,,11.75,3034051000.0,74067000.0,229334000.0,0.0,6.422,763943000.0
22,VFC,MRY,1998-12-31,1999-01-02,1999-01-02,2021-08-25,-25639000.0,3836666000.0,3832376250.0,1848152000.0,1988514000.0,1.43,4.308,-189059000.0,63208000.0,63208000.0,3586686000.0,388306000.0,1.789,0.857,767536000.0,245879000.0,521657000.0,767536000.0,0.0,161385000.0,0.0,0.017,0.203,693880000.0,855265000.0,0.156,855265000.0,693880000.0,631598000.0,0.792,0.775,0.792,2066308000.0,1993541000.0,2066308000.0,6309856669.0,9.0,7.378,240223000.0,0.501,1.0,1892121000.0,0.345,951562000.0,62282000.0,2556426000.0,2520381750.0,954007000.0,0.0,0.0,0.0,1770358000.0,1033006000.0,737352000.0,5621908669.0,-60886000.0,-299900000.0,-101709000.0,213591000.0,-101660000.0,12337000.0,-505902000.0,0.0,429282000.0,3397000.0,388306000.0,388306000.0,388306000.0,0.0,0.0,0.071,1207952000.0,684169000.0,341126000.0,0.256,2.721,14.478,14.798,776091000.0,0.0,11.72,1.026,1.026,705734000.0,1170970000.0,5478807000.0,5478807000.0,0.0,0.101,0.195,0.275,0.127,0.0,1198854000.0,1.0,479685040.0,479685040.0,,11.422,2885104000.0,99608000.0,243292000.0,0.0,6.015,815146000.0
23,VFC,MRY,1997-12-31,1998-01-03,1998-01-03,2021-08-25,-36110000.0,3322782000.0,3432517000.0,1601466000.0,1721316000.0,1.521,3.848,-154262000.0,124094000.0,124094000.0,3440611000.0,350942000.0,2.091,0.78,540867000.0,24641000.0,516226000.0,540867000.0,0.0,156252000.0,0.0,0.017,0.193,635575000.0,791827000.0,0.152,791827000.0,635575000.0,585880000.0,0.69,0.675,0.69,1866769000.0,1920779000.0,1866769000.0,,,,306390000.0,0.631,1.0,1781635000.0,0.341,814332000.0,49695000.0,2159315000.0,2224326750.0,774755000.0,0.0,0.0,0.0,1456013000.0,765908000.0,690105000.0,5556592573.0,-146535000.0,-16003000.0,-326687000.0,7492000.0,-100141000.0,-417353000.0,-183843000.0,0.0,460652000.0,-5991000.0,350942000.0,350942000.0,350942000.0,0.0,0.0,0.067,1176562000.0,605073000.0,301103000.0,0.28,2.977,15.833,16.598,705990000.0,0.0,11.453,1.064,1.064,587934000.0,1037546000.0,5222246000.0,5222246000.0,0.0,0.102,0.183,0.286,0.122,0.0,1175598000.0,1.0,485185992.0,485185992.0,,10.763,2508450000.0,94750000.0,234938000.0,0.0,5.17,835558000.0
24,VFC,MRY,1996-12-31,1997-01-04,1997-01-04,2021-08-25,6428000.0,3449535000.0,,1706326000.0,1743209000.0,,,-138747000.0,270629000.0,270629000.0,3458166000.0,299524000.0,2.227,0.748,537884000.0,18826000.0,519058000.0,537884000.0,0.0,160578000.0,0.0,0.022,0.182,571201000.0,731779000.0,0.142,731779000.0,571201000.0,508408000.0,0.58,0.57,0.58,1973739000.0,,1973739000.0,,,,572707000.0,,1.0,1679012000.0,0.327,863930000.0,62793000.0,2086593000.0,,730823000.0,0.0,0.0,0.0,1475796000.0,766267000.0,709529000.0,,186554000.0,-24284000.0,6336000.0,-309712000.0,-97036000.0,-398756000.0,-126144000.0,0.0,711454000.0,0.0,299524000.0,299524000.0,299524000.0,0.0,0.0,0.058,1121729000.0,557283000.0,320056000.0,0.314,,,14.252,721524000.0,0.0,8.266,,,592942000.0,1234849000.0,5137178000.0,5137178000.0,0.0,,,,0.111,0.0,1122076000.0,1.0,,,,,2585605000.0,90556000.0,208884000.0,0.0,,940059000.0
25,VFC,MRY,1995-12-31,1995-12-30,1995-12-30,2021-08-25,,,,,,,,-155206000.0,,,3577555000.0,157291000.0,,,,,,,,167721000.0,,0.026,0.173,361437000.0,529158000.0,0.105,529158000.0,361437000.0,284135000.0,0.3,0.297,0.3,,,,,,,168450000.0,,1.0,1484744000.0,0.293,,77302000.0,,,,,,,,,,,24333000.0,-12004000.0,-50236000.0,2940000.0,-92038000.0,-136329000.0,-162994000.0,0.0,323656000.0,0.0,157291000.0,157291000.0,157291000.0,0.0,0.0,0.031,1137354000.0,347390000.0,,0.577,,,21.979,,0.0,6.594,,,,,5062299000.0,5062299000.0,0.0,,,,0.071,0.0,1131290000.0,1.0,,,,,,,126844000.0,,,
0,VFC,MRQ,2021-06-30,2021-06-03,2021-06-03,2021-08-25,-965886000.0,13550351000.0,,4564138000.0,8986213000.0,,8.366,-114224000.0,1274926000.0,1274926000.0,955551000.0,324245000.0,1.486,3.139,6928147000.0,1009121000.0,5919026000.0,6928147000.0,0.0,172980000.0,0.0,0.024,0.49,384340000.0,557320000.0,0.254,557320000.0,384340000.0,349423000.0,0.83,0.82,0.83,3274030000.0,,3274030000.0,37231746949.0,28.0,18.378,-33216000.0,-0.085,1.0,1239006000.0,0.565,5455210000.0,34917000.0,10676916000.0,,1216818000.0,598806000.0,598806000.0,0.0,10276321000.0,3071446000.0,7204875000.0,31089802949.0,425392000.0,616529000.0,20910000.0,-3226000.0,-192131000.0,-174447000.0,508828000.0,0.0,81008000.0,10003000.0,324245000.0,324245000.0,324245000.0,-170273000.0,0.0,0.148,1036122000.0,202884000.0,534803000.0,0.59,9.496,30.548,30.375,2443171000.0,0.0,79.28,3.002,2.996,1138811000.0,317105000.0,2194557000.0,2194557000.0,0.0,,,,,21701000.0,1036122000.0,1.0,392151904.0,391351000.0,394128000.0,5.608,8095141000.0,0.0,25178000.0,0.0,20.685,1492692000.0
1,VFC,MRQ,2021-03-31,2021-03-03,2021-03-03,2021-08-25,-1009000000.0,13754029000.0,,4785870000.0,8968159000.0,,7.802,,815750000.0,815750000.0,,,2.165,3.5,6957694000.0,12084000.0,6945610000.0,6957694000.0,0.0,,0.0,,0.0,,,,,,,,,,3056164000.0,,3056164000.0,35851878820.0,,,,,1.0,,,5454972000.0,,12230524000.0,,1061839000.0,598806000.0,598806000.0,0.0,10697865000.0,2210477000.0,8487388000.0,31807153820.0,,,,,,,,,,,,,,,,,,,463208000.0,,10.408,,,2450310000.0,,81.2,,,1298020000.0,189534000.0,,,,,,,,,,1.0,391713717.0,391713717.0,,,8299057000.0,0.0,,0.0,21.187,2575393000.0
2,VFC,MRQ,2020-12-31,2020-12-26,2020-12-26,2021-08-25,-995963000.0,13744341000.0,,7285219000.0,6459122000.0,,8.049,-53564000.0,3254236000.0,3254236000.0,1345024000.0,347240000.0,2.916,3.38,7298961000.0,300754000.0,6998207000.0,7298961000.0,0.0,169671000.0,0.0,0.023,0.49,440603000.0,610274000.0,0.205,610274000.0,440603000.0,406288000.0,0.89,0.88,0.89,3138174000.0,,3138174000.0,37667599387.0,297.0,45.712,1005684000.0,2.58,1.0,1626517000.0,0.547,3056254000.0,34315000.0,12234789000.0,,1075983000.0,599403000.0,599403000.0,0.0,10606167000.0,2498023000.0,8108144000.0,32721353387.0,1368455000.0,0.0,53088000.0,286109000.0,-191266000.0,147931000.0,140681000.0,200000000.0,1059248000.0,20595000.0,347240000.0,347240000.0,347240000.0,-19581000.0,0.0,0.117,1214518000.0,411999000.0,412324000.0,0.551,10.427,-197.799,-215.128,2432348000.0,0.0,83.9,3.736,3.735,1411565000.0,300495000.0,2971541000.0,2971541000.0,0.0,,,,,19996000.0,1214518000.0,1.0,390004212.0,389872000.0,392851000.0,7.622,10688087000.0,0.0,59048000.0,0.0,27.414,4787196000.0
3,VFC,MRQ,2020-09-30,2020-09-26,2020-09-26,2021-08-25,-959658000.0,12941266000.0,,6680206000.0,6261060000.0,,7.567,-68178000.0,1877398000.0,1877398000.0,1282406000.0,256722000.0,3.205,3.394,6823644000.0,14364000.0,6809280000.0,6823644000.0,0.0,179690000.0,0.0,0.027,0.96,341244000.0,520934000.0,0.2,520934000.0,341244000.0,307137000.0,0.66,0.66,0.66,2945238000.0,,2945238000.0,32075276925.0,127.0,33.916,17818000.0,0.046,1.0,1325918000.0,0.508,3024607000.0,34107000.0,12778373000.0,,1434843000.0,800000000.0,800000000.0,0.0,9996028000.0,2084532000.0,7911496000.0,27485814925.0,-283638000.0,0.0,8413000.0,-6724000.0,-186892000.0,-185203000.0,-172223000.0,-100000000.0,85996000.0,-12208000.0,256722000.0,256722000.0,256722000.0,-13476000.0,0.0,0.098,1005970000.0,319948000.0,450109000.0,1.455,9.332,-576.658,-641.273,2319111000.0,0.0,70.54,3.074,3.07,1606479000.0,-44953000.0,2608324000.0,2608324000.0,0.0,,,,,16427000.0,1005970000.0,1.0,389648638.0,389219000.0,391180000.0,6.701,9916659000.0,0.0,50415000.0,0.0,25.478,4595674000.0
4,VFC,MRQ,2020-06-30,2020-06-03,2020-06-03,2021-08-25,-897541000.0,12479045000.0,,6261137000.0,6217908000.0,,7.493,-82668000.0,2145111000.0,2145111000.0,506951000.0,-285613000.0,3.65,3.285,6734573000.0,20281000.0,6714292000.0,6734573000.0,0.0,164798000.0,0.0,0.03,0.0,-291554000.0,-126756000.0,-0.118,-126756000.0,-291554000.0,-320816000.0,-0.73,-0.73,-0.73,2912598000.0,,2912598000.0,28376302608.0,58.0,24.531,-85856000.0,-0.221,1.0,569342000.0,0.529,3018370000.0,29262000.0,12334674000.0,,1402858000.0,700000000.0,700000000.0,0.0,9566447000.0,1715463000.0,7850984000.0,24886580608.0,778444000.0,0.0,-15634000.0,1765041000.0,-186746000.0,1562661000.0,-785155000.0,-700000000.0,-3188000.0,4126000.0,-285613000.0,-285613000.0,-285613000.0,7871000.0,0.0,-0.265,816151000.0,-246809000.0,348932000.0,0.0,8.544,72.216,74.419,2311617000.0,0.0,64.0,2.616,2.615,934984000.0,-298088000.0,1076293000.0,1076293000.0,0.0,,,,,9686000.0,816151000.0,1.0,388852822.0,388695000.0,390791000.0,2.769,9460675000.0,0.0,-35203000.0,0.0,24.34,4545674000.0
5,VFC,MRQ,2020-03-31,2020-03-28,2020-03-28,2021-08-25,-930958000.0,11133251000.0,,5027016000.0,6106235000.0,,8.582,-118537000.0,1369028000.0,1369028000.0,986266000.0,-483776000.0,1.662,2.316,4858750000.0,1229830000.0,3628920000.0,4858750000.0,0.0,183148000.0,0.0,0.033,0.48,-363579000.0,-180431000.0,-0.086,-180431000.0,-363579000.0,-390381000.0,-1.21,-1.2,-1.21,3357334000.0,,3357334000.0,25450954212.0,29.0,16.636,-85636000.0,-0.219,1.0,1116155000.0,0.531,3010564000.0,26802000.0,8588525000.0,,1293912000.0,0.0,0.0,0.0,7775917000.0,3023884000.0,4752033000.0,22810885212.0,814115000.0,0.0,-479700000.0,1597919000.0,-186365000.0,931854000.0,-128091000.0,0.0,32901000.0,-22549000.0,-483776000.0,-483776000.0,-483776000.0,690000.0,0.0,-0.23,1372916000.0,-256761000.0,407021000.0,-0.397,6.794,33.573,33.599,2227920000.0,0.0,57.79,2.175,2.179,1308051000.0,7309000.0,2102421000.0,2102421000.0,0.0,,,,,-25255000.0,1049693000.0,1.0,394720284.0,391226000.0,395247000.0,5.374,8122687000.0,0.0,93395000.0,0.0,20.762,2003132000.0
6,VFC,MRQ,2019-12-31,2019-12-28,2019-12-28,2021-08-25,-895372000.0,10814262000.0,,4155698000.0,6658564000.0,,11.536,-85599000.0,540029000.0,540029000.0,1351653000.0,465003000.0,2.118,1.368,3185710000.0,60678000.0,3125032000.0,3185710000.0,0.0,165692000.0,0.0,0.019,0.48,566282000.0,731974000.0,0.232,731974000.0,566282000.0,543979000.0,1.17,1.16,1.17,4567590000.0,,4567590000.0,43022375155.0,31.0,22.271,1121505000.0,2.833,1.0,1804070000.0,0.572,3377738000.0,22303000.0,8120113000.0,,1254460000.0,0.0,0.0,0.0,6246672000.0,1962092000.0,4284580000.0,39921388155.0,76982000.0,0.0,-415576000.0,-429766000.0,-188694000.0,-1034036000.0,-96544000.0,0.0,1207104000.0,458000.0,465003000.0,465003000.0,465003000.0,-43421000.0,0.0,0.147,1264031000.0,540039000.0,389749000.0,0.41,8.74,30.898,30.757,2126271000.0,0.0,99.96,3.965,3.931,1539923000.0,1182228000.0,3155723000.0,3155723000.0,0.0,,,,,23314000.0,1264031000.0,1.0,399373631.0,395940000.0,400322000.0,7.97,7436524000.0,0.0,78976000.0,0.0,18.782,2193606000.0
7,VFC,MRQ,2019-09-30,2019-09-28,2019-09-28,2021-08-25,-930725000.0,11270355000.0,,4775207000.0,6495148000.0,,11.685,-70554000.0,469912000.0,469912000.0,1456317000.0,649001000.0,1.986,1.425,3577685000.0,489307000.0,3088378000.0,3577685000.0,0.0,157125000.0,0.0,0.022,0.43,574839000.0,731964000.0,0.23,731964000.0,574839000.0,554029000.0,1.63,1.61,1.63,4647619000.0,,4647619000.0,37991237767.0,27.0,20.648,-369852000.0,-0.93,1.0,1723441000.0,0.542,3337623000.0,20810000.0,8636167000.0,,1590027000.0,0.0,0.0,0.0,6622736000.0,2404338000.0,4218398000.0,35354092767.0,-98481000.0,0.0,43460000.0,415667000.0,-171066000.0,288061000.0,-76781000.0,0.0,-299298000.0,-10463000.0,649001000.0,649001000.0,649001000.0,-23624000.0,0.0,0.204,1174879000.0,548562000.0,483207000.0,0.264,7.607,27.395,27.32,2063875000.0,0.0,88.79,3.486,3.483,1881374000.0,1405988000.0,3179758000.0,3179758000.0,0.0,,,,,36859000.0,1174879000.0,1.0,398176515.0,397751000.0,402261000.0,7.994,7932732000.0,0.0,-94972000.0,0.0,19.944,2370869000.0
8,VFC,MRQ,2019-06-30,2019-06-29,2019-06-29,2021-08-25,-867386000.0,10401964000.0,,3990855000.0,6411109000.0,,10.465,-59146000.0,560882000.0,560882000.0,896284000.0,49221000.0,2.05,1.506,3211143000.0,72726000.0,3138417000.0,3211143000.0,0.0,154361000.0,0.0,0.023,0.51,92011000.0,246372000.0,0.12,246372000.0,92011000.0,69884000.0,0.12,0.12,0.12,4151614000.0,,4151614000.0,36933852958.0,26.0,20.636,-125326000.0,-0.316,1.0,1154370000.0,0.563,3412019000.0,22127000.0,7693061000.0,,1381513000.0,0.0,0.0,0.0,6250350000.0,1947145000.0,4303205000.0,34690661958.0,62120000.0,0.0,7199000.0,-586956000.0,-202538000.0,123853000.0,-631000.0,0.0,-66180000.0,5078000.0,49221000.0,49221000.0,49221000.0,16052000.0,0.0,0.024,1058405000.0,95965000.0,507575000.0,4.25,8.356,30.201,30.121,2073555000.0,0.0,87.35,3.408,3.404,1211347000.0,931134000.0,2050654000.0,2050654000.0,0.0,,,,,33287000.0,1058405000.0,1.0,397145529.0,396727000.0,401914000.0,5.169,6989945000.0,0.0,20663000.0,0.0,17.619,2043710000.0
9,VFC,MRQ,2019-03-31,2019-03-30,2019-03-30,2021-08-25,-902075000.0,10356785000.0,,4673457000.0,5683328000.0,,10.871,-46228000.0,402226000.0,402226000.0,640885000.0,128804000.0,1.756,1.409,2780207000.0,664323000.0,2115884000.0,2780207000.0,0.0,63680000.0,0.0,0.022,0.51,157808000.0,221488000.0,0.132,221488000.0,157808000.0,133710000.0,0.33,0.33,0.33,4298516000.0,,4298516000.0,36665464138.0,24.0,20.47,181332000.0,0.459,1.0,1041765000.0,0.619,3399141000.0,24098000.0,6674021000.0,,1173102000.0,0.0,0.0,0.0,6058269000.0,2661604000.0,3396665000.0,34382069138.0,17688000.0,13000.0,61826000.0,-13219000.0,-201885000.0,-153278000.0,-72086000.0,0.0,227560000.0,15492000.0,128804000.0,128804000.0,128804000.0,-144986000.0,0.0,0.077,1030488000.0,11277000.0,489600000.0,1.545,7.999,27.292,27.245,876093000.0,0.0,86.91,3.349,3.345,1372625000.0,1179601000.0,1682650000.0,1682650000.0,0.0,,,,,16708000.0,1030488000.0,1.0,395605444.0,395405000.0,400730000.0,4.256,6957644000.0,0.0,4906000.0,0.0,17.596,2011853000.0
10,VFC,MRQ,2018-12-31,2018-12-29,2018-12-29,2021-08-25,-886565000.0,10284310000.0,,4612091000.0,5672219000.0,,10.88,-60482000.0,451978000.0,451978000.0,1464761000.0,463509000.0,1.799,1.391,2815492000.0,680252000.0,2135240000.0,2815492000.0,0.0,62790000.0,0.0,0.027,0.51,577298000.0,640088000.0,0.198,640088000.0,577298000.0,548962000.0,1.17,1.16,1.17,4300624000.0,,4300624000.0,31376842295.0,19.0,16.441,1273230000.0,3.221,1.0,1762951000.0,0.546,3539450000.0,28336000.0,6545327000.0,,1401621000.0,0.0,0.0,0.0,5983686000.0,2563047000.0,3420639000.0,28002627295.0,179460000.0,142000000.0,-142840000.0,-896457000.0,-201325000.0,-1240622000.0,69781000.0,0.0,1333712000.0,16589000.0,463509000.0,463509000.0,463509000.0,-54389000.0,0.0,0.144,1242131000.0,520820000.0,536406000.0,0.436,6.511,20.236,20.163,902665000.0,0.0,70.57,2.601,2.591,1566202000.0,1258327000.0,3227712000.0,3227712000.0,0.0,,,,,20908000.0,1242131000.0,1.0,396806395.0,395294000.0,399767000.0,8.165,6744860000.0,0.0,85453000.0,0.0,17.063,2049044000.0
11,VFC,MRQ,2018-09-30,2018-09-29,2018-09-29,2021-08-25,-862916000.0,11130425000.0,,5417954000.0,5712471000.0,,10.557,-78294000.0,266788000.0,266788000.0,1545391000.0,507121000.0,1.544,1.663,3721379000.0,1570784000.0,2150595000.0,3721379000.0,0.0,76363000.0,0.0,0.02,0.46,605497000.0,681860000.0,0.212,681860000.0,605497000.0,577192000.0,1.28,1.26,1.28,4179556000.0,,4179556000.0,40061104506.0,29.0,25.134,-252487000.0,-0.638,1.0,1673999000.0,0.52,3573044000.0,28305000.0,7503276000.0,,1723057000.0,0.0,0.0,0.0,6950869000.0,3508696000.0,3442173000.0,37049282506.0,-113710000.0,990000.0,76134000.0,253052000.0,-182334000.0,146852000.0,-89097000.0,0.0,-174193000.0,2728000.0,507121000.0,507121000.0,507121000.0,-90997000.0,0.0,0.158,1129013000.0,544986000.0,603575000.0,0.359,8.864,44.638,44.289,893811000.0,0.0,93.45,4.951,4.944,1961274000.0,1147787000.0,3219390000.0,3219390000.0,0.0,,,,,21709000.0,1129013000.0,1.0,396461022.0,395892000.0,401939000.0,8.132,7557381000.0,0.0,70071000.0,0.0,19.09,1909258000.0
12,VFC,MRQ,2018-06-30,2018-06-30,2018-06-30,2021-08-25,-882078000.0,10191754000.0,,4330147000.0,5861607000.0,,9.466,-83998000.0,392175000.0,392175000.0,1005289000.0,160358000.0,1.446,1.732,3474677000.0,1318050000.0,2156627000.0,3474677000.0,0.0,52896000.0,0.0,0.022,0.46,194814000.0,247710000.0,0.116,247710000.0,194814000.0,167815000.0,0.41,0.4,0.41,3731116000.0,,3731116000.0,35219415458.0,28.0,23.825,193146000.0,0.49,1.0,1131846000.0,0.53,3723999000.0,26999000.0,6554701000.0,,1521659000.0,0.0,0.0,0.0,6460638000.0,2995556000.0,3465082000.0,32156251458.0,-216041000.0,-33122000.0,53500000.0,-215940000.0,-181517000.0,-343957000.0,-129230000.0,0.0,277144000.0,-19998000.0,160358000.0,160358000.0,160358000.0,-98994000.0,0.0,0.075,1018747000.0,113099000.0,565943000.0,1.122,8.618,45.353,45.039,875338000.0,0.0,81.52,4.2,4.197,1222938000.0,825788000.0,2137135000.0,2137135000.0,0.0,,,,,24960000.0,1018747000.0,1.0,394458433.0,394165000.0,399548000.0,5.422,6467755000.0,0.0,7457000.0,0.0,16.409,1334591000.0
13,VFC,MRQ,2018-03-31,2018-03-31,2018-03-31,2021-08-25,-864030000.0,10311310000.0,,4683323000.0,5627987000.0,,9.331,-64164000.0,680762000.0,680762000.0,1008641000.0,252793000.0,1.492,1.796,3743926000.0,1531371000.0,2212555000.0,3743926000.0,0.0,59594000.0,0.0,0.024,0.46,279249000.0,338843000.0,0.155,338843000.0,279249000.0,255134000.0,0.64,0.63,0.64,3688096000.0,,3688096000.0,31759957597.0,26.0,21.771,-307387000.0,-0.778,1.0,1172905000.0,0.538,3813329000.0,24115000.0,6422316000.0,,1861441000.0,0.0,0.0,0.0,6623214000.0,3138829000.0,3484385000.0,29402694597.0,119793000.0,0.0,-206265000.0,794424000.0,-181373000.0,406786000.0,-55990000.0,0.0,-243223000.0,12220000.0,252793000.0,252793000.0,252793000.0,-123818000.0,0.0,0.116,1025353000.0,147552000.0,583004000.0,0.719,7.972,44.647,44.119,1011617000.0,0.0,74.12,3.776,3.762,1408587000.0,846124000.0,2181546000.0,2181546000.0,0.0,,,,,19822000.0,1025353000.0,1.0,396690429.0,395253000.0,401276000.0,5.519,6497981000.0,0.0,2341000.0,0.0,16.44,1544494000.0
14,VFC,MRQ,2017-12-31,2017-12-30,2017-12-30,2021-08-25,-926140000.0,9958502000.0,,4377764000.0,5580738000.0,,9.428,-25974000.0,563483000.0,563483000.0,-376196000.0,-90269000.0,1.595,1.677,2923338000.0,735549000.0,2187789000.0,2923338000.0,0.0,30730000.0,0.0,0.023,0.46,294757000.0,325487000.0,-5.876,325487000.0,294757000.0,267787000.0,-0.22,-0.22,-0.22,3719900000.0,,3719900000.0,32078242402.0,26.0,21.748,1442003000.0,3.655,1.0,320804000.0,-5.792,3782425000.0,26970000.0,5791832000.0,,1706609000.0,0.0,0.0,0.0,6238602000.0,2744100000.0,3494502000.0,29241031402.0,-980871000.0,-739067000.0,41749000.0,-1524447000.0,-181686000.0,-1664384000.0,-801343000.0,0.0,1467977000.0,16879000.0,-90269000.0,-90269000.0,-90269000.0,-357969000.0,0.0,1.63,380875000.0,-60071000.0,760997000.0,-2.091,7.861,47.552,48.052,1014638000.0,0.0,74.0,3.483,3.519,1429986000.0,1023745000.0,-55392000.0,-55392000.0,0.0,,,,,6179000.0,485526000.0,1.0,395149073.0,394577000.0,400378000.0,-0.14,6176077000.0,0.0,358056000.0,0.0,15.652,1633664000.0
15,VFC,MRQ,2017-09-30,2017-09-30,2017-09-30,2021-08-25,-914896000.0,10874921000.0,,5627427000.0,5247494000.0,,10.003,-65902000.0,1545535000.0,1545535000.0,1689041000.0,386140000.0,1.473,1.762,4383339000.0,2239118000.0,2144221000.0,4383339000.0,0.0,75682000.0,0.0,0.026,0.42,490505000.0,566187000.0,0.167,566187000.0,490505000.0,463397000.0,0.98,0.97,0.98,3937420000.0,,3937420000.0,27636482156.0,22.0,18.04,-54673000.0,-0.139,1.0,1703893000.0,0.502,3267041000.0,27108000.0,6624289000.0,,1843451000.0,0.0,0.0,0.0,6937501000.0,3821395000.0,3116106000.0,25022509156.0,873328000.0,5279000.0,33379000.0,1063699000.0,-165387000.0,931691000.0,-64033000.0,0.0,11229000.0,-5559000.0,386140000.0,386140000.0,386140000.0,87680000.0,0.0,0.114,1128366000.0,575527000.0,532381000.0,0.429,6.355,25.809,26.378,905671000.0,0.0,63.57,2.294,2.294,1815198000.0,1297029000.0,3392934000.0,3392934000.0,0.0,,,,,23248000.0,1128366000.0,1.0,393621349.0,393621349.0,,8.62,7607880000.0,0.0,77257000.0,0.0,19.328,1806032000.0
16,VFC,MRQ,2017-06-30,2017-06-30,2017-06-30,2021-08-25,-930597000.0,9173728000.0,,3897650000.0,5276078000.0,,9.1,-50429000.0,672045000.0,672045000.0,1142476000.0,109889000.0,1.603,1.517,3286515000.0,1174892000.0,2111623000.0,3286515000.0,0.0,65470000.0,0.0,0.028,0.42,162839000.0,228309000.0,0.101,228309000.0,162839000.0,138649000.0,0.28,0.27,0.28,3644339000.0,,3644339000.0,25055772587.0,18.0,15.126,155187000.0,0.388,1.0,1126144000.0,0.496,3213690000.0,24190000.0,6143365000.0,,1663052000.0,0.0,0.0,0.0,5529389000.0,2431143000.0,3098246000.0,23066321587.0,68660000.0,208215000.0,-750577000.0,631635000.0,-164893000.0,-283835000.0,157462000.0,0.0,205616000.0,-10583000.0,109889000.0,109889000.0,109889000.0,-2797000.0,0.0,0.048,966468000.0,159676000.0,492480000.0,1.5,6.329,21.321,21.818,903024000.0,0.0,57.6,2.128,2.128,1143573000.0,1077708000.0,2268620000.0,2268620000.0,0.0,,,,,19420000.0,966468000.0,1.0,400456972.0,400456972.0,,5.665,5960038000.0,0.0,28760000.0,0.0,14.883,1466507000.0
17,VFC,MRQ,2017-03-31,2017-03-31,2017-03-31,2021-08-25,-988040000.0,9246278000.0,,4092150000.0,5154128000.0,,10.561,-61513000.0,603262000.0,603262000.0,1243605000.0,209163000.0,2.229,1.114,2593895000.0,542413000.0,2051482000.0,2593895000.0,0.0,66438000.0,0.0,0.029,0.42,288990000.0,355428000.0,0.142,355428000.0,288990000.0,265284000.0,0.51,0.5,0.51,4373057000.0,,4373057000.0,23853500249.0,18.0,14.814,-271675000.0,-0.656,1.0,1256735000.0,0.503,3110218000.0,23706000.0,6290834000.0,,1593434000.0,0.0,0.0,0.0,4873221000.0,1835859000.0,3037362000.0,22762464249.0,-622746000.0,0.0,-435014000.0,261252000.0,-172713000.0,-346475000.0,-68337000.0,0.0,-210162000.0,2228000.0,209163000.0,209163000.0,209163000.0,4113000.0,0.0,0.084,967082000.0,289653000.0,425892000.0,0.824,5.205,22.251,22.165,897445000.0,0.0,54.97,2.09,2.09,1241496000.0,1892330000.0,2500340000.0,2500340000.0,0.0,,,,,15041000.0,967082000.0,1.0,414088853.0,414088853.0,,6.038,6136060000.0,0.0,56121000.0,0.0,14.818,2256291000.0
18,VFC,MRQ,2016-12-31,2016-12-31,2016-12-31,2021-08-25,-1041463000.0,9739287000.0,,4293098000.0,5446189000.0,,11.874,-58276000.0,1227862000.0,1227862000.0,1360905000.0,264333000.0,2.405,0.971,2318898000.0,279718000.0,2039180000.0,2318898000.0,0.0,76086000.0,0.0,0.029,0.42,305948000.0,382034000.0,0.139,382034000.0,305948000.0,281667000.0,0.64,0.63,0.64,4940921000.0,,4940921000.0,24422095454.0,18.0,14.745,1375095000.0,3.305,1.0,1382643000.0,0.504,3088595000.0,24281000.0,5956328000.0,,1424571000.0,0.0,0.0,0.0,4798366000.0,1785400000.0,3012966000.0,22071495454.0,488804000.0,0.0,8013000.0,-709719000.0,-173588000.0,-875294000.0,-61610000.0,0.0,1433371000.0,-7663000.0,264333000.0,264333000.0,264333000.0,-49131000.0,0.0,0.096,1041651000.0,340992000.0,620194000.0,0.656,4.467,20.549,20.678,895960000.0,0.0,53.35,2.002,2.013,1148797000.0,2545458000.0,2743548000.0,2743548000.0,0.0,,,,,12829000.0,962007000.0,1.0,413711255.0,416103000.0,,6.593,6650692000.0,0.0,17334000.0,0.0,15.983,2507698000.0
19,VFC,MRQ,2016-09-30,2016-10-01,2016-10-01,2021-08-25,-998020000.0,10443109000.0,,4819023000.0,5624086000.0,,11.749,-61787000.0,737825000.0,737825000.0,1693071000.0,498489000.0,2.213,1.143,3088425000.0,741303000.0,2347122000.0,3088425000.0,0.0,68019000.0,0.0,0.026,0.37,622630000.0,690649000.0,0.208,690649000.0,622630000.0,597847000.0,1.21,1.19,1.21,4872777000.0,,4872777000.0,25378481982.0,17.0,14.509,-31178000.0,-0.075,1.0,1634645000.0,0.491,3695793000.0,24783000.0,6920720000.0,,1897546000.0,0.0,0.0,0.0,5570332000.0,2177196000.0,3393136000.0,23246048982.0,60647000.0,115983000.0,-138134000.0,277823000.0,-152823000.0,-13134000.0,50496000.0,0.0,30609000.0,-7324000.0,498489000.0,498489000.0,498489000.0,-13265000.0,0.0,0.15,1026398000.0,608247000.0,550427000.0,0.306,4.771,20.719,20.836,935015000.0,0.0,56.05,2.199,2.199,1736521000.0,2454299000.0,3327716000.0,3327716000.0,0.0,,,,,13373000.0,1026398000.0,1.0,414737716.0,414737716.0,,8.024,6747316000.0,0.0,99358000.0,0.0,16.269,2641827000.0
20,VFC,MRQ,2016-06-30,2016-07-02,2016-07-02,2021-08-25,-1001455000.0,9674108000.0,,4068016000.0,5606092000.0,,11.147,-57332000.0,676262000.0,676262000.0,1185247000.0,51015000.0,1.529,1.081,2808695000.0,1408059000.0,1400636000.0,2808695000.0,0.0,69442000.0,0.0,0.023,0.37,112681000.0,182123000.0,0.078,182123000.0,112681000.0,89051000.0,0.12,0.12,0.12,4648437000.0,,4648437000.0,27936327854.0,19.0,15.787,104824000.0,0.251,1.0,1135219000.0,0.489,3688676000.0,23630000.0,5457232000.0,,1667895000.0,0.0,0.0,0.0,5025671000.0,2660633000.0,2365038000.0,25980235854.0,94931000.0,0.0,-111764000.0,267271000.0,-153999000.0,1508000.0,-58042000.0,0.0,162156000.0,-10691000.0,51015000.0,51015000.0,51015000.0,85478000.0,0.0,0.022,940797000.0,194422000.0,480797000.0,3.083,5.589,23.981,24.336,927058000.0,0.0,62.3,2.411,2.411,1121053000.0,2276398000.0,2320466000.0,2320466000.0,0.0,,,,,20409000.0,940797000.0,1.0,417018232.0,417018232.0,,5.564,5985432000.0,0.0,38036000.0,0.0,14.353,1407383000.0
21,VFC,MRQ,2016-03-31,2016-03-31,2016-03-31,2021-08-25,-950285000.0,9832263000.0,,3972874000.0,5859389000.0,,11.529,-42671000.0,585365000.0,585365000.0,1350700000.0,260269000.0,1.571,1.009,2541927000.0,1140694000.0,1401233000.0,2541927000.0,0.0,68030000.0,0.0,0.021,0.37,333431000.0,401461000.0,0.152,401461000.0,333431000.0,311403000.0,0.62,0.61,0.62,4893946000.0,,4893946000.0,28408084611.0,18.0,15.148,-188239000.0,-0.443,1.0,1283717000.0,0.487,3733423000.0,22028000.0,5525935000.0,,1613756000.0,0.0,0.0,0.0,4938317000.0,2529467000.0,2408850000.0,27489000611.0,-359752000.0,0.0,-709665000.0,675290000.0,-155584000.0,-189959000.0,-43258000.0,0.0,-145568000.0,19033000.0,260269000.0,260269000.0,260269000.0,-18334000.0,0.0,0.099,971920000.0,311797000.0,408156000.0,0.597,5.617,22.847,22.803,930145000.0,0.0,64.76,2.526,2.526,1222162000.0,2500188000.0,2634417000.0,2634417000.0,0.0,,,,,21151000.0,971920000.0,1.0,424474994.0,424474994.0,,6.206,6098840000.0,0.0,51134000.0,0.0,14.368,1443407000.0
22,VFC,MRQ,2015-12-31,2016-01-02,2016-01-02,2021-08-25,-1043222000.0,9639542000.0,,4163136000.0,5476406000.0,,12.631,-77450000.0,944423000.0,944423000.0,1090435000.0,312209000.0,2.144,0.79,1854761000.0,452941000.0,1401820000.0,1854761000.0,0.0,73771000.0,0.0,0.021,0.37,401155000.0,474926000.0,0.207,474926000.0,401155000.0,379117000.0,0.74,0.72,0.74,5384838000.0,,5384838000.0,28681172292.0,17.0,14.787,1406377000.0,3.299,1.0,1199582000.0,0.524,3737018000.0,22038000.0,4871149000.0,,1555360000.0,0.0,0.0,0.0,4254704000.0,1941713000.0,2312991000.0,26537740292.0,379195000.0,0.0,7016000.0,-836696000.0,-157591000.0,-987271000.0,-85638000.0,0.0,1483827000.0,-31723000.0,312209000.0,312209000.0,312209000.0,-3755000.0,0.0,0.136,804646000.0,394936000.0,680606000.0,0.5,4.928,21.547,21.466,945491000.0,0.0,62.25,2.413,2.413,1289962000.0,3128731000.0,2290017000.0,2290017000.0,0.0,,,,,284000.0,804646000.0,1.0,426309081.0,426309081.0,,5.372,5902524000.0,0.0,66908000.0,0.0,13.846,2221423000.0
23,VFC,MRQ,2015-09-30,2015-10-03,2015-10-03,2021-08-25,-898775000.0,10513112000.0,,4771882000.0,5741230000.0,,12.596,-71380000.0,567637000.0,567637000.0,1844441000.0,459864000.0,1.718,0.961,2689660000.0,1288602000.0,1401058000.0,2689660000.0,0.0,69039000.0,0.0,0.018,0.32,642020000.0,711059000.0,0.201,711059000.0,642020000.0,619857000.0,1.08,1.07,1.08,5361197000.0,,5361197000.0,31812844765.0,21.0,17.646,-98873000.0,-0.232,1.0,1685185000.0,0.477,3801018000.0,22163000.0,6056589000.0,,1971790000.0,0.0,0.0,0.0,5151915000.0,2777528000.0,2374387000.0,29888579765.0,-93171000.0,0.0,19007000.0,128083000.0,-136165000.0,10925000.0,-78861000.0,0.0,-27493000.0,2258000.0,459864000.0,459864000.0,459864000.0,-2229000.0,0.0,0.13,1045622000.0,639563000.0,571448000.0,0.296,5.575,28.698,28.779,935068000.0,0.0,70.22,2.496,2.496,1840673000.0,2976603000.0,3529626000.0,3529626000.0,0.0,,,,,22823000.0,1045622000.0,1.0,425641979.0,425641979.0,,8.292,6712094000.0,0.0,159993000.0,0.0,15.769,1994354000.0
24,VFC,MRQ,2015-06-30,2015-07-04,2015-07-04,2021-08-25,-913626000.0,9776915000.0,,4053703000.0,5723212000.0,,11.68,-99218000.0,658485000.0,658485000.0,1260938000.0,170811000.0,1.655,0.97,2563309000.0,1161756000.0,1401553000.0,2563309000.0,0.0,63385000.0,0.0,0.017,0.32,224516000.0,287901000.0,0.119,287901000.0,224516000.0,201656000.0,0.4,0.4,0.4,4963795000.0,,4963795000.0,32462415921.0,21.0,18.091,49010000.0,0.115,1.0,1166048000.0,0.48,3784136000.0,22860000.0,5447865000.0,,1678800000.0,0.0,0.0,0.0,4813120000.0,2449738000.0,2363382000.0,30623713921.0,4287000.0,0.0,7143000.0,89179000.0,-135607000.0,-39285000.0,-99204000.0,0.0,148228000.0,-5452000.0,170811000.0,170811000.0,170811000.0,-2969000.0,0.0,0.07,947068000.0,218980000.0,495103000.0,0.8,6.169,29.106,29.412,915841000.0,0.0,72.06,2.56,2.56,1170150000.0,2657066000.0,2426986000.0,2426986000.0,0.0,,,,,24367000.0,947068000.0,1.0,424975214.0,424975214.0,,5.711,5992779000.0,0.0,30845000.0,0.0,14.101,1603965000.0
25,VFC,MRQ,2015-03-31,2015-04-04,2015-04-04,2021-08-25,-902392000.0,9598705000.0,,3928102000.0,5670603000.0,,11.46,-69736000.0,655483000.0,655483000.0,1446547000.0,288709000.0,1.729,0.957,2484678000.0,1071345000.0,1413333000.0,2484678000.0,0.0,65880000.0,0.0,0.015,0.32,400761000.0,466641000.0,0.164,466641000.0,400761000.0,378912000.0,0.68,0.67,0.68,4904265000.0,,4904265000.0,32779079181.0,22.0,18.266,-470682000.0,-1.1,1.0,1390754000.0,0.49,4086864000.0,21849000.0,5068771000.0,,1624234000.0,0.0,0.0,0.0,4694440000.0,2272265000.0,2422175000.0,32301596181.0,-316412000.0,0.0,-734918000.0,1046246000.0,-135912000.0,175416000.0,-59119000.0,0.0,-400946000.0,-31763000.0,288709000.0,288709000.0,288709000.0,0.0,0.0,0.102,992919000.0,397835000.0,457744000.0,0.471,6.586,31.088,31.19,911478000.0,0.0,75.48,2.706,2.706,1283216000.0,2623769000.0,2837301000.0,2837301000.0,0.0,,,,,25946000.0,992919000.0,1.0,427949075.0,427949075.0,,6.63,5511841000.0,0.0,90203000.0,0.0,12.88,1655837000.0
26,VFC,MRQ,2014-12-31,2014-12-28,2014-12-28,2021-08-25,-702272000.0,9845300000.0,,4031569000.0,5813731000.0,,13.038,-63599000.0,971895000.0,971895000.0,1648315000.0,122101000.0,2.498,0.748,1439644000.0,25797000.0,1413847000.0,1439644000.0,0.0,74364000.0,0.0,0.015,0.32,262863000.0,337227000.0,0.106,337227000.0,262863000.0,241289000.0,0.28,0.28,0.28,5630882000.0,,5630882000.0,33994718991.0,22.0,18.946,1331621000.0,3.083,1.0,1530114000.0,0.481,4258508000.0,21574000.0,4440476000.0,,1482804000.0,0.0,0.0,0.0,4214418000.0,1614065000.0,2600353000.0,32407694991.0,475395000.0,0.0,25177000.0,-634236000.0,-138243000.0,-795088000.0,-74222000.0,0.0,1395220000.0,-50515000.0,122101000.0,122101000.0,122101000.0,280244000.0,0.0,0.038,987880000.0,542234000.0,690842000.0,1.143,5.755,30.938,31.008,942181000.0,0.0,75.04,2.728,2.728,1276224000.0,3231753000.0,3178429000.0,3178429000.0,0.0,,,,,26873000.0,987880000.0,1.0,431872268.0,431872268.0,,7.36,5586792000.0,0.0,119188000.0,0.0,12.936,2417504000.0
27,VFC,MRQ,2014-09-30,2014-09-27,2014-09-27,2021-08-25,-418235000.0,10815876000.0,,4524213000.0,6291663000.0,,13.599,-86535000.0,496500000.0,496500000.0,1818655000.0,470529000.0,1.996,0.845,2083524000.0,659213000.0,1424311000.0,2083524000.0,0.0,69318000.0,0.0,0.016,0.263,633325000.0,702643000.0,0.2,702643000.0,633325000.0,610770000.0,1.09,1.08,1.09,5862360000.0,,5862360000.0,30103724485.0,17.0,14.779,60724000.0,0.141,1.0,1701792000.0,0.483,4775522000.0,22555000.0,5360900000.0,,1822162000.0,0.0,0.0,0.0,4953516000.0,2266478000.0,2687038000.0,28569038485.0,20609000.0,0.0,5100000.0,74619000.0,-113065000.0,-24755000.0,-91446000.0,0.0,147259000.0,-10449000.0,470529000.0,470529000.0,470529000.0,0.0,0.0,0.134,1068710000.0,633082000.0,674950000.0,0.241,4.873,22.094,22.238,940193000.0,0.0,66.27,2.382,2.382,1764636000.0,3249659000.0,3520447000.0,3520447000.0,0.0,,,,,23860000.0,1068710000.0,1.0,431100626.0,431100626.0,,8.166,6040354000.0,0.0,140241000.0,0.0,14.011,2257735000.0
28,VFC,MRQ,2014-06-30,2014-06-28,2014-06-28,2021-08-25,-232212000.0,10215327000.0,,3779912000.0,6435415000.0,,13.138,-57923000.0,475891000.0,475891000.0,1239344000.0,157682000.0,2.021,0.807,2010577000.0,585454000.0,1425123000.0,2010577000.0,0.0,67184000.0,0.0,0.016,0.263,220819000.0,288003000.0,0.12,288003000.0,220819000.0,199481000.0,0.37,0.36,0.37,5653368000.0,,5653368000.0,28360171414.0,17.0,14.335,148010000.0,0.344,1.0,1162732000.0,0.484,4940332000.0,21338000.0,4939357000.0,,1615245000.0,0.0,0.0,0.0,4561959000.0,1870324000.0,2691635000.0,26989763414.0,154219000.0,0.0,-198459000.0,318131000.0,-112849000.0,14245000.0,-64454000.0,0.0,205933000.0,-1505000.0,157682000.0,157682000.0,157682000.0,0.0,0.0,0.066,942924000.0,219808000.0,537192000.0,0.711,4.774,21.483,21.778,921970000.0,0.0,62.72,2.293,2.293,1178874000.0,2902617000.0,2402076000.0,2402076000.0,0.0,,,,,26624000.0,942924000.0,1.0,430321483.0,430321483.0,,5.582,5274995000.0,0.0,41799000.0,0.0,12.258,1909588000.0
29,VFC,MRQ,2014-03-31,2014-03-29,2014-03-29,2021-08-25,-209489000.0,9985152000.0,,3534521000.0,6450631000.0,,13.068,-93963000.0,321672000.0,321672000.0,1406566000.0,297193000.0,2.293,0.735,1692080000.0,266247000.0,1425833000.0,1692080000.0,0.0,64017000.0,0.0,0.016,0.263,402429000.0,466446000.0,0.168,466446000.0,402429000.0,381792000.0,0.68,0.67,0.68,5754829000.0,,5754829000.0,27701249300.0,16.0,14.207,-80309000.0,-0.182,1.0,1374212000.0,0.494,4969045000.0,20637000.0,4844982000.0,,1512459000.0,0.0,0.0,0.0,4230323000.0,1541533000.0,2688790000.0,27026846300.0,-454731000.0,0.0,-524744000.0,241487000.0,-114776000.0,-366260000.0,-99133000.0,0.0,13654000.0,-2992000.0,297193000.0,297193000.0,297193000.0,0.0,0.0,0.107,971022000.0,403190000.0,467578000.0,0.387,4.696,21.851,21.686,921970000.0,0.0,61.37,2.332,2.332,1310468000.0,3029597000.0,2780778000.0,2780778000.0,0.0,,,,,26956000.0,971022000.0,1.0,440391825.0,440391825.0,,6.314,5016107000.0,0.0,84599000.0,0.0,11.39,1992988000.0
30,VFC,MRQ,2013-12-31,2013-12-28,2013-12-28,2021-08-25,-211720000.0,10315443000.0,,3882982000.0,6432461000.0,,13.802,-79750000.0,776403000.0,776403000.0,1704690000.0,367667000.0,2.476,0.697,1450806000.0,23977000.0,1426829000.0,1450806000.0,0.0,72164000.0,0.0,0.015,0.263,507657000.0,579821000.0,0.176,579821000.0,507657000.0,486672000.0,0.84,0.82,0.84,6077038000.0,,6077038000.0,28696745308.0,17.0,15.099,1008215000.0,2.29,1.0,1585409000.0,0.482,4981951000.0,20985000.0,4439894000.0,,1399062000.0,0.0,0.0,0.0,4238405000.0,1568001000.0,2670404000.0,27113971308.0,460742000.0,0.0,18536000.0,-451555000.0,-115346000.0,-542171000.0,-94985000.0,0.0,1087965000.0,9933000.0,367667000.0,367667000.0,367667000.0,0.0,0.0,0.112,1077027000.0,508382000.0,638732000.0,0.313,4.462,22.406,22.312,932792000.0,0.0,61.58,2.374,2.374,1360443000.0,3432090000.0,3290099000.0,3290099000.0,0.0,,,,,16860000.0,1077027000.0,1.0,440304828.0,440304828.0,,7.472,5333492000.0,169321000.0,119005000.0,0.0,12.113,2314981000.0
31,VFC,MRQ,2013-09-30,2013-09-28,2013-09-28,2021-08-25,-365970000.0,10452061000.0,,4093904000.0,6358157000.0,,12.802,-61223000.0,315661000.0,315661000.0,1728144000.0,433761000.0,1.992,0.857,1898435000.0,471297000.0,1427138000.0,1898435000.0,0.0,64394000.0,0.0,0.018,0.217,579712000.0,644106000.0,0.195,644106000.0,579712000.0,558466000.0,0.99,0.97,0.99,5628877000.0,,5628877000.0,23373766465.0,15.0,12.671,65440000.0,0.149,1.0,1569125000.0,0.476,4954088000.0,21246000.0,5026087000.0,,1752284000.0,0.0,0.0,0.0,4823184000.0,2054660000.0,2768524000.0,21816756465.0,-4451000.0,0.0,2986000.0,22349000.0,-95330000.0,-65982000.0,-66812000.0,0.0,126663000.0,1680000.0,433761000.0,433761000.0,433761000.0,0.0,0.0,0.132,989422000.0,579703000.0,659135000.0,0.219,3.876,18.542,18.529,904809000.0,0.0,49.62,1.954,1.954,1663118000.0,3182932000.0,3297269000.0,3297269000.0,0.0,,,,,22379000.0,989422000.0,1.0,439676672.0,439676672.0,,7.499,5497973000.0,0.0,124705000.0,0.0,12.505,2039244000.0
32,VFC,MRQ,2013-06-30,2013-06-29,2013-06-29,2021-08-25,-440871000.0,9549567000.0,,3297707000.0,6251860000.0,,11.833,-71395000.0,320112000.0,320112000.0,1143358000.0,138274000.0,2.006,0.842,1877122000.0,449299000.0,1427823000.0,1877122000.0,0.0,58767000.0,0.0,0.017,0.217,200637000.0,259404000.0,0.117,259404000.0,200637000.0,179103000.0,0.32,0.31,0.32,5184057000.0,,5184057000.0,22857789439.0,15.0,12.729,208344000.0,0.476,1.0,1077053000.0,0.485,4890481000.0,21534000.0,4571798000.0,,1522809000.0,0.0,0.0,0.0,4365510000.0,1644298000.0,2721212000.0,21144614439.0,19675000.0,0.0,33451000.0,-135681000.0,-95197000.0,-183716000.0,-73477000.0,0.0,279739000.0,-2871000.0,138274000.0,138274000.0,138274000.0,0.0,0.0,0.062,875719000.0,201334000.0,555719000.0,0.678,4.079,18.809,18.868,883197000.0,0.0,48.265,1.92,1.92,1060778000.0,2849101000.0,2220411000.0,2220411000.0,0.0,,,,,24670000.0,875719000.0,1.0,438094156.0,438094156.0,,5.068,4659086000.0,0.0,40829000.0,0.0,10.635,1653409000.0
33,VFC,MRQ,2013-03-31,2013-03-30,2013-03-30,2021-08-25,-423135000.0,9491274000.0,,3259627000.0,6231647000.0,,11.541,-112774000.0,300437000.0,300437000.0,1355277000.0,270417000.0,1.911,0.865,2013612000.0,585116000.0,1428496000.0,2013612000.0,0.0,57948000.0,0.0,0.019,0.217,359257000.0,417205000.0,0.16,417205000.0,359257000.0,338249000.0,0.61,0.6,0.61,5088994000.0,,5088994000.0,19738711008.0,13.0,10.962,-101100000.0,-0.229,1.0,1256592000.0,0.481,4898404000.0,21008000.0,4600645000.0,,1409443000.0,0.0,0.0,0.0,4402280000.0,1705400000.0,2696880000.0,18491574008.0,-297024000.0,0.0,-288968000.0,169047000.0,-96263000.0,-191962000.0,-114999000.0,0.0,11674000.0,-1737000.0,270417000.0,270417000.0,270417000.0,0.0,0.0,0.104,898864000.0,357728000.0,432918000.0,0.356,3.634,16.204,16.173,866251000.0,0.0,41.938,1.691,1.691,1208682000.0,2807442000.0,2611869000.0,2611869000.0,0.0,,,,,23209000.0,898864000.0,1.0,440931720.0,440931720.0,,5.924,4592870000.0,0.0,67832000.0,0.0,10.416,1554227000.0
34,VFC,MRQ,2012-12-31,2012-12-29,2012-12-29,2021-08-25,-453895000.0,9633021000.0,,3449583000.0,6183438000.0,,11.632,-80044000.0,597461000.0,597461000.0,1595512000.0,334168000.0,1.991,0.879,1844598000.0,415432000.0,1429166000.0,1844598000.0,0.0,71173000.0,0.0,0.02,0.217,452771000.0,523944000.0,0.173,523944000.0,452771000.0,429945000.0,0.758,0.75,0.758,5125625000.0,,5125625000.0,18604320896.0,12.0,10.611,1092351000.0,2.479,1.0,1437748000.0,0.474,4926815000.0,22826000.0,4221131000.0,,1354158000.0,0.0,0.0,0.0,4507396000.0,1732212000.0,2775184000.0,16335253896.0,292858000.0,4000000.0,16242000.0,-728880000.0,-95709000.0,-800790000.0,-80845000.0,0.0,1172395000.0,2098000.0,334168000.0,334168000.0,334168000.0,0.0,0.0,0.11,987460000.0,450288000.0,562638000.0,0.286,3.187,15.042,15.009,828218000.0,0.0,37.072,1.501,1.501,1222345000.0,2941447000.0,3033260000.0,3033260000.0,0.0,,,,,19665000.0,987460000.0,1.0,440629952.0,440629952.0,,6.884,4706206000.0,140515000.0,95777000.0,0.0,10.681,1717371000.0
35,VFC,MRQ,2012-09-30,2012-09-29,2012-09-29,2021-08-25,-386853000.0,10131732000.0,,3998800000.0,6132932000.0,,11.208,-76014000.0,304603000.0,304603000.0,1678090000.0,381318000.0,1.642,1.056,2573670000.0,1143846000.0,1429824000.0,2573670000.0,0.0,56012000.0,0.0,0.018,0.18,539093000.0,595105000.0,0.189,595105000.0,539093000.0,515252000.0,0.87,0.855,0.87,4926784000.0,,4926784000.0,19698027060.0,14.0,11.927,-46538000.0,-0.106,1.0,1470264000.0,0.467,4926088000.0,23841000.0,5038869000.0,,1758686000.0,0.0,0.0,0.0,5204948000.0,2435842000.0,2769106000.0,17513430060.0,-25909000.0,-1495000.0,31162000.0,58326000.0,-78939000.0,24761000.0,-84792000.0,0.0,29476000.0,4646000.0,381318000.0,381318000.0,381318000.0,0.0,0.0,0.121,933372000.0,536892000.0,535367000.0,0.207,3.555,17.355,17.359,775476000.0,0.0,39.84,1.628,1.628,1612579000.0,2705905000.0,3148354000.0,3148354000.0,0.0,,,,,26633000.0,933372000.0,1.0,439594128.0,439594128.0,,7.162,5205644000.0,0.0,133934000.0,0.0,11.842,1562958000.0
36,VFC,MRQ,2012-06-30,2012-06-30,2012-06-30,2021-08-25,-416386000.0,9426069000.0,,3339809000.0,6086260000.0,,10.323,-88262000.0,330512000.0,330512000.0,1155412000.0,155425000.0,1.889,1.084,2515109000.0,684636000.0,1830473000.0,2515109000.0,0.0,57868000.0,0.0,0.021,0.18,206602000.0,264470000.0,0.123,264470000.0,206602000.0,183009000.0,0.355,0.35,0.355,4524052000.0,,4524052000.0,16810328627.0,13.0,11.023,97004000.0,0.221,1.0,986374000.0,0.461,4924666000.0,23593000.0,4917961000.0,,1570298000.0,0.0,0.0,0.0,4902017000.0,1768039000.0,3133978000.0,14621575627.0,4863000.0,68264000.0,-78912000.0,1871000.0,-78657000.0,-152510000.0,-22485000.0,0.0,185266000.0,-5408000.0,155297000.0,155297000.0,155297000.0,0.0,128000.0,0.073,822389000.0,163985000.0,506742000.0,0.507,3.232,15.747,15.812,735827000.0,0.0,33.362,1.412,1.412,1033835000.0,2409436000.0,2141786000.0,2141786000.0,0.0,,,,,23594000.0,822389000.0,1.0,438263788.0,438263788.0,,4.887,4501403000.0,0.0,27712000.0,0.0,10.271,1571770000.0
37,VFC,MRQ,2012-03-31,2012-03-31,2012-03-31,2021-08-25,-376979000.0,9503317000.0,,3363333000.0,6139984000.0,,10.064,-38510000.0,325649000.0,325649000.0,1388866000.0,215227000.0,1.766,1.135,2514402000.0,683289000.0,1831113000.0,2514402000.0,0.0,52903000.0,0.0,0.018,0.18,316875000.0,369778000.0,0.145,369778000.0,316875000.0,293530000.0,0.487,0.477,0.487,4452473000.0,,4452473000.0,17920376839.0,14.0,12.022,-150647000.0,-0.341,1.0,1167589000.0,0.457,4975151000.0,23345000.0,4812599000.0,,1516446000.0,0.0,0.0,0.0,5051649000.0,1904320000.0,3147329000.0,16145393839.0,-15579000.0,0.0,-213004000.0,396897000.0,-79924000.0,126024000.0,-32169000.0,0.0,-112137000.0,2703000.0,215216000.0,215216000.0,215216000.0,0.0,11000.0,0.084,853487000.0,314102000.0,537531000.0,0.37,3.626,17.888,17.785,729079000.0,0.0,36.495,1.605,1.605,1206179000.0,2335520000.0,2556455000.0,2556455000.0,0.0,,,,,22922000.0,853487000.0,1.0,442400160.0,442400160.0,,5.779,4528166000.0,0.0,78314000.0,0.0,10.235,1459013000.0
38,VFC,MRQ,2011-12-31,2011-12-31,2011-12-31,2021-08-25,-421477000.0,9313126000.0,,3187944000.0,6125182000.0,,10.253,-77987000.0,341228000.0,341228000.0,1595173000.0,257994000.0,1.913,1.058,2116211000.0,284430000.0,1831781000.0,2116211000.0,0.0,66691000.0,0.0,0.021,0.18,355505000.0,422196000.0,0.145,422196000.0,355505000.0,330500000.0,0.582,0.577,0.582,4525991000.0,,4525991000.0,16658547099.0,13.0,11.578,1032217000.0,2.338,1.0,1315066000.0,0.452,4981923000.0,25005000.0,4440154000.0,,1453645000.0,0.0,0.0,0.0,4787951000.0,1666032000.0,3121919000.0,14014972099.0,3837000.0,0.0,23862000.0,-871818000.0,-79445000.0,-1024491000.0,-80081000.0,0.0,1110204000.0,-1795000.0,257318000.0,257318000.0,257318000.0,0.0,676000.0,0.088,963707000.0,351359000.0,637116000.0,0.309,3.097,15.781,15.639,737451000.0,0.0,31.747,1.482,1.482,1120246000.0,2520804000.0,2910239000.0,2910239000.0,0.0,,,,,22492000.0,963707000.0,1.0,441451204.0,441451204.0,,6.592,4331203000.0,106717000.0,73182000.0,0.0,9.811,1521912000.0
39,VFC,MRQ,2011-09-30,2011-10-01,2011-10-01,2021-08-25,-279966000.0,10119048000.0,,3942392000.0,6176656000.0,,10.16,-40766000.0,337391000.0,337391000.0,1504982000.0,301412000.0,1.48,1.269,2980966000.0,1148554000.0,1832412000.0,2980966000.0,0.0,44289000.0,0.0,0.021,0.158,424304000.0,468593000.0,0.17,468593000.0,424304000.0,403633000.0,0.685,0.672,0.685,4458811000.0,,4458811000.0,13700790459.0,14.0,12.065,-27278000.0,-0.062,1.0,1245089000.0,0.453,5055939000.0,20671000.0,5042120000.0,,1777902000.0,0.0,0.0,0.0,5659149000.0,2664564000.0,2994585000.0,13332408459.0,-274087000.0,-2207065000.0,24051000.0,2013362000.0,-69095000.0,1975529000.0,-2250004000.0,0.0,13488000.0,-13100000.0,300700000.0,300700000.0,300700000.0,0.0,712000.0,0.109,814971000.0,430118000.0,666845000.0,0.231,2.99,19.464,19.313,704935000.0,0.0,30.38,1.537,1.537,1547741000.0,2348152000.0,2750071000.0,2750071000.0,0.0,,,,,21270000.0,814971000.0,1.0,438854788.0,438854788.0,,6.266,5063109000.0,0.0,102933000.0,0.0,11.537,1277828000.0
40,VFC,MRQ,2011-06-30,2011-07-02,2011-07-02,2021-08-25,-179783000.0,6800446000.0,,3045908000.0,3754538000.0,,9.756,-31380000.0,611478000.0,611478000.0,994591000.0,129567000.0,3.004,0.593,979860000.0,45260000.0,934600000.0,979860000.0,0.0,42814000.0,0.0,0.022,0.158,187247000.0,230061000.0,0.125,230061000.0,187247000.0,171285000.0,0.297,0.292,0.297,4269293000.0,,4269293000.0,12493139880.0,14.0,11.723,-40836000.0,-0.093,1.0,845532000.0,0.459,2749859000.0,15962000.0,3405055000.0,,1285950000.0,0.0,0.0,0.0,2529908000.0,1013914000.0,1515994000.0,12188084880.0,-61485000.0,0.0,35096000.0,2115000.0,-68707000.0,-25162000.0,-33638000.0,0.0,-9456000.0,6771000.0,129368000.0,129368000.0,129368000.0,0.0,199000.0,0.07,656861000.0,188671000.0,456114000.0,0.532,2.855,19.436,19.209,626271000.0,0.0,27.852,1.494,1.494,889201000.0,2118343000.0,1840123000.0,1840123000.0,0.0,,,,,19275000.0,656861000.0,1.0,437593928.0,437593928.0,,4.205,4050587000.0,0.0,41917000.0,0.0,9.256,2031994000.0
41,VFC,MRQ,2011-03-31,2011-04-02,2011-04-02,2021-08-25,-202203000.0,6693138000.0,,2950028000.0,3743110000.0,,9.532,-40863000.0,672963000.0,672963000.0,1033856000.0,201420000.0,2.845,0.622,978018000.0,42774000.0,935244000.0,978018000.0,0.0,44941000.0,0.0,0.025,0.158,272961000.0,317902000.0,0.162,317902000.0,272961000.0,257021000.0,0.463,0.455,0.463,4125507000.0,,4125507000.0,10884459774.0,13.0,10.408,-73728000.0,-0.17,1.0,924943000.0,0.472,2743898000.0,15940000.0,3217449000.0,,1183314000.0,0.0,0.0,0.0,2566691000.0,1036846000.0,1529845000.0,10701503774.0,-119276000.0,0.0,43583000.0,2877000.0,-68475000.0,-13631000.0,-96310000.0,0.0,-32865000.0,23530000.0,200703000.0,200703000.0,200703000.0,0.0,717000.0,0.102,650300000.0,274643000.0,429541000.0,0.341,2.594,17.585,17.573,615372000.0,0.0,24.725,1.353,1.353,892294000.0,2059492000.0,1958799000.0,1958799000.0,0.0,,,,,13702000.0,650300000.0,1.0,432821184.0,432821184.0,,4.526,3949240000.0,0.0,56318000.0,0.0,9.124,1913182000.0
42,VFC,MRQ,2010-12-31,2010-12-28,2010-12-28,2021-08-25,-268594000.0,6457556000.0,,2826060000.0,3631496000.0,,8.9,-45833000.0,792239000.0,792239000.0,1135117000.0,55309000.0,2.547,0.672,975195000.0,39313000.0,935882000.0,975195000.0,0.0,50016000.0,0.0,0.028,0.158,68991000.0,119007000.0,0.056,119007000.0,68991000.0,52803000.0,0.127,0.125,0.127,3861219000.0,,3861219000.0,10005516968.0,12.0,10.014,506825000.0,1.168,1.0,991122000.0,0.466,2657563000.0,16188000.0,2873474000.0,,1070694000.0,0.0,0.0,0.0,2596237000.0,1109475000.0,1486762000.0,9420095968.0,389376000.0,156000.0,-32580000.0,-12214000.0,-68282000.0,-107997000.0,-55775000.0,0.0,552658000.0,490000.0,54224000.0,54224000.0,54224000.0,0.0,1085000.0,0.026,917591000.0,73531000.0,510998000.0,1.244,2.44,16.487,16.549,602908000.0,0.0,21.712,1.223,1.223,773083000.0,1940508000.0,2126239000.0,2126239000.0,0.0,,,,,15947000.0,715853000.0,1.0,433855888.0,433855888.0,,4.901,3799993000.0,68220000.0,-1421000.0,0.0,8.759,1716585000.0
43,VFC,MRQ,2010-09-30,2010-10-01,2010-10-01,2021-08-25,-229199000.0,6691116000.0,,2884694000.0,3806422000.0,,9.128,-31171000.0,402863000.0,402863000.0,1195379000.0,243254000.0,2.493,0.699,988284000.0,51773000.0,936511000.0,988284000.0,0.0,43448000.0,0.0,0.03,0.15,355287000.0,398735000.0,0.179,398735000.0,355287000.0,334730000.0,0.562,0.555,0.562,3939070000.0,,3939070000.0,9371299117.0,10.0,8.773,108953000.0,0.252,1.0,1036988000.0,0.465,2885523000.0,20557000.0,3233734000.0,,1211307000.0,0.0,0.0,0.0,2752807000.0,1157280000.0,1595527000.0,8729628117.0,-137328000.0,0.0,895000.0,-196320000.0,-64659000.0,-259562000.0,-34056000.0,0.0,140124000.0,16166000.0,242787000.0,242787000.0,242787000.0,0.0,467000.0,0.109,682443000.0,354545000.0,482082000.0,0.267,2.216,14.947,15.078,598174000.0,0.0,20.205,1.165,1.164,1098858000.0,2057965000.0,2232367000.0,2232367000.0,0.0,,,,,16238000.0,682443000.0,1.0,432052864.0,431524000.0,436760000.0,5.173,3805593000.0,0.0,91943000.0,0.0,8.819,1727414000.0
44,VFC,MRQ,2010-06-30,2010-07-03,2010-07-03,2021-08-25,-314793000.0,6324556000.0,,2590554000.0,3734002000.0,,8.372,-30206000.0,540191000.0,540191000.0,842502000.0,111490000.0,2.326,0.734,1181862000.0,244712000.0,937150000.0,1181862000.0,0.0,38863000.0,0.0,0.034,0.15,171288000.0,210151000.0,0.132,210151000.0,171288000.0,150794000.0,0.255,0.25,0.255,3648925000.0,,3648925000.0,8246063766.0,10.0,8.004,94140000.0,0.216,1.0,751602000.0,0.471,2832208000.0,20494000.0,3020074000.0,,1102180000.0,0.0,0.0,0.0,2676722000.0,1113945000.0,1562777000.0,7775656766.0,-178443000.0,-9335000.0,-176814000.0,-6046000.0,-65116000.0,-246887000.0,-41012000.0,0.0,124346000.0,-14890000.0,110835000.0,110835000.0,110835000.0,0.0,655000.0,0.07,582078000.0,169524000.0,427955000.0,0.588,2.131,13.906,13.902,593465000.0,0.0,17.655,1.057,1.046,735022000.0,1879305000.0,1594104000.0,1594104000.0,0.0,,,,,16579000.0,582078000.0,1.0,440422360.0,435828000.0,441916000.0,3.658,3492348000.0,0.0,39959000.0,0.0,8.013,1476609000.0
45,VFC,MRQ,2010-03-31,2010-04-03,2010-04-03,2021-08-25,-246241000.0,6472208000.0,,2650773000.0,3821435000.0,,8.677,-18040000.0,718634000.0,718634000.0,932203000.0,163459000.0,2.501,0.692,1189041000.0,251215000.0,937826000.0,1189041000.0,0.0,41069000.0,0.0,0.029,0.15,230234000.0,271303000.0,0.155,271303000.0,230234000.0,209735000.0,0.37,0.365,0.37,3826780000.0,,3826780000.0,9415540964.0,12.0,9.542,166114000.0,0.377,1.0,817676000.0,0.467,2892597000.0,20499000.0,2989951000.0,,952182000.0,0.0,0.0,0.0,2647342000.0,1060067000.0,1587275000.0,8959963964.0,-12915000.0,-29111000.0,-65607000.0,1776000.0,-66224000.0,-128386000.0,-49637000.0,0.0,184154000.0,-19046000.0,163516000.0,163516000.0,163516000.0,0.0,-57000.0,0.093,594416000.0,223260000.0,296437000.0,0.405,2.341,17.104,17.05,601859000.0,0.0,20.255,1.237,1.233,787682000.0,2024856000.0,1749879000.0,1749879000.0,0.0,,,,,14774000.0,594416000.0,1.0,442358132.0,441036000.0,446516000.0,3.968,3579611000.0,0.0,46219000.0,0.0,8.116,1590706000.0
46,VFC,MRQ,2009-12-31,2009-12-28,2009-12-28,2021-08-25,-209742000.0,6473863000.0,,2632562000.0,3841301000.0,,8.593,-28499000.0,731549000.0,731549000.0,1028946000.0,64985000.0,2.402,0.697,1187126000.0,248632000.0,938494000.0,1187126000.0,0.0,49537000.0,0.0,0.032,0.15,138500000.0,188037000.0,0.098,188037000.0,138500000.0,117757000.0,0.152,0.147,0.152,3815151000.0,,3815151000.0,9198573056.0,12.0,10.066,681112000.0,1.534,1.0,886423000.0,0.463,2902801000.0,20743000.0,2930850000.0,,958639000.0,0.0,0.0,0.0,2660578000.0,1095789000.0,1564789000.0,8183256056.0,352401000.0,-5120000.0,-43814000.0,-208478000.0,-66132000.0,-317088000.0,-46737000.0,0.0,709611000.0,6615000.0,66885000.0,66885000.0,66885000.0,0.0,-1900000.0,0.035,748683000.0,137740000.0,373186000.0,0.987,2.145,17.741,17.639,614178000.0,0.0,18.433,1.133,1.133,776140000.0,2050109000.0,1915369000.0,1915369000.0,0.0,,,,,9040000.0,626730000.0,1.0,443958012.0,443958012.0,,4.314,3571062000.0,64959000.0,50872000.0,0.0,8.044,1536773000.0
47,VFC,MRQ,2009-09-30,2009-10-03,2009-10-03,2021-08-25,-201708000.0,6906166000.0,,2928733000.0,3977433000.0,,8.696,-23843000.0,379148000.0,379148000.0,1165843000.0,218061000.0,2.161,0.79,1394465000.0,455322000.0,939143000.0,1394465000.0,0.0,42032000.0,0.0,0.034,0.147,318675000.0,360707000.0,0.172,360707000.0,318675000.0,297350000.0,0.492,0.485,0.492,3857011000.0,,3857011000.0,8820798231.0,11.0,9.266,155360000.0,0.35,1.0,927963000.0,0.443,3038790000.0,21325000.0,3527636000.0,,1171151000.0,0.0,0.0,0.0,3048598000.0,1355057000.0,1693541000.0,7707927231.0,-6054000.0,0.0,-703000.0,-104262000.0,-65533000.0,-163829000.0,-23666000.0,0.0,179203000.0,2238000.0,217920000.0,217920000.0,217920000.0,0.0,141000.0,0.104,610072000.0,317891000.0,362010000.0,0.299,1.998,15.106,14.905,630080000.0,0.0,17.29,1.068,1.063,1102878000.0,2105758000.0,2093806000.0,2093806000.0,0.0,,,,,7159000.0,610072000.0,1.0,445802616.0,443524000.0,448580000.0,4.721,3867376000.0,0.0,79430000.0,0.0,8.72,1573676000.0
48,VFC,MRQ,2009-06-30,2009-07-03,2009-07-03,2021-08-25,-249671000.0,6719247000.0,,2734877000.0,3984370000.0,,8.262,-24429000.0,385202000.0,385202000.0,833693000.0,74978000.0,2.338,0.844,1498073000.0,358283000.0,1139790000.0,1498073000.0,0.0,44435000.0,0.0,0.043,0.147,122246000.0,166681000.0,0.112,166681000.0,122246000.0,100427000.0,0.172,0.17,0.172,3643489000.0,,3643489000.0,7197916458.0,9.0,7.335,95605000.0,0.217,1.0,651944000.0,0.439,3020549000.0,21819000.0,3641751000.0,,1221167000.0,0.0,0.0,0.0,3075417000.0,1169818000.0,1905599000.0,6042785458.0,108774000.0,0.0,1873000.0,63677000.0,-65051000.0,916000.0,-21024000.0,0.0,120034000.0,8848000.0,75527000.0,75527000.0,75527000.0,0.0,-549000.0,0.051,532206000.0,119738000.0,382491000.0,0.855,1.659,11.484,11.362,630369000.0,0.0,13.658,0.824,0.822,881014000.0,2006729000.0,1485637000.0,1485637000.0,0.0,,,,,8171000.0,532206000.0,1.0,442451800.0,440972000.0,444964000.0,3.369,3698698000.0,0.0,24900000.0,0.0,8.388,1565059000.0
49,VFC,MRQ,2009-03-31,2009-04-03,2009-04-03,2021-08-25,-297760000.0,6552564000.0,,2621259000.0,3931305000.0,,8.122,-18823000.0,276428000.0,276428000.0,996640000.0,100434000.0,2.387,0.834,1431559000.0,291145000.0,1140414000.0,1431559000.0,0.0,34448000.0,0.0,0.036,0.147,163967000.0,198415000.0,0.115,198415000.0,163967000.0,141952000.0,0.23,0.228,0.23,3573306000.0,,3573306000.0,7907318749.0,9.0,7.724,-54186000.0,-0.123,1.0,728834000.0,0.422,3000950000.0,22015000.0,3608541000.0,,1118073000.0,0.0,0.0,0.0,2978395000.0,1098204000.0,1880191000.0,7090714749.0,-105416000.0,-207219000.0,-6740000.0,234802000.0,-64966000.0,160658000.0,-225449000.0,0.0,-35363000.0,-5262000.0,100939000.0,100939000.0,100939000.0,0.0,-505000.0,0.058,567386000.0,161448000.0,323536000.0,0.639,1.984,12.784,12.671,632413000.0,0.0,16.093,0.943,0.941,996507000.0,1996972000.0,1725474000.0,1725474000.0,0.0,,,,,11668000.0,567386000.0,1.0,440622324.0,439968000.0,444112000.0,3.922,3551614000.0,0.0,41013000.0,0.0,8.072,1523055000.0
50,VFC,MRQ,2008-12-31,2008-12-28,2008-12-28,2021-08-25,-276294000.0,6433868000.0,,2653010000.0,3780858000.0,,8.076,-44991000.0,381844000.0,381844000.0,1099210000.0,115832000.0,2.621,0.809,1198448000.0,56902000.0,1141546000.0,1198448000.0,0.0,49046000.0,0.0,0.043,0.147,177146000.0,226192000.0,0.118,226192000.0,177146000.0,152612000.0,0.265,0.262,0.265,3555892000.0,,3555892000.0,7326726291.0,8.0,6.611,574609000.0,1.305,1.0,812940000.0,0.425,2680020000.0,24534000.0,3558270000.0,,1151895000.0,0.0,0.0,0.0,2876623000.0,1012182000.0,1864441000.0,5993617291.0,155887000.0,0.0,1522000.0,-349763000.0,-64888000.0,-413471000.0,-33612000.0,0.0,619600000.0,-16630000.0,115863000.0,115863000.0,115863000.0,0.0,-31000.0,0.061,633137000.0,179803000.0,435381000.0,0.555,1.686,9.944,9.864,642727000.0,0.0,13.613,0.784,0.784,851282000.0,1972874000.0,1912150000.0,1912150000.0,0.0,,,,,-2232000.0,633137000.0,1.0,440302464.0,440302464.0,,4.343,3753848000.0,96339000.0,36749000.0,0.0,8.526,1640828000.0
51,VFC,MRQ,2008-09-30,2008-09-27,2008-09-27,2021-08-25,78268000.0,6984265000.0,,3104387000.0,3879878000.0,,8.847,-32693000.0,225957000.0,225957000.0,1227577000.0,234051000.0,2.197,0.808,1559066000.0,416896000.0,1142170000.0,1559066000.0,0.0,39223000.0,0.0,0.029,0.145,350793000.0,390016000.0,0.177,390016000.0,350793000.0,326483000.0,0.535,0.525,0.535,3861002000.0,,3861002000.0,10004929367.0,10.0,8.494,-36221000.0,-0.083,1.0,979050000.0,0.444,2714210000.0,24310000.0,4189840000.0,,1341842000.0,0.0,0.0,0.0,3121422000.0,1413324000.0,1708098000.0,8737705367.0,-50052000.0,-14894000.0,41497000.0,16278000.0,-63642000.0,6723000.0,-47288000.0,0.0,-3528000.0,-5959000.0,233875000.0,233875000.0,233875000.0,0.0,176000.0,0.106,627839000.0,351211000.0,418712000.0,0.271,2.263,13.416,13.461,661577000.0,0.0,20.058,1.137,1.139,1313919000.0,1925132000.0,2206627000.0,2206627000.0,0.0,,,,,7520000.0,627839000.0,1.0,435632824.0,436424000.0,445032000.0,5.056,4270055000.0,0.0,92608000.0,0.0,9.784,1691063000.0
52,VFC,MRQ,2008-06-30,2008-06-28,2008-06-28,2021-08-25,146453000.0,6780441000.0,,2839066000.0,3941375000.0,,8.5,-36455000.0,276009000.0,276009000.0,942763000.0,104018000.0,2.126,0.834,1543233000.0,400344000.0,1142889000.0,1543233000.0,0.0,40679000.0,0.0,0.032,0.145,168494000.0,209173000.0,0.125,209173000.0,168494000.0,145487000.0,0.24,0.235,0.24,3696276000.0,,3696276000.0,9060059130.0,9.0,7.849,76829000.0,0.177,1.0,734719000.0,0.438,2742384000.0,23007000.0,3969895000.0,,1343856000.0,0.0,0.0,0.0,3082585000.0,1335386000.0,1747199000.0,7869452130.0,16154000.0,-78483000.0,-15159000.0,92181000.0,-63177000.0,14799000.0,-114518000.0,0.0,113284000.0,2589000.0,103978000.0,103978000.0,103978000.0,0.0,40000.0,0.062,570863000.0,163856000.0,477442000.0,0.604,2.129,12.599,12.624,667220000.0,0.0,18.027,1.042,1.038,994157000.0,1754433000.0,1677482000.0,1677482000.0,0.0,,,,,10470000.0,570863000.0,1.0,436524872.0,434844000.0,443940000.0,3.858,4038057000.0,0.0,41509000.0,0.0,9.286,1503680000.0
53,VFC,MRQ,2008-03-31,2008-03-29,2008-03-29,2021-08-25,138974000.0,6642143000.0,,2778483000.0,3863660000.0,,8.347,-20669000.0,259855000.0,259855000.0,1014130000.0,148946000.0,2.243,0.819,1450462000.0,306842000.0,1143620000.0,1450462000.0,0.0,37223000.0,0.0,0.03,0.145,245609000.0,282832000.0,0.153,282832000.0,245609000.0,223410000.0,0.34,0.333,0.34,3651426000.0,,3651426000.0,9265871689.0,9.0,8.229,-71624000.0,-0.164,1.0,832211000.0,0.451,2746972000.0,22199000.0,3847245000.0,,1170594000.0,0.0,0.0,0.0,2989065000.0,1238533000.0,1750532000.0,8307576689.0,-62008000.0,0.0,-112617000.0,169936000.0,-63528000.0,2188000.0,-20368000.0,0.0,-50955000.0,7127000.0,149032000.0,149032000.0,149032000.0,0.0,-86000.0,0.081,588086000.0,244125000.0,367901000.0,0.426,2.275,13.793,13.796,658315000.0,0.0,18.942,1.124,1.121,1123141000.0,1739214000.0,1846341000.0,1846341000.0,0.0,,,,,15834000.0,588086000.0,1.0,438568124.0,437444000.0,447508000.0,4.221,3895171000.0,0.0,74378000.0,0.0,8.904,1539950000.0
54,VFC,MRQ,2007-12-31,2007-12-29,2007-12-29,2021-08-25,61495000.0,6446685000.0,,2645129000.0,3801556000.0,,8.126,-51005000.0,321863000.0,321863000.0,1105013000.0,165033000.0,2.332,0.802,1280158000.0,135348000.0,1144810000.0,1280158000.0,0.0,43139000.0,0.0,0.032,0.145,252659000.0,295798000.0,0.151,295798000.0,252659000.0,226910000.0,0.375,0.365,0.375,3576829000.0,,3576829000.0,9248792475.0,10.0,8.425,616949000.0,1.402,1.0,850175000.0,0.435,2713432000.0,25749000.0,3557161000.0,,1138752000.0,0.0,0.0,0.0,2869856000.0,1134387000.0,1735469000.0,7727409475.0,128008000.0,6233000.0,-8055000.0,-444870000.0,-63803000.0,-516276000.0,-31404000.0,0.0,667954000.0,7734000.0,164408000.0,164408000.0,164408000.0,-362000.0,625000.0,0.084,599560000.0,250615000.0,509879000.0,0.387,2.16,13.061,13.101,651858000.0,0.0,17.555,1.07,1.07,970951000.0,1786216000.0,1955188000.0,1955188000.0,0.0,,,,,13964000.0,599560000.0,1.0,440182824.0,440182824.0,,4.442,3733253000.0,104489000.0,62502000.0,0.0,8.481,1510742000.0
55,VFC,MRQ,2007-09-30,2007-09-29,2007-09-29,2021-08-25,-29634000.0,6695984000.0,,2980622000.0,3715362000.0,,7.677,-20935000.0,193855000.0,193855000.0,1163399000.0,207207000.0,1.924,0.988,1715238000.0,528446000.0,1186792000.0,1715238000.0,0.0,33567000.0,0.0,0.027,0.138,332965000.0,366532000.0,0.177,366532000.0,332965000.0,313616000.0,0.472,0.46,0.472,3367793000.0,,3367793000.0,9511118936.0,11.0,9.417,50237000.0,0.115,1.0,909760000.0,0.439,2700782000.0,19349000.0,3967710000.0,,1295994000.0,0.0,0.0,0.0,3328191000.0,1548875000.0,1779316000.0,8881717936.0,16006000.0,-875862000.0,2075000.0,895708000.0,-60472000.0,837763000.0,-897004000.0,0.0,71172000.0,4075000.0,207207000.0,207207000.0,207207000.0,2110000.0,0.0,0.1,578721000.0,331039000.0,413814000.0,0.292,2.637,16.576,16.684,640726000.0,0.0,20.188,1.294,1.29,1266490000.0,1685982000.0,2073159000.0,2073159000.0,0.0,,,,,13703000.0,578721000.0,1.0,439961260.0,438684000.0,449696000.0,4.726,3995202000.0,0.0,106409000.0,0.0,9.107,1431747000.0
56,VFC,MRQ,2007-06-30,2007-06-30,2007-06-30,2021-08-25,-58336000.0,5413422000.0,,2537147000.0,2876275000.0,,7.188,-25128000.0,177849000.0,177849000.0,865727000.0,81662000.0,2.375,0.704,807250000.0,205021000.0,602229000.0,807250000.0,0.0,32201000.0,0.0,0.024,0.138,148650000.0,180851000.0,0.119,180851000.0,148650000.0,135549000.0,0.185,0.18,0.185,3177180000.0,,3177180000.0,11047473004.0,13.0,11.298,76247000.0,0.172,1.0,651666000.0,0.429,1902729000.0,13101000.0,3071694000.0,,1217721000.0,0.0,0.0,0.0,2236242000.0,1068400000.0,1167842000.0,10199208004.0,3694000.0,327186000.0,-133802000.0,-217520000.0,-60829000.0,-402556000.0,302163000.0,0.0,101375000.0,2712000.0,81662000.0,81662000.0,81662000.0,24143000.0,0.0,0.054,483204000.0,168462000.0,424229000.0,0.746,3.21,19.379,19.353,594886000.0,0.0,22.895,1.545,1.533,924455000.0,1540694000.0,1517393000.0,1517393000.0,0.0,,,,,13402000.0,483204000.0,1.0,445477528.0,442016000.0,453892000.0,3.433,3510693000.0,0.0,53887000.0,0.0,7.942,1468747000.0
57,VFC,MRQ,2007-03-31,2007-03-31,2007-03-31,2021-08-25,-97277000.0,5670788000.0,,2689095000.0,2981693000.0,,7.257,-23162000.0,174155000.0,174155000.0,945883000.0,138344000.0,2.157,0.746,1022420000.0,387140000.0,635280000.0,1022420000.0,0.0,32320000.0,0.0,0.027,0.138,222301000.0,254621000.0,0.152,254621000.0,222301000.0,208378000.0,0.31,0.3,0.31,3248030000.0,,3248030000.0,9748988069.0,11.0,9.872,-43087000.0,-0.096,1.0,727736000.0,0.435,1879891000.0,13923000.0,3392479000.0,,1027073000.0,0.0,0.0,0.0,2422758000.0,1246683000.0,1176075000.0,9299510069.0,-169069000.0,-157111000.0,-140679000.0,227554000.0,-61530000.0,30417000.0,-179817000.0,0.0,-19925000.0,256000.0,138344000.0,138344000.0,138344000.0,-4266000.0,0.0,0.083,512411000.0,215325000.0,301698000.0,0.445,2.863,17.105,16.889,591940000.0,0.0,20.655,1.445,1.437,1002563000.0,1707305000.0,1673619000.0,1673619000.0,0.0,,,,,21344000.0,512411000.0,1.0,450230456.0,447572000.0,459280000.0,3.739,3790897000.0,0.0,70034000.0,0.0,8.47,1442412000.0
58,VFC,MRQ,2006-12-31,2006-12-30,2006-12-30,2021-08-25,-123652000.0,5465693000.0,,2578010000.0,2887683000.0,,7.304,-47518000.0,343224000.0,343224000.0,907449000.0,108592000.0,2.54,0.674,792702000.0,157343000.0,635359000.0,792702000.0,0.0,34566000.0,0.0,0.024,0.138,173381000.0,207947000.0,0.13,207947000.0,173381000.0,158492000.0,0.243,0.237,0.243,3265172000.0,,3265172000.0,10023299778.0,12.0,10.421,420060000.0,0.94,1.0,691312000.0,0.432,1786618000.0,14889000.0,3113705000.0,,958262000.0,0.0,0.0,0.0,2200521000.0,1014848000.0,1185673000.0,9173709778.0,189028000.0,352000.0,39976000.0,-217378000.0,-61754000.0,-227155000.0,-53794000.0,0.0,467578000.0,2399000.0,108592000.0,108592000.0,108592000.0,32801000.0,0.0,0.068,486094000.0,205218000.0,385700000.0,0.568,2.81,17.195,17.029,593058000.0,0.0,20.52,1.476,1.476,809594000.0,1806875000.0,1598761000.0,1598761000.0,0.0,,,,,10373000.0,486094000.0,1.0,447061880.0,447061880.0,,3.576,3679075000.0,84519000.0,49900000.0,0.0,8.229,1563162000.0
59,VFC,MRQ,2006-09-30,2006-09-30,2006-09-30,2021-08-25,-155956000.0,5676457000.0,,2765467000.0,2910990000.0,,7.047,-23075000.0,154196000.0,154196000.0,1018021000.0,197707000.0,2.22,0.818,1003786000.0,338311000.0,665475000.0,1003786000.0,0.0,31518000.0,0.0,0.023,0.138,302882000.0,334400000.0,0.185,334400000.0,302882000.0,287047000.0,0.445,0.438,0.445,3123126000.0,,3123126000.0,8888758964.0,11.0,9.243,20128000.0,0.045,1.0,792077000.0,0.438,1778159000.0,15835000.0,3502107000.0,,1040024000.0,0.0,0.0,0.0,2553331000.0,1245781000.0,1307550000.0,8091762964.0,-7476000.0,-31093000.0,26157000.0,36594000.0,-61168000.0,5822000.0,-58925000.0,0.0,43203000.0,2424000.0,197707000.0,197707000.0,197707000.0,-11750000.0,0.0,0.109,504253000.0,287824000.0,357370000.0,0.31,2.591,14.649,14.649,560043000.0,0.0,18.238,1.494,1.493,1078172000.0,1759888000.0,1810098000.0,1810098000.0,0.0,,,,,8850000.0,504253000.0,1.0,443688168.0,443208000.0,452248000.0,4.084,3898298000.0,0.0,89340000.0,0.0,8.796,1519686000.0
60,VFC,MRQ,2006-06-30,2006-07-01,2006-07-01,2021-08-25,-180782000.0,5406569000.0,,2534114000.0,2872455000.0,,6.647,-33799000.0,161672000.0,161672000.0,765554000.0,99032000.0,2.147,0.851,958668000.0,265309000.0,693359000.0,958668000.0,0.0,33462000.0,0.0,0.021,0.138,157096000.0,190558000.0,0.141,190558000.0,157096000.0,143240000.0,0.225,0.22,0.225,2921407000.0,,2921407000.0,8238689257.0,10.0,8.671,53200000.0,0.121,1.0,585759000.0,0.433,1738797000.0,13856000.0,3284714000.0,,1044131000.0,0.0,0.0,0.0,2485162000.0,1180054000.0,1305108000.0,7455397257.0,7658000.0,-2668000.0,-13514000.0,13758000.0,-61355000.0,-54038000.0,-28799000.0,0.0,86999000.0,3496000.0,99032000.0,99032000.0,99032000.0,-9473000.0,0.0,0.073,439970000.0,145789000.0,413187000.0,0.613,2.552,13.953,14.115,559077000.0,0.0,16.98,1.374,1.375,769086000.0,1623467000.0,1351313000.0,1351313000.0,0.0,,,,,9962000.0,439970000.0,1.0,439069332.0,439516000.0,450156000.0,3.075,3667772000.0,0.0,44208000.0,0.0,8.345,1354060000.0
61,VFC,MRQ,2006-03-31,2006-04-01,2006-04-01,2021-08-25,-186975000.0,5219097000.0,,2352403000.0,2866694000.0,,6.488,-28415000.0,154014000.0,154014000.0,824600000.0,128185000.0,2.168,0.831,937306000.0,247987000.0,689319000.0,937306000.0,0.0,29300000.0,0.0,0.02,0.072,199603000.0,228903000.0,0.157,228903000.0,199603000.0,186924000.0,0.29,0.285,0.29,2850846000.0,,2850846000.0,6792720153.0,8.0,7.159,-135442000.0,-0.308,1.0,631022000.0,0.434,1721203000.0,12679000.0,3196129000.0,,873550000.0,0.0,0.0,0.0,2368251000.0,1085057000.0,1283194000.0,6268637153.0,-142543000.0,-1225000.0,-51526000.0,72973000.0,-32252000.0,-10054000.0,-25229000.0,0.0,-107027000.0,-233000.0,128185000.0,128185000.0,128185000.0,-10043000.0,0.0,0.088,443709000.0,187313000.0,299419000.0,0.248,2.199,11.782,11.904,563339000.0,0.0,14.225,1.134,1.131,821020000.0,1626459000.0,1455622000.0,1455622000.0,0.0,,,,,17242000.0,443709000.0,1.0,440677480.0,439416000.0,449356000.0,3.313,3497894000.0,0.0,58739000.0,0.0,7.96,1267346000.0
62,VFC,MRQ,2005-12-31,2005-12-31,2005-12-31,2021-08-25,-164802000.0,5171071000.0,,2365376000.0,2805695000.0,,6.315,-19624000.0,296557000.0,296557000.0,396323000.0,127470000.0,2.053,0.841,820640000.0,172912000.0,647728000.0,820640000.0,0.0,25137000.0,0.0,0.02,0.072,182644000.0,207781000.0,0.26,207781000.0,182644000.0,168569000.0,0.285,0.28,0.285,2808213000.0,,2808213000.0,6979166064.0,9.0,7.522,400079000.0,0.9,1.0,401454000.0,0.503,1723824000.0,14075000.0,2819187000.0,,900452000.0,0.0,0.0,0.0,2362858000.0,1152143000.0,1210715000.0,6152522064.0,81008000.0,448000.0,-46644000.0,-223063000.0,-32359000.0,-300878000.0,-38580000.0,0.0,419703000.0,763000.0,127470000.0,127470000.0,127470000.0,-35906000.0,0.0,0.16,261794000.0,139660000.0,392709000.0,0.253,2.191,12.142,12.189,510678000.0,0.0,13.835,1.088,1.088,676265000.0,1585421000.0,797777000.0,797777000.0,0.0,,,,,4718000.0,261794000.0,1.0,444707052.0,444707052.0,,1.794,3447247000.0,98586000.0,41099000.0,0.0,7.752,1213233000.0
63,VFC,MRQ,2005-09-30,2005-10-01,2005-10-01,2021-08-25,-140607000.0,5356591000.0,,2535760000.0,2820831000.0,,6.244,-28666000.0,215549000.0,215549000.0,1055613000.0,179630000.0,1.75,0.93,1042193000.0,514682000.0,527511000.0,1042193000.0,0.0,32697000.0,0.0,0.019,0.068,290223000.0,322920000.0,0.177,322920000.0,290223000.0,270866000.0,0.403,0.393,0.403,2775405000.0,,2775405000.0,7339894482.0,9.0,8.045,90390000.0,0.203,1.0,766473000.0,0.421,1845143000.0,19357000.0,2889222000.0,,1170098000.0,0.0,0.0,0.0,2581186000.0,1448870000.0,1132316000.0,6472555482.0,-33968000.0,-985000.0,-29933000.0,-76507000.0,-30448000.0,-131564000.0,-23793000.0,0.0,119056000.0,2333000.0,179630000.0,179630000.0,179630000.0,0.0,0.0,0.099,478471000.0,288002000.0,356438000.0,0.169,2.332,12.829,12.825,557168000.0,0.0,14.492,1.16,1.154,950649000.0,1543619000.0,1822086000.0,1822086000.0,0.0,,,,,10153000.0,478471000.0,1.0,446614144.0,444456000.0,456584000.0,4.1,3511448000.0,0.0,91236000.0,0.0,7.901,1086890000.0
64,VFC,MRQ,2005-06-30,2005-07-02,2005-07-02,2021-08-25,-133028000.0,5240018000.0,,2418951000.0,2821067000.0,,6.006,-25013000.0,249517000.0,249517000.0,841812000.0,96749000.0,1.678,0.978,1116856000.0,557675000.0,559181000.0,1116856000.0,0.0,33605000.0,0.0,0.019,0.068,155688000.0,189293000.0,0.13,189293000.0,155688000.0,137198000.0,0.217,0.212,0.217,2648687000.0,,2648687000.0,7064799843.0,9.0,7.946,27327000.0,0.062,1.0,610295000.0,0.42,1849279000.0,18490000.0,2816133000.0,,1177324000.0,0.0,0.0,0.0,2591331000.0,1441945000.0,1149386000.0,6432385843.0,-116347000.0,-180817000.0,-47752000.0,117064000.0,-30508000.0,40122000.0,-197570000.0,0.0,52340000.0,-11239000.0,96749000.0,96749000.0,96749000.0,0.0,0.0,0.067,456511000.0,153784000.0,384757000.0,0.313,2.429,13.391,13.28,559587000.0,0.0,14.342,1.159,1.14,792747000.0,1451625000.0,1452107000.0,1452107000.0,0.0,,,,,8412000.0,456511000.0,1.0,448484284.0,441016000.0,453132000.0,3.293,3390739000.0,0.0,40449000.0,0.0,7.688,977006000.0
65,VFC,MRQ,2005-03-31,2005-04-02,2005-04-02,2021-08-25,-110062000.0,5019669000.0,,2353957000.0,2665712000.0,,5.912,-35193000.0,365864000.0,365864000.0,915564000.0,102853000.0,1.89,0.899,998278000.0,439415000.0,558863000.0,998278000.0,0.0,29995000.0,0.0,0.018,0.068,177808000.0,207803000.0,0.131,207803000.0,177808000.0,159134000.0,0.23,0.223,0.23,2643113000.0,,2643113000.0,7053781194.0,9.0,8.011,-64946000.0,-0.145,1.0,666621000.0,0.421,1681809000.0,18674000.0,2725094000.0,,987737000.0,0.0,0.0,0.0,2376556000.0,1245180000.0,1131376000.0,6538587194.0,-119643000.0,-23817000.0,-4700000.0,-5282000.0,-30801000.0,-31173000.0,-54600000.0,0.0,-29753000.0,-4117000.0,102853000.0,102853000.0,102853000.0,0.0,0.0,0.065,480115000.0,186506000.0,319010000.0,0.296,2.474,13.804,13.636,572404000.0,0.0,14.55,1.218,1.212,844009000.0,1441369000.0,1582185000.0,1582185000.0,0.0,,,,,17229000.0,480115000.0,1.0,449387436.0,447044000.0,459972000.0,3.539,3337860000.0,0.0,56281000.0,0.0,7.467,1108777000.0
66,VFC,MRQ,2004-12-31,2004-12-31,2004-12-31,2021-08-25,-113071000.0,5004278000.0,,2378568000.0,2625710000.0,,5.657,-14731000.0,485507000.0,485507000.0,346836000.0,125303000.0,1.733,0.991,1000701000.0,444062000.0,556639000.0,1000701000.0,0.0,25368000.0,0.0,0.019,0.068,166971000.0,192339000.0,0.266,192339000.0,166971000.0,147970000.0,0.28,0.275,0.28,2513241000.0,,2513241000.0,7076893736.0,9.0,8.063,410931000.0,0.925,1.0,376455000.0,0.52,1671114000.0,19001000.0,2476144000.0,,973248000.0,0.0,0.0,0.0,2491037000.0,1372214000.0,1118823000.0,6151381736.0,303500000.0,-19831000.0,28640000.0,-81352000.0,-30509000.0,-83495000.0,-53068000.0,0.0,425662000.0,11081000.0,125303000.0,125303000.0,125303000.0,-75823000.0,0.0,0.173,293397000.0,83058000.0,369937000.0,0.243,2.448,12.958,12.879,572254000.0,0.0,13.845,1.179,1.179,751582000.0,1427283000.0,723291000.0,723291000.0,0.0,,,,,10047000.0,256038000.0,1.0,444303484.0,444303484.0,,1.628,3333164000.0,99338000.0,22667000.0,0.0,7.502,1006354000.0
67,VFC,MRQ,2004-09-30,2004-10-02,2004-10-02,2021-08-25,-129346000.0,4926660000.0,,2314496000.0,2612164000.0,,5.363,-20860000.0,182007000.0,182007000.0,1072741000.0,155437000.0,1.604,1.085,1107519000.0,550420000.0,557099000.0,1107519000.0,0.0,46363000.0,0.0,0.021,0.065,253329000.0,299692000.0,0.167,299692000.0,253329000.0,233507000.0,0.352,0.345,0.352,2362891000.0,,2362891000.0,6537543543.0,9.0,7.357,134487000.0,0.305,1.0,719828000.0,0.402,1654688000.0,19822000.0,2754879000.0,,1052776000.0,0.0,0.0,0.0,2563769000.0,1442605000.0,1121164000.0,5484094543.0,4625000.0,-14598000.0,17264000.0,-110103000.0,-29211000.0,-122050000.0,-30424000.0,0.0,155347000.0,1936000.0,155437000.0,155437000.0,155437000.0,0.0,0.0,0.087,453446000.0,266382000.0,347214000.0,0.185,2.321,12.052,11.991,575268000.0,0.0,12.435,0.926,0.925,923610000.0,1332421000.0,1792569000.0,1792569000.0,0.0,,,,,0.0,466197000.0,1.0,441020872.0,440596000.0,452136000.0,4.069,3271972000.0,0.0,78070000.0,0.0,7.426,871891000.0
68,VFC,MRQ,2004-06-30,2004-07-03,2004-07-03,2021-08-25,-134759000.0,4818041000.0,,2182980000.0,2635061000.0,,5.042,-25029000.0,177382000.0,177382000.0,769708000.0,90088000.0,1.826,1.178,1230831000.0,372262000.0,858569000.0,1230831000.0,0.0,29482000.0,0.0,0.021,0.065,151200000.0,180682000.0,0.142,180682000.0,151200000.0,132630000.0,0.205,0.2,0.205,2211735000.0,,2211735000.0,5760515170.0,8.0,6.998,75067000.0,0.171,1.0,499829000.0,0.394,1672598000.0,18570000.0,3003587000.0,,1094120000.0,0.0,0.0,0.0,2606306000.0,1195305000.0,1411001000.0,5317742170.0,-374306000.0,-610143000.0,18723000.0,166150000.0,-29070000.0,155765000.0,-631689000.0,0.0,100096000.0,1522000.0,90088000.0,90088000.0,90088000.0,0.0,0.0,0.071,360417000.0,139412000.0,379699000.0,0.317,2.404,12.516,12.41,594193000.0,0.0,12.1,0.956,0.954,763013000.0,1205577000.0,1269537000.0,1269537000.0,0.0,,,,,0.0,371785000.0,1.0,439482824.0,438620000.0,450568000.0,2.894,3145443000.0,0.0,42542000.0,0.0,7.171,987675000.0
69,VFC,MRQ,2004-03-31,2004-04-03,2004-04-03,2021-08-25,-135529000.0,4337921000.0,,2297530000.0,2040391000.0,,4.893,-14454000.0,551688000.0,551688000.0,878393000.0,103874000.0,3.229,1.038,994461000.0,37730000.0,956731000.0,994461000.0,0.0,29003000.0,0.0,0.022,0.065,176013000.0,205016000.0,0.143,205016000.0,176013000.0,157385000.0,0.237,0.233,0.237,2128127000.0,,2128127000.0,5628687888.0,8.0,7.063,28432000.0,0.065,1.0,554276000.0,0.387,1017463000.0,18628000.0,3051670000.0,,872568000.0,0.0,0.0,0.0,2209794000.0,711561000.0,1498233000.0,5151997888.0,36903000.0,0.0,41986000.0,2755000.0,-28941000.0,15382000.0,-14077000.0,0.0,42886000.0,-4152000.0,103874000.0,103874000.0,103874000.0,0.0,0.0,0.073,381717000.0,172559000.0,256899000.0,0.274,2.421,12.574,12.503,579387000.0,0.0,11.777,0.949,0.944,747337000.0,1143803000.0,1432669000.0,1432669000.0,0.0,,,,,0.0,394957000.0,1.0,437444100.0,434920000.0,446060000.0,3.294,3320458000.0,0.0,53511000.0,0.0,7.635,1585969000.0
70,VFC,MRQ,2003-12-31,2004-01-03,2004-01-03,2021-08-25,-189455000.0,4245552000.0,,2208531000.0,2037021000.0,,4.514,-7379000.0,514785000.0,514785000.0,868747000.0,105633000.0,2.533,1.176,991475000.0,35092000.0,956383000.0,991475000.0,0.0,33691000.0,0.0,0.024,0.065,169530000.0,203221000.0,0.143,203221000.0,169530000.0,151564000.0,0.242,0.24,0.242,1951307000.0,,1951307000.0,5521583907.0,8.0,7.097,491346000.0,1.137,1.0,556457000.0,0.39,1019606000.0,17966000.0,2830779000.0,,932985000.0,0.0,0.0,0.0,2294245000.0,871857000.0,1422388000.0,4601296907.0,297294000.0,451000.0,24069000.0,-206086000.0,-28663000.0,-210852000.0,-8980000.0,0.0,498725000.0,15696000.0,105633000.0,105633000.0,105633000.0,0.0,0.0,0.074,394516000.0,161941000.0,315219000.0,0.269,2.358,11.563,11.609,591680000.0,0.0,10.645,0.877,0.877,633863000.0,1067602000.0,1425204000.0,1425204000.0,0.0,,,,,1584000.0,372788000.0,1.0,432249592.0,432249592.0,,3.297,3225946000.0,0.0,45931000.0,0.0,7.463,1336674000.0
71,VFC,MRQ,2003-09-30,2003-10-04,2003-10-04,2021-08-25,-181821000.0,4281202000.0,,2302303000.0,1978899000.0,,4.321,-19754000.0,217491000.0,217491000.0,898325000.0,125289000.0,2.216,1.31,1137778000.0,226929000.0,910849000.0,1137778000.0,0.0,28518000.0,0.0,0.025,0.062,205759000.0,234277000.0,0.163,234277000.0,205759000.0,190790000.0,0.29,0.285,0.29,1853184000.0,,1853184000.0,4755340400.0,8.0,6.531,152916000.0,0.357,1.0,537078000.0,0.374,1061023000.0,14969000.0,3101440000.0,,1062585000.0,0.0,0.0,0.0,2428018000.0,1039026000.0,1388992000.0,4296983400.0,12514000.0,-575389000.0,4722000.0,455112000.0,-27430000.0,432404000.0,-591714000.0,0.0,172670000.0,-20000.0,125289000.0,125289000.0,125289000.0,0.0,0.0,0.087,332502000.0,204576000.0,246337000.0,0.214,2.319,11.648,11.806,600408000.0,0.0,10.0,0.837,0.836,840159000.0,989344000.0,1435403000.0,1435403000.0,0.0,,,,,0.0,341861000.0,1.0,429698340.0,428852000.0,439100000.0,3.347,3220179000.0,0.0,65501000.0,0.0,7.509,1263277000.0
72,VFC,MRQ,2003-06-30,2003-07-05,2003-07-05,2021-08-25,-181537000.0,3517109000.0,,2078055000.0,1439054000.0,,4.07,-24939000.0,204977000.0,204977000.0,714011000.0,74945000.0,2.711,1.011,663334000.0,61179000.0,602155000.0,663334000.0,0.0,25476000.0,0.0,0.029,0.062,128965000.0,154441000.0,0.136,154441000.0,128965000.0,114730000.0,0.172,0.17,0.172,1748667000.0,,1748667000.0,4073006450.0,6.0,5.5,-20547000.0,-0.048,1.0,420731000.0,0.371,483211000.0,14235000.0,2725621000.0,,1030931000.0,0.0,0.0,0.0,1768442000.0,766634000.0,1001808000.0,3676839450.0,-60363000.0,-186000.0,-29453000.0,1042000.0,-27415000.0,-56164000.0,-21773000.0,0.0,4392000.0,11410000.0,74945000.0,74945000.0,74945000.0,0.0,0.0,0.066,295118000.0,125613000.0,262930000.0,0.36,2.103,9.888,10.047,557907000.0,0.0,8.51,0.722,0.718,695499000.0,889647000.0,1134742000.0,1134742000.0,0.0,,,,,0.0,301157000.0,1.0,432061040.0,429648000.0,440352000.0,2.641,3033898000.0,0.0,39785000.0,0.0,7.061,1311421000.0
73,VFC,MRQ,2003-03-31,2003-04-05,2003-04-05,2021-08-25,-205400000.0,3432271000.0,,1995598000.0,1436673000.0,,3.933,-26743000.0,265340000.0,265340000.0,781292000.0,92066000.0,2.684,1.013,661507000.0,59335000.0,602172000.0,661507000.0,0.0,30453000.0,0.0,0.026,0.062,155620000.0,186073000.0,0.149,186073000.0,155620000.0,141422000.0,0.21,0.207,0.21,1704669000.0,,1704669000.0,4302438023.0,7.0,5.613,-162858000.0,-0.376,1.0,468763000.0,0.375,477922000.0,14198000.0,2606995000.0,,894116000.0,0.0,0.0,0.0,1727602000.0,743521000.0,984081000.0,4134822023.0,-231027000.0,-2914000.0,-28107000.0,-4221000.0,-27750000.0,-60078000.0,-34437000.0,0.0,-136115000.0,3254000.0,92066000.0,92066000.0,92066000.0,0.0,0.0,0.074,316004000.0,152759000.0,235758000.0,0.295,2.426,10.718,10.888,560549000.0,0.0,9.505,0.807,0.804,688908000.0,871127000.0,1250055000.0,1250055000.0,0.0,,,,,0.0,322334000.0,1.0,435015468.0,433424000.0,443772000.0,2.884,2954349000.0,0.0,49356000.0,0.0,6.816,1252077000.0
74,VFC,MRQ,2002-12-31,2003-01-04,2003-01-04,2021-08-25,-214141000.0,3503151000.0,,2074540000.0,1428611000.0,,3.815,-17139000.0,496367000.0,496367000.0,873447000.0,76600000.0,2.371,1.113,663983000.0,61696000.0,602287000.0,663983000.0,0.0,26812000.0,0.0,0.026,0.062,126472000.0,153284000.0,0.117,153284000.0,126472000.0,112348000.0,0.175,0.167,0.175,1657848000.0,,1657848000.0,4465265274.0,39.0,20.161,240923000.0,0.554,1.0,437169000.0,0.334,473355000.0,14124000.0,2322568000.0,,830518000.0,0.0,0.0,0.0,1845303000.0,874844000.0,970459000.0,4060362274.0,241390000.0,0.0,3006000.0,2417000.0,-27812000.0,-22658000.0,-6001000.0,0.0,258062000.0,8343000.0,76600000.0,76600000.0,76600000.0,-6263000.0,0.0,0.058,320760000.0,116409000.0,298456000.0,0.354,2.449,-26.273,-25.114,566546000.0,0.0,9.342,0.799,0.799,587859000.0,833332000.0,1310616000.0,1310616000.0,0.0,,,,,1003000.0,325180000.0,1.0,434611964.0,434611964.0,,3.016,3029796000.0,258589000.0,35748000.0,0.0,6.971,1199696000.0
75,VFC,MRQ,2002-09-30,2002-09-28,2002-09-28,2021-08-25,-114280000.0,3498858000.0,,2044263000.0,1454595000.0,,3.913,-11748000.0,254977000.0,254977000.0,871117000.0,128249000.0,2.22,1.055,659880000.0,57330000.0,602550000.0,659880000.0,0.0,28125000.0,0.0,0.026,0.06,218584000.0,246709000.0,0.176,246709000.0,218584000.0,196716000.0,0.29,0.287,0.29,1702553000.0,,1702553000.0,4587800211.0,-44.0,-1516.628,151365000.0,0.348,1.0,529272000.0,0.378,474500000.0,21868000.0,2508585000.0,,878636000.0,0.0,0.0,0.0,1796305000.0,920676000.0,875629000.0,4091280211.0,-17222000.0,-1342000.0,-37556000.0,-107785000.0,-26771000.0,-174510000.0,-12252000.0,0.0,163113000.0,1893000.0,128249000.0,128249000.0,128249000.0,315000.0,0.0,0.092,312957000.0,216315000.0,270950000.0,0.207,2.403,-11.902,-11.761,569765000.0,0.0,9.35,0.817,0.812,744918000.0,781801000.0,1400389000.0,1400389000.0,0.0,,,,,0.0,321027000.0,1.0,437570076.0,435068000.0,447396000.0,3.219,3024358000.0,0.0,68467000.0,0.0,6.951,1123587000.0
76,VFC,MRQ,2002-06-30,2002-06-29,2002-06-29,2021-08-25,-108871000.0,3472333000.0,,1980213000.0,1492120000.0,,3.751,-9244000.0,272199000.0,272199000.0,725076000.0,88866000.0,2.367,1.111,768719000.0,65942000.0,702777000.0,768719000.0,0.0,26039000.0,0.0,0.024,0.06,154470000.0,180509000.0,0.156,180509000.0,154470000.0,137977000.0,0.198,0.198,0.198,1644839000.0,,1644839000.0,4867325935.0,-37.0,-184.034,106676000.0,0.243,1.0,435180000.0,0.375,471534000.0,16493000.0,2660702000.0,,892620000.0,0.0,0.0,0.0,1827494000.0,836617000.0,990877000.0,4317605935.0,51119000.0,0.0,-33385000.0,-2309000.0,-27263000.0,-66178000.0,-19408000.0,0.0,115920000.0,5869000.0,88866000.0,88866000.0,88866000.0,-386000.0,0.0,0.077,283254000.0,151926000.0,264924000.0,0.303,2.625,-11.719,-11.465,592765000.0,0.0,9.803,0.861,0.857,640857000.0,720370000.0,1160256000.0,1160256000.0,0.0,,,,,0.0,288578000.0,1.0,440459672.0,438504000.0,451928000.0,2.646,3000799000.0,0.0,49111000.0,0.0,6.843,1143596000.0
77,VFC,MRQ,2002-03-31,2002-03-30,2002-03-30,2021-08-25,-106945000.0,3416991000.0,,1919005000.0,1497986000.0,,3.682,-12782000.0,221080000.0,221080000.0,784368000.0,-448258000.0,2.342,1.11,770800000.0,66949000.0,703851000.0,770800000.0,0.0,26422000.0,0.0,0.022,0.06,-385444000.0,-359022000.0,-0.296,-359022000.0,-385444000.0,-404284000.0,-1.028,-0.99,-1.028,1619593000.0,,1619593000.0,5419990585.0,-36.0,-189.272,95707000.0,0.218,1.0,427894000.0,0.353,470466000.0,18840000.0,2676795000.0,,817857000.0,0.0,0.0,0.0,1797398000.0,819450000.0,977948000.0,4769408585.0,-110969000.0,0.0,-16935000.0,-210473000.0,-26927000.0,-256737000.0,-6919000.0,0.0,108489000.0,-2607000.0,-448258000.0,-448258000.0,-448258000.0,-1949000.0,0.0,-0.37,290620000.0,137274000.0,231302000.0,-0.058,2.945,-12.295,-12.014,616165000.0,0.0,10.812,0.922,0.919,662993000.0,703047000.0,1212262000.0,1212262000.0,0.0,,,,,0.0,295117000.0,1.0,441101372.0,439820000.0,453508000.0,2.756,2946525000.0,0.0,43974000.0,0.0,6.699,1099555000.0
78,VFC,MRQ,2001-12-31,2001-12-29,2001-12-29,2021-08-25,-103040000.0,4103016000.0,,2031420000.0,2071596000.0,,4.76,-27447000.0,332049000.0,332049000.0,902523000.0,-112597000.0,2.496,0.942,982631000.0,78596000.0,904035000.0,982631000.0,0.0,20084000.0,0.0,0.024,0.06,-91305000.0,-71221000.0,-0.058,-71221000.0,-91305000.0,-112248000.0,-0.255,-0.245,-0.255,2112796000.0,,2112796000.0,5181497563.0,14.0,9.938,253086000.0,0.57,1.0,331203000.0,0.268,998046000.0,20943000.0,2941719000.0,,866565000.0,0.0,0.0,0.0,1990220000.0,813833000.0,1176387000.0,4290103563.0,198969000.0,-1500000.0,-30170000.0,-42046000.0,-27319000.0,-96333000.0,-51455000.0,0.0,280533000.0,-181000.0,-112597000.0,-112597000.0,-112597000.0,79929000.0,0.0,-0.091,347286000.0,-16083000.0,240292000.0,-0.235,2.031,31.126,32.542,642337000.0,0.0,9.665,0.822,0.822,572012000.0,1221200000.0,1233726000.0,1233726000.0,0.0,,,,,0.0,342664000.0,1.0,443880348.0,443880348.0,,2.779,3104970000.0,134842000.0,349000.0,0.0,6.995,1217587000.0
79,VFC,MRQ,2001-09-30,2001-09-29,2001-09-29,2021-08-25,-90611000.0,4333968000.0,,2149106000.0,2184862000.0,,5.155,-13619000.0,133080000.0,133080000.0,913641000.0,103560000.0,2.456,0.888,1024474000.0,120256000.0,904218000.0,1024474000.0,0.0,31596000.0,0.0,0.031,0.058,191690000.0,223286000.0,0.159,223286000.0,191690000.0,168370000.0,0.23,0.225,0.23,2295141000.0,,2295141000.0,4362027068.0,8.0,6.885,210826000.0,0.474,1.0,493018000.0,0.35,1016561000.0,23320000.0,3333782000.0,,1032358000.0,0.0,0.0,0.0,2038827000.0,875019000.0,1163808000.0,3277977068.0,32680000.0,-3557000.0,-31301000.0,-155647000.0,-26382000.0,-207114000.0,-3082000.0,0.0,224445000.0,2960000.0,103560000.0,103560000.0,103560000.0,-351000.0,0.0,0.074,303461000.0,189557000.0,242466000.0,0.252,1.428,12.579,12.726,684393000.0,0.0,7.317,0.622,0.618,741589000.0,1396418000.0,1406659000.0,1406659000.0,0.0,,,,,0.0,301159000.0,1.0,447964068.0,445236000.0,458252000.0,3.159,3317407000.0,0.0,64810000.0,0.0,7.451,1274087000.0
80,VFC,MRQ,2001-06-30,2001-06-30,2001-06-30,2021-08-25,-98765000.0,4408167000.0,,2193355000.0,2214812000.0,,5.011,-22538000.0,100400000.0,100400000.0,876043000.0,69381000.0,2.2,0.971,1184450000.0,279981000.0,904469000.0,1184450000.0,0.0,42778000.0,0.0,0.025,0.058,135543000.0,178321000.0,0.135,178321000.0,135543000.0,111367000.0,0.152,0.15,0.152,2236480000.0,,2236480000.0,5152986115.0,10.0,8.002,34081000.0,0.076,1.0,446915000.0,0.338,1078501000.0,24176000.0,3416656000.0,,1213486000.0,0.0,0.0,0.0,2171687000.0,997060000.0,1174627000.0,4074209115.0,6720000.0,0.0,-16582000.0,11365000.0,-26483000.0,-34724000.0,-13646000.0,0.0,56619000.0,-1529000.0,69381000.0,69381000.0,69381000.0,0.0,0.0,0.052,311974000.0,134941000.0,290099000.0,0.382,1.822,15.647,15.956,741565000.0,0.0,9.095,0.746,0.743,723007000.0,1353503000.0,1322958000.0,1322958000.0,0.0,,,,,0.0,307776000.0,1.0,447961420.0,446284000.0,461500000.0,2.964,3329666000.0,0.0,41986000.0,0.0,7.461,1196295000.0
81,VFC,MRQ,2001-03-31,2001-03-31,2001-03-31,2021-08-25,-98351000.0,4386468000.0,,2168041000.0,2218427000.0,,4.933,-21009000.0,93680000.0,93680000.0,942406000.0,77486000.0,2.14,0.986,1172457000.0,267733000.0,904724000.0,1172457000.0,0.0,43600000.0,0.0,0.026,0.058,148389000.0,191989000.0,0.135,191989000.0,148389000.0,123464000.0,0.17,0.168,0.17,2209055000.0,,2209055000.0,4975916360.0,10.0,7.656,17950000.0,0.04,1.0,480893000.0,0.338,1085140000.0,24925000.0,3366917000.0,,1138236000.0,0.0,0.0,0.0,2177413000.0,1013188000.0,1164225000.0,3928767360.0,-25211000.0,0.0,-23907000.0,10176000.0,-26680000.0,-39612000.0,-22650000.0,0.0,38959000.0,-1908000.0,77486000.0,77486000.0,77486000.0,0.0,0.0,0.054,333764000.0,147129000.0,276378000.0,0.341,1.778,14.728,15.086,751900000.0,0.0,8.75,0.718,0.716,787506000.0,1349604000.0,1423299000.0,1423299000.0,0.0,,,,,0.0,329669000.0,1.0,449001984.0,447816000.0,461948000.0,3.178,3301328000.0,0.0,45978000.0,0.0,7.372,1154853000.0
82,VFC,MRQ,2000-12-31,2000-12-30,2000-12-30,2021-08-25,-87875000.0,4358156000.0,,2110096000.0,2248060000.0,,4.817,-22039000.0,118891000.0,118891000.0,751562000.0,10159000.0,2.097,0.988,1166040000.0,261004000.0,905036000.0,1166040000.0,0.0,-3357000.0,0.0,0.025,0.058,43271000.0,39914000.0,0.036,39914000.0,43271000.0,17211000.0,0.022,0.022,0.022,2191813000.0,,2191813000.0,5270116683.0,10.0,8.292,195367000.0,0.429,1.0,366188000.0,0.328,1101876000.0,26060000.0,3297229000.0,,1124438000.0,0.0,0.0,0.0,2166343000.0,1006200000.0,1160143000.0,4122792683.0,-114042000.0,-37669000.0,-40878000.0,-200792000.0,-26813000.0,-267216000.0,-71634000.0,0.0,217406000.0,5073000.0,10159000.0,10159000.0,10159000.0,-1165000.0,0.0,0.009,325990000.0,40198000.0,340127000.0,2.636,1.881,15.837,16.121,776015000.0,0.0,9.06,0.763,0.763,716299000.0,1333988000.0,1117750000.0,1117750000.0,0.0,,,,,0.0,296366000.0,1.0,455054380.0,455054380.0,,2.456,3256280000.0,118314000.0,7052000.0,0.0,7.156,1103896000.0
83,VFC,MRQ,2000-09-30,2000-09-30,2000-09-30,2021-08-25,-94806000.0,4702516000.0,,2404881000.0,2297635000.0,,4.913,-41228000.0,232933000.0,232933000.0,1056262000.0,103361000.0,1.854,1.099,1380257000.0,474430000.0,905827000.0,1380257000.0,0.0,43974000.0,0.0,0.036,0.055,189787000.0,233761000.0,0.146,233761000.0,189787000.0,165347000.0,0.225,0.22,0.225,2240431000.0,,2240431000.0,3998005107.0,6.0,4.912,101490000.0,0.223,1.0,543602000.0,0.34,1122075000.0,24440000.0,3430889000.0,,1188089000.0,0.0,0.0,0.0,2462085000.0,1296876000.0,1165209000.0,2827982107.0,134545000.0,-28514000.0,-13836000.0,110892000.0,-25984000.0,72310000.0,-76785000.0,0.0,142718000.0,-3698000.0,103361000.0,103361000.0,103361000.0,0.0,0.0,0.065,355266000.0,188336000.0,353598000.0,0.244,1.262,8.141,8.285,793142000.0,0.0,6.173,0.501,0.498,854736000.0,1389250000.0,1599864000.0,1599864000.0,0.0,,,,,0.0,349784000.0,1.0,458158300.0,456052000.0,467952000.0,3.508,3580441000.0,0.0,61986000.0,0.0,7.851,1108005000.0
84,VFC,MRQ,2000-06-30,2000-07-01,2000-07-01,2021-08-25,-82490000.0,4503957000.0,,2228303000.0,2275654000.0,,4.798,-30976000.0,98388000.0,98388000.0,867466000.0,75745000.0,1.348,1.056,1268411000.0,850890000.0,417521000.0,1268411000.0,0.0,42656000.0,0.0,0.036,0.055,141641000.0,184297000.0,0.139,184297000.0,141641000.0,121156000.0,0.163,0.16,0.163,2190376000.0,,2190376000.0,3578200565.0,6.0,4.412,-34464000.0,-0.075,1.0,462859000.0,0.348,1125307000.0,20485000.0,2895029000.0,,1192468000.0,0.0,0.0,0.0,2313581000.0,1653644000.0,659937000.0,2718801565.0,17142000.0,-241879000.0,175000.0,326719000.0,-26024000.0,302092000.0,-279065000.0,0.0,-3488000.0,-2397000.0,75745000.0,75745000.0,75745000.0,0.0,0.0,0.057,325458000.0,137401000.0,365335000.0,0.337,1.241,7.815,8.066,789370000.0,0.0,5.952,0.493,0.493,817119000.0,1326453000.0,1330325000.0,1330325000.0,0.0,,,,,0.0,321713000.0,1.0,456749528.0,456500000.0,469132000.0,2.914,3378650000.0,0.0,45411000.0,0.0,7.401,574659000.0
85,VFC,MRQ,2000-03-31,2000-04-01,2000-04-01,2021-08-25,-66708000.0,4077718000.0,,1957993000.0,2119725000.0,,4.673,-24377000.0,81246000.0,81246000.0,897581000.0,71069000.0,1.676,0.891,940645000.0,423505000.0,517140000.0,940645000.0,0.0,42113000.0,0.0,0.036,0.055,135513000.0,177626000.0,0.131,177626000.0,135513000.0,117987000.0,0.152,0.15,0.152,2156375000.0,,2156375000.0,3621310750.0,6.0,4.439,53368000.0,0.116,1.0,457603000.0,0.338,980235000.0,17526000.0,2788652000.0,,994111000.0,0.0,0.0,0.0,1921343000.0,1168230000.0,753113000.0,2769654750.0,1385000.0,0.0,-49867000.0,9267000.0,-26099000.0,-65933000.0,-9151000.0,0.0,77745000.0,-1276000.0,71069000.0,71069000.0,71069000.0,0.0,0.0,0.052,317980000.0,139623000.0,315284000.0,0.362,1.284,7.874,8.161,788812000.0,0.0,6.015,0.499,0.5,777996000.0,1276955000.0,1355184000.0,1355184000.0,0.0,,,,,0.0,314418000.0,1.0,460457980.0,461412000.0,473784000.0,2.937,3097483000.0,0.0,46918000.0,0.0,6.713,789763000.0
86,VFC,MRQ,1999-12-31,2000-01-01,2000-01-01,2021-08-25,-64756000.0,4026514000.0,,1877416000.0,2149098000.0,,4.58,-23651000.0,79861000.0,79861000.0,901508000.0,97198000.0,1.686,0.861,931517000.0,413683000.0,517834000.0,931517000.0,0.0,42002000.0,0.0,0.028,0.055,176199000.0,218201000.0,0.16,218201000.0,176199000.0,158604000.0,0.205,0.2,0.205,2163818000.0,,2163818000.0,4447466080.0,7.0,5.33,139343000.0,0.295,1.0,462178000.0,0.339,992463000.0,17595000.0,2772234000.0,,964040000.0,0.0,0.0,0.0,1862696000.0,1113473000.0,749223000.0,3543526080.0,-1922000.0,-390000.0,-51237000.0,-58931000.0,-26557000.0,-138785000.0,-26031000.0,0.0,162994000.0,-100000.0,97198000.0,97198000.0,97198000.0,0.0,0.0,0.071,294551000.0,167627000.0,332666000.0,0.268,1.638,9.675,9.868,804422000.0,0.0,7.5,0.638,0.638,732502000.0,1281315000.0,1363686000.0,1363686000.0,0.0,,,,,0.0,291740000.0,1.0,472470144.0,472470144.0,,2.886,3034051000.0,74067000.0,61406000.0,0.0,6.422,763943000.0
87,VFC,MRQ,1999-09-30,1999-10-02,1999-10-02,2021-08-25,-59784000.0,4182336000.0,,2071986000.0,2110350000.0,,4.528,-36374000.0,81783000.0,81783000.0,961943000.0,103896000.0,1.614,0.942,985723000.0,462666000.0,523057000.0,985723000.0,0.0,42818000.0,0.0,0.027,0.052,188010000.0,230828000.0,0.158,230828000.0,188010000.0,169223000.0,0.217,0.212,0.217,2153167000.0,,2153167000.0,4685022886.0,7.0,5.59,209830000.0,0.441,1.0,502913000.0,0.343,998020000.0,18787000.0,2804703000.0,,1005263000.0,0.0,0.0,0.0,2029169000.0,1283553000.0,745616000.0,3685394886.0,-1682000.0,-39064000.0,-50423000.0,-100338000.0,-25693000.0,-174264000.0,-74736000.0,0.0,246204000.0,1114000.0,103896000.0,103896000.0,103896000.0,0.0,0.0,0.071,316570000.0,186343000.0,333998000.0,0.24,1.712,9.884,10.065,801628000.0,0.0,7.75,0.666,0.666,829239000.0,1264368000.0,1464856000.0,1464856000.0,0.0,,,,,0.0,313532000.0,1.0,475534824.0,475534824.0,,3.08,3184316000.0,0.0,65327000.0,0.0,6.696,788433000.0
88,VFC,MRQ,1999-06-30,1999-07-03,1999-07-03,2021-08-25,-61039000.0,4186964000.0,,2100389000.0,2086575000.0,,4.432,-41321000.0,83465000.0,83465000.0,902895000.0,79582000.0,1.598,0.97,1083093000.0,562873000.0,520220000.0,1083093000.0,0.0,42210000.0,0.0,0.019,0.052,146997000.0,189207000.0,0.139,189207000.0,146997000.0,128618000.0,0.163,0.16,0.163,2124860000.0,,2124860000.0,6082934777.0,9.0,7.101,-43345000.0,-0.09,1.0,461935000.0,0.338,967182000.0,18379000.0,2904980000.0,,1031576000.0,0.0,0.0,0.0,2062104000.0,1314430000.0,747674000.0,5176429777.0,-5315000.0,-1094000.0,-13089000.0,91698000.0,-26029000.0,52290000.0,-52861000.0,0.0,-2024000.0,-2720000.0,79582000.0,79582000.0,79582000.0,0.0,0.0,0.058,317225000.0,144710000.0,314597000.0,0.319,2.436,13.322,13.548,800707000.0,0.0,10.797,0.937,0.937,835939000.0,1237447000.0,1364830000.0,1364830000.0,0.0,,,,,0.0,314193000.0,1.0,479410028.0,479410028.0,,2.847,3219782000.0,0.0,49036000.0,0.0,6.716,785959000.0
89,VFC,MRQ,1999-03-31,1999-04-03,1999-04-03,2021-08-25,-45252000.0,4138567000.0,,2094855000.0,2043712000.0,,4.381,-48730000.0,88780000.0,88780000.0,890774000.0,85566000.0,1.6,0.972,995285000.0,475211000.0,520074000.0,995285000.0,0.0,40402000.0,0.0,0.017,0.052,155796000.0,196198000.0,0.144,196198000.0,155796000.0,139131000.0,0.175,0.172,0.175,2098598000.0,,2098598000.0,6579366320.0,9.0,7.61,-32543000.0,-0.068,1.0,467470000.0,0.344,971902000.0,16665000.0,2764273000.0,,1027055000.0,0.0,0.0,0.0,2039969000.0,1308897000.0,731072000.0,5875038320.0,25572000.0,-116039000.0,-9003000.0,211102000.0,-26023000.0,177505000.0,-166149000.0,0.0,16187000.0,-1971000.0,85566000.0,85566000.0,85566000.0,0.0,0.0,0.063,313518000.0,153952000.0,337138000.0,0.297,2.8,14.845,15.142,799255000.0,0.0,12.265,1.066,1.066,835072000.0,1209796000.0,1358244000.0,1358244000.0,0.0,,,,,0.0,310544000.0,1.0,479008424.0,479008424.0,,2.836,3166665000.0,0.0,53565000.0,0.0,6.611,785958000.0
90,VFC,MRQ,1998-12-31,1999-01-02,1999-01-02,2021-08-25,-25639000.0,3836666000.0,,1848152000.0,1988514000.0,,4.308,-42753000.0,63208000.0,63208000.0,874671000.0,103804000.0,1.789,0.857,767536000.0,245879000.0,521657000.0,767536000.0,0.0,39628000.0,0.0,0.017,0.052,182209000.0,221837000.0,0.165,221837000.0,182209000.0,166497000.0,0.215,0.21,0.215,2066308000.0,,2066308000.0,6309856669.0,9.0,7.378,118665000.0,0.247,1.0,468832000.0,0.349,951562000.0,15712000.0,2556426000.0,,954007000.0,0.0,0.0,0.0,1770358000.0,1033006000.0,737352000.0,5621908669.0,-1977000.0,-49115000.0,-35614000.0,22046000.0,-26082000.0,-38758000.0,-128034000.0,0.0,161418000.0,3397000.0,103804000.0,103804000.0,103804000.0,0.0,0.0,0.077,290109000.0,178723000.0,341126000.0,0.242,2.721,14.478,14.798,776091000.0,0.0,11.72,1.026,1.026,705734000.0,1170970000.0,1343503000.0,1343503000.0,0.0,,,,,0.0,285951000.0,1.0,479685040.0,479685040.0,,2.801,2885104000.0,99608000.0,62693000.0,0.0,6.015,815146000.0
91,VFC,MRQ,1998-09-30,1998-10-03,1998-10-03,2021-08-25,-30006000.0,3896532000.0,,1962310000.0,1934222000.0,,4.153,-40803000.0,65185000.0,65185000.0,944672000.0,119615000.0,1.691,0.931,753133000.0,234559000.0,518574000.0,753133000.0,0.0,40444000.0,0.0,0.022,0.05,208923000.0,249367000.0,0.171,249367000.0,208923000.0,192948000.0,0.245,0.24,0.245,2017849000.0,,2017849000.0,5354495438.0,8.0,6.393,271767000.0,0.559,1.0,514108000.0,0.352,942906000.0,15975000.0,2481025000.0,,916637000.0,0.0,0.0,0.0,1878683000.0,1160549000.0,718134000.0,4487056438.0,-5026000.0,-15482000.0,-45876000.0,-191590000.0,-25097000.0,-262054000.0,-55542000.0,0.0,312570000.0,0.0,119615000.0,119615000.0,119615000.0,0.0,0.0,0.082,307644000.0,206464000.0,353735000.0,0.204,2.224,11.881,12.072,759011000.0,0.0,9.235,0.828,0.828,828979000.0,1135155000.0,1458780000.0,1458780000.0,0.0,,,,,0.0,304464000.0,1.0,485875088.0,485875088.0,,3.002,2953626000.0,0.0,73333000.0,0.0,6.079,801761000.0
92,VFC,MRQ,1998-06-30,1998-07-04,1998-07-04,2021-08-25,-39522000.0,3906370000.0,,1974452000.0,1931918000.0,,4.042,-66057000.0,70211000.0,70211000.0,894363000.0,86781000.0,1.62,0.986,937650000.0,419968000.0,517682000.0,937650000.0,0.0,39452000.0,0.0,0.015,0.05,157676000.0,197128000.0,0.146,197128000.0,157676000.0,141977000.0,0.175,0.172,0.175,1967012000.0,,1967012000.0,6990567185.0,11.0,8.51,-117445000.0,-0.241,1.0,455956000.0,0.338,929460000.0,15699000.0,2625686000.0,,900027000.0,0.0,0.0,0.0,1939358000.0,1218663000.0,720695000.0,6289140185.0,495000.0,-7148000.0,-20935000.0,153430000.0,-25268000.0,107448000.0,-55565000.0,0.0,-51388000.0,0.0,86781000.0,86781000.0,86781000.0,0.0,0.0,0.064,299888000.0,156068000.0,327175000.0,0.286,3.197,17.149,17.582,750548000.0,0.0,12.922,1.169,1.169,854915000.0,1093173000.0,1350319000.0,1350319000.0,0.0,,,,,0.0,298527000.0,1.0,486681384.0,486681384.0,,2.775,2976910000.0,0.0,55196000.0,0.0,6.117,755789000.0
93,VFC,MRQ,1998-03-31,1998-04-04,1998-04-04,2021-08-25,-39292000.0,3689937000.0,,1826742000.0,1863195000.0,,3.963,-39446000.0,69716000.0,69716000.0,872980000.0,78106000.0,1.72,0.919,771143000.0,254303000.0,516840000.0,771143000.0,0.0,41861000.0,0.0,0.015,0.05,145072000.0,186933000.0,0.141,186933000.0,145072000.0,130176000.0,0.158,0.155,0.158,1922995000.0,,1922995000.0,6777561355.0,10.0,8.381,-32764000.0,-0.068,1.0,453225000.0,0.342,911125000.0,14896000.0,2418390000.0,,888088000.0,0.0,0.0,0.0,1766942000.0,1061849000.0,705093000.0,6360788355.0,-54378000.0,-228155000.0,716000.0,229705000.0,-25213000.0,205701000.0,-266761000.0,0.0,6682000.0,0.0,78106000.0,78106000.0,78106000.0,0.0,0.0,0.059,310311000.0,142914000.0,285669000.0,0.316,3.308,17.725,18.413,722849000.0,0.0,13.11,1.203,1.203,728708000.0,1067094000.0,1326205000.0,1326205000.0,0.0,,,,,0.0,309912000.0,1.0,485185992.0,485185992.0,,2.733,2778812000.0,0.0,52070000.0,0.0,5.727,764893000.0
94,VFC,MRQ,1997-12-31,1998-01-03,1998-01-03,2021-08-25,-36110000.0,3322782000.0,,1601466000.0,1721316000.0,,3.848,-49252000.0,124094000.0,124094000.0,838173000.0,93160000.0,2.091,0.78,540867000.0,24641000.0,516226000.0,540867000.0,0.0,36782000.0,0.0,0.017,0.05,167338000.0,204120000.0,0.159,204120000.0,167338000.0,155525000.0,0.188,0.185,0.188,1866769000.0,,1866769000.0,,,,181878000.0,0.375,1.0,448837000.0,0.349,814332000.0,11813000.0,2159315000.0,,774755000.0,0.0,0.0,0.0,1456013000.0,765908000.0,690105000.0,5556592573.0,66690000.0,-10206000.0,-65429000.0,1904000.0,-25247000.0,-88443000.0,-70006000.0,0.0,231130000.0,-5991000.0,93160000.0,93160000.0,93160000.0,0.0,0.0,0.072,300919000.0,147918000.0,301103000.0,0.266,2.977,15.833,16.598,705990000.0,0.0,11.453,1.064,1.064,587934000.0,1037546000.0,1287010000.0,1287010000.0,0.0,,,,,0.0,301163000.0,1.0,485185992.0,485185992.0,,2.653,2508450000.0,94750000.0,62365000.0,0.0,5.17,835558000.0
95,VFC,MRQ,1997-09-30,1997-10-04,1997-10-04,2021-08-25,-31255000.0,3422668000.0,,1692468000.0,1730200000.0,,,-27339000.0,57404000.0,57404000.0,929595000.0,108692000.0,2.008,0.834,539331000.0,22773000.0,516558000.0,539331000.0,0.0,39485000.0,0.0,0.016,0.048,193835000.0,233320000.0,0.165,233320000.0,193835000.0,181114000.0,0.215,0.21,0.215,1866398000.0,,1866398000.0,,,,192543000.0,,1.0,487311000.0,0.344,826775000.0,12721000.0,2235055000.0,,767224000.0,0.0,0.0,0.0,1556270000.0,842765000.0,713505000.0,,-21244000.0,-5797000.0,-163701000.0,-17734000.0,-24574000.0,-205639000.0,-35487000.0,0.0,219882000.0,0.0,108692000.0,108692000.0,108692000.0,0.0,0.0,0.077,297659000.0,189652000.0,288882000.0,0.223,,,,712699000.0,0.0,11.672,,,747873000.0,1111161000.0,1416906000.0,1416906000.0,0.0,,,,,0.0,296940000.0,1.0,,,,,2595893000.0,0.0,72422000.0,0.0,,849703000.0
96,VFC,MRQ,1997-06-30,1997-07-05,1997-07-05,2021-08-25,-26745000.0,3470171000.0,,1727761000.0,1742410000.0,,,-36301000.0,78648000.0,78648000.0,827899000.0,78904000.0,2.132,0.782,557559000.0,40826000.0,516733000.0,557559000.0,0.0,40490000.0,0.0,0.017,0.048,143824000.0,184314000.0,0.147,184314000.0,143824000.0,131281000.0,0.152,0.15,0.152,1947527000.0,,1947527000.0,,,,-30763000.0,,1.0,427650000.0,0.341,828489000.0,12543000.0,2310103000.0,,793028000.0,0.0,0.0,0.0,1522644000.0,810490000.0,712154000.0,,-141097000.0,0.0,-99704000.0,15036000.0,-25073000.0,-109156000.0,-37479000.0,0.0,5538000.0,0.0,78904000.0,78904000.0,78904000.0,0.0,0.0,0.063,287290000.0,140360000.0,299863000.0,0.316,,,,724042000.0,0.0,10.829,,,731093000.0,1200632000.0,1255549000.0,1255549000.0,0.0,,,,,0.0,286953000.0,1.0,,,,,2641682000.0,0.0,52377000.0,0.0,,917271000.0
97,VFC,MRQ,1997-03-31,1997-04-05,1997-04-05,2021-08-25,-13372000.0,3514447000.0,,1760929000.0,1753518000.0,,,-41370000.0,219745000.0,219745000.0,844944000.0,70186000.0,2.193,0.755,543534000.0,25918000.0,517616000.0,543534000.0,0.0,39495000.0,0.0,0.022,0.048,130578000.0,170073000.0,0.135,170073000.0,130578000.0,117960000.0,0.135,0.133,0.135,2002422000.0,,2002422000.0,,,,-37268000.0,,1.0,417837000.0,0.331,842596000.0,12618000.0,2192834000.0,,743187000.0,0.0,0.0,0.0,1512025000.0,802806000.0,709219000.0,,-50884000.0,0.0,2147000.0,8286000.0,-25247000.0,-14115000.0,-40871000.0,0.0,4102000.0,0.0,70186000.0,70186000.0,70186000.0,0.0,0.0,0.056,290694000.0,127143000.0,291011000.0,0.356,,,,725607000.0,0.0,8.344,,,682247000.0,1270229000.0,1262781000.0,1262781000.0,0.0,,,,,0.0,290542000.0,1.0,,,,,2671851000.0,0.0,47774000.0,0.0,,958123000.0
98,VFC,MRQ,1996-12-31,1997-01-04,1997-01-04,2021-08-25,6428000.0,3449535000.0,,1706326000.0,1743209000.0,,,,270629000.0,270629000.0,,,2.227,0.748,537884000.0,18826000.0,519058000.0,537884000.0,0.0,,0.0,0.022,0.048,,,,,,,,,,1973739000.0,,1973739000.0,,,,,,1.0,,,863930000.0,,2086593000.0,,730823000.0,0.0,0.0,0.0,1475796000.0,766267000.0,709529000.0,,,,,,,,,,,,,,,,,,,,320056000.0,,,,14.252,721524000.0,,8.266,,,592942000.0,1234849000.0,,,,,,,,,,1.0,,,,,2585605000.0,90556000.0,,0.0,,940059000.0
0,VFC,MRT,2021-06-30,2021-06-03,2021-06-03,2021-08-25,-965886000.0,13550351000.0,13497496750.0,4564138000.0,8986213000.0,0.767,8.366,-305756000.0,1274926000.0,1274926000.0,4819380000.0,1017727000.0,1.486,3.139,6928147000.0,1009121000.0,5919026000.0,6928147000.0,0.0,704857000.0,0.0,0.024,1.94,1320984000.0,2025841000.0,0.196,2025841000.0,1320984000.0,1179674000.0,2.61,2.59,2.61,3274030000.0,3103401500.0,3274030000.0,37231746949.0,28.0,18.378,1091665000.0,2.789,1.0,5537714000.0,0.535,5455210000.0,141310000.0,10676916000.0,11980150500.0,1216818000.0,598806000.0,598806000.0,0.0,10276321000.0,3071446000.0,7204875000.0,31089802949.0,-913170000.0,-1392622000.0,90982000.0,-13043000.0,-762169000.0,-684230000.0,-1601635000.0,100000000.0,1397421000.0,-24726000.0,1017727000.0,1017727000.0,1017727000.0,-231107000.0,0.0,0.098,4480390000.0,1057324000.0,534803000.0,0.743,9.496,30.548,30.375,2443171000.0,0.0,79.28,3.002,2.996,1138811000.0,317105000.0,10357094000.0,10357094000.0,0.0,0.075,0.328,0.11,0.128,82838000.0,4460029000.0,1.0,392151904.0,391351000.0,394128000.0,26.465,8095141000.0,0.0,161947000.0,0.0,20.685,1492692000.0
1,VFC,MRT,2021-03-31,2021-03-31,2021-03-31,2021-08-25,,,,,,,,-274200000.0,,,4370780000.0,407869000.0,,,,,,,,696675000.0,,0.024,1.94,645090000.0,1341765000.0,0.145,1341765000.0,645090000.0,509435000.0,1.05,1.04,1.05,,,,35350485263.0,55.0,26.346,1039025000.0,2.667,1.0,4868050000.0,0.527,,135655000.0,,,,,,,,,,31305760263.0,-560118000.0,-2009151000.0,54438000.0,1755224000.0,-756784000.0,1052878000.0,-2895618000.0,-600000000.0,1313225000.0,-30603000.0,407869000.0,407869000.0,407869000.0,-52963000.0,0.0,0.044,4260419000.0,607631000.0,,1.848,,76.754,76.114,,0.0,79.92,3.388,3.371,,,9238830000.0,9238830000.0,0.0,,,,0.07,70823000.0,4240058000.0,1.0,391713717.0,389655000.0,392121000.0,23.71,,,101566000.0,,,
2,VFC,MRT,2021-03-31,2021-03-03,2021-03-03,2021-08-25,-1009000000.0,13754029000.0,,4785870000.0,8968159000.0,,,,815750000.0,815750000.0,,,2.165,3.5,6957694000.0,12084000.0,6945610000.0,6957694000.0,0.0,,0.0,,,,,,,,,,,,3056164000.0,,3056164000.0,35851878820.0,,,,,1.0,,,5454972000.0,,12230524000.0,,1061839000.0,598806000.0,598806000.0,0.0,10697865000.0,2210477000.0,8487388000.0,31807153820.0,,,,,,,,,,,,,,,,,,,463208000.0,,10.408,,,2450310000.0,,81.2,,,1298020000.0,189534000.0,,,,,,,,,,1.0,391713717.0,,,,8299057000.0,0.0,,0.0,,2575393000.0
3,VFC,MRT,2020-12-31,2020-12-26,2020-12-26,2021-08-25,-995963000.0,13744341000.0,12574475750.0,7285219000.0,6459122000.0,0.697,8.049,-322947000.0,3254236000.0,3254236000.0,4120647000.0,-165427000.0,2.916,3.38,7298961000.0,300754000.0,6998207000.0,7298961000.0,0.0,697307000.0,0.0,0.023,1.93,126714000.0,824021000.0,0.094,824021000.0,126714000.0,2228000.0,-0.39,-0.39,-0.39,3138174000.0,3088336000.0,3138174000.0,37667599387.0,297.0,45.712,852010000.0,2.185,1.0,4637932000.0,0.53,3056254000.0,124486000.0,12234789000.0,11484090250.0,1075983000.0,599403000.0,599403000.0,0.0,10606167000.0,2498023000.0,8108144000.0,32721353387.0,2677376000.0,0.0,-433833000.0,3642345000.0,-751269000.0,2457243000.0,-944788000.0,-600000000.0,1174957000.0,-10036000.0,-165427000.0,-165427000.0,-165427000.0,-24496000.0,0.0,-0.019,4409555000.0,228377000.0,412324000.0,-4.949,10.427,-197.799,-215.128,2432348000.0,0.0,83.9,3.736,3.735,1411565000.0,300495000.0,8758579000.0,8758579000.0,0.0,-0.013,-0.054,0.011,0.014,20854000.0,4086332000.0,1.0,390004212.0,389872000.0,392851000.0,22.465,10688087000.0,0.0,167655000.0,0.0,27.414,4787196000.0
4,VFC,MRT,2020-09-30,2020-09-26,2020-09-26,2021-08-25,-959658000.0,12941266000.0,11841956000.0,6680206000.0,6261060000.0,0.755,7.567,-354982000.0,1877398000.0,1877398000.0,4127276000.0,-47664000.0,3.205,3.394,6823644000.0,14364000.0,6809280000.0,6823644000.0,0.0,693328000.0,0.0,0.027,1.92,252393000.0,945721000.0,0.106,945721000.0,252393000.0,139919000.0,-0.11,-0.11,-0.11,2945238000.0,3445690000.0,2945238000.0,32075276925.0,127.0,33.916,967831000.0,2.487,1.0,4815485000.0,0.538,3024607000.0,112474000.0,12778373000.0,10455421250.0,1434843000.0,800000000.0,800000000.0,0.0,9996028000.0,2084532000.0,7911496000.0,27485814925.0,1385903000.0,0.0,-902497000.0,2926470000.0,-748697000.0,1275276000.0,-1182013000.0,-800000000.0,1322813000.0,-30173000.0,-47664000.0,-47664000.0,-47664000.0,-48336000.0,0.0,-0.005,4459068000.0,356417000.0,450109000.0,-17.455,9.332,-576.658,-641.273,2319111000.0,0.0,70.54,3.074,3.07,1606479000.0,-44953000.0,8942761000.0,8942761000.0,0.0,-0.004,-0.014,0.024,0.028,24172000.0,4135845000.0,1.0,389648638.0,389219000.0,391180000.0,22.976,9916659000.0,0.0,187583000.0,0.0,25.478,4595674000.0
5,VFC,MRT,2020-06-30,2020-06-03,2020-06-03,2021-08-25,-897541000.0,12479045000.0,11424228250.0,6261137000.0,6217908000.0,0.833,7.493,-357358000.0,2145111000.0,2145111000.0,4301187000.0,344615000.0,3.65,3.285,6734573000.0,20281000.0,6714292000.0,6734573000.0,0.0,670763000.0,0.0,0.03,1.9,485988000.0,1156751000.0,0.122,1156751000.0,485988000.0,386811000.0,0.86,0.84,0.86,2912598000.0,3871285250.0,2912598000.0,28376302608.0,58.0,24.531,580161000.0,1.493,1.0,5213008000.0,0.548,3018370000.0,99177000.0,12334674000.0,9419869750.0,1402858000.0,700000000.0,700000000.0,0.0,9566447000.0,1715463000.0,7850984000.0,24886580608.0,1571060000.0,0.0,-867450000.0,3348861000.0,-732871000.0,1748540000.0,-1086571000.0,-700000000.0,937519000.0,-28428000.0,344615000.0,344615000.0,344615000.0,-58484000.0,0.0,0.036,4627977000.0,585031000.0,348932000.0,2.209,8.544,72.216,74.419,2311617000.0,0.0,64.0,2.616,2.615,934984000.0,-298088000.0,9514195000.0,9514195000.0,0.0,0.03,0.089,0.052,0.051,44604000.0,4304754000.0,1.0,388852822.0,388695000.0,390791000.0,24.477,9460675000.0,0.0,42196000.0,0.0,24.34,4545674000.0
6,VFC,MRT,2020-03-31,2020-03-28,2020-03-28,2021-08-25,-930958000.0,11133251000.0,10904958000.0,5027016000.0,6106235000.0,0.962,8.491,-333836000.0,1369028000.0,1369028000.0,4690520000.0,679449000.0,1.662,2.316,4858750000.0,1229830000.0,3628920000.0,4858750000.0,0.0,660326000.0,0.0,0.033,1.9,869553000.0,1529879000.0,0.146,1529879000.0,869553000.0,777511000.0,1.72,1.7,1.72,3357334000.0,4181039250.0,3357334000.0,25450954212.0,29.0,16.636,540691000.0,1.367,1.0,5798036000.0,0.553,3010564000.0,92042000.0,8588525000.0,8259466500.0,1293912000.0,0.0,0.0,0.0,7775917000.0,3023884000.0,4752033000.0,22810885212.0,854736000.0,0.0,-844617000.0,996864000.0,-748663000.0,309732000.0,-302047000.0,0.0,874527000.0,-27476000.0,679449000.0,679449000.0,679449000.0,-50303000.0,0.0,0.065,4870231000.0,927805000.0,407021000.0,1.105,6.794,33.573,33.599,2227920000.0,0.0,57.79,2.175,2.179,1308051000.0,7309000.0,10488556000.0,10488556000.0,0.0,0.062,0.163,0.105,0.083,68205000.0,4547008000.0,1.0,394720284.0,395411000.0,399936000.0,26.526,8122687000.0,0.0,98062000.0,0.0,20.542,2003132000.0
7,VFC,MRT,2019-12-31,2019-12-28,2019-12-28,2021-08-25,-895372000.0,10814262000.0,10710841500.0,4155698000.0,6658564000.0,0.94,11.536,-261527000.0,540029000.0,540029000.0,4345139000.0,1292029000.0,2.118,1.368,3185710000.0,60678000.0,3125032000.0,3185710000.0,0.0,540858000.0,0.0,0.019,1.93,1390940000.0,1931798000.0,0.192,1931798000.0,1390940000.0,1301602000.0,3.25,3.22,3.25,4567590000.0,4416334750.0,4567590000.0,43022375155.0,31.0,22.271,807659000.0,2.04,1.0,5723646000.0,0.568,3377738000.0,89338000.0,8120113000.0,7780840500.0,1254460000.0,0.0,0.0,0.0,6246672000.0,1962092000.0,4284580000.0,39921388155.0,58309000.0,13000.0,-303091000.0,-614274000.0,-764183000.0,-775400000.0,-246042000.0,0.0,1069186000.0,10565000.0,1292029000.0,1292029000.0,1292029000.0,-195979000.0,0.0,0.128,4527803000.0,1195843000.0,389749000.0,0.594,8.74,30.898,30.757,2126271000.0,0.0,99.96,3.965,3.931,1539923000.0,1182228000.0,10068785000.0,10068785000.0,0.0,0.121,0.293,0.179,0.138,110168000.0,4527803000.0,1.0,399373631.0,395940000.0,400322000.0,25.43,7436524000.0,0.0,9573000.0,0.0,18.782,2193606000.0
8,VFC,MRT,2019-09-30,2019-09-28,2019-09-28,2021-08-25,-930725000.0,11270355000.0,10578353500.0,4775207000.0,6495148000.0,0.959,11.685,-236410000.0,469912000.0,469912000.0,4458247000.0,1290535000.0,1.986,1.425,3577685000.0,489307000.0,3088378000.0,3577685000.0,0.0,437956000.0,0.0,0.022,1.96,1401956000.0,1839912000.0,0.181,1839912000.0,1401956000.0,1306585000.0,3.25,3.22,3.25,4647619000.0,4349593250.0,4647619000.0,37991237767.0,27.0,20.648,959384000.0,2.412,1.0,5682527000.0,0.56,3337623000.0,95371000.0,8636167000.0,7387144000.0,1590027000.0,0.0,0.0,0.0,6622736000.0,2404338000.0,4218398000.0,35354092767.0,160787000.0,142013000.0,-30355000.0,-1080965000.0,-776814000.0,-981986000.0,-79717000.0,0.0,1195794000.0,26696000.0,1290535000.0,1290535000.0,1290535000.0,-206947000.0,0.0,0.127,4505903000.0,1176624000.0,483207000.0,0.603,7.607,27.395,27.32,2063875000.0,0.0,88.79,3.486,3.483,1881374000.0,1405988000.0,10140774000.0,10140774000.0,0.0,0.122,0.297,0.19,0.138,107762000.0,4505903000.0,1.0,398176515.0,397751000.0,402261000.0,25.495,7932732000.0,0.0,16050000.0,0.0,19.944,2370869000.0
9,VFC,MRT,2019-06-30,2019-06-29,2019-06-29,2021-08-25,-867386000.0,10401964000.0,10543371000.0,3990855000.0,6411109000.0,0.966,10.465,-244150000.0,560882000.0,560882000.0,4547321000.0,1148655000.0,2.05,1.506,3211143000.0,72726000.0,3138417000.0,3211143000.0,0.0,357194000.0,0.0,0.023,1.99,1432614000.0,1789808000.0,0.176,1789808000.0,1432614000.0,1329748000.0,2.9,2.87,2.9,4151614000.0,4232577500.0,4151614000.0,36933852958.0,26.0,20.636,1076749000.0,2.714,1.0,5633085000.0,0.553,3412019000.0,102866000.0,7693061000.0,7103921250.0,1381513000.0,0.0,0.0,0.0,6250350000.0,1947145000.0,4303205000.0,34690661958.0,145558000.0,143003000.0,2319000.0,-1243580000.0,-788082000.0,-1123195000.0,-92033000.0,0.0,1320899000.0,39887000.0,1148655000.0,1148655000.0,1148655000.0,-274320000.0,0.0,0.113,4460037000.0,1173048000.0,507575000.0,0.686,8.356,30.201,30.121,2073555000.0,0.0,87.35,3.408,3.404,1211347000.0,931134000.0,10180406000.0,10180406000.0,0.0,0.109,0.271,0.202,0.141,92612000.0,4460037000.0,1.0,397145529.0,396727000.0,401914000.0,25.661,6989945000.0,0.0,181093000.0,0.0,17.619,2043710000.0
10,VFC,MRT,2019-03-31,2019-03-30,2019-03-30,2021-08-25,-902075000.0,10356785000.0,10490818500.0,4673457000.0,5683328000.0,0.979,10.877,-269002000.0,402226000.0,402226000.0,4656326000.0,1259792000.0,1.756,1.409,2780207000.0,664323000.0,2115884000.0,2780207000.0,0.0,255729000.0,0.0,0.022,1.94,1535417000.0,1791146000.0,0.174,1791146000.0,1535417000.0,1427679000.0,3.19,3.15,3.19,4298516000.0,4127453000.0,4298516000.0,36665464138.0,24.0,20.47,1395221000.0,3.531,1.0,5610561000.0,0.546,3399141000.0,107738000.0,6674021000.0,6819331250.0,1173102000.0,0.0,0.0,0.0,6058269000.0,2661604000.0,3396665000.0,34382069138.0,-132603000.0,109881000.0,48620000.0,-872564000.0,-767061000.0,-1591005000.0,-220632000.0,0.0,1664223000.0,14811000.0,1259792000.0,1259792000.0,1259792000.0,-389366000.0,0.0,0.123,4420379000.0,1190182000.0,489600000.0,0.608,7.999,27.292,27.245,876093000.0,0.0,86.91,3.349,3.345,1372625000.0,1179601000.0,10266887000.0,10266887000.0,0.0,0.12,0.305,0.225,0.15,84285000.0,4420379000.0,1.0,395605444.0,395189000.0,400496000.0,25.98,6957644000.0,0.0,167887000.0,0.0,17.606,2011853000.0
11,VFC,MRT,2018-12-31,2018-12-29,2018-12-29,2021-08-25,-886565000.0,10284310000.0,10479449750.0,4612091000.0,5672219000.0,1.027,10.88,-286938000.0,451978000.0,451978000.0,5024082000.0,1383781000.0,1.799,1.391,2815492000.0,680252000.0,2135240000.0,2815492000.0,0.0,251643000.0,0.0,0.027,1.89,1656858000.0,1908501000.0,0.177,1908501000.0,1656858000.0,1549103000.0,3.5,3.45,3.5,4300624000.0,3974848000.0,4300624000.0,31376842295.0,19.0,16.441,906502000.0,2.293,1.0,5741701000.0,0.533,3539450000.0,107755000.0,6545327000.0,6756405000.0,1401621000.0,0.0,0.0,0.0,5983686000.0,2563047000.0,3420639000.0,28002627295.0,-30498000.0,109868000.0,-219471000.0,-64921000.0,-746549000.0,-1030941000.0,-204536000.0,0.0,1193440000.0,11539000.0,1383781000.0,1383781000.0,1383781000.0,-368198000.0,0.0,0.129,4415244000.0,1326457000.0,536406000.0,0.54,6.511,20.236,20.163,902665000.0,0.0,70.57,2.601,2.591,1566202000.0,1258327000.0,10765783000.0,10765783000.0,0.0,0.132,0.348,0.245,0.154,87399000.0,4415244000.0,1.0,396806395.0,395294000.0,399767000.0,27.235,6744860000.0,0.0,165322000.0,0.0,17.063,2049044000.0
12,VFC,MRT,2018-09-30,2018-09-29,2018-09-29,2021-08-25,-862916000.0,11130425000.0,10397997750.0,5417954000.0,5712471000.0,0.72,10.557,-252430000.0,266788000.0,266788000.0,3183125000.0,830003000.0,1.544,1.663,3721379000.0,1570784000.0,2150595000.0,3721379000.0,0.0,219583000.0,0.0,0.02,1.84,1374317000.0,1593900000.0,0.213,1593900000.0,1374317000.0,1267928000.0,2.11,2.07,2.11,4179556000.0,3829667000.0,4179556000.0,40061104506.0,29.0,25.134,1075275000.0,2.716,1.0,4299554000.0,0.575,3573044000.0,106389000.0,7503276000.0,6568031250.0,1723057000.0,0.0,0.0,0.0,6950869000.0,3508696000.0,3442173000.0,37049282506.0,-1190829000.0,-771199000.0,-34882000.0,-692911000.0,-726910000.0,-1454703000.0,-1075660000.0,0.0,1327705000.0,11829000.0,830003000.0,830003000.0,830003000.0,-671778000.0,0.0,0.111,3553988000.0,745566000.0,603575000.0,0.872,8.864,44.638,44.289,893811000.0,0.0,93.45,4.951,4.944,1961274000.0,1147787000.0,7482679000.0,7482679000.0,0.0,0.08,0.217,0.209,0.184,72670000.0,3658639000.0,1.0,396461022.0,395892000.0,401939000.0,18.901,7557381000.0,0.0,437925000.0,0.0,19.09,1909258000.0
13,VFC,MRT,2018-06-30,2018-06-30,2018-06-30,2021-08-25,-882078000.0,10191754000.0,10334121750.0,4330147000.0,5861607000.0,0.741,9.466,-240038000.0,392175000.0,392175000.0,3326775000.0,709022000.0,1.446,1.732,3474677000.0,1318050000.0,2156627000.0,3474677000.0,0.0,218902000.0,0.0,0.022,1.8,1259325000.0,1478227000.0,0.193,1478227000.0,1259325000.0,1154133000.0,1.81,1.78,1.81,3731116000.0,3769133000.0,3731116000.0,35219415458.0,28.0,23.825,1273089000.0,3.23,1.0,4329448000.0,0.565,3723999000.0,105192000.0,6554701000.0,6348284500.0,1521659000.0,0.0,0.0,0.0,6460638000.0,2995556000.0,3465082000.0,32156251458.0,-203791000.0,-766910000.0,-77637000.0,117736000.0,-709963000.0,-669864000.0,-1050596000.0,0.0,1513127000.0,3542000.0,709022000.0,709022000.0,709022000.0,-493101000.0,0.0,0.093,3553341000.0,776107000.0,565943000.0,0.994,8.618,45.353,45.039,875338000.0,0.0,81.52,4.2,4.197,1222938000.0,825788000.0,7656223000.0,7656223000.0,0.0,0.069,0.188,0.198,0.164,74209000.0,3657992000.0,1.0,394458433.0,394165000.0,,19.424,6467755000.0,0.0,445111000.0,0.0,16.409,1334591000.0
14,VFC,MRT,2018-03-31,2018-03-31,2018-03-31,2021-08-25,-864030000.0,10311310000.0,10079615250.0,4683323000.0,5627987000.0,0.773,9.331,-206469000.0,680762000.0,680762000.0,3463962000.0,658553000.0,1.492,1.796,3743926000.0,1531371000.0,2212555000.0,3743926000.0,0.0,231476000.0,0.0,0.024,1.76,1227350000.0,1458826000.0,0.187,1458826000.0,1227350000.0,1124967000.0,1.68,1.65,1.68,3688096000.0,3747438750.0,3688096000.0,31759957597.0,26.0,21.771,1235130000.0,3.125,1.0,4323746000.0,0.555,3813329000.0,102383000.0,6422316000.0,6245450500.0,1861441000.0,0.0,0.0,0.0,6623214000.0,3138829000.0,3484385000.0,29402694597.0,80910000.0,-525573000.0,-881714000.0,965311000.0,-693339000.0,-609742000.0,-763904000.0,0.0,1441599000.0,12957000.0,658553000.0,658553000.0,658553000.0,-396904000.0,0.0,0.085,3501062000.0,822684000.0,583004000.0,1.048,7.972,44.647,44.119,1011617000.0,0.0,74.12,3.776,3.762,1408587000.0,846124000.0,7787708000.0,7787708000.0,0.0,0.065,0.176,0.197,0.158,68669000.0,3605713000.0,1.0,396690429.0,395253000.0,,19.703,6497981000.0,0.0,466414000.0,0.0,16.44,1544494000.0
15,VFC,MRT,2017-12-31,2017-12-30,2017-12-30,2021-08-25,-926140000.0,9958502000.0,9813357250.0,4377764000.0,5580738000.0,0.855,9.318,-203818000.0,563483000.0,563483000.0,3849248000.0,614923000.0,1.595,1.677,2923338000.0,735549000.0,2187789000.0,2923338000.0,0.0,238320000.0,0.0,0.023,1.72,1236706000.0,1475026000.0,0.176,1475026000.0,1236706000.0,1134732000.0,1.54,1.52,1.54,3719900000.0,3918679000.0,3719900000.0,32078242402.0,26.0,21.748,1270842000.0,3.183,1.0,4545436000.0,0.541,3782425000.0,101974000.0,5791832000.0,6212580000.0,1706609000.0,0.0,0.0,0.0,6238602000.0,2744100000.0,3494502000.0,29241031402.0,-661629000.0,-525573000.0,-1110463000.0,432139000.0,-684679000.0,-1363003000.0,-776251000.0,0.0,1474660000.0,2965000.0,614923000.0,614923000.0,614923000.0,-346853000.0,0.0,0.073,3662062000.0,883374000.0,760997000.0,1.117,7.861,47.552,48.052,1014638000.0,0.0,74.0,3.483,3.519,1429986000.0,1023745000.0,8394684000.0,8394684000.0,0.0,0.063,0.157,0.199,0.147,63888000.0,3662062000.0,1.0,395149073.0,399223000.0,403559000.0,21.028,6176077000.0,0.0,519809000.0,0.0,15.47,1633664000.0
16,VFC,MRT,2017-09-30,2017-09-30,2017-09-30,2021-08-25,-914896000.0,10874921000.0,9758553500.0,5627427000.0,5247494000.0,1.118,10.003,-236120000.0,1545535000.0,1545535000.0,5436027000.0,969525000.0,1.473,1.762,4383339000.0,2239118000.0,2144221000.0,4383339000.0,0.0,283676000.0,0.0,0.026,1.68,1248282000.0,1531958000.0,0.14,1531958000.0,1248282000.0,1148997000.0,2.41,2.37,2.41,3937420000.0,4223934250.0,3937420000.0,27636482156.0,22.0,18.04,1203934000.0,3.059,1.0,5469415000.0,0.502,3267041000.0,99285000.0,6624289000.0,6253704000.0,1843451000.0,0.0,0.0,0.0,6937501000.0,3821395000.0,3116106000.0,25022509156.0,808046000.0,213494000.0,-1144199000.0,1246867000.0,-676581000.0,-573913000.0,-36518000.0,0.0,1440054000.0,-21577000.0,969525000.0,969525000.0,969525000.0,39865000.0,0.0,0.089,4103567000.0,1365848000.0,532381000.0,0.697,6.355,25.809,26.378,905671000.0,0.0,63.57,2.294,2.294,1815198000.0,1297029000.0,10905442000.0,10905442000.0,0.0,0.099,0.23,0.2,0.114,70538000.0,4023923000.0,1.0,393621349.0,393621349.0,,27.705,7607880000.0,0.0,179472000.0,0.0,19.328,1806032000.0
17,VFC,MRT,2017-06-30,2017-06-30,2017-06-30,2021-08-25,-930597000.0,9173728000.0,9650600500.0,3897650000.0,5276078000.0,1.123,9.1,-232005000.0,672045000.0,672045000.0,5440057000.0,1081874000.0,1.603,1.517,3286515000.0,1174892000.0,2111623000.0,3286515000.0,0.0,276013000.0,0.0,0.028,1.63,1380407000.0,1656420000.0,0.153,1656420000.0,1380407000.0,1283447000.0,2.64,2.59,2.64,3644339000.0,4457773500.0,3644339000.0,25055772587.0,18.0,15.126,1227429000.0,3.065,1.0,5400167000.0,0.498,3213690000.0,96960000.0,6143365000.0,6327811750.0,1663052000.0,0.0,0.0,0.0,5529389000.0,2431143000.0,3098246000.0,23066321587.0,-4635000.0,324198000.0,-1315712000.0,460991000.0,-664017000.0,-1518738000.0,78011000.0,0.0,1459434000.0,-23342000.0,1081874000.0,1081874000.0,1081874000.0,-61080000.0,0.0,0.1,4001599000.0,1398568000.0,492480000.0,0.617,6.329,21.321,21.818,903024000.0,0.0,57.6,2.128,2.128,1143573000.0,1077708000.0,10840224000.0,10840224000.0,0.0,0.112,0.243,0.218,0.127,60663000.0,3921955000.0,1.0,400456972.0,400456972.0,,27.07,5960038000.0,0.0,201573000.0,0.0,14.883,1466507000.0
18,VFC,MRT,2017-03-31,2017-03-31,2017-03-31,2021-08-25,-988040000.0,9246278000.0,9775695500.0,4092150000.0,5154128000.0,1.114,10.561,-238908000.0,603262000.0,603262000.0,5482828000.0,1023000000.0,2.229,1.114,2593895000.0,542413000.0,2051482000.0,2593895000.0,0.0,279985000.0,0.0,0.029,1.58,1330249000.0,1610234000.0,0.148,1610234000.0,1330249000.0,1233849000.0,2.48,2.44,2.48,4373057000.0,4708798000.0,4373057000.0,23853500249.0,18.0,14.814,1177066000.0,2.843,1.0,5409242000.0,0.497,3110218000.0,96400000.0,6290834000.0,6156278500.0,1593434000.0,0.0,0.0,0.0,4873221000.0,1835859000.0,3037362000.0,22762464249.0,21636000.0,115983000.0,-676899000.0,96627000.0,-653123000.0,-1233395000.0,-137493000.0,0.0,1415974000.0,-23450000.0,1023000000.0,1023000000.0,1023000000.0,27195000.0,0.0,0.094,3975928000.0,1433314000.0,425892000.0,0.637,5.205,22.251,22.165,897445000.0,0.0,54.97,2.09,2.09,1241496000.0,1892330000.0,10892070000.0,10892070000.0,0.0,0.105,0.217,0.216,0.122,61652000.0,3896284000.0,1.0,414088853.0,414088853.0,,26.304,6136060000.0,0.0,210849000.0,0.0,14.818,2256291000.0
19,VFC,MRT,2016-12-31,2016-12-31,2016-12-31,2021-08-25,-1041463000.0,9739287000.0,9922191750.0,4293098000.0,5446189000.0,1.111,11.874,-220066000.0,1227862000.0,1227862000.0,5589923000.0,1074106000.0,2.405,0.971,2318898000.0,279718000.0,2039180000.0,2318898000.0,0.0,281577000.0,0.0,0.029,1.53,1374690000.0,1656267000.0,0.15,1656267000.0,1374690000.0,1279968000.0,2.58,2.54,2.58,4940921000.0,4839020250.0,4940921000.0,24422095454.0,18.0,14.745,1260502000.0,3.029,1.0,5436224000.0,0.493,3088595000.0,94722000.0,5956328000.0,5965053750.0,1424571000.0,0.0,0.0,0.0,4798366000.0,1785400000.0,3012966000.0,22071495454.0,284630000.0,115983000.0,-951550000.0,510665000.0,-635994000.0,-1076879000.0,-112414000.0,0.0,1480568000.0,-6645000.0,1074106000.0,1074106000.0,1074106000.0,4748000.0,0.0,0.097,3980766000.0,1455458000.0,620194000.0,0.593,4.467,20.549,20.678,895960000.0,0.0,53.35,2.002,2.013,1148797000.0,2545458000.0,11026147000.0,11026147000.0,0.0,0.108,0.222,0.23,0.125,67762000.0,3901122000.0,1.0,413711255.0,416103000.0,422081000.0,26.499,6650692000.0,0.0,205862000.0,0.0,15.983,2507698000.0
20,VFC,MRT,2016-09-30,2016-10-01,2016-10-01,2021-08-25,-998020000.0,10443109000.0,9897255500.0,4819023000.0,5624086000.0,1.068,11.749,-239240000.0,737825000.0,737825000.0,5319453000.0,1121982000.0,2.213,1.143,3088425000.0,741303000.0,2347122000.0,3088425000.0,0.0,279262000.0,0.0,0.026,1.48,1469897000.0,1749159000.0,0.165,1749159000.0,1469897000.0,1377418000.0,2.69,2.64,2.69,4872777000.0,4949999500.0,4872777000.0,25378481982.0,17.0,14.509,1291784000.0,3.115,1.0,5253163000.0,0.497,3695793000.0,92479000.0,6920720000.0,5693759000.0,1897546000.0,0.0,0.0,0.0,5570332000.0,2177196000.0,3393136000.0,23246048982.0,175021000.0,115983000.0,-952547000.0,383688000.0,-619997000.0,-1188856000.0,-136442000.0,0.0,1531024000.0,-30705000.0,1121982000.0,1121982000.0,1121982000.0,50124000.0,0.0,0.106,3743761000.0,1509402000.0,550427000.0,0.55,4.771,20.719,20.836,935015000.0,0.0,56.05,2.199,2.199,1736521000.0,2454299000.0,10572616000.0,10572616000.0,0.0,0.113,0.227,0.258,0.139,55217000.0,3743761000.0,1.0,414737716.0,414737716.0,,25.492,6747316000.0,0.0,255436000.0,0.0,16.269,2641827000.0
21,VFC,MRT,2016-06-30,2016-07-02,2016-07-02,2021-08-25,-1001455000.0,9674108000.0,9914756250.0,4068016000.0,5606092000.0,1.087,11.147,-248833000.0,676262000.0,676262000.0,5470823000.0,1083357000.0,1.529,1.081,2808695000.0,1408059000.0,1400636000.0,2808695000.0,0.0,280282000.0,0.0,0.023,1.43,1489287000.0,1769569000.0,0.164,1769569000.0,1489287000.0,1399428000.0,2.56,2.52,2.56,4648437000.0,5072104500.0,4648437000.0,27936327854.0,19.0,15.787,1224089000.0,2.935,1.0,5303703000.0,0.492,3688676000.0,89859000.0,5457232000.0,5477726250.0,1667895000.0,0.0,0.0,0.0,5025671000.0,2660633000.0,2365038000.0,25980235854.0,21203000.0,0.0,-795406000.0,233948000.0,-603339000.0,-1164797000.0,-265799000.0,0.0,1472922000.0,-21123000.0,1083357000.0,1083357000.0,1083357000.0,61160000.0,0.0,0.101,3762985000.0,1540718000.0,480797000.0,0.559,5.589,23.981,24.336,927058000.0,0.0,62.3,2.411,2.411,1121053000.0,2276398000.0,10774526000.0,10774526000.0,0.0,0.109,0.214,0.272,0.138,64667000.0,3762985000.0,1.0,417018232.0,417018232.0,,25.837,5985432000.0,0.0,316071000.0,0.0,14.353,1407383000.0
22,VFC,MRT,2016-03-31,2016-03-31,2016-03-31,2021-08-25,-950285000.0,9832263000.0,9940458000.0,3972874000.0,5859389000.0,1.095,11.529,-290719000.0,585365000.0,585365000.0,5546514000.0,1203153000.0,1.571,1.009,2541927000.0,1140694000.0,1401233000.0,2541927000.0,0.0,274225000.0,0.0,0.021,1.38,1601122000.0,1875347000.0,0.172,1875347000.0,1601122000.0,1512033000.0,2.84,2.8,2.84,4893946000.0,5150944000.0,4893946000.0,28408084611.0,18.0,15.148,1168275000.0,2.752,1.0,5334532000.0,0.49,3733423000.0,89089000.0,5525935000.0,5475384500.0,1613756000.0,0.0,0.0,0.0,4938317000.0,2529467000.0,2408850000.0,27489000611.0,-69441000.0,0.0,-676499000.0,55856000.0,-584947000.0,-1205590000.0,-306961000.0,0.0,1458994000.0,-15884000.0,1203153000.0,1203153000.0,1203153000.0,-27287000.0,0.0,0.111,3769256000.0,1565276000.0,408156000.0,0.486,5.617,22.847,22.803,930145000.0,0.0,64.76,2.526,2.526,1222162000.0,2500188000.0,10881046000.0,10881046000.0,0.0,0.121,0.234,0.292,0.147,68625000.0,3769256000.0,1.0,424474994.0,424474994.0,,25.634,6098840000.0,0.0,308880000.0,0.0,14.368,1443407000.0
23,VFC,MRT,2015-12-31,2016-01-02,2016-01-02,2021-08-25,-1043222000.0,9639542000.0,9882068500.0,4163136000.0,5476406000.0,1.113,12.631,-317784000.0,944423000.0,944423000.0,5603766000.0,1231593000.0,2.144,0.79,1854761000.0,452941000.0,1401820000.0,1854761000.0,0.0,272075000.0,0.0,0.021,1.33,1667545000.0,1939620000.0,0.176,1939620000.0,1667545000.0,1578794000.0,2.9,2.85,2.9,5384838000.0,5153523750.0,5384838000.0,28681172292.0,17.0,14.787,885832000.0,2.078,1.0,5392627000.0,0.49,3737018000.0,88751000.0,4871149000.0,5361093500.0,1555360000.0,0.0,0.0,0.0,4254704000.0,1941713000.0,2312991000.0,26537740292.0,-26101000.0,0.0,-701752000.0,426812000.0,-565275000.0,-840215000.0,-322822000.0,0.0,1203616000.0,-66680000.0,1231593000.0,1231593000.0,1231593000.0,-14537000.0,0.0,0.112,3747799000.0,1644828000.0,680606000.0,0.459,4.928,21.547,21.466,945491000.0,0.0,62.25,2.413,2.413,1289962000.0,3128731000.0,10996393000.0,10996393000.0,0.0,0.125,0.239,0.311,0.152,73420000.0,3747799000.0,1.0,426309081.0,426309081.0,,25.794,5902524000.0,0.0,347201000.0,0.0,13.846,2221423000.0
24,VFC,MRT,2015-09-30,2015-10-03,2015-10-03,2021-08-25,-898775000.0,10513112000.0,9933508000.0,4771882000.0,5741230000.0,1.205,12.596,-303933000.0,567637000.0,567637000.0,6200241000.0,1041485000.0,1.718,0.961,2689660000.0,1288602000.0,1401058000.0,2689660000.0,0.0,272668000.0,0.0,0.018,1.28,1530160000.0,1802828000.0,0.151,1802828000.0,1530160000.0,1441714000.0,2.44,2.42,2.44,5361197000.0,5215034750.0,5361197000.0,31812844765.0,21.0,17.646,811076000.0,1.906,1.0,5772101000.0,0.482,3801018000.0,88446000.0,6056589000.0,5253425250.0,1971790000.0,0.0,0.0,0.0,5151915000.0,2777528000.0,2374387000.0,29888579765.0,70099000.0,0.0,-683591000.0,629272000.0,-545927000.0,-648032000.0,-311406000.0,0.0,1115009000.0,-85472000.0,1041485000.0,1041485000.0,1041485000.0,275046000.0,0.0,0.087,3973489000.0,1798612000.0,571448000.0,0.525,5.575,28.698,28.779,935068000.0,0.0,70.22,2.496,2.496,1840673000.0,2976603000.0,11972342000.0,11972342000.0,0.0,0.105,0.2,0.291,0.128,100009000.0,3973489000.0,1.0,425641979.0,425641979.0,,28.128,6712094000.0,0.0,400229000.0,0.0,15.769,1994354000.0
25,VFC,MRT,2015-06-30,2015-07-04,2015-07-04,2021-08-25,-913626000.0,9776915000.0,10009199000.0,4053703000.0,5723212000.0,1.195,11.68,-319088000.0,658485000.0,658485000.0,6174455000.0,1052150000.0,1.655,0.97,2563309000.0,1161756000.0,1401553000.0,2563309000.0,0.0,272947000.0,0.0,0.017,1.222,1521465000.0,1794412000.0,0.15,1794412000.0,1521465000.0,1432627000.0,2.45,2.43,2.45,4963795000.0,5340325500.0,4963795000.0,32462415921.0,21.0,18.091,970673000.0,2.284,1.0,5788708000.0,0.484,3784136000.0,88838000.0,5447865000.0,5079503000.0,1678800000.0,0.0,0.0,0.0,4813120000.0,2449738000.0,2363382000.0,30623713921.0,183879000.0,0.0,-697498000.0,575808000.0,-522827000.0,-683712000.0,-323991000.0,0.0,1289761000.0,-98179000.0,1052150000.0,1052150000.0,1052150000.0,277275000.0,0.0,0.088,3996577000.0,1792131000.0,495103000.0,0.499,6.169,29.106,29.412,915841000.0,0.0,72.06,2.56,2.56,1170150000.0,2657066000.0,11963163000.0,11963163000.0,0.0,0.105,0.197,0.3,0.127,101046000.0,3996577000.0,1.0,424975214.0,424975214.0,,28.15,5992779000.0,0.0,380477000.0,0.0,14.101,1603965000.0
26,VFC,MRT,2015-03-31,2015-04-04,2015-04-04,2021-08-25,-902392000.0,9598705000.0,10118802000.0,3928102000.0,5670603000.0,1.18,11.46,-277793000.0,655483000.0,655483000.0,6152861000.0,1039021000.0,1.729,0.957,2484678000.0,1071345000.0,1413333000.0,2484678000.0,0.0,276746000.0,0.0,0.015,1.165,1517768000.0,1794514000.0,0.15,1794514000.0,1517768000.0,1430452000.0,2.42,2.39,2.42,4904265000.0,5512718750.0,4904265000.0,32779079181.0,22.0,18.266,1069673000.0,2.5,1.0,5785392000.0,0.485,4086864000.0,87316000.0,5068771000.0,4952376000.0,1624234000.0,0.0,0.0,0.0,4694440000.0,2272265000.0,2422175000.0,32301596181.0,333811000.0,0.0,-903100000.0,804760000.0,-500069000.0,-630182000.0,-289241000.0,0.0,1347466000.0,-94232000.0,1039021000.0,1039021000.0,1039021000.0,280244000.0,0.0,0.087,3992433000.0,1792959000.0,457744000.0,0.481,6.586,31.088,31.19,911478000.0,0.0,75.48,2.706,2.706,1283216000.0,2623769000.0,11938253000.0,11938253000.0,0.0,0.103,0.188,0.306,0.127,103303000.0,3992433000.0,1.0,427949075.0,427949075.0,,27.896,5511841000.0,0.0,391431000.0,0.0,12.88,1655837000.0
27,VFC,MRT,2014-12-31,2014-12-28,2014-12-28,2021-08-25,-702272000.0,9845300000.0,10215413750.0,4031569000.0,5813731000.0,1.163,13.038,-302020000.0,971895000.0,971895000.0,6112880000.0,1047505000.0,2.498,0.748,1439644000.0,25797000.0,1413847000.0,1439644000.0,0.0,274883000.0,0.0,0.015,1.107,1519436000.0,1794319000.0,0.151,1794319000.0,1519436000.0,1433332000.0,2.42,2.38,2.42,5630882000.0,5725359750.0,5630882000.0,33994718991.0,22.0,18.946,1460046000.0,3.381,1.0,5768850000.0,0.486,4258508000.0,86104000.0,4440476000.0,4896428750.0,1482804000.0,0.0,0.0,0.0,4214418000.0,1614065000.0,2600353000.0,32407694991.0,195492000.0,0.0,-692926000.0,1000.0,-478933000.0,-1171858000.0,-329255000.0,0.0,1762066000.0,-65461000.0,1047505000.0,1047505000.0,1047505000.0,280244000.0,0.0,0.088,3970536000.0,1798314000.0,690842000.0,0.457,5.755,30.938,31.008,942181000.0,0.0,75.04,2.728,2.728,1276224000.0,3231753000.0,11881730000.0,11881730000.0,0.0,0.103,0.183,0.31,0.128,104313000.0,3970536000.0,1.0,431872268.0,431872268.0,,27.512,5586792000.0,0.0,385827000.0,0.0,12.936,2417504000.0
28,VFC,MRT,2014-09-30,2014-09-27,2014-09-27,2021-08-25,-418235000.0,10815876000.0,10332949500.0,4524213000.0,6291663000.0,1.161,13.599,-318171000.0,496500000.0,496500000.0,6169255000.0,1293071000.0,1.996,0.845,2083524000.0,659213000.0,1424311000.0,2083524000.0,0.0,272683000.0,0.0,0.016,1.05,1764230000.0,2036913000.0,0.17,2036913000.0,1764230000.0,1678715000.0,2.98,2.93,2.98,5862360000.0,5836898750.0,5862360000.0,30103724485.0,17.0,14.779,1136640000.0,2.637,1.0,5824145000.0,0.486,4775522000.0,85515000.0,5360900000.0,4896283250.0,1822162000.0,0.0,0.0,0.0,4953516000.0,2266478000.0,2687038000.0,28569038485.0,180839000.0,0.0,-699567000.0,182682000.0,-456036000.0,-918941000.0,-350018000.0,0.0,1454811000.0,-5013000.0,1293071000.0,1293071000.0,1293071000.0,0.0,0.0,0.108,4059683000.0,1764462000.0,674950000.0,0.352,4.873,22.094,22.238,940193000.0,0.0,66.27,2.382,2.382,1764636000.0,3249659000.0,11993400000.0,11993400000.0,0.0,0.125,0.222,0.36,0.147,94300000.0,4059683000.0,1.0,431100626.0,431100626.0,,27.82,6040354000.0,0.0,385644000.0,0.0,14.011,2257735000.0
29,VFC,MRT,2014-06-30,2014-06-28,2014-06-28,2021-08-25,-232212000.0,10215327000.0,10241995750.0,3779912000.0,6435415000.0,1.149,13.138,-292859000.0,475891000.0,475891000.0,6078744000.0,1256303000.0,2.021,0.807,2010577000.0,585454000.0,1425123000.0,2010577000.0,0.0,267759000.0,0.0,0.016,1.005,1710617000.0,1978376000.0,0.168,1978376000.0,1710617000.0,1626411000.0,2.88,2.82,2.88,5653368000.0,5778528000.0,5653368000.0,28360171414.0,17.0,14.335,1141356000.0,2.652,1.0,5691478000.0,0.484,4940332000.0,84206000.0,4939357000.0,4812580000.0,1615245000.0,0.0,0.0,0.0,4561959000.0,1870324000.0,2691635000.0,26989763414.0,155779000.0,0.0,-701681000.0,130412000.0,-438301000.0,-960168000.0,-325384000.0,0.0,1434215000.0,7116000.0,1256303000.0,1256303000.0,1256303000.0,0.0,0.0,0.107,3980395000.0,1711083000.0,537192000.0,0.349,4.774,21.483,21.778,921970000.0,0.0,62.72,2.293,2.293,1178874000.0,2902617000.0,11770222000.0,11770222000.0,0.0,0.123,0.217,0.355,0.145,92819000.0,3980395000.0,1.0,430321483.0,430321483.0,,27.352,5274995000.0,0.0,370108000.0,0.0,12.258,1909588000.0
30,VFC,MRT,2014-03-31,2014-03-29,2014-03-29,2021-08-25,-209489000.0,9985152000.0,10075555750.0,3534521000.0,6450631000.0,1.15,13.068,-306331000.0,321672000.0,321672000.0,5982758000.0,1236895000.0,2.293,0.735,1692080000.0,266247000.0,1425833000.0,1692080000.0,0.0,259342000.0,0.0,0.016,0.96,1690435000.0,1949777000.0,0.168,1949777000.0,1690435000.0,1606033000.0,2.83,2.77,2.83,5754829000.0,5661200250.0,5754829000.0,27701249300.0,16.0,14.207,1201690000.0,2.729,1.0,5605799000.0,0.484,4969045000.0,84402000.0,4844982000.0,4720690250.0,1512459000.0,0.0,0.0,0.0,4230323000.0,1541533000.0,2688790000.0,27026846300.0,21235000.0,0.0,-469771000.0,-323400000.0,-420649000.0,-1158129000.0,-334407000.0,0.0,1508021000.0,5750000.0,1236895000.0,1236895000.0,1236895000.0,0.0,0.0,0.107,3913190000.0,1692609000.0,467578000.0,0.339,4.696,21.851,21.686,921970000.0,0.0,61.37,2.332,2.332,1310468000.0,3029597000.0,11588557000.0,11588557000.0,0.0,0.123,0.218,0.358,0.146,90865000.0,3913190000.0,1.0,440391825.0,440391825.0,,26.314,5016107000.0,0.0,369138000.0,0.0,11.39,1992988000.0
31,VFC,MRT,2013-12-31,2013-12-28,2013-12-28,2021-08-25,-211720000.0,10315443000.0,9952086250.0,3882982000.0,6432461000.0,1.147,13.802,-325142000.0,776403000.0,776403000.0,5931469000.0,1210119000.0,2.476,0.697,1450806000.0,23977000.0,1426829000.0,1450806000.0,0.0,253273000.0,0.0,0.015,0.915,1647263000.0,1900536000.0,0.166,1900536000.0,1647263000.0,1562490000.0,2.76,2.71,2.76,6077038000.0,5494741500.0,6077038000.0,28696745308.0,17.0,15.099,1180899000.0,2.682,1.0,5488179000.0,0.481,4981951000.0,84773000.0,4439894000.0,4659606000.0,1399062000.0,0.0,0.0,0.0,4238405000.0,1568001000.0,2670404000.0,27113971308.0,178942000.0,0.0,-233995000.0,-395840000.0,-402136000.0,-983831000.0,-350273000.0,0.0,1506041000.0,7005000.0,1210119000.0,1210119000.0,1210119000.0,0.0,0.0,0.106,3841032000.0,1647147000.0,638732000.0,0.332,4.462,22.406,22.312,932792000.0,0.0,61.58,2.374,2.374,1360443000.0,3432090000.0,11419648000.0,11419648000.0,0.0,0.122,0.22,0.354,0.144,87118000.0,3841032000.0,1.0,440304828.0,440304828.0,,25.936,5333492000.0,169321000.0,352371000.0,0.0,12.113,2314981000.0
32,VFC,MRT,2013-09-30,2013-09-28,2013-09-28,2021-08-25,-365970000.0,10452061000.0,9781480750.0,4093904000.0,6358157000.0,1.141,12.802,-325436000.0,315661000.0,315661000.0,5822291000.0,1176620000.0,1.992,0.857,1898435000.0,471297000.0,1427138000.0,1898435000.0,0.0,252282000.0,0.0,0.018,0.87,1592377000.0,1844659000.0,0.165,1844659000.0,1592377000.0,1505763000.0,2.678,2.63,2.678,5628877000.0,5256888250.0,5628877000.0,23373766465.0,15.0,12.671,1265035000.0,2.877,1.0,5340518000.0,0.478,4954088000.0,86614000.0,5026087000.0,4604915250.0,1752284000.0,0.0,0.0,0.0,4823184000.0,2054660000.0,2768524000.0,21816756465.0,11058000.0,4000000.0,-236289000.0,-673165000.0,-382499000.0,-1242450000.0,-336133000.0,0.0,1590471000.0,-830000.0,1176620000.0,1176620000.0,1176620000.0,0.0,0.0,0.105,3751465000.0,1589053000.0,659135000.0,0.325,3.876,18.542,18.529,904809000.0,0.0,49.62,1.954,1.954,1663118000.0,3182932000.0,11162809000.0,11162809000.0,0.0,0.12,0.224,0.346,0.143,89923000.0,3751465000.0,1.0,439676672.0,439676672.0,,25.389,5497973000.0,0.0,329143000.0,0.0,12.505,2039244000.0
33,VFC,MRT,2013-06-30,2013-06-29,2013-06-29,2021-08-25,-440871000.0,9549567000.0,9701398500.0,3297707000.0,6251860000.0,1.135,11.833,-340227000.0,320112000.0,320112000.0,5772237000.0,1124177000.0,2.006,0.842,1877122000.0,449299000.0,1427823000.0,1877122000.0,0.0,243900000.0,0.0,0.017,0.833,1551758000.0,1795658000.0,0.163,1795658000.0,1551758000.0,1462549000.0,2.558,2.515,2.558,5184057000.0,5081365000.0,5184057000.0,22857789439.0,15.0,12.729,1153057000.0,2.632,1.0,5241657000.0,0.476,4890481000.0,89209000.0,4571798000.0,4608110750.0,1522809000.0,0.0,0.0,0.0,4365510000.0,1644298000.0,2721212000.0,21144614439.0,-10400000.0,2505000.0,-208113000.0,-637188000.0,-366108000.0,-1151707000.0,-354113000.0,0.0,1493284000.0,2136000.0,1124177000.0,1124177000.0,1124177000.0,0.0,0.0,0.102,3695415000.0,1546242000.0,555719000.0,0.326,4.079,18.809,18.868,883197000.0,0.0,48.265,1.92,1.92,1060778000.0,2849101000.0,11013894000.0,11013894000.0,0.0,0.116,0.221,0.337,0.141,94177000.0,3695415000.0,1.0,438094156.0,438094156.0,,25.14,4659086000.0,0.0,338372000.0,0.0,10.635,1653409000.0
34,VFC,MRT,2013-03-31,2013-03-30,2013-03-30,2021-08-25,-423135000.0,9491274000.0,9670524000.0,3259627000.0,6231647000.0,1.131,11.541,-357094000.0,300437000.0,300437000.0,5784291000.0,1141328000.0,1.911,0.865,2013612000.0,585116000.0,1428496000.0,2013612000.0,0.0,243001000.0,0.0,0.019,0.795,1557723000.0,1800724000.0,0.165,1800724000.0,1557723000.0,1466455000.0,2.593,2.555,2.593,5088994000.0,4916363750.0,5088994000.0,19738711008.0,13.0,10.962,1041717000.0,2.363,1.0,5150978000.0,0.471,4898404000.0,91268000.0,4600645000.0,4694651500.0,1409443000.0,0.0,0.0,0.0,4402280000.0,1705400000.0,2696880000.0,18491574008.0,-25212000.0,70769000.0,-320476000.0,-499636000.0,-349568000.0,-1120501000.0,-303121000.0,0.0,1398811000.0,-401000.0,1141200000.0,1141200000.0,1141200000.0,0.0,128000.0,0.104,3642085000.0,1508893000.0,432918000.0,0.307,3.634,16.204,16.173,866251000.0,0.0,41.938,1.691,1.691,1208682000.0,2807442000.0,10935269000.0,10935269000.0,0.0,0.118,0.232,0.332,0.142,93101000.0,3642085000.0,1.0,440931720.0,440931720.0,,24.8,4592870000.0,0.0,325255000.0,0.0,10.416,1554227000.0
35,VFC,MRT,2012-12-31,2012-12-29,2012-12-29,2021-08-25,-453895000.0,9633021000.0,9673534750.0,3449583000.0,6183438000.0,1.125,11.632,-282830000.0,597461000.0,597461000.0,5817880000.0,1086138000.0,1.991,0.879,1844598000.0,415432000.0,1429166000.0,1844598000.0,0.0,237956000.0,0.0,0.02,0.757,1515341000.0,1753297000.0,0.161,1753297000.0,1515341000.0,1421736000.0,2.47,2.43,2.47,5125625000.0,4757233500.0,5125625000.0,18604320896.0,12.0,10.611,992170000.0,2.252,1.0,5061975000.0,0.465,4926815000.0,93605000.0,4221131000.0,4747640000.0,1354158000.0,0.0,0.0,0.0,4507396000.0,1732212000.0,2775184000.0,16335253896.0,256233000.0,70769000.0,-244512000.0,-271786000.0,-333229000.0,-802515000.0,-220291000.0,0.0,1275000000.0,4039000.0,1085999000.0,1085999000.0,1085999000.0,0.0,139000.0,0.1,3596708000.0,1465267000.0,562638000.0,0.306,3.187,15.042,15.009,828218000.0,0.0,37.072,1.501,1.501,1222345000.0,2941447000.0,10879855000.0,10879855000.0,0.0,0.112,0.228,0.319,0.139,92814000.0,3596708000.0,1.0,440629952.0,440629952.0,,24.692,4706206000.0,140515000.0,335737000.0,0.0,10.681,1717371000.0
36,VFC,MRT,2012-09-30,2012-09-29,2012-09-29,2021-08-25,-386853000.0,10131732000.0,9593561000.0,3998800000.0,6132932000.0,1.121,11.208,-280773000.0,304603000.0,304603000.0,5817541000.0,1009964000.0,1.642,1.056,2573670000.0,1143846000.0,1429824000.0,2573670000.0,0.0,233474000.0,0.0,0.018,0.72,1418075000.0,1651549000.0,0.154,1651549000.0,1418075000.0,1322291000.0,2.295,2.26,2.295,4926784000.0,4607325000.0,4926784000.0,19698027060.0,14.0,11.927,932036000.0,2.12,1.0,4939293000.0,0.459,4926088000.0,95784000.0,5038869000.0,4802395750.0,1758686000.0,0.0,0.0,0.0,5204948000.0,2435842000.0,2769106000.0,17513430060.0,-32788000.0,66769000.0,-236892000.0,-414724000.0,-316965000.0,-1026216000.0,-219527000.0,0.0,1212809000.0,146000.0,1009149000.0,1009149000.0,1009149000.0,0.0,815000.0,0.094,3572955000.0,1366338000.0,535367000.0,0.314,3.555,17.355,17.359,775476000.0,0.0,39.84,1.628,1.628,1612579000.0,2705905000.0,10756834000.0,10756834000.0,0.0,0.105,0.219,0.295,0.132,95641000.0,3572955000.0,1.0,439594128.0,439594128.0,,24.47,5205644000.0,0.0,313142000.0,0.0,11.842,1562958000.0
37,VFC,MRT,2012-06-30,2012-06-30,2012-06-30,2021-08-25,-416386000.0,9426069000.0,9590390000.0,3339809000.0,6086260000.0,1.08,10.323,-245525000.0,330512000.0,330512000.0,5644433000.0,930058000.0,1.889,1.084,2515109000.0,684636000.0,1830473000.0,2515109000.0,0.0,221751000.0,0.0,0.021,0.698,1303286000.0,1525037000.0,0.147,1525037000.0,1303286000.0,1210672000.0,2.11,2.077,2.11,4524052000.0,4490331750.0,4524052000.0,16810328627.0,13.0,11.023,951296000.0,2.171,1.0,4714118000.0,0.455,4924666000.0,92614000.0,4917961000.0,4803208500.0,1570298000.0,0.0,0.0,0.0,4902017000.0,1768039000.0,3133978000.0,14621575627.0,-280966000.0,-2138801000.0,-244003000.0,1540312000.0,-307121000.0,924552000.0,-2384739000.0,0.0,1196821000.0,-17600000.0,928531000.0,928531000.0,928531000.0,0.0,1527000.0,0.09,3454554000.0,1259564000.0,506742000.0,0.331,3.232,15.747,15.812,735827000.0,0.0,33.362,1.412,1.412,1033835000.0,2409436000.0,10358551000.0,10358551000.0,0.0,0.097,0.207,0.271,0.126,90278000.0,3454554000.0,1.0,438263788.0,438263788.0,,23.635,4501403000.0,0.0,282141000.0,0.0,10.271,1571770000.0
38,VFC,MRT,2012-03-31,2012-03-31,2012-03-31,2021-08-25,-376979000.0,9503317000.0,8933984250.0,3363333000.0,6139984000.0,1.126,10.064,-188643000.0,325649000.0,325649000.0,5483612000.0,904200000.0,1.766,1.135,2514402000.0,683289000.0,1831113000.0,2514402000.0,0.0,206697000.0,0.0,0.018,0.675,1283931000.0,1490628000.0,0.148,1490628000.0,1283931000.0,1198948000.0,2.052,2.02,2.052,4452473000.0,4426642000.0,4452473000.0,17920376839.0,14.0,12.022,813456000.0,1.839,1.0,4573276000.0,0.455,4975151000.0,84983000.0,4812599000.0,4424982000.0,1516446000.0,0.0,0.0,0.0,5051649000.0,1904320000.0,3147329000.0,16145393839.0,-347314000.0,-2207065000.0,-129995000.0,1540556000.0,-297171000.0,1051900000.0,-2395892000.0,0.0,1002099000.0,-5421000.0,902602000.0,902602000.0,902602000.0,0.0,1598000.0,0.09,3289026000.0,1284250000.0,537531000.0,0.329,3.626,17.888,17.785,729079000.0,0.0,36.495,1.605,1.605,1206179000.0,2335520000.0,10056888000.0,10056888000.0,0.0,0.101,0.204,0.29,0.128,85959000.0,3289026000.0,1.0,442400160.0,442400160.0,,22.733,4528166000.0,0.0,296346000.0,0.0,10.235,1459013000.0
39,VFC,MRT,2011-12-31,2011-12-31,2011-12-31,2021-08-25,-421477000.0,9313126000.0,8231439500.0,3187944000.0,6125182000.0,1.149,10.253,-190996000.0,341228000.0,341228000.0,5128602000.0,890393000.0,1.913,1.058,2116211000.0,284430000.0,1831781000.0,2116211000.0,0.0,198735000.0,0.0,0.021,0.652,1240017000.0,1438752000.0,0.152,1438752000.0,1240017000.0,1162439000.0,2.03,2.0,2.03,4525991000.0,4344900500.0,4525991000.0,16658547099.0,13.0,11.578,890375000.0,2.017,1.0,4330630000.0,0.458,4981923000.0,77578000.0,4440154000.0,4026194500.0,1453645000.0,0.0,0.0,0.0,4787951000.0,1666032000.0,3121919000.0,14014972099.0,-451011000.0,-2207065000.0,126592000.0,1146536000.0,-285722000.0,912245000.0,-2460033000.0,0.0,1081371000.0,15406000.0,888089000.0,888089000.0,888089000.0,0.0,2304000.0,0.094,3085839000.0,1244791000.0,637116000.0,0.321,3.097,15.781,15.639,737451000.0,0.0,31.747,1.482,1.482,1120246000.0,2520804000.0,9459232000.0,9459232000.0,0.0,0.108,0.204,0.308,0.131,76739000.0,3085839000.0,1.0,441451204.0,441451204.0,,21.428,4331203000.0,106717000.0,274350000.0,0.0,9.811,1521912000.0
40,VFC,MRT,2011-09-30,2011-10-01,2011-10-01,2021-08-25,-279966000.0,10119048000.0,7517547000.0,3942392000.0,6176656000.0,1.154,10.16,-158842000.0,337391000.0,337391000.0,4668546000.0,687708000.0,1.48,1.269,2980966000.0,1148554000.0,1832412000.0,2980966000.0,0.0,182060000.0,0.0,0.021,0.63,953503000.0,1135563000.0,0.131,1135563000.0,953503000.0,884742000.0,1.573,1.545,1.573,4458811000.0,4178707500.0,4458811000.0,13700790459.0,14.0,12.065,364983000.0,0.832,1.0,4006686000.0,0.462,5055939000.0,68761000.0,5042120000.0,3634524500.0,1777902000.0,0.0,0.0,0.0,5659149000.0,2664564000.0,2994585000.0,13332408459.0,-65472000.0,-2206909000.0,70150000.0,2006140000.0,-274559000.0,1828739000.0,-2435727000.0,0.0,523825000.0,17691000.0,684995000.0,684995000.0,684995000.0,0.0,2713000.0,0.079,3039723000.0,966963000.0,666845000.0,0.401,2.99,19.464,19.313,704935000.0,0.0,30.38,1.537,1.537,1547741000.0,2348152000.0,8675232000.0,8675232000.0,0.0,0.091,0.164,0.262,0.11,70194000.0,2837985000.0,1.0,438854788.0,438854788.0,,19.768,5063109000.0,0.0,199747000.0,0.0,11.537,1277828000.0
41,VFC,MRT,2011-06-30,2011-07-02,2011-07-02,2021-08-25,-179783000.0,6800446000.0,6660564000.0,3045908000.0,3754538000.0,1.225,9.756,-149247000.0,611478000.0,611478000.0,4358943000.0,629550000.0,3.004,0.593,979860000.0,45260000.0,934600000.0,979860000.0,0.0,181219000.0,0.0,0.022,0.623,884486000.0,1065705000.0,0.131,1065705000.0,884486000.0,815839000.0,1.45,1.428,1.45,4269293000.0,4048772250.0,4269293000.0,12493139880.0,14.0,11.723,501214000.0,1.145,1.0,3798585000.0,0.466,2749859000.0,68647000.0,3405055000.0,3182428000.0,1285950000.0,0.0,0.0,0.0,2529908000.0,1013914000.0,1515994000.0,12188084880.0,71287000.0,156000.0,46994000.0,-203542000.0,-270123000.0,-406352000.0,-219779000.0,0.0,650461000.0,46957000.0,627082000.0,627082000.0,627082000.0,0.0,2468000.0,0.077,2907195000.0,891390000.0,456114000.0,0.43,2.855,19.436,19.209,626271000.0,0.0,27.852,1.494,1.494,889201000.0,2118343000.0,8157528000.0,8157528000.0,0.0,0.094,0.155,0.278,0.108,65162000.0,2705457000.0,1.0,437593928.0,437593928.0,,18.642,4050587000.0,0.0,188757000.0,0.0,9.256,2031994000.0
42,VFC,MRT,2011-03-31,2011-04-02,2011-04-02,2021-08-25,-202203000.0,6693138000.0,6541591500.0,2950028000.0,3743110000.0,1.209,9.532,-148073000.0,672963000.0,672963000.0,4206854000.0,611473000.0,2.845,0.622,978018000.0,42774000.0,935244000.0,978018000.0,0.0,177268000.0,0.0,0.025,0.615,868527000.0,1045795000.0,0.132,1045795000.0,868527000.0,795348000.0,1.407,1.385,1.407,4125507000.0,3893680250.0,4125507000.0,10884459774.0,13.0,10.408,636190000.0,1.47,1.0,3704655000.0,0.468,2743898000.0,73179000.0,3217449000.0,3086182750.0,1183314000.0,0.0,0.0,0.0,2566691000.0,1036846000.0,1529845000.0,10701503774.0,-45671000.0,-9179000.0,-164916000.0,-211703000.0,-266532000.0,-628077000.0,-227153000.0,0.0,784263000.0,25296000.0,608549000.0,608549000.0,608549000.0,0.0,2924000.0,0.077,2832412000.0,872243000.0,429541000.0,0.437,2.594,17.585,17.573,615372000.0,0.0,24.725,1.353,1.353,892294000.0,2059492000.0,7911509000.0,7911509000.0,0.0,0.093,0.156,0.281,0.11,62466000.0,2630674000.0,1.0,432821184.0,432821184.0,,18.279,3949240000.0,0.0,186799000.0,0.0,9.124,1913182000.0
43,VFC,MRT,2010-12-31,2010-12-28,2010-12-28,2021-08-25,-268594000.0,6457556000.0,6486359000.0,2826060000.0,3631496000.0,1.188,8.9,-125250000.0,792239000.0,792239000.0,4105201000.0,573512000.0,2.547,0.672,975195000.0,39313000.0,935882000.0,975195000.0,0.0,173396000.0,0.0,0.028,0.608,825800000.0,999196000.0,0.13,999196000.0,825800000.0,748062000.0,1.312,1.295,1.312,3861219000.0,3818998500.0,3861219000.0,10005516968.0,12.0,10.014,876032000.0,2.019,1.0,3597388000.0,0.467,2657563000.0,77738000.0,2873474000.0,3029308250.0,1070694000.0,0.0,0.0,0.0,2596237000.0,1109475000.0,1486762000.0,9420095968.0,60690000.0,-38290000.0,-274106000.0,-212804000.0,-264281000.0,-742832000.0,-180480000.0,0.0,1001282000.0,-17280000.0,571362000.0,571362000.0,571362000.0,0.0,2150000.0,0.074,2776528000.0,820860000.0,510998000.0,0.463,2.44,16.487,16.549,602908000.0,0.0,21.712,1.223,1.223,773083000.0,1940508000.0,7702589000.0,7702589000.0,0.0,0.088,0.15,0.273,0.107,63538000.0,2574790000.0,1.0,433855888.0,433855888.0,,17.754,3799993000.0,68220000.0,176700000.0,0.0,8.759,1716585000.0
44,VFC,MRT,2010-09-30,2010-10-01,2010-10-01,2021-08-25,-229199000.0,6691116000.0,6490435750.0,2884694000.0,3806422000.0,1.154,9.128,-107916000.0,402863000.0,402863000.0,3999030000.0,583188000.0,2.493,0.699,988284000.0,51773000.0,936511000.0,988284000.0,0.0,172917000.0,0.0,0.03,0.6,895309000.0,1068226000.0,0.143,1068226000.0,895309000.0,813016000.0,1.34,1.317,1.34,3939070000.0,3807481500.0,3939070000.0,9371299117.0,10.0,8.773,1050319000.0,2.434,1.0,3492689000.0,0.466,2885523000.0,82293000.0,3233734000.0,3043652250.0,1211307000.0,0.0,0.0,0.0,2752807000.0,1157280000.0,1595527000.0,8729628117.0,23715000.0,-43566000.0,-285340000.0,-409068000.0,-262131000.0,-951923000.0,-171442000.0,0.0,1158235000.0,-11155000.0,584023000.0,584023000.0,584023000.0,0.0,-835000.0,0.078,2607620000.0,885069000.0,482082000.0,0.448,2.216,14.947,15.078,598174000.0,0.0,20.205,1.165,1.164,1098858000.0,2057965000.0,7491719000.0,7491719000.0,0.0,0.09,0.153,0.294,0.12,56631000.0,2485667000.0,1.0,432052864.0,431524000.0,,17.361,3805593000.0,0.0,228993000.0,0.0,8.819,1727414000.0
45,VFC,MRT,2010-06-30,2010-07-03,2010-07-03,2021-08-25,-314793000.0,6324556000.0,6544198250.0,2590554000.0,3734002000.0,1.124,8.372,-100588000.0,540191000.0,540191000.0,3969494000.0,557995000.0,2.326,0.734,1181862000.0,244712000.0,937150000.0,1181862000.0,0.0,171501000.0,0.0,0.034,0.597,858697000.0,1030198000.0,0.14,1030198000.0,858697000.0,775636000.0,1.27,1.248,1.27,3648925000.0,3786966750.0,3648925000.0,8246063766.0,10.0,8.004,1096726000.0,2.516,1.0,3383664000.0,0.46,2832208000.0,83061000.0,3020074000.0,3117127750.0,1102180000.0,0.0,0.0,0.0,2676722000.0,1113945000.0,1562777000.0,7775656766.0,154989000.0,-43566000.0,-286938000.0,-317010000.0,-263005000.0,-856190000.0,-161052000.0,0.0,1197314000.0,-25083000.0,559156000.0,559156000.0,559156000.0,0.0,-1161000.0,0.076,2535249000.0,848415000.0,427955000.0,0.47,2.131,13.906,13.902,593465000.0,0.0,17.655,1.057,1.046,735022000.0,1879305000.0,7353158000.0,7353158000.0,0.0,0.085,0.148,0.275,0.117,47552000.0,2413296000.0,1.0,440422360.0,435828000.0,,16.872,3492348000.0,0.0,216480000.0,0.0,8.013,1476609000.0
46,VFC,MRT,2010-03-31,2010-04-03,2010-04-03,2021-08-25,-246241000.0,6472208000.0,6642871000.0,2650773000.0,3821435000.0,1.091,8.677,-94811000.0,718634000.0,718634000.0,3960685000.0,521483000.0,2.501,0.692,1189041000.0,251215000.0,937826000.0,1189041000.0,0.0,177073000.0,0.0,0.029,0.595,809655000.0,986728000.0,0.136,986728000.0,809655000.0,725269000.0,1.188,1.167,1.188,3826780000.0,3785607750.0,3826780000.0,9415540964.0,12.0,9.542,1098191000.0,2.49,1.0,3284006000.0,0.453,2892597000.0,84386000.0,2989951000.0,3272547000.0,952182000.0,0.0,0.0,0.0,2647342000.0,1060067000.0,1587275000.0,8959963964.0,442206000.0,-34231000.0,-108251000.0,-247287000.0,-262940000.0,-608387000.0,-141064000.0,0.0,1193002000.0,-1345000.0,523848000.0,523848000.0,523848000.0,0.0,-2365000.0,0.072,2485377000.0,798629000.0,296437000.0,0.501,2.341,17.104,17.05,601859000.0,0.0,20.255,1.237,1.233,787682000.0,2024856000.0,7244691000.0,7244691000.0,0.0,0.079,0.138,0.247,0.112,39144000.0,2363424000.0,1.0,442358132.0,441036000.0,,16.427,3579611000.0,0.0,201421000.0,0.0,8.116,1590706000.0
47,VFC,MRT,2009-12-31,2009-12-28,2009-12-28,2021-08-25,-209742000.0,6473863000.0,6662960000.0,2632562000.0,3841301000.0,1.084,8.593,-95594000.0,731549000.0,731549000.0,4025122000.0,458458000.0,2.402,0.697,1187126000.0,248632000.0,938494000.0,1187126000.0,0.0,170452000.0,0.0,0.032,0.592,743388000.0,913840000.0,0.127,913840000.0,743388000.0,657486000.0,1.045,1.032,1.045,3815151000.0,3722239250.0,3815151000.0,9198573056.0,12.0,10.066,877891000.0,1.977,1.0,3195164000.0,0.443,2902801000.0,85902000.0,2930850000.0,3427194500.0,958639000.0,0.0,0.0,0.0,2660578000.0,1095789000.0,1564789000.0,8183256056.0,349705000.0,-212339000.0,-49384000.0,-14261000.0,-261682000.0,-319343000.0,-316876000.0,0.0,973485000.0,12439000.0,461271000.0,461271000.0,461271000.0,0.0,-2813000.0,0.064,2458347000.0,736817000.0,373186000.0,0.567,2.145,17.741,17.639,614178000.0,0.0,18.433,1.133,1.133,776140000.0,2050109000.0,7220286000.0,7220286000.0,0.0,0.069,0.124,0.217,0.103,36038000.0,2336394000.0,1.0,443958012.0,443958012.0,,16.263,3571062000.0,64959000.0,196215000.0,0.0,8.044,1536773000.0
48,VFC,MRT,2009-09-30,2009-10-03,2009-10-03,2021-08-25,-201708000.0,6906166000.0,6652961250.0,2928733000.0,3977433000.0,1.085,8.696,-112086000.0,379148000.0,379148000.0,4095386000.0,509305000.0,2.161,0.79,1394465000.0,455322000.0,939143000.0,1394465000.0,0.0,169961000.0,0.0,0.034,0.59,782034000.0,951995000.0,0.132,951995000.0,782034000.0,692341000.0,1.16,1.145,1.16,3857011000.0,3657424500.0,3857011000.0,8820798231.0,11.0,9.266,771388000.0,1.739,1.0,3121681000.0,0.433,3038790000.0,89693000.0,3527636000.0,3584049500.0,1171151000.0,0.0,0.0,0.0,3048598000.0,1355057000.0,1693541000.0,7707927231.0,153191000.0,-207219000.0,-4048000.0,-155546000.0,-260438000.0,-415726000.0,-303751000.0,0.0,883474000.0,-10806000.0,510249000.0,510249000.0,510249000.0,0.0,-944000.0,0.071,2342801000.0,778880000.0,362010000.0,0.509,1.998,15.106,14.905,630080000.0,0.0,17.29,1.068,1.063,1102878000.0,2105758000.0,7217067000.0,7217067000.0,0.0,0.077,0.14,0.218,0.108,24766000.0,2342801000.0,1.0,445802616.0,443524000.0,,16.272,3867376000.0,0.0,182092000.0,0.0,8.72,1573676000.0
49,VFC,MRT,2009-06-30,2009-07-03,2009-07-03,2021-08-25,-249671000.0,6719247000.0,6672486000.0,2734877000.0,3984370000.0,1.099,8.262,-120936000.0,385202000.0,385202000.0,4157120000.0,525295000.0,2.338,0.844,1498073000.0,358283000.0,1139790000.0,1498073000.0,0.0,167152000.0,0.0,0.043,0.588,814152000.0,981304000.0,0.134,981304000.0,814152000.0,721474000.0,1.202,1.185,1.202,3643489000.0,3658422250.0,3643489000.0,7197916458.0,9.0,7.335,579807000.0,1.315,1.0,3172768000.0,0.433,3020549000.0,92678000.0,3641751000.0,3749600500.0,1221167000.0,0.0,0.0,0.0,3075417000.0,1169818000.0,1905599000.0,6042785458.0,109193000.0,-222113000.0,38152000.0,-35006000.0,-258547000.0,-245174000.0,-327373000.0,0.0,700743000.0,-19003000.0,526204000.0,526204000.0,526204000.0,0.0,-909000.0,0.072,2360568000.0,812200000.0,382491000.0,0.489,1.659,11.484,11.362,630369000.0,0.0,13.658,0.824,0.822,881014000.0,2006729000.0,7329888000.0,7329888000.0,0.0,0.079,0.144,0.217,0.111,25127000.0,2360568000.0,1.0,442451800.0,440972000.0,,16.622,3698698000.0,0.0,195270000.0,0.0,8.388,1565059000.0
50,VFC,MRT,2009-03-31,2009-04-03,2009-04-03,2021-08-25,-297760000.0,6552564000.0,6687784500.0,2621259000.0,3931305000.0,1.125,8.122,-132962000.0,276428000.0,276428000.0,4266190000.0,554335000.0,2.387,0.834,1431559000.0,291145000.0,1140414000.0,1431559000.0,0.0,163396000.0,0.0,0.036,0.585,860400000.0,1023796000.0,0.136,1023796000.0,860400000.0,766534000.0,1.27,1.25,1.27,3573306000.0,3671619000.0,3573306000.0,7907318749.0,9.0,7.724,561031000.0,1.275,1.0,3255543000.0,0.433,3000950000.0,93866000.0,3608541000.0,3831636500.0,1118073000.0,0.0,0.0,0.0,2978395000.0,1098204000.0,1880191000.0,7090714749.0,16573000.0,-300596000.0,21120000.0,-6502000.0,-256673000.0,-231291000.0,-420867000.0,0.0,693993000.0,-25262000.0,554655000.0,554655000.0,554655000.0,0.0,-320000.0,0.074,2399225000.0,856318000.0,323536000.0,0.461,1.984,12.784,12.671,632413000.0,0.0,16.093,0.943,0.941,996507000.0,1996972000.0,7521733000.0,7521733000.0,0.0,0.083,0.151,0.225,0.114,27426000.0,2399225000.0,1.0,440622324.0,439968000.0,,17.096,3551614000.0,0.0,211879000.0,0.0,8.072,1523055000.0
51,VFC,MRT,2008-12-31,2008-12-28,2008-12-28,2021-08-25,-276294000.0,6433868000.0,6710179250.0,2653010000.0,3780858000.0,1.139,8.076,-134808000.0,381844000.0,381844000.0,4283680000.0,602847000.0,2.621,0.809,1198448000.0,56902000.0,1141546000.0,1198448000.0,0.0,166171000.0,0.0,0.043,0.583,942042000.0,1108213000.0,0.145,1108213000.0,942042000.0,847992000.0,1.38,1.355,1.38,3555892000.0,3691149000.0,3555892000.0,7326726291.0,8.0,6.611,543593000.0,1.235,1.0,3358920000.0,0.439,2680020000.0,94050000.0,3558270000.0,3891312500.0,1151895000.0,0.0,0.0,0.0,2876623000.0,1012182000.0,1864441000.0,5993617291.0,59981000.0,-93377000.0,-84757000.0,-71368000.0,-255235000.0,-389761000.0,-215786000.0,0.0,678401000.0,-12873000.0,602748000.0,602748000.0,602748000.0,0.0,99000.0,0.079,2419925000.0,938995000.0,435381000.0,0.422,1.686,9.944,9.864,642727000.0,0.0,13.613,0.784,0.784,851282000.0,1972874000.0,7642600000.0,7642600000.0,0.0,0.09,0.163,0.242,0.123,31592000.0,2419925000.0,1.0,440302464.0,440302464.0,,17.358,3753848000.0,96339000.0,245244000.0,0.0,8.526,1640828000.0
52,VFC,MRT,2008-09-30,2008-09-27,2008-09-27,2021-08-25,78268000.0,6984265000.0,6713383500.0,3104387000.0,3879878000.0,1.145,8.847,-140822000.0,225957000.0,225957000.0,4289483000.0,652048000.0,2.197,0.808,1559066000.0,416896000.0,1142170000.0,1559066000.0,0.0,160264000.0,0.0,0.029,0.58,1017555000.0,1177819000.0,0.153,1177819000.0,1017555000.0,922290000.0,1.49,1.458,1.49,3861002000.0,3696383250.0,3861002000.0,10004929367.0,10.0,8.494,585933000.0,1.343,1.0,3396155000.0,0.442,2714210000.0,95265000.0,4189840000.0,3891035250.0,1341842000.0,0.0,0.0,0.0,3121422000.0,1413324000.0,1708098000.0,8737705367.0,32102000.0,-87144000.0,-94334000.0,-166475000.0,-254150000.0,-492566000.0,-213578000.0,0.0,726755000.0,11491000.0,651293000.0,651293000.0,651293000.0,-362000.0,755000.0,0.085,2386348000.0,1009807000.0,418712000.0,0.389,2.263,13.416,13.461,661577000.0,0.0,20.058,1.137,1.139,1313919000.0,1925132000.0,7685638000.0,7685638000.0,0.0,0.097,0.176,0.262,0.132,47788000.0,2386348000.0,1.0,435632824.0,436424000.0,,17.61,4270055000.0,0.0,270997000.0,0.0,9.784,1691063000.0
53,VFC,MRT,2008-06-30,2008-06-28,2008-06-28,2021-08-25,146453000.0,6780441000.0,6641313250.0,2839066000.0,3941375000.0,1.137,8.5,-129064000.0,276009000.0,276009000.0,4225305000.0,625204000.0,2.126,0.834,1543233000.0,400344000.0,1142889000.0,1543233000.0,0.0,154608000.0,0.0,0.032,0.573,999727000.0,1154335000.0,0.153,1154335000.0,999727000.0,909423000.0,1.428,1.393,1.428,3696276000.0,3573081000.0,3696276000.0,9060059130.0,9.0,7.849,672391000.0,1.546,1.0,3326865000.0,0.441,2742384000.0,90304000.0,3969895000.0,3835502750.0,1343856000.0,0.0,0.0,0.0,3082585000.0,1335386000.0,1747199000.0,7869452130.0,98160000.0,-948112000.0,-133756000.0,712955000.0,-250980000.0,338474000.0,-1063294000.0,0.0,801455000.0,21525000.0,624625000.0,624625000.0,624625000.0,1748000.0,579000.0,0.083,2337230000.0,989635000.0,477442000.0,0.401,2.129,12.599,12.624,667220000.0,0.0,18.027,1.042,1.038,994157000.0,1754433000.0,7552170000.0,7552170000.0,0.0,0.094,0.175,0.261,0.132,53971000.0,2337230000.0,1.0,436524872.0,434844000.0,,17.368,4038057000.0,0.0,284798000.0,0.0,9.286,1503680000.0
54,VFC,MRT,2008-03-31,2008-03-29,2008-03-29,2021-08-25,138974000.0,6642143000.0,6299558500.0,2778483000.0,3863660000.0,1.173,8.347,-117737000.0,259855000.0,259855000.0,4148269000.0,602848000.0,2.243,0.819,1450462000.0,306842000.0,1143620000.0,1450462000.0,0.0,146130000.0,0.0,0.03,0.565,979883000.0,1126013000.0,0.152,1126013000.0,979883000.0,899485000.0,1.373,1.337,1.373,3651426000.0,3443307000.0,3651426000.0,9265871689.0,9.0,8.229,671809000.0,1.536,1.0,3243812000.0,0.439,2746972000.0,80398000.0,3847245000.0,3610952500.0,1170594000.0,0.0,0.0,0.0,2989065000.0,1238533000.0,1750532000.0,8307576689.0,85700000.0,-542443000.0,-252399000.0,403254000.0,-248632000.0,-78881000.0,-646613000.0,0.0,789546000.0,21648000.0,602309000.0,602309000.0,602309000.0,25891000.0,539000.0,0.081,2249571000.0,994241000.0,367901000.0,0.412,2.275,13.793,13.796,658315000.0,0.0,18.942,1.124,1.121,1123141000.0,1739214000.0,7392081000.0,7392081000.0,0.0,0.096,0.175,0.271,0.133,56903000.0,2249571000.0,1.0,438568124.0,437444000.0,,16.898,3895171000.0,0.0,297176000.0,0.0,8.904,1539950000.0
55,VFC,MRT,2007-12-31,2007-12-29,2007-12-29,2021-08-25,61495000.0,6446685000.0,6056719750.0,2645129000.0,3801556000.0,1.192,8.126,-120230000.0,321863000.0,321863000.0,4080022000.0,592246000.0,2.332,0.802,1280158000.0,135348000.0,1144810000.0,1280158000.0,0.0,141227000.0,0.0,0.032,0.557,956575000.0,1097802000.0,0.152,1097802000.0,956575000.0,884453000.0,1.34,1.305,1.34,3576829000.0,3342458000.0,3576829000.0,9248792475.0,10.0,8.425,700346000.0,1.591,1.0,3139337000.0,0.435,2713432000.0,72122000.0,3557161000.0,3497261000.0,1138752000.0,0.0,0.0,0.0,2869856000.0,1134387000.0,1735469000.0,7727409475.0,-21361000.0,-699554000.0,-280461000.0,460872000.0,-246634000.0,-50652000.0,-806062000.0,0.0,820576000.0,14777000.0,591621000.0,591621000.0,591621000.0,21625000.0,625000.0,0.082,2173896000.0,965441000.0,509879000.0,0.416,2.16,13.061,13.101,651858000.0,0.0,17.555,1.07,1.07,970951000.0,1786216000.0,7219359000.0,7219359000.0,0.0,0.098,0.177,0.274,0.133,62413000.0,2173896000.0,1.0,440182824.0,440182824.0,,16.401,3733253000.0,104489000.0,292832000.0,0.0,8.481,1510742000.0
56,VFC,MRT,2007-09-30,2007-09-29,2007-09-29,2021-08-25,-29634000.0,6695984000.0,5811471750.0,2980622000.0,3715362000.0,1.181,7.677,-116743000.0,193855000.0,193855000.0,3882458000.0,535805000.0,1.924,0.988,1715238000.0,528446000.0,1186792000.0,1715238000.0,0.0,132654000.0,0.0,0.027,0.55,877297000.0,1009951000.0,0.147,1009951000.0,877297000.0,816035000.0,1.21,1.177,1.21,3367793000.0,3264543750.0,3367793000.0,9511118936.0,11.0,9.417,503457000.0,1.148,1.0,2980474000.0,0.434,2700782000.0,61262000.0,3967710000.0,3386397000.0,1295994000.0,0.0,0.0,0.0,3328191000.0,1548875000.0,1779316000.0,8881717936.0,39659000.0,-705435000.0,-232430000.0,688364000.0,-244585000.0,238469000.0,-828452000.0,0.0,620200000.0,9442000.0,535805000.0,535805000.0,535805000.0,54788000.0,0.0,0.078,2060430000.0,920044000.0,413814000.0,0.455,2.637,16.576,16.684,640726000.0,0.0,20.188,1.294,1.29,1266490000.0,1685982000.0,6862932000.0,6862932000.0,0.0,0.092,0.164,0.259,0.128,58822000.0,2060430000.0,1.0,439961260.0,438684000.0,,15.644,3995202000.0,0.0,280230000.0,0.0,9.107,1431747000.0
57,VFC,MRT,2007-06-30,2007-06-30,2007-06-30,2021-08-25,-58336000.0,5413422000.0,5556590000.0,2537147000.0,2876275000.0,1.188,7.188,-118883000.0,177849000.0,177849000.0,3737080000.0,526305000.0,2.375,0.704,807250000.0,205021000.0,602229000.0,807250000.0,0.0,130605000.0,0.0,0.024,0.55,847214000.0,977819000.0,0.148,977819000.0,847214000.0,789466000.0,1.183,1.155,1.183,3177180000.0,3203377000.0,3177180000.0,11047473004.0,13.0,11.298,473348000.0,1.071,1.0,2862791000.0,0.434,1902729000.0,57748000.0,3071694000.0,3269996250.0,1217721000.0,0.0,0.0,0.0,2236242000.0,1068400000.0,1167842000.0,10199208004.0,16177000.0,139334000.0,-208348000.0,-170750000.0,-245281000.0,-593472000.0,9627000.0,0.0,592231000.0,7791000.0,526305000.0,526305000.0,526305000.0,40928000.0,0.0,0.08,1985962000.0,876829000.0,424229000.0,0.465,3.21,19.379,19.353,594886000.0,0.0,22.895,1.545,1.533,924455000.0,1540694000.0,6599871000.0,6599871000.0,0.0,0.095,0.164,0.259,0.128,53969000.0,1985962000.0,1.0,445477528.0,442016000.0,,14.931,3510693000.0,0.0,263161000.0,0.0,7.942,1468747000.0
58,VFC,MRT,2007-03-31,2007-03-31,2007-03-31,2021-08-25,-97277000.0,5670788000.0,5554876750.0,2689095000.0,2981693000.0,1.158,7.257,-127554000.0,174155000.0,174155000.0,3636907000.0,543675000.0,2.157,0.746,1022420000.0,387140000.0,635280000.0,1022420000.0,0.0,131866000.0,0.0,0.027,0.55,855660000.0,987526000.0,0.153,987526000.0,855660000.0,797157000.0,1.223,1.195,1.223,3248030000.0,3139433750.0,3248030000.0,9748988069.0,11.0,9.872,450301000.0,1.006,1.0,2796884000.0,0.435,1879891000.0,58503000.0,3392479000.0,3323251250.0,1027073000.0,0.0,0.0,0.0,2422758000.0,1246683000.0,1176075000.0,9299510069.0,20141000.0,-190520000.0,-88060000.0,60528000.0,-245807000.0,-244954000.0,-321335000.0,0.0,577855000.0,8575000.0,543675000.0,543675000.0,543675000.0,7312000.0,0.0,0.085,1942728000.0,854156000.0,301698000.0,0.45,2.863,17.105,16.889,591940000.0,0.0,20.655,1.445,1.437,1002563000.0,1707305000.0,6433791000.0,6433791000.0,0.0,0.098,0.173,0.257,0.133,50529000.0,1942728000.0,1.0,450230456.0,447572000.0,,14.375,3790897000.0,0.0,253482000.0,0.0,8.47,1442412000.0
59,VFC,MRT,2006-12-31,2006-12-30,2006-12-30,2021-08-25,-123652000.0,5465693000.0,5441954000.0,2578010000.0,2887683000.0,1.142,7.304,-132807000.0,343224000.0,343224000.0,3515624000.0,533516000.0,2.54,0.674,792702000.0,157343000.0,635359000.0,792702000.0,0.0,128846000.0,0.0,0.024,0.485,832962000.0,961808000.0,0.155,961808000.0,832962000.0,775703000.0,1.205,1.18,1.205,3265172000.0,3040137750.0,3265172000.0,10023299778.0,12.0,10.421,357946000.0,0.801,1.0,2700170000.0,0.434,1786618000.0,57259000.0,3113705000.0,3274163750.0,958262000.0,0.0,0.0,0.0,2200521000.0,1014848000.0,1185673000.0,9173709778.0,46667000.0,-34634000.0,1093000.0,-94053000.0,-216529000.0,-285425000.0,-166747000.0,0.0,490753000.0,8086000.0,533516000.0,533516000.0,533516000.0,1535000.0,0.0,0.086,1874026000.0,826144000.0,385700000.0,0.402,2.81,17.195,17.029,593058000.0,0.0,20.52,1.476,1.476,809594000.0,1806875000.0,6215794000.0,6215794000.0,0.0,0.098,0.175,0.254,0.134,46427000.0,1874026000.0,1.0,447061880.0,447061880.0,,13.904,3679075000.0,84519000.0,242187000.0,0.0,8.229,1563162000.0
60,VFC,MRT,2006-09-30,2006-09-30,2006-09-30,2021-08-25,-155956000.0,5676457000.0,5368298500.0,2765467000.0,2910990000.0,1.009,7.047,-104913000.0,154196000.0,154196000.0,3004498000.0,552394000.0,2.22,0.818,1003786000.0,338311000.0,665475000.0,1003786000.0,0.0,119417000.0,0.0,0.023,0.42,842225000.0,961642000.0,0.178,961642000.0,842225000.0,785780000.0,1.245,1.223,1.245,3123126000.0,2925898000.0,3123126000.0,8888758964.0,11.0,9.243,337965000.0,0.763,1.0,2410312000.0,0.445,1778159000.0,56445000.0,3502107000.0,3200534250.0,1040024000.0,0.0,0.0,0.0,2553331000.0,1245781000.0,1307550000.0,8091762964.0,-61353000.0,-34538000.0,-85527000.0,-99738000.0,-187134000.0,-359148000.0,-151533000.0,0.0,442878000.0,6450000.0,552394000.0,552394000.0,552394000.0,-67172000.0,0.0,0.102,1649726000.0,760586000.0,357370000.0,0.337,2.591,14.649,14.649,560043000.0,0.0,18.238,1.494,1.493,1078172000.0,1759888000.0,5414810000.0,5414810000.0,0.0,0.103,0.189,0.263,0.156,40772000.0,1649726000.0,1.0,443688168.0,443208000.0,,12.217,3898298000.0,0.0,233386000.0,0.0,8.796,1519686000.0
61,VFC,MRT,2006-06-30,2006-07-01,2006-07-01,2021-08-25,-180782000.0,5406569000.0,5288332000.0,2534114000.0,2872455000.0,1.026,6.647,-110504000.0,161672000.0,161672000.0,3042090000.0,534317000.0,2.147,0.851,958668000.0,265309000.0,693359000.0,958668000.0,0.0,120596000.0,0.0,0.021,0.35,829566000.0,950162000.0,0.175,950162000.0,829566000.0,769599000.0,1.203,1.178,1.203,2921407000.0,2838967750.0,2921407000.0,8238689257.0,10.0,8.671,408227000.0,0.929,1.0,2384708000.0,0.439,1738797000.0,59967000.0,3284714000.0,3047313000.0,1044131000.0,0.0,0.0,0.0,2485162000.0,1180054000.0,1305108000.0,7455397257.0,-87845000.0,-4430000.0,-141617000.0,-212839000.0,-156414000.0,-496534000.0,-116401000.0,0.0,518731000.0,6359000.0,534317000.0,534317000.0,534317000.0,-55422000.0,0.0,0.098,1623944000.0,760764000.0,413187000.0,0.291,2.552,13.953,14.115,559077000.0,0.0,16.98,1.374,1.375,769086000.0,1623467000.0,5426798000.0,5426798000.0,0.0,0.101,0.188,0.272,0.153,42075000.0,1623944000.0,1.0,439069332.0,439516000.0,,12.347,3667772000.0,0.0,235282000.0,0.0,8.345,1354060000.0
62,VFC,MRT,2006-03-31,2006-04-01,2006-04-01,2021-08-25,-186975000.0,5219097000.0,5246694250.0,2352403000.0,2866694000.0,1.054,6.488,-101718000.0,154014000.0,154014000.0,3118348000.0,532034000.0,2.168,0.831,937306000.0,247987000.0,689319000.0,937306000.0,0.0,120739000.0,0.0,0.02,0.28,828158000.0,948897000.0,0.172,948897000.0,828158000.0,763557000.0,1.195,1.17,1.195,2850846000.0,2770787750.0,2850846000.0,6792720153.0,8.0,7.159,382354000.0,0.87,1.0,2409244000.0,0.436,1721203000.0,64601000.0,3196129000.0,2930167750.0,873550000.0,0.0,0.0,0.0,2368251000.0,1085057000.0,1283194000.0,6268637153.0,-211850000.0,-182579000.0,-175855000.0,-109533000.0,-125567000.0,-402374000.0,-285172000.0,0.0,484072000.0,-8376000.0,532034000.0,532034000.0,532034000.0,-45949000.0,0.0,0.096,1640485000.0,768759000.0,299419000.0,0.234,2.199,11.782,11.904,563339000.0,0.0,14.225,1.134,1.131,821020000.0,1626459000.0,5527592000.0,5527592000.0,0.0,0.101,0.192,0.283,0.15,40525000.0,1640485000.0,1.0,440677480.0,439416000.0,,12.579,3497894000.0,0.0,231523000.0,0.0,7.96,1267346000.0
63,VFC,MRT,2005-12-31,2005-12-31,2005-12-31,2021-08-25,-164802000.0,5171071000.0,5196837250.0,2365376000.0,2805695000.0,1.088,6.315,-108496000.0,296557000.0,296557000.0,3209312000.0,506702000.0,2.053,0.841,820640000.0,172912000.0,647728000.0,820640000.0,0.0,121434000.0,0.0,0.02,0.275,806362000.0,927796000.0,0.164,927796000.0,806362000.0,735766000.0,1.135,1.11,1.135,2808213000.0,2718854500.0,2808213000.0,6979166064.0,9.0,7.522,452850000.0,1.018,1.0,2444843000.0,0.432,1723824000.0,70596000.0,2819187000.0,2812409000.0,900452000.0,0.0,0.0,0.0,2362858000.0,1152143000.0,1210715000.0,6152522064.0,-188950000.0,-205171000.0,-129029000.0,-187788000.0,-124116000.0,-423493000.0,-314543000.0,0.0,561346000.0,-12260000.0,506702000.0,506702000.0,506702000.0,-35906000.0,0.0,0.09,1676892000.0,767951000.0,392709000.0,0.242,2.191,12.142,12.189,510678000.0,0.0,13.835,1.088,1.088,676265000.0,1585421000.0,5654155000.0,5654155000.0,0.0,0.098,0.186,0.287,0.143,40512000.0,1676892000.0,1.0,444707052.0,444707052.0,,12.714,3447247000.0,98586000.0,229064000.0,0.0,7.752,1213233000.0
64,VFC,MRT,2005-09-30,2005-10-01,2005-10-01,2021-08-25,-140607000.0,5356591000.0,5155139000.0,2535760000.0,2820831000.0,1.082,6.244,-103603000.0,215549000.0,215549000.0,3159825000.0,504535000.0,1.75,0.93,1042193000.0,514682000.0,527511000.0,1042193000.0,0.0,121665000.0,0.0,0.019,0.27,790690000.0,912355000.0,0.164,912355000.0,790690000.0,715168000.0,1.13,1.103,1.13,2775405000.0,2645111500.0,2775405000.0,7339894482.0,9.0,8.045,463702000.0,1.043,1.0,2419844000.0,0.434,1845143000.0,75522000.0,2889222000.0,2726648250.0,1170098000.0,0.0,0.0,0.0,2581186000.0,1448870000.0,1132316000.0,6472555482.0,33542000.0,-225450000.0,-53745000.0,-46077000.0,-122266000.0,-206110000.0,-329031000.0,0.0,567305000.0,-1942000.0,504535000.0,504535000.0,504535000.0,-75823000.0,0.0,0.09,1708494000.0,711350000.0,356438000.0,0.239,2.332,12.829,12.825,557168000.0,0.0,14.492,1.16,1.154,950649000.0,1543619000.0,5579669000.0,5579669000.0,0.0,0.098,0.191,0.29,0.142,45841000.0,1671135000.0,1.0,446614144.0,444456000.0,,12.554,3511448000.0,0.0,210633000.0,0.0,7.901,1086890000.0
65,VFC,MRT,2005-06-30,2005-07-02,2005-07-02,2021-08-25,-133028000.0,5240018000.0,5047656250.0,2418951000.0,2821067000.0,1.1,6.006,-95797000.0,249517000.0,249517000.0,3176953000.0,480342000.0,1.678,0.978,1116856000.0,557675000.0,559181000.0,1116856000.0,0.0,135331000.0,0.0,0.019,0.268,753796000.0,889127000.0,0.16,889127000.0,753796000.0,677809000.0,1.08,1.055,1.08,2648687000.0,2541983000.0,2648687000.0,7064799843.0,9.0,7.946,507799000.0,1.151,1.0,2373199000.0,0.428,1849279000.0,75987000.0,2816133000.0,2693062500.0,1177324000.0,0.0,0.0,0.0,2591331000.0,1441945000.0,1149386000.0,6432385843.0,72135000.0,-239063000.0,-6548000.0,-79673000.0,-121029000.0,-196596000.0,-335662000.0,0.0,603596000.0,-2339000.0,480342000.0,480342000.0,480342000.0,-75823000.0,0.0,0.087,1683469000.0,689730000.0,384757000.0,0.248,2.429,13.391,13.28,559587000.0,0.0,14.342,1.159,1.14,792747000.0,1451625000.0,5550152000.0,5550152000.0,0.0,0.095,0.189,0.28,0.136,35688000.0,1658861000.0,1.0,448484284.0,441016000.0,,12.585,3390739000.0,0.0,197467000.0,0.0,7.688,977006000.0
66,VFC,MRT,2005-03-31,2005-04-02,2005-04-02,2021-08-25,-110062000.0,5019669000.0,4942162000.0,2353957000.0,2665712000.0,1.086,5.912,-95813000.0,365864000.0,365864000.0,3104849000.0,473681000.0,1.89,0.899,998278000.0,439415000.0,558863000.0,998278000.0,0.0,131208000.0,0.0,0.018,0.265,749308000.0,880516000.0,0.164,880516000.0,749308000.0,673241000.0,1.067,1.042,1.067,2643113000.0,2432745000.0,2643113000.0,7053781194.0,9.0,8.011,555539000.0,1.243,1.0,2262733000.0,0.422,1681809000.0,76067000.0,2725094000.0,2739926000.0,987737000.0,0.0,0.0,0.0,2376556000.0,1245180000.0,1131376000.0,6538587194.0,-185824000.0,-668389000.0,59927000.0,-30587000.0,-119591000.0,-80953000.0,-769781000.0,0.0,651352000.0,10422000.0,473681000.0,473681000.0,473681000.0,-75823000.0,0.0,0.088,1587375000.0,675358000.0,319010000.0,0.248,2.474,13.804,13.636,572404000.0,0.0,14.55,1.218,1.212,844009000.0,1441369000.0,5367582000.0,5367582000.0,0.0,0.096,0.195,0.273,0.14,27276000.0,1574135000.0,1.0,449387436.0,447044000.0,,12.007,3337860000.0,0.0,199560000.0,0.0,7.467,1108777000.0
67,VFC,MRT,2004-12-31,2004-12-31,2004-12-31,2021-08-25,-113071000.0,5004278000.0,4771725000.0,2378568000.0,2625710000.0,1.094,5.657,-75074000.0,485507000.0,485507000.0,3067678000.0,474702000.0,1.733,0.991,1000701000.0,444062000.0,556639000.0,1000701000.0,0.0,130216000.0,0.0,0.019,0.263,747513000.0,877729000.0,0.168,877729000.0,747513000.0,671492000.0,1.075,1.052,1.075,2513241000.0,2303998500.0,2513241000.0,7076893736.0,9.0,8.063,648917000.0,1.461,1.0,2150388000.0,0.412,1671114000.0,76021000.0,2476144000.0,2821570000.0,973248000.0,0.0,0.0,0.0,2491037000.0,1372214000.0,1118823000.0,6151381736.0,-29278000.0,-644572000.0,106613000.0,-22550000.0,-117731000.0,-34398000.0,-729258000.0,0.0,723991000.0,10387000.0,474702000.0,474702000.0,474702000.0,-75823000.0,0.0,0.091,1486031000.0,664357000.0,369937000.0,0.245,2.448,12.958,12.879,572254000.0,0.0,13.845,1.179,1.179,751582000.0,1427283000.0,5218066000.0,5218066000.0,0.0,0.099,0.206,0.265,0.143,10047000.0,1486031000.0,1.0,444303484.0,444303484.0,,11.744,3333164000.0,99338000.0,196790000.0,0.0,7.502,1006354000.0
68,VFC,MRT,2004-09-30,2004-10-02,2004-10-02,2021-08-25,-129346000.0,4926660000.0,4582043500.0,2314496000.0,2612164000.0,1.292,5.363,-67722000.0,182007000.0,182007000.0,3589589000.0,455032000.0,1.604,1.085,1107519000.0,550420000.0,557099000.0,1107519000.0,0.0,138539000.0,0.0,0.021,0.26,750072000.0,888611000.0,0.15,888611000.0,750072000.0,675086000.0,1.037,1.018,1.037,2362891000.0,2163515000.0,2362891000.0,6537543543.0,9.0,7.357,729332000.0,1.655,1.0,2330390000.0,0.394,1654688000.0,74986000.0,2754879000.0,2910228750.0,1052776000.0,0.0,0.0,0.0,2563769000.0,1442605000.0,1121164000.0,5484094543.0,-35484000.0,-624290000.0,102042000.0,-147284000.0,-115885000.0,-161755000.0,-685170000.0,0.0,797054000.0,15002000.0,455032000.0,455032000.0,455032000.0,0.0,0.0,0.077,1590096000.0,740294000.0,347214000.0,0.251,2.321,12.052,11.991,575268000.0,0.0,12.435,0.926,0.925,923610000.0,1332421000.0,5919979000.0,5919979000.0,0.0,0.099,0.21,0.258,0.127,1584000.0,1605727000.0,1.0,441020872.0,440596000.0,,13.436,3271972000.0,0.0,220054000.0,0.0,7.426,871891000.0
69,VFC,MRT,2004-06-30,2004-07-03,2004-07-03,2021-08-25,-134759000.0,4818041000.0,4420679000.0,2182980000.0,2635061000.0,1.258,5.042,-66616000.0,177382000.0,177382000.0,3415173000.0,424884000.0,1.826,1.178,1230831000.0,372262000.0,858569000.0,1230831000.0,0.0,120694000.0,0.0,0.021,0.258,702502000.0,823196000.0,0.148,823196000.0,702502000.0,632369000.0,0.975,0.958,0.975,2211735000.0,2036088250.0,2211735000.0,5760515170.0,8.0,6.998,747761000.0,1.705,1.0,2147640000.0,0.386,1672598000.0,70133000.0,3003587000.0,2996869000.0,1094120000.0,0.0,0.0,0.0,2606306000.0,1195305000.0,1411001000.0,5317742170.0,-27595000.0,-1185081000.0,89500000.0,417931000.0,-114104000.0,392699000.0,-1246460000.0,0.0,814377000.0,13046000.0,424884000.0,424884000.0,424884000.0,0.0,0.0,0.076,1469152000.0,678488000.0,379699000.0,0.265,2.404,12.516,12.41,594193000.0,0.0,12.1,0.956,0.954,763013000.0,1205577000.0,5562813000.0,5562813000.0,0.0,0.096,0.209,0.234,0.126,1584000.0,1481391000.0,1.0,439482824.0,438620000.0,,12.683,3145443000.0,0.0,207485000.0,0.0,7.171,987675000.0
70,VFC,MRT,2004-03-31,2004-04-03,2004-04-03,2021-08-25,-135529000.0,4337921000.0,4095446000.0,2297530000.0,2040391000.0,1.325,4.893,-66526000.0,551688000.0,551688000.0,3359476000.0,409741000.0,3.229,1.038,994461000.0,37730000.0,956731000.0,994461000.0,0.0,116688000.0,0.0,0.022,0.255,680267000.0,796955000.0,0.147,796955000.0,680267000.0,614469000.0,0.942,0.928,0.942,2128127000.0,1920321250.0,2128127000.0,5628687888.0,8.0,7.063,652147000.0,1.499,1.0,2068542000.0,0.381,1017463000.0,65798000.0,3051670000.0,2927377500.0,872568000.0,0.0,0.0,0.0,2209794000.0,711561000.0,1498233000.0,5151997888.0,286348000.0,-575124000.0,41324000.0,252823000.0,-112449000.0,180770000.0,-636544000.0,0.0,718673000.0,22934000.0,409741000.0,409741000.0,409741000.0,0.0,0.0,0.075,1403853000.0,664689000.0,256899000.0,0.271,2.421,12.574,12.503,579387000.0,0.0,11.777,0.949,0.944,747337000.0,1143803000.0,5428018000.0,5428018000.0,0.0,0.1,0.213,0.232,0.125,1584000.0,1410763000.0,1.0,437444100.0,434920000.0,,12.48,3320458000.0,0.0,204728000.0,0.0,7.635,1585969000.0
71,VFC,MRT,2003-12-31,2004-01-03,2004-01-03,2021-08-25,-189455000.0,4245552000.0,3869033500.0,2208531000.0,2037021000.0,1.356,4.514,-78815000.0,514785000.0,514785000.0,3262375000.0,397933000.0,2.533,1.176,991475000.0,35092000.0,956383000.0,991475000.0,0.0,118138000.0,0.0,0.024,0.253,659874000.0,778012000.0,0.148,778012000.0,659874000.0,598506000.0,0.917,0.902,0.917,1951307000.0,1814456750.0,1951307000.0,5521583907.0,8.0,7.097,460857000.0,1.066,1.0,1983029000.0,0.378,1019606000.0,61368000.0,2830779000.0,2816208750.0,932985000.0,0.0,0.0,0.0,2294245000.0,871857000.0,1422388000.0,4601296907.0,18418000.0,-578038000.0,-28769000.0,245847000.0,-111258000.0,105310000.0,-656904000.0,0.0,539672000.0,30340000.0,397933000.0,397933000.0,397933000.0,0.0,0.0,0.076,1338140000.0,644889000.0,315219000.0,0.276,2.358,11.563,11.609,591680000.0,0.0,10.645,0.877,0.877,633863000.0,1067602000.0,5245404000.0,5245404000.0,0.0,0.103,0.219,0.234,0.126,1584000.0,1338140000.0,1.0,432249592.0,432249592.0,,12.135,3225946000.0,0.0,200573000.0,0.0,7.463,1336674000.0
72,VFC,MRT,2003-09-30,2003-10-04,2003-10-04,2021-08-25,-181821000.0,4281202000.0,3683433250.0,2302303000.0,1978899000.0,1.393,4.321,-88575000.0,217491000.0,217491000.0,3267075000.0,368900000.0,2.216,1.31,1137778000.0,226929000.0,910849000.0,1137778000.0,0.0,111259000.0,0.0,0.025,0.25,616816000.0,728075000.0,0.142,728075000.0,616816000.0,559290000.0,0.847,0.83,0.847,1853184000.0,1741092000.0,1853184000.0,4755340400.0,8.0,6.531,210434000.0,0.491,1.0,1863741000.0,0.363,1061023000.0,57526000.0,3101440000.0,2689156000.0,1062585000.0,0.0,0.0,0.0,2428018000.0,1039026000.0,1388992000.0,4296983400.0,-37486000.0,-578489000.0,-49832000.0,454350000.0,-110407000.0,293504000.0,-653925000.0,0.0,299009000.0,22987000.0,368900000.0,368900000.0,368900000.0,-6263000.0,0.0,0.072,1264384000.0,599357000.0,246337000.0,0.295,2.319,11.648,11.806,600408000.0,0.0,10.0,0.837,0.836,840159000.0,989344000.0,5130816000.0,5130816000.0,0.0,0.1,0.212,0.229,0.12,1003000.0,1290532000.0,1.0,429698340.0,428852000.0,,11.964,3220179000.0,0.0,190390000.0,0.0,7.509,1263277000.0
73,VFC,MRT,2003-06-30,2003-07-05,2003-07-05,2021-08-25,-181537000.0,3517109000.0,3487847250.0,2078055000.0,1439054000.0,1.461,4.07,-80569000.0,204977000.0,204977000.0,3239867000.0,371860000.0,2.711,1.011,663334000.0,61179000.0,602155000.0,663334000.0,0.0,110866000.0,0.0,0.029,0.247,629641000.0,740507000.0,0.145,740507000.0,629641000.0,565216000.0,0.847,0.832,0.847,1748667000.0,1703434250.0,1748667000.0,4073006450.0,6.0,5.5,208883000.0,0.486,1.0,1855935000.0,0.364,483211000.0,64425000.0,2725621000.0,2540942250.0,1030931000.0,0.0,0.0,0.0,1768442000.0,766634000.0,1001808000.0,3676839450.0,-67222000.0,-4442000.0,-92110000.0,-108547000.0,-109748000.0,-313410000.0,-74463000.0,0.0,289452000.0,24900000.0,371860000.0,371860000.0,371860000.0,-5948000.0,0.0,0.073,1244839000.0,611096000.0,262930000.0,0.292,2.103,9.888,10.047,557907000.0,0.0,8.51,0.722,0.718,695499000.0,889647000.0,5095802000.0,5095802000.0,0.0,0.107,0.218,0.248,0.124,1003000.0,1269698000.0,1.0,432061040.0,429648000.0,,11.86,3033898000.0,0.0,193356000.0,0.0,7.061,1311421000.0
74,VFC,MRT,2003-03-31,2003-04-05,2003-04-05,2021-08-25,-205400000.0,3432271000.0,3476653250.0,1995598000.0,1436673000.0,1.473,3.933,-64874000.0,265340000.0,265340000.0,3250932000.0,385781000.0,2.684,1.013,661507000.0,59335000.0,602172000.0,661507000.0,0.0,111429000.0,0.0,0.026,0.245,655146000.0,766575000.0,0.15,766575000.0,655146000.0,588463000.0,0.873,0.86,0.873,1704669000.0,1677477250.0,1704669000.0,4302438023.0,7.0,5.613,336106000.0,0.775,1.0,1870384000.0,0.365,477922000.0,66683000.0,2606995000.0,2524712500.0,894116000.0,0.0,0.0,0.0,1727602000.0,743521000.0,984081000.0,4134822023.0,44260000.0,-4256000.0,-96042000.0,-111898000.0,-109596000.0,-323424000.0,-72098000.0,0.0,400980000.0,19359000.0,385781000.0,385781000.0,385781000.0,-6334000.0,0.0,0.075,1232975000.0,637409000.0,235758000.0,0.281,2.426,10.718,10.888,560549000.0,0.0,9.505,0.807,0.804,688908000.0,871127000.0,5121316000.0,5121316000.0,0.0,0.111,0.23,0.259,0.128,1003000.0,1257119000.0,1.0,435015468.0,433424000.0,,11.816,2954349000.0,0.0,202682000.0,0.0,6.816,1252077000.0
75,VFC,MRT,2002-12-31,2003-01-04,2003-01-04,2021-08-25,-214141000.0,3503151000.0,3472833250.0,2074540000.0,1428611000.0,1.464,3.815,-50913000.0,496367000.0,496367000.0,3254008000.0,-154543000.0,2.371,1.113,663983000.0,61696000.0,602287000.0,663983000.0,0.0,107398000.0,0.0,0.026,0.242,114082000.0,221480000.0,0.044,221480000.0,114082000.0,42757000.0,-0.372,-0.345,-0.372,1657848000.0,1656208250.0,1657848000.0,4465265274.0,39.0,20.161,594671000.0,1.368,1.0,1829515000.0,0.36,473355000.0,71325000.0,2322568000.0,2542162500.0,830518000.0,0.0,0.0,0.0,1845303000.0,874844000.0,970459000.0,4060362274.0,164318000.0,-1342000.0,-84870000.0,-318150000.0,-108773000.0,-520083000.0,-44580000.0,0.0,645584000.0,13498000.0,-154543000.0,-154543000.0,-154543000.0,-8283000.0,0.0,-0.03,1207591000.0,621924000.0,298456000.0,-0.651,2.449,-26.273,-25.114,566546000.0,0.0,9.342,0.799,0.799,587859000.0,833332000.0,5083523000.0,5083523000.0,0.0,-0.045,-0.093,0.045,0.022,1003000.0,1229902000.0,1.0,434611964.0,434611964.0,,11.697,3029796000.0,258589000.0,197300000.0,0.0,6.971,1199696000.0
76,VFC,MRT,2002-09-30,2002-09-28,2002-09-28,2021-08-25,-114280000.0,3498858000.0,3622799500.0,2044263000.0,1454595000.0,1.382,3.913,-61221000.0,254977000.0,254977000.0,3283084000.0,-343740000.0,2.22,1.055,659880000.0,57330000.0,602550000.0,659880000.0,0.0,100670000.0,0.0,0.026,0.24,-103695000.0,-3025000.0,-0.001,-3025000.0,-103695000.0,-181839000.0,-0.795,-0.75,-0.795,1702553000.0,1769945250.0,1702553000.0,4587800211.0,-44.0,-1516.628,606834000.0,1.395,1.0,1723549000.0,0.344,474500000.0,78144000.0,2508585000.0,2696950250.0,878636000.0,0.0,0.0,0.0,1796305000.0,920676000.0,875629000.0,4091280211.0,121897000.0,-2842000.0,-118046000.0,-362613000.0,-108280000.0,-593758000.0,-90034000.0,0.0,668055000.0,4974000.0,-343740000.0,-343740000.0,-343740000.0,77909000.0,0.0,-0.069,1234117000.0,489432000.0,270950000.0,-0.302,2.403,-11.902,-11.761,569765000.0,0.0,9.35,0.817,0.812,744918000.0,781801000.0,5006633000.0,5006633000.0,0.0,-0.095,-0.194,-0.038,-0.021,0.0,1247386000.0,1.0,437570076.0,435068000.0,,11.508,3024358000.0,0.0,161901000.0,0.0,6.951,1123587000.0
77,VFC,MRT,2002-06-30,2002-06-29,2002-06-29,2021-08-25,-108871000.0,3472333000.0,3831577000.0,1980213000.0,1492120000.0,1.308,3.751,-63092000.0,272199000.0,272199000.0,3325608000.0,-368429000.0,2.367,1.111,768719000.0,65942000.0,702777000.0,768719000.0,0.0,104141000.0,0.0,0.024,0.237,-130589000.0,-26448000.0,-0.005,-26448000.0,-130589000.0,-210185000.0,-0.855,-0.813,-0.855,1644839000.0,1918092250.0,1644839000.0,4867325935.0,-37.0,-184.034,666295000.0,1.519,1.0,1687295000.0,0.337,471534000.0,79596000.0,2660702000.0,2903249500.0,892620000.0,0.0,0.0,0.0,1827494000.0,836617000.0,990877000.0,4317605935.0,171799000.0,-5057000.0,-111791000.0,-410475000.0,-107891000.0,-626362000.0,-80864000.0,0.0,729387000.0,6041000.0,-368429000.0,-368429000.0,-368429000.0,77243000.0,0.0,-0.073,1224621000.0,462674000.0,264924000.0,-0.277,2.625,-11.719,-11.465,592765000.0,0.0,9.803,0.861,0.857,640857000.0,720370000.0,5012903000.0,5012903000.0,0.0,-0.096,-0.192,-0.045,-0.026,0.0,1227518000.0,1.0,440459672.0,438504000.0,,11.432,3000799000.0,0.0,158244000.0,0.0,6.843,1143596000.0
78,VFC,MRT,2002-03-31,2002-03-30,2002-03-30,2021-08-25,-106945000.0,3416991000.0,4065535500.0,1919005000.0,1497986000.0,1.273,3.682,-76386000.0,221080000.0,221080000.0,3476575000.0,-387914000.0,2.342,1.11,770800000.0,66949000.0,703851000.0,770800000.0,0.0,120880000.0,0.0,0.022,0.235,-149516000.0,-28636000.0,-0.006,-28636000.0,-149516000.0,-236795000.0,-0.9,-0.86,-0.9,1619593000.0,2066002500.0,1619593000.0,5419990585.0,-36.0,-189.272,593700000.0,1.35,1.0,1699030000.0,0.328,470466000.0,87279000.0,2676795000.0,3092238000.0,817857000.0,0.0,0.0,0.0,1797398000.0,819450000.0,977948000.0,4769408585.0,127400000.0,-5057000.0,-94988000.0,-396801000.0,-107111000.0,-594908000.0,-75102000.0,0.0,670086000.0,-1357000.0,-387914000.0,-387914000.0,-387914000.0,77629000.0,0.0,-0.075,1253341000.0,445689000.0,231302000.0,-0.261,2.945,-12.295,-12.014,616165000.0,0.0,10.812,0.922,0.919,662993000.0,703047000.0,5175605000.0,5175605000.0,0.0,-0.095,-0.188,-0.048,-0.029,0.0,1246716000.0,1.0,441101372.0,439820000.0,,11.768,2946525000.0,0.0,151119000.0,0.0,6.699,1099555000.0
79,VFC,MRT,2001-12-31,2001-12-29,2001-12-29,2021-08-25,-103040000.0,4103016000.0,4307904750.0,2031420000.0,2071596000.0,1.212,4.76,-84613000.0,332049000.0,332049000.0,3504233000.0,137830000.0,2.496,0.942,982631000.0,78596000.0,904035000.0,982631000.0,0.0,138058000.0,0.0,0.024,0.232,383301000.0,521359000.0,0.1,521359000.0,383301000.0,289937000.0,0.297,0.297,0.297,2112796000.0,2213368000.0,2112796000.0,5181497563.0,14.0,9.938,515943000.0,1.162,1.0,1716184000.0,0.329,998046000.0,93364000.0,2941719000.0,3264768500.0,866565000.0,0.0,0.0,0.0,1990220000.0,813833000.0,1176387000.0,4290103563.0,213158000.0,-5057000.0,-101960000.0,-176152000.0,-106864000.0,-377783000.0,-90833000.0,0.0,600556000.0,-658000.0,137830000.0,137830000.0,137830000.0,79448000.0,0.0,0.026,1261757000.0,454427000.0,240292000.0,0.781,2.031,31.126,32.542,642337000.0,0.0,9.665,0.822,0.822,572012000.0,1221200000.0,5220417000.0,5220417000.0,0.0,0.032,0.062,0.117,0.073,0.0,1247000000.0,1.0,443880348.0,443880348.0,,11.761,3104970000.0,134842000.0,152107000.0,0.0,6.995,1217587000.0
80,VFC,MRT,2001-09-30,2001-09-29,2001-09-29,2021-08-25,-90611000.0,4333968000.0,4371689750.0,2149106000.0,2184862000.0,1.206,5.155,-79205000.0,133080000.0,133080000.0,3483652000.0,260586000.0,2.456,0.888,1024474000.0,120256000.0,904218000.0,1024474000.0,0.0,114617000.0,0.0,0.031,0.23,518893000.0,633510000.0,0.12,633510000.0,518893000.0,420412000.0,0.575,0.565,0.575,2295141000.0,2233122250.0,2295141000.0,4362027068.0,8.0,6.885,458224000.0,1.029,1.0,1787014000.0,0.339,1016561000.0,98481000.0,3333782000.0,3353646000.0,1032358000.0,0.0,0.0,0.0,2038827000.0,875019000.0,1163808000.0,3277977068.0,-99853000.0,-41226000.0,-112668000.0,-334898000.0,-106358000.0,-548666000.0,-111012000.0,0.0,537429000.0,4596000.0,260586000.0,260586000.0,260586000.0,-1516000.0,0.0,0.049,1275189000.0,511825000.0,242466000.0,0.4,1.428,12.579,12.726,684393000.0,0.0,7.317,0.622,0.618,741589000.0,1396418000.0,5270666000.0,5270666000.0,0.0,0.06,0.117,0.155,0.098,0.0,1234970000.0,1.0,447964068.0,445236000.0,,11.838,3317407000.0,0.0,159826000.0,0.0,7.451,1274087000.0
81,VFC,MRT,2001-06-30,2001-06-30,2001-06-30,2021-08-25,-98765000.0,4408167000.0,4463826750.0,2193355000.0,2214812000.0,1.224,5.011,-106814000.0,100400000.0,100400000.0,3626273000.0,260387000.0,2.2,0.971,1184450000.0,279981000.0,904469000.0,1184450000.0,0.0,126995000.0,0.0,0.025,0.228,516990000.0,643985000.0,0.118,643985000.0,516990000.0,417389000.0,0.57,0.56,0.57,2236480000.0,2219444750.0,2236480000.0,5152986115.0,10.0,8.002,348888000.0,0.782,1.0,1837598000.0,0.336,1078501000.0,99601000.0,3416656000.0,3377922750.0,1213486000.0,0.0,0.0,0.0,2171687000.0,997060000.0,1174627000.0,4074209115.0,2012000.0,-66183000.0,-95203000.0,-68359000.0,-105960000.0,-269242000.0,-184715000.0,0.0,455702000.0,-2062000.0,260387000.0,260387000.0,260387000.0,-1165000.0,0.0,0.048,1326994000.0,510604000.0,290099000.0,0.4,1.822,15.647,15.956,741565000.0,0.0,9.095,0.746,0.743,723007000.0,1353503000.0,5463871000.0,5463871000.0,0.0,0.058,0.117,0.153,0.095,0.0,1283595000.0,1.0,447961420.0,446284000.0,,12.243,3329666000.0,0.0,157002000.0,0.0,7.461,1196295000.0
82,VFC,MRT,2001-03-31,2001-03-31,2001-03-31,2021-08-25,-98351000.0,4386468000.0,4487774250.0,2168041000.0,2218427000.0,1.219,4.933,-115252000.0,93680000.0,93680000.0,3617696000.0,266751000.0,2.14,0.986,1172457000.0,267733000.0,904724000.0,1172457000.0,0.0,126873000.0,0.0,0.026,0.225,523088000.0,649961000.0,0.119,649961000.0,523088000.0,427178000.0,0.58,0.57,0.58,2209055000.0,2207918750.0,2209055000.0,4975916360.0,10.0,7.656,280343000.0,0.626,1.0,1853542000.0,0.339,1085140000.0,95910000.0,3366917000.0,3247516000.0,1138236000.0,0.0,0.0,0.0,2177413000.0,1013188000.0,1164225000.0,3928767360.0,12434000.0,-308062000.0,-78446000.0,246995000.0,-105501000.0,67574000.0,-450134000.0,0.0,395595000.0,-2930000.0,266751000.0,266751000.0,266751000.0,-1165000.0,0.0,0.049,1340478000.0,513064000.0,276378000.0,0.388,1.778,14.728,15.086,751900000.0,0.0,8.75,0.718,0.716,787506000.0,1349604000.0,5471238000.0,5471238000.0,0.0,0.059,0.121,0.161,0.096,0.0,1297532000.0,1.0,449001984.0,447816000.0,,12.218,3301328000.0,0.0,160427000.0,0.0,7.372,1154853000.0
83,VFC,MRT,2000-12-31,2000-12-30,2000-12-30,2021-08-25,-87875000.0,4358156000.0,4410586750.0,2110096000.0,2248060000.0,1.225,4.817,-118620000.0,118891000.0,118891000.0,3572871000.0,260334000.0,2.097,0.988,1166040000.0,261004000.0,905036000.0,1166040000.0,0.0,125386000.0,0.0,0.025,0.223,510212000.0,635598000.0,0.118,635598000.0,510212000.0,421701000.0,0.562,0.552,0.562,2191813000.0,2194748750.0,2191813000.0,5270116683.0,10.0,8.292,315761000.0,0.694,1.0,1830252000.0,0.339,1101876000.0,88511000.0,3297229000.0,3102949750.0,1124438000.0,0.0,0.0,0.0,2166343000.0,1006200000.0,1160143000.0,4122792683.0,39030000.0,-308062000.0,-104406000.0,246086000.0,-104920000.0,41253000.0,-436635000.0,0.0,434381000.0,-2298000.0,260334000.0,260334000.0,260334000.0,-1165000.0,0.0,0.048,1324694000.0,505558000.0,340127000.0,0.397,1.881,15.837,16.121,776015000.0,0.0,9.06,0.763,0.763,716299000.0,1333988000.0,5403123000.0,5403123000.0,0.0,0.059,0.119,0.164,0.094,0.0,1282281000.0,1.0,455054380.0,455054380.0,,11.874,3256280000.0,118314000.0,161367000.0,0.0,7.156,1103896000.0
84,VFC,MRT,2000-09-30,2000-09-30,2000-09-30,2021-08-25,-94806000.0,4702516000.0,4327676250.0,2404881000.0,2297635000.0,1.305,4.913,-120232000.0,232933000.0,232933000.0,3722817000.0,347373000.0,1.854,1.099,1380257000.0,474430000.0,905827000.0,1380257000.0,0.0,170745000.0,0.0,0.036,0.22,643140000.0,813885000.0,0.144,813885000.0,643140000.0,563094000.0,0.745,0.73,0.745,2240431000.0,2187750000.0,2240431000.0,3998005107.0,6.0,4.912,259737000.0,0.57,1.0,1926242000.0,0.341,1122075000.0,80046000.0,3430889000.0,2971701000.0,1188089000.0,0.0,0.0,0.0,2462085000.0,1296876000.0,1165209000.0,2827982107.0,151150000.0,-270783000.0,-114765000.0,387947000.0,-104664000.0,169684000.0,-391032000.0,0.0,379969000.0,-7471000.0,347373000.0,347373000.0,347373000.0,0.0,0.0,0.061,1293255000.0,632987000.0,353598000.0,0.295,1.262,8.141,8.285,793142000.0,0.0,6.173,0.501,0.498,854736000.0,1389250000.0,5649059000.0,5649059000.0,0.0,0.08,0.159,0.216,0.114,0.0,1277655000.0,1.0,458158300.0,456052000.0,,12.387,3580441000.0,0.0,215721000.0,0.0,7.851,1108005000.0
85,VFC,MRT,2000-06-30,2000-07-01,2000-07-01,2021-08-25,-82490000.0,4503957000.0,4197631250.0,2228303000.0,2275654000.0,1.314,4.798,-115378000.0,98388000.0,98388000.0,3628498000.0,347908000.0,1.348,1.056,1268411000.0,850890000.0,417521000.0,1268411000.0,0.0,169589000.0,0.0,0.036,0.217,641363000.0,810952000.0,0.147,810952000.0,641363000.0,566970000.0,0.738,0.723,0.738,2190376000.0,2165934000.0,2190376000.0,3578200565.0,6.0,4.412,368077000.0,0.806,1.0,1885553000.0,0.342,1125307000.0,74393000.0,2895029000.0,2815154500.0,1192468000.0,0.0,0.0,0.0,2313581000.0,1653644000.0,659937000.0,2718801565.0,14923000.0,-281333000.0,-151352000.0,176717000.0,-104373000.0,-76890000.0,-388983000.0,0.0,483455000.0,-2659000.0,347908000.0,347908000.0,347908000.0,0.0,0.0,0.063,1254559000.0,630994000.0,365335000.0,0.294,1.241,7.815,8.066,789370000.0,0.0,5.952,0.493,0.493,817119000.0,1326453000.0,5514051000.0,5514051000.0,0.0,0.083,0.161,0.228,0.116,0.0,1241403000.0,1.0,456749528.0,456500000.0,,12.079,3378650000.0,0.0,219062000.0,0.0,7.401,574659000.0
86,VFC,MRT,2000-03-31,2000-04-01,2000-04-01,2021-08-25,-66708000.0,4077718000.0,4118383000.0,1957993000.0,2119725000.0,1.347,4.673,-125723000.0,81246000.0,81246000.0,3663927000.0,351745000.0,1.676,0.891,940645000.0,423505000.0,517140000.0,940645000.0,0.0,169143000.0,0.0,0.036,0.215,646719000.0,815862000.0,0.147,815862000.0,646719000.0,574432000.0,0.737,0.723,0.737,2156375000.0,2149555000.0,2156375000.0,3621310750.0,6.0,4.439,359196000.0,0.778,1.0,1884629000.0,0.34,980235000.0,72287000.0,2788652000.0,2817642250.0,994111000.0,0.0,0.0,0.0,1921343000.0,1168230000.0,753113000.0,2769654750.0,-7534000.0,-40548000.0,-164616000.0,-58304000.0,-104378000.0,-326692000.0,-162779000.0,0.0,484919000.0,-2982000.0,351745000.0,351745000.0,351745000.0,0.0,0.0,0.063,1246326000.0,638303000.0,315284000.0,0.292,1.284,7.874,8.161,788812000.0,0.0,6.015,0.499,0.5,777996000.0,1276955000.0,5548556000.0,5548556000.0,0.0,0.085,0.164,0.23,0.117,0.0,1233883000.0,1.0,460457980.0,461412000.0,,12.025,3097483000.0,0.0,222687000.0,0.0,6.713,789763000.0
87,VFC,MRT,1999-12-31,2000-01-01,2000-01-01,2021-08-25,-64756000.0,4026514000.0,4133595250.0,1877416000.0,2149098000.0,1.343,4.58,-150076000.0,79861000.0,79861000.0,3657120000.0,366242000.0,1.686,0.861,931517000.0,413683000.0,517834000.0,931517000.0,0.0,167432000.0,0.0,0.028,0.212,667002000.0,834434000.0,0.15,834434000.0,667002000.0,595576000.0,0.76,0.748,0.76,2163818000.0,2135110750.0,2163818000.0,4447466080.0,7.0,5.33,273285000.0,0.578,1.0,1894496000.0,0.341,992463000.0,71426000.0,2772234000.0,2811547500.0,964040000.0,0.0,0.0,0.0,1862696000.0,1113473000.0,749223000.0,3543526080.0,16653000.0,-156587000.0,-123752000.0,143531000.0,-104302000.0,-83254000.0,-319777000.0,0.0,423361000.0,-3677000.0,366242000.0,366242000.0,366242000.0,0.0,0.0,0.066,1241864000.0,652632000.0,332666000.0,0.279,1.638,9.675,9.868,804422000.0,0.0,7.5,0.638,0.638,732502000.0,1281315000.0,5551616000.0,5551616000.0,0.0,0.089,0.172,0.237,0.12,0.0,1230009000.0,1.0,472470144.0,472470144.0,,11.75,3034051000.0,74067000.0,229334000.0,0.0,6.422,763943000.0
88,VFC,MRT,1999-09-30,1999-10-02,1999-10-02,2021-08-25,-59784000.0,4182336000.0,4086133250.0,2071986000.0,2110350000.0,1.354,4.528,-169178000.0,81783000.0,81783000.0,3630283000.0,372848000.0,1.614,0.942,985723000.0,462666000.0,523057000.0,985723000.0,0.0,165058000.0,0.0,0.027,0.21,673012000.0,838070000.0,0.152,838070000.0,673012000.0,603469000.0,0.77,0.755,0.77,2153167000.0,2110733250.0,2153167000.0,4685022886.0,7.0,5.59,252607000.0,0.531,1.0,1901150000.0,0.344,998020000.0,69543000.0,2804703000.0,2757595500.0,1005263000.0,0.0,0.0,0.0,2029169000.0,1283553000.0,745616000.0,3685394886.0,16598000.0,-205312000.0,-108129000.0,224508000.0,-103827000.0,16773000.0,-421780000.0,0.0,421785000.0,-180000.0,372848000.0,372848000.0,372848000.0,0.0,0.0,0.067,1237422000.0,663728000.0,333998000.0,0.273,1.712,9.884,10.065,801628000.0,0.0,7.75,0.666,0.666,829239000.0,1264368000.0,5531433000.0,5531433000.0,0.0,0.091,0.177,0.244,0.122,0.0,1224220000.0,1.0,475534824.0,475534824.0,,11.632,3184316000.0,0.0,230621000.0,0.0,6.696,788433000.0
89,VFC,MRT,1999-06-30,1999-07-03,1999-07-03,2021-08-25,-61039000.0,4186964000.0,4014682250.0,2100389000.0,2086575000.0,1.376,4.432,-173607000.0,83465000.0,83465000.0,3613012000.0,388567000.0,1.598,0.97,1083093000.0,562873000.0,520220000.0,1083093000.0,0.0,162684000.0,0.0,0.019,0.208,693925000.0,856609000.0,0.155,856609000.0,693925000.0,627194000.0,0.797,0.783,0.797,2124860000.0,2076903750.0,2124860000.0,6082934777.0,9.0,7.101,314544000.0,0.656,1.0,1912345000.0,0.346,967182000.0,66731000.0,2904980000.0,2676676000.0,1031576000.0,0.0,0.0,0.0,2062104000.0,1314430000.0,747674000.0,5176429777.0,13254000.0,-181730000.0,-103582000.0,133256000.0,-103231000.0,-71017000.0,-402586000.0,0.0,488151000.0,-1294000.0,388567000.0,388567000.0,388567000.0,0.0,0.0,0.07,1228496000.0,683849000.0,314597000.0,0.261,2.436,13.322,13.548,800707000.0,0.0,10.797,0.937,0.937,835939000.0,1237447000.0,5525357000.0,5525357000.0,0.0,0.097,0.187,0.259,0.126,0.0,1215152000.0,1.0,479410028.0,479410028.0,,11.525,3219782000.0,0.0,238627000.0,0.0,6.716,785959000.0
90,VFC,MRT,1999-03-31,1999-04-03,1999-04-03,2021-08-25,-45252000.0,4138567000.0,3944533750.0,2094855000.0,2043712000.0,1.397,4.381,-198343000.0,88780000.0,88780000.0,3604480000.0,395766000.0,1.6,0.972,995285000.0,475211000.0,520074000.0,995285000.0,0.0,159926000.0,0.0,0.017,0.205,704604000.0,864530000.0,0.157,864530000.0,704604000.0,640553000.0,0.81,0.795,0.81,2098598000.0,2037441750.0,2098598000.0,6579366320.0,9.0,7.61,240444000.0,0.502,1.0,1906366000.0,0.346,971902000.0,64051000.0,2764273000.0,2606852500.0,1027055000.0,0.0,0.0,0.0,2039969000.0,1308897000.0,731072000.0,5875038320.0,19064000.0,-187784000.0,-111428000.0,194988000.0,-102470000.0,-15859000.0,-405290000.0,0.0,438787000.0,1426000.0,395766000.0,395766000.0,395766000.0,0.0,0.0,0.072,1211159000.0,695207000.0,337138000.0,0.253,2.8,14.845,15.142,799255000.0,0.0,12.265,1.066,1.066,835072000.0,1209796000.0,5510846000.0,5510846000.0,0.0,0.1,0.194,0.27,0.128,0.0,1199486000.0,1.0,479008424.0,479008424.0,,11.505,3166665000.0,0.0,244787000.0,0.0,6.611,785958000.0
91,VFC,MRT,1998-12-31,1999-01-02,1999-01-02,2021-08-25,-25639000.0,3836666000.0,3832376250.0,1848152000.0,1988514000.0,1.43,4.308,-189059000.0,63208000.0,63208000.0,3586686000.0,388306000.0,1.789,0.857,767536000.0,245879000.0,521657000.0,767536000.0,0.0,161385000.0,0.0,0.017,0.203,693880000.0,855265000.0,0.156,855265000.0,693880000.0,631598000.0,0.792,0.775,0.792,2066308000.0,1993541000.0,2066308000.0,6309856669.0,9.0,7.378,240223000.0,0.501,1.0,1892121000.0,0.345,951562000.0,62282000.0,2556426000.0,2520381750.0,954007000.0,0.0,0.0,0.0,1770358000.0,1033006000.0,737352000.0,5621908669.0,-60886000.0,-299900000.0,-101709000.0,213591000.0,-101660000.0,12337000.0,-505902000.0,0.0,429282000.0,3397000.0,388306000.0,388306000.0,388306000.0,0.0,0.0,0.071,1207952000.0,684169000.0,341126000.0,0.256,2.721,14.478,14.798,776091000.0,0.0,11.72,1.026,1.026,705734000.0,1170970000.0,5478807000.0,5478807000.0,0.0,0.101,0.195,0.275,0.127,0.0,1198854000.0,1.0,479685040.0,479685040.0,,11.422,2885104000.0,99608000.0,243292000.0,0.0,6.015,815146000.0
92,VFC,MRT,1998-09-30,1998-10-03,1998-10-03,2021-08-25,-30006000.0,3896532000.0,3703905250.0,1962310000.0,1934222000.0,1.464,4.153,-195558000.0,65185000.0,65185000.0,3550188000.0,377662000.0,1.691,0.931,753133000.0,234559000.0,518574000.0,753133000.0,0.0,158539000.0,0.0,0.022,0.2,679009000.0,837548000.0,0.154,837548000.0,679009000.0,620626000.0,0.765,0.753,0.765,2017849000.0,1943656250.0,2017849000.0,5354495438.0,8.0,6.393,303436000.0,0.625,1.0,1872126000.0,0.345,942906000.0,58383000.0,2481025000.0,2421104000.0,916637000.0,0.0,0.0,0.0,1878683000.0,1160549000.0,718134000.0,4487056438.0,7781000.0,-260991000.0,-131524000.0,193449000.0,-100825000.0,-37348000.0,-447874000.0,0.0,498994000.0,-5991000.0,377662000.0,377662000.0,377662000.0,0.0,0.0,0.07,1218762000.0,653364000.0,353735000.0,0.261,2.224,11.881,12.072,759011000.0,0.0,9.235,0.828,0.828,828979000.0,1135155000.0,5422314000.0,5422314000.0,0.0,0.102,0.194,0.28,0.125,0.0,1214066000.0,1.0,485875088.0,485875088.0,,11.16,2953626000.0,0.0,242964000.0,0.0,6.079,801761000.0
93,VFC,MRT,1998-06-30,1998-07-04,1998-07-04,2021-08-25,-39522000.0,3906370000.0,3585439250.0,1974452000.0,1931918000.0,1.501,4.042,-182094000.0,70211000.0,70211000.0,3535111000.0,366739000.0,1.62,0.986,937650000.0,419968000.0,517682000.0,937650000.0,0.0,157580000.0,0.0,0.015,0.198,663921000.0,821501000.0,0.153,821501000.0,663921000.0,608792000.0,0.735,0.723,0.735,1967012000.0,1905793500.0,1967012000.0,6990567185.0,11.0,8.51,224212000.0,0.461,1.0,1845329000.0,0.343,929460000.0,55129000.0,2625686000.0,2359611500.0,900027000.0,0.0,0.0,0.0,1939358000.0,1218663000.0,720695000.0,6289140185.0,-8437000.0,-251306000.0,-249349000.0,367305000.0,-100302000.0,19067000.0,-427819000.0,0.0,406306000.0,-5991000.0,366739000.0,366739000.0,366739000.0,0.0,0.0,0.068,1208777000.0,636552000.0,327175000.0,0.269,3.197,17.149,17.582,750548000.0,0.0,12.922,1.169,1.169,854915000.0,1093173000.0,5380440000.0,5380440000.0,0.0,0.102,0.192,0.281,0.123,0.0,1206542000.0,1.0,486681384.0,486681384.0,,11.055,2976910000.0,0.0,242053000.0,0.0,6.117,755789000.0
94,VFC,MRT,1998-03-31,1998-04-04,1998-04-04,2021-08-25,-39292000.0,3689937000.0,3476389500.0,1826742000.0,1863195000.0,1.52,3.963,-152338000.0,69716000.0,69716000.0,3468647000.0,358862000.0,1.72,0.919,771143000.0,254303000.0,516840000.0,771143000.0,0.0,158618000.0,0.0,0.015,0.195,650069000.0,808687000.0,0.153,808687000.0,650069000.0,598096000.0,0.712,0.7,0.712,1922995000.0,1900922250.0,1922995000.0,6777561355.0,10.0,8.381,310894000.0,0.641,1.0,1817023000.0,0.344,911125000.0,51973000.0,2418390000.0,2280715750.0,888088000.0,0.0,0.0,0.0,1766942000.0,1061849000.0,705093000.0,6360788355.0,-150029000.0,-244158000.0,-328118000.0,228911000.0,-100107000.0,-197537000.0,-409733000.0,0.0,463232000.0,-5991000.0,358862000.0,358862000.0,358862000.0,0.0,0.0,0.068,1196179000.0,620844000.0,285669000.0,0.274,3.308,17.725,18.413,722849000.0,0.0,13.11,1.203,1.203,728708000.0,1067094000.0,5285670000.0,5285670000.0,0.0,0.103,0.189,0.285,0.123,0.0,1194968000.0,1.0,485185992.0,485185992.0,,10.894,2778812000.0,0.0,239234000.0,0.0,5.727,764893000.0
95,VFC,MRT,1997-12-31,1998-01-03,1998-01-03,2021-08-25,-36110000.0,3322782000.0,3432517000.0,1601466000.0,1721316000.0,1.521,3.848,-154262000.0,124094000.0,124094000.0,3440611000.0,350942000.0,2.091,0.78,540867000.0,24641000.0,516226000.0,540867000.0,0.0,156252000.0,0.0,0.017,0.193,635575000.0,791827000.0,0.152,791827000.0,635575000.0,585880000.0,0.69,0.675,0.69,1866769000.0,1920779000.0,1866769000.0,,,,306390000.0,0.631,1.0,1781635000.0,0.341,814332000.0,49695000.0,2159315000.0,2224326750.0,774755000.0,0.0,0.0,0.0,1456013000.0,765908000.0,690105000.0,5556592573.0,-146535000.0,-16003000.0,-326687000.0,7492000.0,-100141000.0,-417353000.0,-183843000.0,0.0,460652000.0,-5991000.0,350942000.0,350942000.0,350942000.0,0.0,0.0,0.067,1176562000.0,605073000.0,301103000.0,0.28,2.977,15.833,16.598,705990000.0,0.0,11.453,1.064,1.064,587934000.0,1037546000.0,5222246000.0,5222246000.0,0.0,0.102,0.183,0.286,0.122,0.0,1175598000.0,1.0,485185992.0,485185992.0,,10.763,2508450000.0,94750000.0,234938000.0,0.0,5.17,835558000.0
96,VFC,MRT,1997-09-30,1997-10-04,1997-10-04,2021-08-25,-31255000.0,3422668000.0,3464205250.0,1692468000.0,1730200000.0,,,,57404000.0,57404000.0,,,2.008,0.834,539331000.0,22773000.0,516558000.0,539331000.0,0.0,,0.0,0.016,0.19,,,,,,,,,,1866398000.0,1947521500.0,1866398000.0,,,,,,1.0,,,826775000.0,,2235055000.0,2206146250.0,767224000.0,0.0,0.0,0.0,1556270000.0,842765000.0,713505000.0,,,,,,,,,,,,,,,,,,,,288882000.0,,,,,712699000.0,,11.672,,,747873000.0,1111161000.0,,,,,,,,,,1.0,,,,,2595893000.0,0.0,,0.0,,849703000.0
97,VFC,MRT,1997-06-30,1997-07-05,1997-07-05,2021-08-25,-26745000.0,3470171000.0,,1727761000.0,1742410000.0,,,,78648000.0,78648000.0,,,2.132,0.782,557559000.0,40826000.0,516733000.0,557559000.0,0.0,,0.0,0.017,0.188,,,,,,,,,,1947527000.0,,1947527000.0,,,,,,1.0,,,828489000.0,,2310103000.0,,793028000.0,0.0,0.0,0.0,1522644000.0,810490000.0,712154000.0,,,,,,,,,,,,,,,,,,,,299863000.0,,,,,724042000.0,,10.829,,,731093000.0,1200632000.0,,,,,,,,,,1.0,,,,,2641682000.0,0.0,,0.0,,917271000.0
98,VFC,MRT,1997-03-31,1997-04-05,1997-04-05,2021-08-25,-13372000.0,3514447000.0,,1760929000.0,1753518000.0,,,,219745000.0,219745000.0,,,2.193,0.755,543534000.0,25918000.0,517616000.0,543534000.0,0.0,,0.0,0.022,0.185,,,,,,,,,,2002422000.0,,2002422000.0,,,,,,1.0,,,842596000.0,,2192834000.0,,743187000.0,0.0,0.0,0.0,1512025000.0,802806000.0,709219000.0,,,,,,,,,,,,,,,,,,,,291011000.0,,,,,725607000.0,,8.344,,,682247000.0,1270229000.0,,,,,,,,,,1.0,,,,,2671851000.0,0.0,,0.0,,958123000.0
99,VFC,MRT,1996-12-31,1997-01-04,1997-01-04,2021-08-25,6428000.0,3449535000.0,,1706326000.0,1743209000.0,,,-138747000.0,270629000.0,270629000.0,3458166000.0,299524000.0,2.227,0.748,537884000.0,18826000.0,519058000.0,537884000.0,0.0,160578000.0,0.0,0.022,0.182,571201000.0,731779000.0,0.142,731779000.0,571201000.0,508408000.0,0.58,0.57,0.58,1973739000.0,,1973739000.0,,,,572707000.0,,1.0,1679012000.0,0.327,863930000.0,62793000.0,2086593000.0,,730823000.0,0.0,0.0,0.0,1475796000.0,766267000.0,709529000.0,,186554000.0,-24284000.0,6336000.0,-309712000.0,-97036000.0,-398756000.0,-126144000.0,0.0,711454000.0,0.0,299524000.0,299524000.0,299524000.0,0.0,0.0,0.058,1121729000.0,557283000.0,320056000.0,0.314,,,14.252,721524000.0,0.0,8.266,,,592942000.0,1234849000.0,5137178000.0,5137178000.0,0.0,,,,0.111,0.0,1122076000.0,1.0,,,,,2585605000.0,90556000.0,208884000.0,0.0,,940059000.0
100,VFC,MRT,1995-12-31,1995-12-30,1995-12-30,2021-08-25,,,,,,,,-155206000.0,,,3577555000.0,157291000.0,,,,,,,,167721000.0,,0.026,0.173,361437000.0,529158000.0,0.105,529158000.0,361437000.0,284135000.0,0.3,0.297,0.3,,,,,,,168450000.0,,1.0,1484744000.0,0.293,,77302000.0,,,,,,,,,,,24333000.0,-12004000.0,-50236000.0,2940000.0,-92038000.0,-136329000.0,-162994000.0,0.0,323656000.0,0.0,157291000.0,157291000.0,157291000.0,0.0,0.0,0.031,1137354000.0,347390000.0,,0.577,,,21.979,,0.0,6.594,,,,,5062299000.0,5062299000.0,0.0,,,,0.071,0.0,1131290000.0,1.0,,,,,,,126844000.0,,,
