None,ticker,dimension,calendardate,datekey,reportperiod,lastupdated,accoci,assets,assetsavg,assetsc,assetsnc,assetturnover,bvps,capex,cashneq,cashnequsd,cor,consolinc,currentratio,de,debt,debtc,debtnc,debtusd,deferredrev,depamor,deposits,divyield,dps,ebit,ebitda,ebitdamargin,ebitdausd,ebitusd,ebt,eps,epsdil,epsusd,equity,equityavg,equityusd,ev,evebit,evebitda,fcf,fcfps,fxusd,gp,grossmargin,intangibles,intexp,invcap,invcapavg,inventory,investments,investmentsc,investmentsnc,liabilities,liabilitiesc,liabilitiesnc,marketcap,ncf,ncfbus,ncfcommon,ncfdebt,ncfdiv,ncff,ncfi,ncfinv,ncfo,ncfx,netinc,netinccmn,netinccmnusd,netincdis,netincnci,netmargin,opex,opinc,payables,payoutratio,pb,pe,pe1,ppnenet,prefdivis,price,ps,ps1,receivables,retearn,revenue,revenueusd,rnd,roa,roe,roic,ros,sbcomp,sgna,sharefactor,sharesbas,shareswa,shareswadil,sps,tangibles,taxassets,taxexp,taxliabilities,tbvps,workingcapital
0,GNW,MRY,2020-12-31,2020-12-31,2020-12-31,2021-08-05,4425000000.0,105747000000.0,103288250000.0,,,0.084,30.321,0.0,2561000000.0,2561000000.0,5940000000.0,212000000.0,,5.871,3403000000.0,,,3403000000.0,775000000.0,0.0,21503000000.0,0.0,0.0,650000000.0,650000000.0,0.075,650000000.0,650000000.0,448000000.0,0.35,0.35,0.35,15318000000.0,14791500000.0,15318000000.0,2701148321.0,4.0,4.156,1960000000.0,3.88,1.0,2718000000.0,0.314,157000000.0,202000000.0,106432000000.0,103630250000.0,0.0,74701000000.0,,,89927000000.0,,,1911148321.0,-685000000.0,0.0,0.0,-76000000.0,0.0,-1507000000.0,-1153000000.0,-886000000.0,1960000000.0,15000000.0,178000000.0,178000000.0,178000000.0,0.0,34000000.0,0.021,1485000000.0,1233000000.0,0.0,0.0,0.125,10.737,10.8,0.0,0.0,3.78,0.221,0.221,16819000000.0,1584000000.0,8658000000.0,8658000000.0,0.0,0.002,0.012,0.006,0.075,40000000.0,988000000.0,1.0,505594794.0,505200000.0,511600000.0,17.138,105590000000.0,65000000.0,270000000.0,0.0,209.006,
1,GNW,MRY,2019-12-31,2019-12-31,2019-12-31,2021-08-05,3433000000.0,101342000000.0,103372250000.0,,,0.078,28.206,0.0,3341000000.0,3341000000.0,5740000000.0,530000000.0,,6.113,3588000000.0,,,3588000000.0,1893000000.0,0.0,22217000000.0,0.0,0.0,777000000.0,777000000.0,0.096,777000000.0,777000000.0,538000000.0,0.68,0.67,0.68,14185000000.0,13850750000.0,14185000000.0,4603246343.0,6.0,5.924,2079000000.0,4.134,1.0,2356000000.0,0.291,201000000.0,239000000.0,101388000000.0,104936500000.0,0.0,71231000000.0,,,86710000000.0,,,2215246343.0,1164000000.0,1398000000.0,0.0,-446000000.0,0.0,-2217000000.0,1301000000.0,200000000.0,2079000000.0,1000000.0,343000000.0,343000000.0,343000000.0,0.0,187000000.0,0.042,1403000000.0,953000000.0,0.0,0.0,0.156,6.458,6.471,0.0,0.0,4.4,0.274,0.273,17103000000.0,1461000000.0,8096000000.0,8096000000.0,0.0,0.003,0.025,0.007,0.096,27000000.0,962000000.0,1.0,503465078.0,502900000.0,509700000.0,16.099,101141000000.0,425000000.0,195000000.0,0.0,201.116,
2,GNW,MRY,2018-12-31,2018-12-31,2018-12-31,2021-08-05,2044000000.0,100923000000.0,102323500000.0,,,0.077,24.88,0.0,1974000000.0,1974000000.0,6217000000.0,297000000.0,,6.967,4018000000.0,,,4018000000.0,2013000000.0,0.0,22968000000.0,0.0,0.0,445000000.0,445000000.0,0.056,445000000.0,445000000.0,189000000.0,0.24,0.24,0.24,12450000000.0,12794000000.0,12450000000.0,4209527792.0,9.0,9.46,1633000000.0,3.263,1.0,1684000000.0,0.213,333000000.0,256000000.0,102634000000.0,104032000000.0,0.0,65546000000.0,,,86734000000.0,,,2333527792.0,-698000000.0,0.0,0.0,-199000000.0,0.0,-1621000000.0,-622000000.0,-314000000.0,1633000000.0,-88000000.0,119000000.0,119000000.0,119000000.0,0.0,178000000.0,0.015,1291000000.0,393000000.0,0.0,0.0,0.187,19.609,19.417,0.0,0.0,4.66,0.295,0.295,17278000000.0,1118000000.0,7901000000.0,7901000000.0,0.0,0.001,0.009,0.004,0.056,35000000.0,943000000.0,1.0,500757037.0,500400000.0,500400000.0,15.789,100590000000.0,736000000.0,70000000.0,0.0,201.019,
3,GNW,MRY,2017-12-31,2017-12-31,2017-12-31,2021-08-05,3027000000.0,105297000000.0,104907000000.0,,,0.072,26.89,0.0,2875000000.0,2875000000.0,5771000000.0,927000000.0,,6.705,4574000000.0,,,4574000000.0,3967000000.0,0.0,24195000000.0,0.0,0.0,677000000.0,677000000.0,0.09,677000000.0,677000000.0,411000000.0,1.64,1.63,1.64,13418000000.0,13079250000.0,13418000000.0,3309384017.0,5.0,4.888,2554000000.0,5.118,1.0,1742000000.0,0.232,301000000.0,266000000.0,106695000000.0,106258000000.0,0.0,73392000000.0,,,89969000000.0,,,1552384017.0,91000000.0,-5000000.0,0.0,-34000000.0,0.0,-1768000000.0,-759000000.0,1000000.0,2554000000.0,64000000.0,817000000.0,817000000.0,817000000.0,0.0,110000000.0,0.109,1349000000.0,393000000.0,0.0,0.0,0.116,1.9,1.896,0.0,0.0,3.11,0.207,0.207,17569000000.0,1113000000.0,7513000000.0,7513000000.0,0.0,0.008,0.062,0.006,0.09,31000000.0,957000000.0,1.0,499158848.0,499000000.0,501400000.0,15.056,104996000000.0,504000000.0,-406000000.0,0.0,210.413,
4,GNW,MRY,2016-12-31,2016-12-31,2016-12-31,2021-08-05,3094000000.0,104658000000.0,107222250000.0,,,0.078,25.374,0.0,2784000000.0,2784000000.0,5941000000.0,-67000000.0,,7.133,4564000000.0,,,4564000000.0,3378000000.0,0.0,25662000000.0,0.0,0.0,418000000.0,418000000.0,0.05,418000000.0,418000000.0,81000000.0,-0.56,-0.56,-0.56,12644000000.0,14175750000.0,12644000000.0,3402789296.0,8.0,8.141,1872000000.0,3.757,1.0,2428000000.0,0.29,348000000.0,337000000.0,106090000000.0,108202500000.0,0.0,71569000000.0,,,90191000000.0,,,1898789296.0,-3209000000.0,39000000.0,0.0,-2044000000.0,0.0,-2951000000.0,-2120000000.0,-2005000000.0,1872000000.0,-10000000.0,-277000000.0,-277000000.0,-277000000.0,29000000.0,210000000.0,-0.033,1771000000.0,657000000.0,0.0,0.0,0.15,-6.855,-6.804,0.0,0.0,3.81,0.227,0.227,17755000000.0,287000000.0,8369000000.0,8369000000.0,0.0,-0.003,-0.02,0.004,0.05,32000000.0,1273000000.0,1.0,498369894.0,498300000.0,498300000.0,16.795,104310000000.0,0.0,358000000.0,0.0,209.332,
5,GNW,MRY,2015-12-31,2015-12-31,2015-12-31,2021-08-05,3010000000.0,106431000000.0,109037000000.0,,,0.078,25.782,0.0,5965000000.0,5965000000.0,5869000000.0,-413000000.0,,7.158,6669000000.0,,,6669000000.0,3308000000.0,0.0,26209000000.0,0.0,0.0,-205000000.0,-205000000.0,-0.024,-205000000.0,-205000000.0,-624000000.0,-1.24,-1.24,-1.24,12824000000.0,13854250000.0,12824000000.0,4929544290.0,-24.0,-24.047,1591000000.0,3.199,1.0,2679000000.0,0.313,357000000.0,419000000.0,106778000000.0,110758000000.0,0.0,69128000000.0,,,91794000000.0,,,1855544290.0,1075000000.0,273000000.0,0.0,-67000000.0,0.0,-42000000.0,-404000000.0,-826000000.0,1591000000.0,-70000000.0,-615000000.0,-615000000.0,-615000000.0,407000000.0,202000000.0,-0.072,2275000000.0,404000000.0,0.0,0.0,0.145,-3.017,-3.008,0.0,0.0,3.73,0.217,0.217,17245000000.0,564000000.0,8548000000.0,8548000000.0,0.0,-0.006,-0.044,-0.002,-0.024,16000000.0,1309000000.0,1.0,497464957.0,497400000.0,497400000.0,17.185,106074000000.0,155000000.0,-9000000.0,0.0,213.257,
6,GNW,MRY,2014-12-31,2014-12-31,2014-12-31,2021-08-05,4446000000.0,111316000000.0,110809750000.0,,,0.079,30.062,0.0,4645000000.0,4645000000.0,7155000000.0,-1048000000.0,,6.334,6812000000.0,,,6812000000.0,3485000000.0,0.0,26032000000.0,0.0,0.0,-905000000.0,-905000000.0,-0.104,-905000000.0,-905000000.0,-1338000000.0,-2.51,-2.51,-2.51,14923000000.0,15458500000.0,14923000000.0,7641609269.0,-8.0,-8.444,2438000000.0,4.911,1.0,1574000000.0,0.18,265000000.0,433000000.0,113218000000.0,112872000000.0,0.0,71773000000.0,,,94519000000.0,,,4221609269.0,704000000.0,0.0,0.0,-551000000.0,0.0,205000000.0,-1836000000.0,-1762000000.0,2438000000.0,-103000000.0,-1244000000.0,-1244000000.0,-1244000000.0,-157000000.0,196000000.0,-0.143,2440000000.0,-866000000.0,0.0,0.0,0.283,-3.394,-3.386,0.0,0.0,8.5,0.484,0.483,17291000000.0,1179000000.0,8729000000.0,8729000000.0,0.0,-0.011,-0.08,-0.008,-0.104,28000000.0,1138000000.0,1.0,496659914.0,496400000.0,496400000.0,17.585,111051000000.0,0.0,-94000000.0,0.0,223.713,
7,GNW,MRY,2013-12-31,2013-12-31,2013-12-31,2021-08-05,2542000000.0,108045000000.0,108957500000.0,,,0.079,29.159,0.0,4214000000.0,4214000000.0,5475000000.0,714000000.0,,6.422,7441000000.0,,,7441000000.0,4107000000.0,0.0,25528000000.0,0.0,0.0,1323000000.0,1323000000.0,0.153,1323000000.0,1323000000.0,873000000.0,1.13,1.12,1.13,14393000000.0,14977000000.0,14393000000.0,11244851013.0,8.0,8.5,1399000000.0,2.834,1.0,3150000000.0,0.365,1266000000.0,450000000.0,110006000000.0,111103250000.0,0.0,68613000000.0,,,92425000000.0,,,7675851013.0,561000000.0,365000000.0,0.0,292000000.0,0.0,-149000000.0,-580000000.0,-1095000000.0,1399000000.0,-109000000.0,560000000.0,560000000.0,560000000.0,-34000000.0,154000000.0,0.065,1707000000.0,1443000000.0,0.0,0.0,0.533,13.707,13.743,0.0,0.0,15.53,0.89,0.889,17219000000.0,2423000000.0,8625000000.0,8625000000.0,0.0,0.005,0.037,0.012,0.153,39000000.0,1244000000.0,1.0,494259563.0,493600000.0,498700000.0,17.474,106779000000.0,0.0,313000000.0,0.0,216.327,
8,GNW,MRY,2012-12-31,2012-12-31,2012-12-31,2021-08-05,5202000000.0,113312000000.0,112804500000.0,,,0.085,33.55,0.0,3632000000.0,3632000000.0,6153000000.0,525000000.0,,5.792,7178000000.0,,,7178000000.0,4333000000.0,0.0,26262000000.0,0.0,0.0,939000000.0,939000000.0,0.097,939000000.0,939000000.0,463000000.0,0.66,0.66,0.66,16493000000.0,15868750000.0,16493000000.0,7510657757.0,8.0,7.999,962000000.0,1.957,1.0,3487000000.0,0.362,1234000000.0,476000000.0,115624000000.0,115005500000.0,0.0,74379000000.0,,,95531000000.0,,,3693657757.0,-835000000.0,77000000.0,0.0,-1089000000.0,0.0,-1101000000.0,-722000000.0,-1174000000.0,962000000.0,26000000.0,325000000.0,325000000.0,325000000.0,-57000000.0,200000000.0,0.034,2405000000.0,1082000000.0,0.0,0.0,0.224,11.365,11.379,0.0,0.0,7.51,0.383,0.383,17230000000.0,1863000000.0,9640000000.0,9640000000.0,0.0,0.003,0.02,0.008,0.097,26000000.0,1594000000.0,1.0,491831925.0,491600000.0,494400000.0,19.609,112078000000.0,0.0,138000000.0,0.0,227.986,
9,GNW,MRY,2011-12-31,2011-12-31,2011-12-31,2021-08-05,4047000000.0,112187000000.0,112840000000.0,,,0.088,30.713,0.0,4488000000.0,4488000000.0,6735000000.0,177000000.0,,6.372,8378000000.0,,,8378000000.0,4223000000.0,0.0,26345000000.0,0.0,0.0,533000000.0,533000000.0,0.054,533000000.0,533000000.0,27000000.0,0.08,0.08,0.08,15068000000.0,14963750000.0,15068000000.0,7969599406.0,15.0,14.952,3125000000.0,6.37,1.0,3188000000.0,0.321,1833000000.0,506000000.0,114244000000.0,115856250000.0,0.0,71904000000.0,,,96009000000.0,,,3215599406.0,1356000000.0,208000000.0,0.0,-441000000.0,0.0,-1641000000.0,-59000000.0,261000000.0,3125000000.0,-69000000.0,38000000.0,38000000.0,38000000.0,-36000000.0,139000000.0,0.004,2552000000.0,636000000.0,0.0,0.0,0.213,84.621,81.875,0.0,0.0,6.55,0.324,0.324,16998000000.0,1584000000.0,9923000000.0,9923000000.0,0.0,0.0,0.003,0.005,0.054,31000000.0,1930000000.0,1.0,490931207.0,490600000.0,493500000.0,20.226,110354000000.0,0.0,-11000000.0,0.0,224.937,
10,GNW,MRY,2010-12-31,2010-12-31,2010-12-31,2021-08-05,1492000000.0,112395000000.0,111635000000.0,,,0.09,28.328,0.0,3132000000.0,3132000000.0,6842000000.0,195000000.0,,7.029,8883000000.0,,,8883000000.0,4541000000.0,0.0,26978000000.0,0.0,0.0,261000000.0,261000000.0,0.026,261000000.0,261000000.0,-196000000.0,0.11,0.11,0.11,13861000000.0,13921250000.0,13861000000.0,11877286565.0,46.0,45.507,1336000000.0,2.73,1.0,3247000000.0,0.322,2070000000.0,457000000.0,116076000000.0,114735000000.0,0.0,68437000000.0,,,97424000000.0,,,6433286565.0,-1870000000.0,-37000000.0,0.0,1131000000.0,0.0,-1512000000.0,-1815000000.0,-3357000000.0,1336000000.0,121000000.0,52000000.0,52000000.0,52000000.0,0.0,143000000.0,0.005,2843000000.0,404000000.0,0.0,0.0,0.464,123.717,119.455,0.0,0.0,13.14,0.638,0.637,17191000000.0,2973000000.0,10089000000.0,10089000000.0,0.0,0.0,0.004,0.002,0.026,44000000.0,2217000000.0,1.0,489595629.0,489300000.0,493900000.0,20.619,110325000000.0,1100000000.0,-248000000.0,0.0,225.475,
11,GNW,MRY,2009-12-31,2009-12-31,2009-12-31,2021-08-05,-164000000.0,108187000000.0,106497500000.0,,,0.085,27.213,0.0,5002000000.0,5002000000.0,6802000000.0,-399000000.0,,7.725,8014000000.0,,,8014000000.0,4714000000.0,0.0,28470000000.0,0.0,0.0,-460000000.0,-460000000.0,-0.051,-460000000.0,-460000000.0,-853000000.0,-1.02,-1.02,-1.02,12276000000.0,10723000000.0,12276000000.0,6231071828.0,-14.0,-13.546,1931000000.0,4.281,1.0,2267000000.0,0.25,2258000000.0,393000000.0,108941000000.0,106052000000.0,0.0,63515000000.0,,,94837000000.0,,,5545071828.0,-2326000000.0,-51000000.0,622000000.0,-987000000.0,0.0,-5309000000.0,820000000.0,1185000000.0,1931000000.0,232000000.0,-460000000.0,-460000000.0,-460000000.0,0.0,61000000.0,-0.051,2666000000.0,-399000000.0,0.0,0.0,0.452,-12.055,-11.127,0.0,0.0,11.35,0.611,0.565,17332000000.0,3105000000.0,9069000000.0,9069000000.0,0.0,-0.004,-0.043,-0.004,-0.051,26000000.0,1884000000.0,1.0,488552584.0,451100000.0,451100000.0,20.104,105929000000.0,92000000.0,-393000000.0,0.0,234.824,
12,GNW,MRY,2008-12-31,2008-12-31,2008-12-31,2021-08-05,-3062000000.0,107389000000.0,111189750000.0,,,0.089,20.605,0.0,7328000000.0,7328000000.0,7099000000.0,-572000000.0,,11.031,8849000000.0,,,8849000000.0,4734000000.0,0.0,34702000000.0,0.141,0.4,-472000000.0,-472000000.0,-0.047,-472000000.0,-472000000.0,-942000000.0,-1.32,-1.32,-1.32,8926000000.0,11123500000.0,8926000000.0,4186768841.0,-9.0,-8.87,5443000000.0,12.565,1.0,2849000000.0,0.286,2463000000.0,470000000.0,106447000000.0,111284750000.0,0.0,60612000000.0,,,98463000000.0,,,1225768841.0,4237000000.0,-22000000.0,-71000000.0,1251000000.0,-175000000.0,-2913000000.0,1965000000.0,3213000000.0,5443000000.0,-258000000.0,-572000000.0,-572000000.0,-572000000.0,0.0,0.0,-0.057,3321000000.0,-472000000.0,0.0,-0.303,0.137,-2.143,-2.144,0.0,0.0,2.83,0.123,0.123,17212000000.0,3210000000.0,9948000000.0,9948000000.0,0.0,-0.005,-0.051,-0.004,-0.047,23000000.0,2160000000.0,1.0,433133866.0,433200000.0,433200000.0,22.964,104926000000.0,1037000000.0,-370000000.0,0.0,242.211,
13,GNW,MRY,2007-12-31,2007-12-31,2007-12-31,2021-08-05,727000000.0,114315000000.0,112891750000.0,,,0.099,30.653,0.0,3091000000.0,3091000000.0,6132000000.0,1220000000.0,,7.482,7558000000.0,,,7558000000.0,5631000000.0,0.0,36913000000.0,0.015,0.37,2153000000.0,2153000000.0,0.194,2153000000.0,2153000000.0,1672000000.0,2.77,2.73,2.77,13478000000.0,13267250000.0,13478000000.0,15587457835.0,7.0,7.24,4791000000.0,10.896,1.0,4993000000.0,0.449,2514000000.0,481000000.0,116268000000.0,114973000000.0,0.0,70800000000.0,,,100837000000.0,,,11163457835.0,622000000.0,483000000.0,-485000000.0,490000000.0,-163000000.0,-2295000000.0,-1880000000.0,-1899000000.0,4791000000.0,6000000.0,1220000000.0,1220000000.0,1220000000.0,-66000000.0,0.0,0.11,2906000000.0,2087000000.0,0.0,0.134,0.828,9.15,9.188,0.0,0.0,25.45,1.003,1.006,16483000000.0,3913000000.0,11125000000.0,11125000000.0,0.0,0.011,0.092,0.019,0.194,41000000.0,2075000000.0,1.0,438642744.0,439700000.0,447600000.0,25.301,111801000000.0,0.0,452000000.0,0.0,254.267,
14,GNW,MRY,2006-12-31,2006-12-31,2006-12-31,2021-08-05,1157000000.0,110871000000.0,106817750000.0,,,0.096,29.239,0.0,2436000000.0,2436000000.0,5524000000.0,1328000000.0,,7.317,6985000000.0,,,6985000000.0,4229000000.0,0.0,38216000000.0,0.009,0.315,2262000000.0,2262000000.0,0.22,2262000000.0,2262000000.0,1898000000.0,2.91,2.83,2.91,13330000000.0,12831750000.0,13330000000.0,19242908829.0,9.0,8.507,4365000000.0,9.574,1.0,4761000000.0,0.463,2433000000.0,364000000.0,112987000000.0,108369250000.0,0.0,68573000000.0,,,97541000000.0,,,15469908829.0,594000000.0,-511000000.0,-951000000.0,2010000000.0,-145000000.0,-835000000.0,-2898000000.0,-2263000000.0,4365000000.0,-38000000.0,1328000000.0,1328000000.0,1328000000.0,-41000000.0,0.0,0.129,2544000000.0,2217000000.0,0.0,0.108,1.161,11.649,11.756,0.0,0.0,34.21,1.504,1.516,16783000000.0,2914000000.0,10285000000.0,10285000000.0,0.0,0.012,0.103,0.021,0.22,34000000.0,1858000000.0,1.0,452204292.0,455900000.0,469400000.0,22.56,108438000000.0,0.0,570000000.0,0.0,237.855,
15,GNW,MRY,2005-12-31,2005-12-31,2005-12-31,2021-08-05,1404000000.0,105654000000.0,104880750000.0,,,0.093,28.003,0.0,1875000000.0,1875000000.0,5176000000.0,1221000000.0,,6.938,5548000000.0,,,5548000000.0,3647000000.0,0.0,63749000000.0,0.008,0.27,2073000000.0,2073000000.0,0.212,2073000000.0,2073000000.0,1780000000.0,2.57,2.52,2.57,13310000000.0,13166000000.0,13310000000.0,20083822448.0,10.0,9.688,3479000000.0,7.32,1.0,4610000000.0,0.471,2232000000.0,293000000.0,107095000000.0,106434750000.0,0.0,66910000000.0,,,92344000000.0,,,16279822448.0,-88000000.0,0.0,-500000000.0,435000000.0,-128000000.0,-248000000.0,-3277000000.0,-3438000000.0,3479000000.0,-42000000.0,1221000000.0,1221000000.0,1221000000.0,-35000000.0,0.0,0.125,2572000000.0,2038000000.0,0.0,0.105,1.223,13.333,13.455,0.0,0.0,34.58,1.664,1.68,18245000000.0,1735000000.0,9786000000.0,9786000000.0,0.0,0.012,0.093,0.019,0.212,50000000.0,1821000000.0,1.0,470787231.0,475300000.0,484600000.0,20.589,103422000000.0,0.0,559000000.0,0.0,217.593,
16,GNW,MRY,2004-12-31,2004-12-31,2004-12-31,2021-08-05,1608000000.0,103878000000.0,102848500000.0,,,0.108,26.284,0.0,1963000000.0,1963000000.0,6236000000.0,1157000000.0,,7.074,5350000000.0,,,5350000000.0,3597000000.0,0.0,61698000000.0,0.002,0.065,1867000000.0,1867000000.0,0.169,1867000000.0,1867000000.0,1650000000.0,2.36,2.36,2.36,12866000000.0,13388500000.0,12866000000.0,16837464547.0,9.0,9.018,5605000000.0,11.45,1.0,4821000000.0,0.436,2245000000.0,217000000.0,105020000000.0,103608000000.0,0.0,65176000000.0,,,91012000000.0,,,13218464547.0,-19000000.0,1000000.0,0.0,-196000000.0,-1613000000.0,-791000000.0,-4940000000.0,-5268000000.0,5605000000.0,107000000.0,1157000000.0,1157000000.0,1157000000.0,-7000000.0,0.0,0.105,2966000000.0,1855000000.0,0.0,0.028,1.027,11.425,11.441,0.0,0.0,27.0,1.195,1.195,18535000000.0,646000000.0,11057000000.0,11057000000.0,0.0,0.011,0.086,0.018,0.169,0.0,1902000000.0,1.0,489572761.0,489500000.0,490500000.0,22.588,101633000000.0,0.0,493000000.0,0.0,207.626,
17,GNW,MRY,2003-12-31,2003-12-31,2003-12-31,2021-08-05,1672000000.0,103431000000.0,,,,,,0.0,1982000000.0,1982000000.0,6894000000.0,1081000000.0,,5.546,4386000000.0,,,4386000000.0,3616000000.0,0.0,59257000000.0,,0.0,1634000000.0,1634000000.0,0.14,1634000000.0,1634000000.0,1494000000.0,2.21,2.21,2.21,15800000000.0,,15800000000.0,,,,3380000000.0,,1.0,4789000000.0,0.41,3074000000.0,140000000.0,102761000000.0,,0.0,78693000000.0,,,87631000000.0,,,,-722000000.0,1107000000.0,0.0,989000000.0,-3232000000.0,-2200000000.0,-1994000000.0,-2634000000.0,3380000000.0,92000000.0,1081000000.0,1081000000.0,1081000000.0,-112000000.0,0.0,0.093,3267000000.0,1522000000.0,0.0,0.0,,,,0.0,0.0,,,,2334000000.0,5751000000.0,11683000000.0,11683000000.0,0.0,,,,0.14,0.0,2003000000.0,1.0,,,,,100357000000.0,0.0,413000000.0,0.0,,
18,GNW,MRY,2002-12-31,2002-12-31,2002-12-31,2021-08-05,,,,,,,,0.0,,,6285000000.0,1174000000.0,,,,,,,,0.0,,,0.0,1709000000.0,1709000000.0,0.152,1709000000.0,1709000000.0,1585000000.0,2.4,2.4,2.4,,,,,,,4883000000.0,,1.0,4944000000.0,0.44,,124000000.0,,,,,,,,,,,688000000.0,-61000000.0,0.0,-77000000.0,-132000000.0,2293000000.0,-6525000000.0,-6373000000.0,4883000000.0,37000000.0,1174000000.0,1174000000.0,1174000000.0,206000000.0,0.0,0.105,3029000000.0,1915000000.0,,0.0,,,,,0.0,,,,,,11229000000.0,11229000000.0,0.0,,,,0.152,0.0,1808000000.0,1.0,,,,,,,411000000.0,,,
0,GNW,MRQ,2021-06-30,2021-06-30,2021-06-30,2021-08-05,3834000000.0,100650000000.0,,,,,29.909,0.0,2214000000.0,2214000000.0,1288000000.0,240000000.0,,5.637,2924000000.0,,,2924000000.0,695000000.0,0.0,19944000000.0,0.0,0.0,358000000.0,358000000.0,0.175,358000000.0,358000000.0,315000000.0,0.47,0.47,0.47,15164000000.0,,15164000000.0,2934532796.0,2.0,1.747,476000000.0,0.939,1.0,753000000.0,0.369,151000000.0,43000000.0,101209000000.0,,0.0,73018000000.0,,,85486000000.0,,,1976532796.0,250000000.0,0.0,0.0,-14000000.0,0.0,-433000000.0,206000000.0,292000000.0,476000000.0,1000000.0,240000000.0,240000000.0,240000000.0,0.0,0.0,0.118,390000000.0,363000000.0,0.0,0.0,0.13,1.777,1.773,0.0,0.0,3.9,0.227,0.227,16666000000.0,2011000000.0,2041000000.0,2041000000.0,0.0,,,,,14000000.0,304000000.0,1.0,506803281.0,507000000.0,515000000.0,4.026,100499000000.0,211000000.0,75000000.0,0.0,198.223,
1,GNW,MRQ,2021-03-31,2021-03-31,2021-03-31,2021-08-05,3675000000.0,98558000000.0,,,,,29.166,0.0,1964000000.0,1964000000.0,1349000000.0,195000000.0,,5.678,2922000000.0,,,2922000000.0,728000000.0,0.0,19999000000.0,0.0,0.0,297000000.0,297000000.0,0.15,297000000.0,297000000.0,246000000.0,0.37,0.37,0.37,14758000000.0,,14758000000.0,2571237690.0,3.0,2.718,-247000000.0,-0.488,1.0,636000000.0,0.32,155000000.0,51000000.0,99361000000.0,,0.0,70959000000.0,,,83800000000.0,,,1679237690.0,-692000000.0,270000000.0,0.0,-470000000.0,0.0,-780000000.0,335000000.0,179000000.0,-247000000.0,0.0,187000000.0,187000000.0,187000000.0,0.0,8000000.0,0.094,352000000.0,284000000.0,0.0,0.0,0.114,3.896,3.86,0.0,0.0,3.32,0.194,0.194,16744000000.0,1771000000.0,1985000000.0,1985000000.0,0.0,,,,,11000000.0,275000000.0,1.0,505794485.0,506000000.0,513800000.0,3.923,98403000000.0,314000000.0,59000000.0,0.0,194.472,
2,GNW,MRQ,2020-12-31,2020-12-31,2020-12-31,2021-08-05,4425000000.0,105747000000.0,,,,,30.303,0.0,2561000000.0,2561000000.0,1377000000.0,266000000.0,,5.871,3403000000.0,,,3403000000.0,775000000.0,0.0,21503000000.0,0.0,0.0,408000000.0,408000000.0,0.18,408000000.0,408000000.0,351000000.0,0.53,0.52,0.53,15318000000.0,,15318000000.0,2701148321.0,4.0,4.156,508000000.0,1.005,1.0,886000000.0,0.392,157000000.0,57000000.0,106432000000.0,,0.0,74701000000.0,,,89927000000.0,,,1911148321.0,-124000000.0,0.0,0.0,-35000000.0,0.0,-773000000.0,126000000.0,183000000.0,508000000.0,15000000.0,267000000.0,267000000.0,267000000.0,0.0,-1000000.0,0.118,449000000.0,437000000.0,0.0,0.0,0.125,10.737,10.8,0.0,0.0,3.78,0.221,0.221,16819000000.0,1584000000.0,2263000000.0,2263000000.0,0.0,,,,,18000000.0,267000000.0,1.0,505594794.0,505500000.0,512800000.0,4.477,105590000000.0,65000000.0,84000000.0,0.0,208.882,
3,GNW,MRQ,2020-09-30,2020-09-30,2020-09-30,2021-08-05,4141000000.0,104925000000.0,,,,,29.185,0.0,2780000000.0,2780000000.0,1436000000.0,436000000.0,,6.078,3570000000.0,,,3570000000.0,1846000000.0,0.0,22731000000.0,0.0,0.0,617000000.0,617000000.0,0.255,617000000.0,617000000.0,568000000.0,0.83,0.82,0.83,14756000000.0,,14756000000.0,1915136538.0,7.0,6.604,153000000.0,0.303,1.0,984000000.0,0.407,209000000.0,49000000.0,105506000000.0,,0.0,76480000000.0,,,89693000000.0,,,1695136538.0,183000000.0,0.0,0.0,745000000.0,0.0,410000000.0,-392000000.0,-347000000.0,153000000.0,12000000.0,418000000.0,418000000.0,418000000.0,0.0,18000000.0,0.173,350000000.0,634000000.0,0.0,0.0,0.115,-15.992,-15.952,0.0,0.0,3.35,0.205,0.205,16788000000.0,1317000000.0,2420000000.0,2420000000.0,0.0,,,,,3000000.0,249000000.0,1.0,506010907.0,505600000.0,511500000.0,4.786,104716000000.0,250000000.0,150000000.0,0.0,207.112,
4,GNW,MRQ,2020-06-30,2020-06-30,2020-06-30,2021-08-05,4447000000.0,103637000000.0,,,,,28.973,0.0,2597000000.0,2597000000.0,1586000000.0,-418000000.0,,6.047,2817000000.0,,,2817000000.0,1804000000.0,0.0,22921000000.0,0.0,0.0,-376000000.0,-376000000.0,-0.188,-376000000.0,-376000000.0,-418000000.0,-0.87,-0.86,-0.87,14643000000.0,,14643000000.0,1534841286.0,-7.0,-7.106,619000000.0,1.225,1.0,417000000.0,0.208,223000000.0,42000000.0,103634000000.0,,0.0,75322000000.0,,,88549000000.0,,,1166841286.0,114000000.0,0.0,0.0,-51000000.0,0.0,-187000000.0,-336000000.0,-186000000.0,619000000.0,18000000.0,-441000000.0,-441000000.0,-441000000.0,0.0,23000000.0,-0.22,297000000.0,120000000.0,0.0,0.0,0.08,-2.306,-2.31,0.0,0.0,2.31,0.148,0.148,16900000000.0,899000000.0,2003000000.0,2003000000.0,0.0,,,,,9000000.0,210000000.0,1.0,505126098.0,505400000.0,512500000.0,3.963,103414000000.0,286000000.0,23000000.0,0.0,204.618,
5,GNW,MRQ,2020-03-31,2020-03-31,2020-03-31,2021-08-05,3815000000.0,98844000000.0,,,,,28.652,0.0,2483000000.0,2483000000.0,1478000000.0,-72000000.0,,5.814,2851000000.0,,,2851000000.0,1722000000.0,0.0,22313000000.0,0.0,0.0,-20000000.0,-20000000.0,-0.011,-20000000.0,-20000000.0,-71000000.0,-0.13,-0.13,-0.13,14449000000.0,,14449000000.0,1922829594.0,4.0,4.235,680000000.0,1.348,1.0,331000000.0,0.183,263000000.0,51000000.0,98949000000.0,,0.0,70671000000.0,,,84010000000.0,,,1675829594.0,-858000000.0,0.0,0.0,-735000000.0,0.0,-957000000.0,-551000000.0,-504000000.0,680000000.0,-30000000.0,-66000000.0,-66000000.0,-66000000.0,0.0,-6000000.0,-0.036,345000000.0,-14000000.0,0.0,0.0,0.116,16.27,16.6,0.0,0.0,3.32,0.213,0.213,17080000000.0,1340000000.0,1809000000.0,1809000000.0,0.0,,,,,10000000.0,237000000.0,1.0,504767950.0,504300000.0,504300000.0,3.587,98581000000.0,319000000.0,-5000000.0,0.0,195.481,
6,GNW,MRQ,2019-12-31,2019-12-31,2019-12-31,2021-08-05,3433000000.0,101342000000.0,,,,,28.173,0.0,3341000000.0,3341000000.0,1484000000.0,24000000.0,,6.113,3588000000.0,,,3588000000.0,1893000000.0,0.0,22217000000.0,0.0,0.0,69000000.0,69000000.0,0.034,69000000.0,69000000.0,9000000.0,-0.04,-0.04,-0.04,14185000000.0,,14185000000.0,4603246343.0,6.0,5.924,471000000.0,0.935,1.0,554000000.0,0.272,201000000.0,60000000.0,101388000000.0,,0.0,71231000000.0,,,86710000000.0,,,2215246343.0,1350000000.0,1398000000.0,0.0,-443000000.0,0.0,-975000000.0,1849000000.0,499000000.0,471000000.0,5000000.0,-17000000.0,-17000000.0,-17000000.0,0.0,41000000.0,-0.008,413000000.0,141000000.0,0.0,0.0,0.156,6.458,6.471,0.0,0.0,4.4,0.274,0.273,17103000000.0,1461000000.0,2038000000.0,2038000000.0,0.0,,,,,10000000.0,249000000.0,1.0,503465078.0,503500000.0,510300000.0,4.048,101141000000.0,425000000.0,26000000.0,0.0,200.876,
7,GNW,MRQ,2019-09-30,2019-09-30,2019-09-30,2021-08-05,3622000000.0,105653000000.0,,,,,28.574,0.0,1629000000.0,1629000000.0,1430000000.0,58000000.0,,6.221,4017000000.0,,,4017000000.0,1863000000.0,0.0,22607000000.0,0.0,0.0,111000000.0,111000000.0,0.055,111000000.0,111000000.0,52000000.0,0.04,0.04,0.04,14387000000.0,,14387000000.0,4632246343.0,14.0,13.995,813000000.0,1.615,1.0,590000000.0,0.292,210000000.0,59000000.0,107831000000.0,,0.0,72267000000.0,,,89508000000.0,,,2215246343.0,53000000.0,0.0,0.0,-2000000.0,0.0,-547000000.0,-197000000.0,-153000000.0,813000000.0,-16000000.0,18000000.0,18000000.0,18000000.0,0.0,40000000.0,0.009,359000000.0,231000000.0,0.0,0.0,0.154,71.46,62.857,0.0,0.0,4.4,0.275,0.275,17180000000.0,1478000000.0,2020000000.0,2020000000.0,0.0,,,,,7000000.0,247000000.0,1.0,503465078.0,503500000.0,511200000.0,4.012,105443000000.0,236000000.0,34000000.0,0.0,209.42,
8,GNW,MRQ,2019-06-30,2019-06-30,2019-06-30,2021-08-05,3013000000.0,104306000000.0,,,,,27.328,0.0,1938000000.0,1938000000.0,1397000000.0,218000000.0,,6.449,4355000000.0,,,4355000000.0,3488000000.0,0.0,22673000000.0,0.0,0.0,294000000.0,294000000.0,0.147,294000000.0,294000000.0,234000000.0,0.33,0.33,0.33,13757000000.0,,13757000000.0,3992296216.0,9.0,8.755,661000000.0,1.313,1.0,597000000.0,0.299,244000000.0,60000000.0,106479000000.0,,0.0,75048000000.0,,,88714000000.0,,,1867296216.0,-283000000.0,0.0,0.0,-1000000.0,0.0,-320000000.0,-628000000.0,-503000000.0,661000000.0,4000000.0,168000000.0,168000000.0,168000000.0,0.0,50000000.0,0.084,313000000.0,284000000.0,0.0,0.0,0.136,11.744,11.594,0.0,0.0,3.71,0.234,0.234,17211000000.0,1460000000.0,1994000000.0,1994000000.0,0.0,,,,,4000000.0,229000000.0,1.0,503314344.0,503400000.0,508700000.0,3.961,104062000000.0,383000000.0,66000000.0,0.0,206.718,
9,GNW,MRQ,2019-03-31,2019-03-31,2019-03-31,2021-08-05,2492000000.0,102188000000.0,,,,,26.085,0.0,2221000000.0,2221000000.0,1429000000.0,230000000.0,,6.678,4346000000.0,,,4346000000.0,3482000000.0,0.0,22651000000.0,0.0,0.0,303000000.0,303000000.0,0.148,303000000.0,303000000.0,243000000.0,0.35,0.34,0.35,13074000000.0,,13074000000.0,4077450317.0,8.0,7.551,134000000.0,0.267,1.0,615000000.0,0.301,265000000.0,60000000.0,104048000000.0,,0.0,72185000000.0,,,87306000000.0,,,1918450317.0,44000000.0,0.0,0.0,0.0,0.0,-375000000.0,277000000.0,357000000.0,134000000.0,8000000.0,174000000.0,174000000.0,174000000.0,0.0,56000000.0,0.085,318000000.0,297000000.0,0.0,0.0,0.147,10.599,10.351,0.0,0.0,3.83,0.236,0.236,17257000000.0,1292000000.0,2044000000.0,2044000000.0,0.0,,,,,6000000.0,237000000.0,1.0,500900866.0,501200000.0,508600000.0,4.078,101923000000.0,573000000.0,69000000.0,0.0,203.358,
10,GNW,MRQ,2018-12-31,2018-12-31,2018-12-31,2021-08-05,2044000000.0,100923000000.0,,,,,24.865,0.0,1974000000.0,1974000000.0,1976000000.0,-327000000.0,,6.967,4018000000.0,,,4018000000.0,2013000000.0,0.0,22968000000.0,0.0,0.0,-377000000.0,-377000000.0,-0.19,-377000000.0,-377000000.0,-438000000.0,-0.65,-0.65,-0.65,12450000000.0,,12450000000.0,4209527792.0,9.0,9.46,660000000.0,1.318,1.0,9000000.0,0.005,333000000.0,61000000.0,102634000000.0,,0.0,65546000000.0,,,86734000000.0,,,2333527792.0,-328000000.0,0.0,0.0,-22000000.0,0.0,-271000000.0,-691000000.0,-171000000.0,660000000.0,-26000000.0,-329000000.0,-329000000.0,-329000000.0,0.0,2000000.0,-0.166,330000000.0,-321000000.0,0.0,0.0,0.187,19.609,19.417,0.0,0.0,4.66,0.295,0.295,17278000000.0,1118000000.0,1985000000.0,1985000000.0,0.0,,,,,12000000.0,249000000.0,1.0,500757037.0,500700000.0,492900000.0,3.964,100590000000.0,736000000.0,-109000000.0,0.0,200.899,
11,GNW,MRQ,2018-09-30,2018-09-30,2018-09-30,2021-08-05,2067000000.0,102121000000.0,,,,,25.56,0.0,2505000000.0,2505000000.0,1454000000.0,210000000.0,,6.837,4381000000.0,,,4381000000.0,3668000000.0,0.0,22993000000.0,0.0,0.0,236000000.0,236000000.0,0.121,236000000.0,236000000.0,176000000.0,0.29,0.29,0.29,12798000000.0,,12798000000.0,4229834549.0,8.0,8.119,412000000.0,0.823,1.0,498000000.0,0.255,355000000.0,60000000.0,103642000000.0,,0.0,70055000000.0,,,87500000000.0,,,2087834549.0,262000000.0,0.0,0.0,-9000000.0,0.0,-407000000.0,267000000.0,148000000.0,412000000.0,-10000000.0,146000000.0,146000000.0,146000000.0,0.0,64000000.0,0.075,303000000.0,195000000.0,0.0,0.0,0.163,2.607,2.606,0.0,0.0,4.17,0.293,0.293,17351000000.0,1447000000.0,1952000000.0,1952000000.0,0.0,,,,,7000000.0,231000000.0,1.0,500679748.0,500700000.0,503300000.0,3.899,101766000000.0,650000000.0,30000000.0,0.0,203.247,
12,GNW,MRQ,2018-06-30,2018-06-30,2018-06-30,2021-08-05,2327000000.0,102477000000.0,,,,,25.789,0.0,2243000000.0,2243000000.0,1357000000.0,249000000.0,,6.796,4385000000.0,,,4385000000.0,3669000000.0,0.0,23366000000.0,0.0,0.0,378000000.0,378000000.0,0.175,378000000.0,378000000.0,301000000.0,0.38,0.38,0.38,12910000000.0,,12910000000.0,4405808896.0,8.0,7.77,452000000.0,0.903,1.0,802000000.0,0.371,354000000.0,77000000.0,104265000000.0,,0.0,70882000000.0,,,87736000000.0,,,2252808896.0,-600000000.0,0.0,0.0,-601000000.0,0.0,-990000000.0,-31000000.0,-20000000.0,452000000.0,-31000000.0,190000000.0,190000000.0,190000000.0,0.0,59000000.0,0.088,365000000.0,437000000.0,0.0,0.0,0.175,2.956,2.961,0.0,0.0,4.5,0.305,0.305,17385000000.0,1301000000.0,2159000000.0,2159000000.0,0.0,,,,,9000000.0,253000000.0,1.0,500624199.0,500600000.0,502600000.0,4.313,102123000000.0,601000000.0,111000000.0,0.0,204.001,
13,GNW,MRQ,2018-03-31,2018-03-31,2018-03-31,2021-08-05,2627000000.0,103773000000.0,,,,,26.057,0.0,2843000000.0,2843000000.0,1467000000.0,165000000.0,,6.83,4996000000.0,,,4996000000.0,3797000000.0,0.0,23751000000.0,0.0,0.0,251000000.0,251000000.0,0.119,251000000.0,251000000.0,175000000.0,0.22,0.22,0.22,13018000000.0,,13018000000.0,3111722679.0,5.0,5.23,109000000.0,0.218,1.0,648000000.0,0.306,339000000.0,76000000.0,105587000000.0,,0.0,71777000000.0,,,88911000000.0,,,1412722679.0,-32000000.0,0.0,0.0,433000000.0,0.0,47000000.0,-167000000.0,-271000000.0,109000000.0,-21000000.0,112000000.0,112000000.0,112000000.0,0.0,53000000.0,0.053,344000000.0,304000000.0,0.0,0.0,0.109,1.825,1.838,0.0,0.0,2.83,0.189,0.19,17482000000.0,1111000000.0,2115000000.0,2115000000.0,0.0,,,,,7000000.0,240000000.0,1.0,499195293.0,499600000.0,502700000.0,4.233,103434000000.0,602000000.0,63000000.0,0.0,207.034,
14,GNW,MRQ,2017-12-31,2017-12-31,2017-12-31,2021-08-05,3027000000.0,105297000000.0,,,,,26.874,0.0,2875000000.0,2875000000.0,1481000000.0,265000000.0,,6.705,4574000000.0,,,4574000000.0,3967000000.0,0.0,24195000000.0,0.0,0.0,-344000000.0,-344000000.0,-0.381,-344000000.0,-344000000.0,-401000000.0,0.71,0.7,0.71,13418000000.0,,13418000000.0,3309384017.0,5.0,4.888,622000000.0,1.246,1.0,-577000000.0,-0.638,301000000.0,57000000.0,106695000000.0,,0.0,73392000000.0,,,89969000000.0,,,1552384017.0,39000000.0,0.0,0.0,-18000000.0,0.0,-498000000.0,-81000000.0,153000000.0,622000000.0,-4000000.0,353000000.0,353000000.0,353000000.0,-9000000.0,-88000000.0,0.39,258000000.0,-835000000.0,0.0,0.0,0.116,1.9,1.896,0.0,0.0,3.11,0.207,0.207,17569000000.0,1113000000.0,904000000.0,904000000.0,0.0,,,,,2000000.0,182000000.0,1.0,499158848.0,499300000.0,502000000.0,1.811,104996000000.0,504000000.0,-754000000.0,0.0,210.286,
15,GNW,MRQ,2017-09-30,2017-09-30,2017-09-30,2021-08-05,3035000000.0,104629000000.0,,,,,26.185,0.0,2836000000.0,2836000000.0,1508000000.0,175000000.0,,6.851,4593000000.0,,,4593000000.0,3512000000.0,0.0,24531000000.0,0.0,0.0,282000000.0,282000000.0,0.127,282000000.0,282000000.0,209000000.0,0.21,0.21,0.21,13069000000.0,,13069000000.0,3646701062.0,4.0,3.733,624000000.0,1.25,1.0,707000000.0,0.319,315000000.0,73000000.0,106071000000.0,,0.0,73104000000.0,,,89542000000.0,,,1921701062.0,-17000000.0,0.0,0.0,-4000000.0,0.0,-515000000.0,-155000000.0,-272000000.0,624000000.0,29000000.0,107000000.0,107000000.0,107000000.0,9000000.0,68000000.0,0.048,348000000.0,359000000.0,0.0,0.0,0.147,5.619,5.746,0.0,0.0,3.85,0.218,0.218,17553000000.0,760000000.0,2215000000.0,2215000000.0,0.0,,,,,11000000.0,265000000.0,1.0,499143133.0,499100000.0,501600000.0,4.438,104314000000.0,24000000.0,102000000.0,0.0,209.004,
16,GNW,MRQ,2017-06-30,2017-06-30,2017-06-30,2021-08-05,3095000000.0,105016000000.0,,,,,26.088,0.0,2853000000.0,2853000000.0,1369000000.0,271000000.0,,6.915,4578000000.0,,,4578000000.0,3400000000.0,0.0,24971000000.0,0.0,0.0,406000000.0,406000000.0,0.183,406000000.0,406000000.0,332000000.0,0.4,0.4,0.4,13018000000.0,,13018000000.0,3435037293.0,6.0,5.595,653000000.0,1.309,1.0,854000000.0,0.384,334000000.0,74000000.0,106407000000.0,,0.0,73236000000.0,,,90020000000.0,,,1881037293.0,-165000000.0,-5000000.0,0.0,-5000000.0,0.0,-451000000.0,-381000000.0,-414000000.0,653000000.0,14000000.0,202000000.0,202000000.0,202000000.0,0.0,69000000.0,0.091,379000000.0,475000000.0,0.0,0.0,0.144,-12.973,-12.567,0.0,0.0,3.77,0.215,0.215,17609000000.0,653000000.0,2223000000.0,2223000000.0,0.0,,,,,8000000.0,240000000.0,1.0,498948884.0,499000000.0,501200000.0,4.455,104682000000.0,23000000.0,130000000.0,0.0,209.784,
17,GNW,MRQ,2017-03-31,2017-03-31,2017-03-31,2021-08-05,3096000000.0,104686000000.0,,,,,25.696,0.0,3018000000.0,3018000000.0,1413000000.0,216000000.0,,7.022,4572000000.0,,,4572000000.0,3370000000.0,0.0,25383000000.0,0.0,0.0,333000000.0,333000000.0,0.153,333000000.0,333000000.0,271000000.0,0.31,0.31,0.31,12812000000.0,,12812000000.0,3833507770.0,7.0,6.725,655000000.0,1.314,1.0,758000000.0,0.349,381000000.0,62000000.0,105859000000.0,,0.0,71652000000.0,,,89970000000.0,,,2053507770.0,234000000.0,0.0,0.0,-7000000.0,0.0,-304000000.0,-142000000.0,534000000.0,655000000.0,25000000.0,155000000.0,155000000.0,155000000.0,0.0,61000000.0,0.071,364000000.0,394000000.0,0.0,0.0,0.16,-11.734,-11.771,0.0,0.0,4.12,0.235,0.235,17681000000.0,451000000.0,2171000000.0,2171000000.0,0.0,,,,,10000000.0,270000000.0,1.0,498424216.0,498600000.0,501000000.0,4.354,104305000000.0,0.0,116000000.0,0.0,209.196,
18,GNW,MRQ,2016-12-31,2016-12-31,2016-12-31,2021-08-05,3094000000.0,104658000000.0,,,,,25.374,0.0,2784000000.0,2784000000.0,1703000000.0,-63000000.0,,7.133,4564000000.0,,,4564000000.0,3378000000.0,0.0,25662000000.0,0.0,0.0,-44000000.0,-44000000.0,-0.02,-44000000.0,-44000000.0,-119000000.0,-0.25,-0.25,-0.25,12644000000.0,,12644000000.0,3402789296.0,8.0,8.141,74000000.0,0.149,1.0,495000000.0,0.225,348000000.0,75000000.0,106090000000.0,,0.0,71569000000.0,,,90191000000.0,,,1898789296.0,-294000000.0,0.0,0.0,-25000000.0,0.0,-252000000.0,-70000000.0,-54000000.0,74000000.0,-46000000.0,-122000000.0,-122000000.0,-122000000.0,4000000.0,59000000.0,-0.056,476000000.0,19000000.0,0.0,0.0,0.15,-6.855,-6.804,0.0,0.0,3.81,0.227,0.227,17755000000.0,287000000.0,2198000000.0,2198000000.0,0.0,,,,,7000000.0,283000000.0,1.0,498369894.0,498300000.0,498300000.0,4.411,104310000000.0,0.0,3000000.0,0.0,209.332,
19,GNW,MRQ,2016-09-30,2016-09-30,2016-09-30,2021-08-05,5202000000.0,108852000000.0,,,,,29.843,0.0,3078000000.0,3078000000.0,1835000000.0,-332000000.0,,6.193,4582000000.0,,,4582000000.0,3464000000.0,0.0,25867000000.0,0.0,0.0,-81000000.0,-81000000.0,-0.038,-81000000.0,-81000000.0,-158000000.0,-0.76,-0.76,-0.76,14871000000.0,,14871000000.0,3600747726.0,15.0,15.129,732000000.0,1.469,1.0,315000000.0,0.147,258000000.0,77000000.0,110098000000.0,,0.0,75260000000.0,,,92103000000.0,,,2471747726.0,-379000000.0,0.0,0.0,-7000000.0,0.0,-351000000.0,-766000000.0,-695000000.0,732000000.0,6000000.0,-380000000.0,-380000000.0,-380000000.0,-15000000.0,48000000.0,-0.177,363000000.0,-48000000.0,0.0,0.0,0.166,-5.53,-5.573,0.0,0.0,4.96,0.297,0.297,17542000000.0,409000000.0,2150000000.0,2150000000.0,0.0,,,,,9000000.0,269000000.0,1.0,498336235.0,498300000.0,498300000.0,4.315,108594000000.0,0.0,222000000.0,0.0,217.929,
20,GNW,MRQ,2016-06-30,2016-06-30,2016-06-30,2021-08-05,5088000000.0,108206000000.0,,,,,30.357,0.0,3457000000.0,3457000000.0,1366000000.0,220000000.0,,6.026,4586000000.0,,,4586000000.0,3412000000.0,0.0,26182000000.0,0.0,0.0,362000000.0,362000000.0,0.162,362000000.0,362000000.0,282000000.0,0.35,0.34,0.35,15133000000.0,,15133000000.0,1958052721.0,326.0,326.342,810000000.0,1.625,1.0,870000000.0,0.389,267000000.0,80000000.0,109068000000.0,,0.0,74147000000.0,,,91197000000.0,,,1286052721.0,-627000000.0,39000000.0,0.0,-56000000.0,0.0,-407000000.0,-1029000000.0,-967000000.0,810000000.0,-1000000.0,172000000.0,172000000.0,172000000.0,21000000.0,48000000.0,0.077,439000000.0,431000000.0,0.0,0.0,0.085,-3.664,-3.686,0.0,0.0,2.58,0.155,0.155,17564000000.0,789000000.0,2236000000.0,2236000000.0,0.0,,,,,9000000.0,327000000.0,1.0,498470047.0,498500000.0,500400000.0,4.485,107939000000.0,0.0,110000000.0,0.0,216.528,
21,GNW,MRQ,2016-03-31,2016-03-31,2016-03-31,2021-08-05,4185000000.0,107173000000.0,,,,,28.223,0.0,4043000000.0,4043000000.0,1037000000.0,108000000.0,,6.489,4715000000.0,,,4715000000.0,3378000000.0,0.0,26354000000.0,0.0,0.0,181000000.0,181000000.0,0.101,181000000.0,181000000.0,76000000.0,0.11,0.11,0.11,14055000000.0,,14055000000.0,2063072436.0,-5.0,-5.487,256000000.0,0.514,1.0,748000000.0,0.419,291000000.0,105000000.0,107554000000.0,,0.0,71965000000.0,,,91200000000.0,,,1359072436.0,-1909000000.0,0.0,0.0,-1956000000.0,0.0,-1941000000.0,-255000000.0,-289000000.0,256000000.0,31000000.0,53000000.0,53000000.0,53000000.0,19000000.0,55000000.0,0.03,493000000.0,255000000.0,0.0,0.0,0.097,-1.898,-1.896,0.0,0.0,2.73,0.166,0.166,17587000000.0,617000000.0,1785000000.0,1785000000.0,0.0,,,,,7000000.0,394000000.0,1.0,497828731.0,498000000.0,499400000.0,3.584,106882000000.0,0.0,23000000.0,0.0,214.622,
22,GNW,MRQ,2015-12-31,2015-12-31,2015-12-31,2021-08-05,3010000000.0,106431000000.0,,,,,25.767,0.0,5965000000.0,5965000000.0,1615000000.0,-240000000.0,,7.158,6669000000.0,,,6669000000.0,3308000000.0,0.0,26209000000.0,0.0,0.0,-224000000.0,-224000000.0,-0.104,-224000000.0,-224000000.0,-328000000.0,-0.59,-0.59,-0.59,12824000000.0,,12824000000.0,4929544290.0,-24.0,-24.047,433000000.0,0.87,1.0,541000000.0,0.251,357000000.0,104000000.0,106778000000.0,,0.0,69128000000.0,,,91794000000.0,,,1855544290.0,2185000000.0,273000000.0,0.0,-26000000.0,0.0,-23000000.0,1759000000.0,1276000000.0,433000000.0,16000000.0,-292000000.0,-292000000.0,-292000000.0,73000000.0,52000000.0,-0.135,640000000.0,-99000000.0,0.0,0.0,0.145,-3.017,-3.008,0.0,0.0,3.73,0.217,0.217,17245000000.0,564000000.0,2156000000.0,2156000000.0,0.0,,,,,2000000.0,433000000.0,1.0,497464957.0,497700000.0,492600000.0,4.332,106074000000.0,155000000.0,-36000000.0,0.0,213.128,
23,GNW,MRQ,2015-09-30,2015-09-30,2015-09-30,2021-08-05,3478000000.0,108222000000.0,,,,,27.3,0.0,3666000000.0,3666000000.0,1469000000.0,-238000000.0,,6.835,6740000000.0,,,6740000000.0,3340000000.0,0.0,26000000000.0,0.0,0.0,-313000000.0,-313000000.0,-0.149,-313000000.0,-313000000.0,-418000000.0,-0.57,-0.57,-0.57,13579000000.0,,13579000000.0,4971076242.0,-7.0,-6.972,647000000.0,1.301,1.0,631000000.0,0.3,298000000.0,105000000.0,110998000000.0,,0.0,72184000000.0,,,92806000000.0,,,2298076242.0,-446000000.0,0.0,0.0,8000000.0,0.0,-146000000.0,-902000000.0,-867000000.0,647000000.0,-45000000.0,-284000000.0,-284000000.0,-284000000.0,21000000.0,46000000.0,-0.135,877000000.0,-246000000.0,0.0,0.0,0.169,-2.122,-2.119,0.0,0.0,4.62,0.267,0.267,17276000000.0,856000000.0,2100000000.0,2100000000.0,0.0,,,,,6000000.0,314000000.0,1.0,497419100.0,497400000.0,497400000.0,4.222,107924000000.0,0.0,-134000000.0,0.0,216.976,
24,GNW,MRQ,2015-06-30,2015-06-30,2015-06-30,2021-08-05,3309000000.0,109164000000.0,,,,,27.523,0.0,4100000000.0,4100000000.0,1413000000.0,-139000000.0,,6.825,6773000000.0,,,6773000000.0,3431000000.0,0.0,25987000000.0,0.0,0.0,-20000000.0,-20000000.0,-0.009,-20000000.0,-20000000.0,-123000000.0,-0.39,-0.39,-0.39,13690000000.0,,13690000000.0,5396231944.0,-4.0,-4.066,-113000000.0,-0.227,1.0,744000000.0,0.345,301000000.0,103000000.0,111536000000.0,,0.0,71408000000.0,,,93437000000.0,,,3765231944.0,-904000000.0,0.0,0.0,-25000000.0,0.0,92000000.0,-895000000.0,-904000000.0,-113000000.0,12000000.0,-193000000.0,-193000000.0,-193000000.0,314000000.0,54000000.0,-0.089,396000000.0,348000000.0,0.0,0.0,0.275,-2.292,-2.287,0.0,0.0,7.57,0.432,0.432,17297000000.0,1140000000.0,2157000000.0,2157000000.0,0.0,,,,,11000000.0,295000000.0,1.0,497388632.0,497400000.0,499300000.0,4.337,108863000000.0,0.0,70000000.0,0.0,218.864,
25,GNW,MRQ,2015-03-31,2015-03-31,2015-03-31,2021-08-05,4692000000.0,112331000000.0,,,,,30.833,0.0,5158000000.0,5158000000.0,1372000000.0,204000000.0,,6.216,6789000000.0,,,6789000000.0,3731000000.0,0.0,26146000000.0,0.0,0.0,352000000.0,352000000.0,0.165,352000000.0,352000000.0,245000000.0,0.31,0.31,0.31,15324000000.0,,15324000000.0,5569043552.0,-6.0,-5.956,624000000.0,1.256,1.0,763000000.0,0.357,242000000.0,107000000.0,113720000000.0,,0.0,74225000000.0,,,95250000000.0,,,3633043552.0,240000000.0,0.0,0.0,-24000000.0,0.0,35000000.0,-366000000.0,-331000000.0,624000000.0,-53000000.0,154000000.0,154000000.0,154000000.0,-1000000.0,50000000.0,0.072,362000000.0,401000000.0,0.0,0.0,0.237,-2.852,-2.844,0.0,0.0,7.31,0.415,0.415,17339000000.0,1333000000.0,2135000000.0,2135000000.0,0.0,,,,,-3000000.0,267000000.0,1.0,496996382.0,497000000.0,498900000.0,4.296,112089000000.0,0.0,91000000.0,0.0,225.531,
26,GNW,MRQ,2014-12-31,2014-12-31,2014-12-31,2021-08-05,4446000000.0,111316000000.0,,,,,30.062,0.0,4645000000.0,4645000000.0,2321000000.0,-708000000.0,,6.334,6812000000.0,,,6812000000.0,3485000000.0,0.0,26032000000.0,0.0,0.0,-732000000.0,-732000000.0,-0.328,-732000000.0,-732000000.0,-838000000.0,-1.53,-1.53,-1.53,14923000000.0,,14923000000.0,7641609269.0,-8.0,-8.444,1298000000.0,2.615,1.0,-92000000.0,-0.041,265000000.0,106000000.0,113218000000.0,,0.0,71773000000.0,,,94519000000.0,,,4221609269.0,1441000000.0,0.0,0.0,-22000000.0,0.0,56000000.0,167000000.0,297000000.0,1298000000.0,-80000000.0,-760000000.0,-760000000.0,-760000000.0,-138000000.0,52000000.0,-0.341,726000000.0,-818000000.0,0.0,0.0,0.283,-3.394,-3.386,0.0,0.0,8.5,0.484,0.483,17291000000.0,1179000000.0,2229000000.0,2229000000.0,0.0,,,,,9000000.0,299000000.0,1.0,496659914.0,496400000.0,496400000.0,4.49,111051000000.0,0.0,-78000000.0,0.0,223.713,
27,GNW,MRQ,2014-09-30,2014-09-30,2014-09-30,2021-08-05,3934000000.0,110514000000.0,,,,,30.538,0.0,3477000000.0,3477000000.0,2119000000.0,-787000000.0,,6.158,6897000000.0,,,6897000000.0,4085000000.0,0.0,25827000000.0,0.0,0.0,-927000000.0,-927000000.0,-0.423,-927000000.0,-927000000.0,-1031000000.0,-1.7,-1.7,-1.7,15165000000.0,,15165000000.0,9315681351.0,49.0,49.289,562000000.0,1.132,1.0,71000000.0,0.032,616000000.0,104000000.0,113318000000.0,,0.0,73113000000.0,,,93393000000.0,,,6505681351.0,-661000000.0,0.0,0.0,-21000000.0,0.0,-81000000.0,-1065000000.0,-939000000.0,562000000.0,-77000000.0,-844000000.0,-844000000.0,-844000000.0,-6000000.0,57000000.0,-0.385,947000000.0,-876000000.0,0.0,0.0,0.429,-23.571,-23.393,0.0,0.0,13.1,0.78,0.78,17374000000.0,1939000000.0,2190000000.0,2190000000.0,0.0,,,,,5000000.0,284000000.0,1.0,496616897.0,496600000.0,496600000.0,4.41,109898000000.0,0.0,-187000000.0,0.0,221.301,
28,GNW,MRQ,2014-06-30,2014-06-30,2014-06-30,2021-08-05,4161000000.0,111644000000.0,,,,,32.684,0.0,4138000000.0,4138000000.0,1384000000.0,228000000.0,,5.753,6948000000.0,,,6948000000.0,4191000000.0,0.0,25834000000.0,0.0,0.0,372000000.0,372000000.0,0.17,372000000.0,372000000.0,260000000.0,0.35,0.35,0.35,16231000000.0,,16231000000.0,11694286181.0,8.0,8.048,517000000.0,1.041,1.0,810000000.0,0.369,1133000000.0,112000000.0,113321000000.0,,0.0,72764000000.0,,,93380000000.0,,,8635286181.0,-222000000.0,0.0,0.0,-493000000.0,0.0,-39000000.0,-734000000.0,-805000000.0,517000000.0,34000000.0,176000000.0,176000000.0,176000000.0,-4000000.0,52000000.0,0.08,390000000.0,420000000.0,0.0,0.0,0.532,12.774,12.794,0.0,0.0,17.4,1.02,1.021,17276000000.0,2783000000.0,2194000000.0,2194000000.0,0.0,,,,,6000000.0,282000000.0,1.0,496280815.0,496600000.0,503600000.0,4.418,110511000000.0,0.0,84000000.0,0.0,222.535,
29,GNW,MRQ,2014-03-31,2014-03-31,2014-03-31,2021-08-05,3483000000.0,109765000000.0,,,,,31.293,0.0,4360000000.0,4360000000.0,1377000000.0,219000000.0,,5.996,7419000000.0,,,7419000000.0,4075000000.0,0.0,25881000000.0,0.0,0.0,398000000.0,398000000.0,0.171,398000000.0,398000000.0,271000000.0,0.37,0.37,0.37,15515000000.0,,15515000000.0,12009687092.0,8.0,8.481,61000000.0,0.123,1.0,945000000.0,0.407,1193000000.0,127000000.0,111631000000.0,,0.0,70425000000.0,,,93031000000.0,,,8782687092.0,146000000.0,0.0,0.0,-15000000.0,0.0,269000000.0,-204000000.0,-315000000.0,61000000.0,20000000.0,184000000.0,184000000.0,184000000.0,0.0,35000000.0,0.079,512000000.0,433000000.0,0.0,0.0,0.566,13.702,13.638,0.0,0.0,17.73,1.016,1.017,17234000000.0,2607000000.0,2322000000.0,2322000000.0,0.0,,,,,8000000.0,378000000.0,1.0,495357422.0,495800000.0,502700000.0,4.683,108572000000.0,0.0,87000000.0,0.0,218.983,
30,GNW,MRQ,2013-12-31,2013-12-31,2013-12-31,2021-08-05,2542000000.0,108045000000.0,,,,,29.106,0.0,4214000000.0,4214000000.0,1284000000.0,245000000.0,,6.422,7441000000.0,,,7441000000.0,4107000000.0,0.0,25528000000.0,0.0,0.0,346000000.0,346000000.0,0.212,346000000.0,346000000.0,267000000.0,0.42,0.41,0.42,14393000000.0,,14393000000.0,11244851013.0,8.0,8.5,306000000.0,0.619,1.0,350000000.0,0.214,1266000000.0,79000000.0,110006000000.0,,0.0,68613000000.0,,,92425000000.0,,,7675851013.0,660000000.0,-5000000.0,0.0,331000000.0,0.0,662000000.0,-293000000.0,-388000000.0,306000000.0,-15000000.0,208000000.0,208000000.0,208000000.0,-46000000.0,37000000.0,0.127,13000000.0,337000000.0,0.0,0.0,0.533,13.707,13.743,0.0,0.0,15.53,0.89,0.889,17219000000.0,2423000000.0,1634000000.0,1634000000.0,0.0,,,,,12000000.0,-9000000.0,1.0,494259563.0,494500000.0,501100000.0,3.304,106779000000.0,0.0,59000000.0,0.0,215.933,
31,GNW,MRQ,2013-09-30,2013-09-30,2013-09-30,2021-08-05,2939000000.0,108134000000.0,,,,,29.563,0.0,3554000000.0,3554000000.0,1353000000.0,148000000.0,,6.319,7123000000.0,,,7123000000.0,4160000000.0,0.0,25266000000.0,0.0,0.0,337000000.0,337000000.0,0.145,337000000.0,337000000.0,213000000.0,0.22,0.22,0.22,14604000000.0,,14604000000.0,9797748954.0,7.0,7.301,447000000.0,0.905,1.0,964000000.0,0.416,1271000000.0,124000000.0,110432000000.0,,0.0,69499000000.0,,,92289000000.0,,,6319748954.0,-83000000.0,345000000.0,0.0,20000000.0,0.0,451000000.0,-1005000000.0,-1287000000.0,447000000.0,24000000.0,108000000.0,108000000.0,108000000.0,-2000000.0,40000000.0,0.047,589000000.0,375000000.0,0.0,0.0,0.433,12.153,12.075,0.0,0.0,12.8,0.668,0.669,17224000000.0,2215000000.0,2317000000.0,2317000000.0,0.0,,,,,10000000.0,407000000.0,1.0,493730387.0,494000000.0,499300000.0,4.69,106863000000.0,0.0,105000000.0,0.0,216.322,
32,GNW,MRQ,2013-06-30,2013-06-30,2013-06-30,2021-08-05,3142000000.0,107576000000.0,,,,,29.771,0.0,3613000000.0,3613000000.0,1453000000.0,180000000.0,,6.241,7091000000.0,,,7091000000.0,4022000000.0,0.0,24935000000.0,0.0,0.0,335000000.0,335000000.0,0.141,335000000.0,335000000.0,214000000.0,0.29,0.28,0.29,14689000000.0,,14689000000.0,8986181819.0,8.0,7.558,586000000.0,1.188,1.0,918000000.0,0.387,1300000000.0,121000000.0,109754000000.0,,0.0,68598000000.0,,,91674000000.0,,,5626181819.0,-182000000.0,25000000.0,0.0,-38000000.0,0.0,-963000000.0,265000000.0,101000000.0,586000000.0,-70000000.0,141000000.0,141000000.0,141000000.0,-6000000.0,39000000.0,0.059,550000000.0,368000000.0,0.0,0.0,0.383,12.587,12.538,0.0,0.0,11.41,0.586,0.587,17236000000.0,2107000000.0,2371000000.0,2371000000.0,0.0,,,,,8000000.0,413000000.0,1.0,493092184.0,493400000.0,497500000.0,4.805,106276000000.0,0.0,73000000.0,0.0,215.395,
33,GNW,MRQ,2013-03-31,2013-03-31,2013-03-31,2021-08-05,4824000000.0,112075000000.0,,,,,32.938,0.0,3797000000.0,3797000000.0,1385000000.0,141000000.0,,5.829,7157000000.0,,,7157000000.0,4193000000.0,0.0,25886000000.0,0.0,0.0,305000000.0,305000000.0,0.132,305000000.0,305000000.0,179000000.0,0.21,0.21,0.21,16222000000.0,,16222000000.0,8452131210.0,8.0,7.769,60000000.0,0.122,1.0,918000000.0,0.399,1214000000.0,126000000.0,114221000000.0,,0.0,72749000000.0,,,94566000000.0,,,4927131210.0,166000000.0,0.0,0.0,-21000000.0,0.0,-299000000.0,453000000.0,479000000.0,60000000.0,-48000000.0,103000000.0,103000000.0,103000000.0,20000000.0,38000000.0,0.045,555000000.0,363000000.0,0.0,0.0,0.304,12.898,12.821,0.0,0.0,10.0,0.512,0.512,17211000000.0,1966000000.0,2303000000.0,2303000000.0,0.0,,,,,9000000.0,433000000.0,1.0,492713121.0,492500000.0,496800000.0,4.676,110861000000.0,0.0,76000000.0,0.0,225.098,
34,GNW,MRQ,2012-12-31,2012-12-31,2012-12-31,2021-08-05,5202000000.0,113312000000.0,,,,,33.529,0.0,3632000000.0,3632000000.0,1594000000.0,266000000.0,,5.792,7178000000.0,,,7178000000.0,4333000000.0,0.0,26262000000.0,0.0,0.0,365000000.0,365000000.0,0.148,365000000.0,365000000.0,241000000.0,0.34,0.34,0.34,16493000000.0,,16493000000.0,7510657757.0,8.0,7.999,535000000.0,1.088,1.0,873000000.0,0.354,1234000000.0,124000000.0,115624000000.0,,0.0,74379000000.0,,,95531000000.0,,,3693657757.0,-88000000.0,0.0,0.0,-374000000.0,0.0,-438000000.0,-192000000.0,-77000000.0,535000000.0,7000000.0,168000000.0,168000000.0,168000000.0,-6000000.0,98000000.0,0.068,416000000.0,457000000.0,0.0,0.0,0.224,11.365,11.379,0.0,0.0,7.51,0.383,0.383,17230000000.0,1863000000.0,2467000000.0,2467000000.0,0.0,,,,,6000000.0,272000000.0,1.0,491831925.0,491900000.0,494100000.0,5.015,112078000000.0,0.0,73000000.0,0.0,227.847,
35,GNW,MRQ,2012-09-30,2012-09-30,2012-09-30,2021-08-05,5223000000.0,114387000000.0,,,,,33.409,0.0,3741000000.0,3741000000.0,1556000000.0,71000000.0,,5.889,7558000000.0,,,7558000000.0,4291000000.0,0.0,26449000000.0,0.0,0.0,184000000.0,184000000.0,0.075,184000000.0,184000000.0,58000000.0,0.07,0.07,0.07,16427000000.0,,16427000000.0,6535226302.0,8.0,8.098,207000000.0,0.421,1.0,900000000.0,0.366,1616000000.0,126000000.0,116588000000.0,,0.0,74893000000.0,,,96740000000.0,,,2571226302.0,-133000000.0,0.0,0.0,-258000000.0,0.0,62000000.0,-424000000.0,-577000000.0,207000000.0,22000000.0,35000000.0,35000000.0,35000000.0,-12000000.0,36000000.0,0.014,692000000.0,208000000.0,0.0,0.0,0.157,8.928,8.864,0.0,0.0,5.23,0.275,0.275,17195000000.0,1741000000.0,2456000000.0,2456000000.0,0.0,,,,,7000000.0,443000000.0,1.0,491630268.0,491700000.0,493900000.0,4.995,112771000000.0,0.0,23000000.0,0.0,229.349,
36,GNW,MRQ,2012-06-30,2012-06-30,2012-06-30,2021-08-05,4653000000.0,112536000000.0,,,,,32.181,0.0,3874000000.0,3874000000.0,1576000000.0,109000000.0,,6.042,7838000000.0,,,7838000000.0,4156000000.0,0.0,26160000000.0,0.0,0.0,234000000.0,234000000.0,0.097,234000000.0,234000000.0,103000000.0,0.16,0.16,0.16,15817000000.0,,15817000000.0,6674905305.0,9.0,9.219,472000000.0,0.96,1.0,826000000.0,0.344,1737000000.0,131000000.0,114763000000.0,,0.0,73001000000.0,,,95570000000.0,,,2781905305.0,-313000000.0,77000000.0,0.0,-236000000.0,0.0,-536000000.0,-230000000.0,-226000000.0,472000000.0,-19000000.0,76000000.0,76000000.0,76000000.0,-27000000.0,33000000.0,0.032,586000000.0,240000000.0,0.0,0.0,0.176,11.738,11.551,0.0,0.0,5.66,0.295,0.295,17177000000.0,1707000000.0,2402000000.0,2402000000.0,0.0,,,,,4000000.0,439000000.0,1.0,491502704.0,491500000.0,493900000.0,4.887,110799000000.0,0.0,27000000.0,0.0,225.43,
37,GNW,MRQ,2012-03-31,2012-03-31,2012-03-31,2021-08-05,3656000000.0,110983000000.0,,,,,30.004,0.0,4187000000.0,4187000000.0,1427000000.0,79000000.0,,6.453,8080000000.0,,,8080000000.0,4209000000.0,0.0,26204000000.0,0.0,0.0,156000000.0,156000000.0,0.067,156000000.0,156000000.0,61000000.0,0.09,0.09,0.09,14738000000.0,,14738000000.0,7978319822.0,17.0,16.518,-252000000.0,-0.513,1.0,888000000.0,0.384,1829000000.0,95000000.0,113047000000.0,,0.0,70328000000.0,,,95100000000.0,,,4088319822.0,-301000000.0,0.0,0.0,-221000000.0,0.0,-189000000.0,124000000.0,-294000000.0,-252000000.0,16000000.0,46000000.0,46000000.0,46000000.0,-12000000.0,33000000.0,0.02,711000000.0,177000000.0,0.0,0.0,0.277,163.533,166.4,0.0,0.0,8.32,0.423,0.423,17193000000.0,1631000000.0,2315000000.0,2315000000.0,0.0,,,,,9000000.0,440000000.0,1.0,491384594.0,491200000.0,495700000.0,4.713,109154000000.0,0.0,15000000.0,0.0,222.219,
38,GNW,MRQ,2011-12-31,2011-12-31,2011-12-31,2021-08-05,4047000000.0,112187000000.0,,,,,30.695,0.0,4488000000.0,4488000000.0,1587000000.0,164000000.0,,6.372,8378000000.0,,,8378000000.0,4223000000.0,0.0,26345000000.0,0.0,0.0,233000000.0,233000000.0,0.107,233000000.0,233000000.0,112000000.0,0.27,0.27,0.27,15068000000.0,,15068000000.0,7969599406.0,15.0,14.952,1093000000.0,2.227,1.0,592000000.0,0.272,1833000000.0,121000000.0,114244000000.0,,0.0,71904000000.0,,,96009000000.0,,,3215599406.0,840000000.0,212000000.0,0.0,-37000000.0,0.0,-134000000.0,-145000000.0,115000000.0,1093000000.0,26000000.0,131000000.0,131000000.0,131000000.0,-36000000.0,33000000.0,0.06,362000000.0,230000000.0,0.0,0.0,0.213,84.621,81.875,0.0,0.0,6.55,0.324,0.324,16998000000.0,1584000000.0,2179000000.0,2179000000.0,0.0,,,,,8000000.0,205000000.0,1.0,490931207.0,490900000.0,502500000.0,4.439,110354000000.0,0.0,-19000000.0,0.0,224.799,
39,GNW,MRQ,2011-09-30,2011-09-30,2011-09-30,2021-08-05,3872000000.0,113886000000.0,,,,,33.166,0.0,3648000000.0,3648000000.0,1651000000.0,20000000.0,,5.929,8402000000.0,,,8402000000.0,4210000000.0,0.0,26480000000.0,0.0,0.0,101000000.0,101000000.0,0.04,101000000.0,101000000.0,-23000000.0,-0.03,-0.03,-0.03,16278000000.0,,16278000000.0,8566712670.0,,,1190000000.0,2.425,1.0,870000000.0,0.345,1952000000.0,124000000.0,116688000000.0,,0.0,72430000000.0,,,96518000000.0,,,2816712670.0,817000000.0,0.0,0.0,-95000000.0,0.0,-338000000.0,92000000.0,120000000.0,1190000000.0,-127000000.0,-16000000.0,-16000000.0,-16000000.0,0.0,36000000.0,-0.006,733000000.0,137000000.0,0.0,0.0,0.173,-8.188,-8.2,0.0,0.0,5.74,0.273,0.273,16976000000.0,2988000000.0,2521000000.0,2521000000.0,0.0,,,,,7000000.0,581000000.0,1.0,490716493.0,490800000.0,490800000.0,5.137,111934000000.0,0.0,-7000000.0,0.0,228.064,
40,GNW,MRQ,2011-06-30,2011-06-30,2011-06-30,2021-08-05,2062000000.0,112347000000.0,,,,,29.417,0.0,2831000000.0,2831000000.0,1883000000.0,-100000000.0,,6.707,8581000000.0,,,8581000000.0,4563000000.0,0.0,26115000000.0,0.0,0.0,-7000000.0,-7000000.0,-0.003,-7000000.0,-7000000.0,-141000000.0,-0.28,-0.28,-0.28,14432000000.0,,14432000000.0,10567969249.0,93.0,92.701,506000000.0,1.031,1.0,772000000.0,0.291,2025000000.0,134000000.0,116072000000.0,,0.0,68706000000.0,,,96789000000.0,,,5042969249.0,-911000000.0,0.0,0.0,-688000000.0,0.0,-948000000.0,-502000000.0,-533000000.0,506000000.0,33000000.0,-136000000.0,-136000000.0,-136000000.0,0.0,36000000.0,-0.051,743000000.0,29000000.0,0.0,0.0,0.349,-20.584,-20.56,0.0,0.0,10.28,0.481,0.481,16999000000.0,2959000000.0,2655000000.0,2655000000.0,0.0,,,,,9000000.0,581000000.0,1.0,490561211.0,490600000.0,490600000.0,5.412,110322000000.0,1291000000.0,-5000000.0,0.0,224.872,
41,GNW,MRQ,2011-03-31,2011-03-31,2011-03-31,2021-08-05,1620000000.0,112940000000.0,,,,,28.723,0.0,3742000000.0,3742000000.0,1614000000.0,93000000.0,,6.941,9267000000.0,,,9267000000.0,4529000000.0,0.0,26399000000.0,0.0,0.0,206000000.0,206000000.0,0.08,206000000.0,206000000.0,79000000.0,0.12,0.12,0.12,14077000000.0,,14077000000.0,12344894553.0,46.0,46.236,336000000.0,0.686,1.0,954000000.0,0.371,2044000000.0,127000000.0,116421000000.0,,0.0,68046000000.0,,,97711000000.0,,,6593894553.0,610000000.0,-4000000.0,0.0,379000000.0,0.0,-221000000.0,496000000.0,559000000.0,336000000.0,-1000000.0,59000000.0,59000000.0,59000000.0,0.0,34000000.0,0.023,714000000.0,240000000.0,0.0,0.0,0.468,-98.416,-103.538,0.0,0.0,13.46,0.644,0.644,17102000000.0,3055000000.0,2568000000.0,2568000000.0,0.0,,,,,7000000.0,563000000.0,1.0,489888154.0,490100000.0,494400000.0,5.24,110896000000.0,1188000000.0,20000000.0,0.0,226.272,
42,GNW,MRQ,2010-12-31,2010-12-31,2010-12-31,2021-08-05,1492000000.0,112395000000.0,,,,,28.294,0.0,3132000000.0,3132000000.0,2049000000.0,-216000000.0,,7.029,8883000000.0,,,8883000000.0,4541000000.0,0.0,26978000000.0,0.0,0.0,-300000000.0,-300000000.0,-0.116,-300000000.0,-300000000.0,-419000000.0,-0.51,-0.5,-0.51,13861000000.0,,13861000000.0,11877286565.0,46.0,45.507,360000000.0,0.735,1.0,542000000.0,0.209,2070000000.0,119000000.0,116076000000.0,,0.0,68437000000.0,,,97424000000.0,,,6433286565.0,-466000000.0,-37000000.0,0.0,615000000.0,0.0,-747000000.0,-127000000.0,-186000000.0,360000000.0,48000000.0,-251000000.0,-251000000.0,-251000000.0,0.0,35000000.0,-0.097,807000000.0,-265000000.0,0.0,0.0,0.464,123.717,119.455,0.0,0.0,13.14,0.638,0.637,17191000000.0,2973000000.0,2591000000.0,2591000000.0,0.0,,,,,13000000.0,771000000.0,1.0,489595629.0,489900000.0,493900000.0,5.289,110325000000.0,1100000000.0,-168000000.0,0.0,225.199,
43,GNW,MRQ,2010-09-30,2010-09-30,2010-09-30,2021-08-05,2484000000.0,114700000000.0,,,,,30.648,0.0,3598000000.0,3598000000.0,1714000000.0,122000000.0,,6.574,9042000000.0,,,9042000000.0,4492000000.0,0.0,27714000000.0,0.0,0.0,215000000.0,215000000.0,0.081,215000000.0,215000000.0,101000000.0,0.17,0.17,0.17,15002000000.0,,15002000000.0,10416674641.0,15.0,14.569,419000000.0,0.856,1.0,953000000.0,0.357,1968000000.0,114000000.0,118176000000.0,,0.0,71208000000.0,,,98629000000.0,,,5979674641.0,-988000000.0,0.0,0.0,178000000.0,0.0,-522000000.0,-965000000.0,-957000000.0,419000000.0,80000000.0,83000000.0,83000000.0,83000000.0,0.0,39000000.0,0.031,699000000.0,254000000.0,0.0,0.0,0.399,17.433,16.514,0.0,0.0,12.22,0.6,0.601,17223000000.0,3133000000.0,2667000000.0,2667000000.0,0.0,,,,,8000000.0,472000000.0,1.0,489335077.0,489500000.0,493900000.0,5.448,112732000000.0,867000000.0,18000000.0,0.0,230.3,
44,GNW,MRQ,2010-06-30,2010-06-30,2010-06-30,2021-08-05,1331000000.0,110352000000.0,,,,,28.483,0.0,4586000000.0,4586000000.0,1551000000.0,77000000.0,,6.841,9023000000.0,,,9023000000.0,4238000000.0,0.0,28338000000.0,0.0,0.0,146000000.0,146000000.0,0.061,146000000.0,146000000.0,37000000.0,0.09,0.08,0.09,13931000000.0,,13931000000.0,11482270660.0,20.0,20.395,427000000.0,0.873,1.0,859000000.0,0.356,2102000000.0,109000000.0,112687000000.0,,0.0,67211000000.0,,,95305000000.0,,,6392270660.0,1120000000.0,0.0,0.0,392000000.0,0.0,244000000.0,451000000.0,-696000000.0,427000000.0,-2000000.0,42000000.0,42000000.0,42000000.0,0.0,35000000.0,0.017,678000000.0,181000000.0,0.0,0.0,0.459,22.911,21.426,0.0,0.0,13.07,0.66,0.66,17279000000.0,3221000000.0,2410000000.0,2410000000.0,0.0,,,,,12000000.0,499000000.0,1.0,489079622.0,489100000.0,494200000.0,4.927,108250000000.0,0.0,-5000000.0,0.0,221.325,
45,GNW,MRQ,2010-03-31,2010-03-31,2010-03-31,2021-08-05,347000000.0,109093000000.0,,,,,26.373,0.0,3466000000.0,3466000000.0,1528000000.0,212000000.0,,7.375,8556000000.0,,,8556000000.0,4571000000.0,0.0,28107000000.0,0.0,0.0,200000000.0,200000000.0,0.083,200000000.0,200000000.0,85000000.0,0.36,0.36,0.36,12891000000.0,,12891000000.0,11981601278.0,25.0,25.119,130000000.0,0.266,1.0,893000000.0,0.369,2182000000.0,115000000.0,112001000000.0,,0.0,65872000000.0,,,95068000000.0,,,8969601278.0,-1536000000.0,0.0,0.0,-54000000.0,0.0,-487000000.0,-1174000000.0,-1518000000.0,130000000.0,-5000000.0,178000000.0,178000000.0,178000000.0,0.0,34000000.0,0.074,659000000.0,234000000.0,0.0,0.0,0.696,47.966,44.732,0.0,0.0,18.34,0.919,0.919,17333000000.0,3179000000.0,2421000000.0,2421000000.0,0.0,,,,,11000000.0,475000000.0,1.0,489073134.0,488800000.0,493500000.0,4.953,106911000000.0,18000000.0,-93000000.0,0.0,218.721,
46,GNW,MRQ,2009-12-31,2009-12-31,2009-12-31,2021-08-05,-164000000.0,108187000000.0,,,,,25.109,0.0,5002000000.0,5002000000.0,1589000000.0,75000000.0,,7.725,8014000000.0,,,8014000000.0,4714000000.0,0.0,28470000000.0,0.0,0.0,154000000.0,154000000.0,0.063,154000000.0,154000000.0,67000000.0,0.12,0.12,0.12,12276000000.0,,12276000000.0,6231071828.0,-14.0,-13.546,77000000.0,0.157,1.0,872000000.0,0.354,2258000000.0,87000000.0,108941000000.0,,0.0,63515000000.0,,,94837000000.0,,,5545071828.0,-2142000000.0,39000000.0,0.0,197000000.0,0.0,-650000000.0,-1566000000.0,-1169000000.0,77000000.0,-3000000.0,40000000.0,40000000.0,40000000.0,0.0,35000000.0,0.016,683000000.0,189000000.0,0.0,0.0,0.452,-12.055,-11.127,0.0,0.0,11.35,0.611,0.565,17332000000.0,3105000000.0,2461000000.0,2461000000.0,0.0,,,,,9000000.0,503000000.0,1.0,488552584.0,488900000.0,488900000.0,5.034,105929000000.0,92000000.0,27000000.0,0.0,216.668,
47,GNW,MRQ,2009-09-30,2009-09-30,2009-09-30,2021-08-05,23000000.0,108832000000.0,,,,,27.661,0.0,7144000000.0,7144000000.0,1675000000.0,45000000.0,,7.682,7830000000.0,,,7830000000.0,4808000000.0,0.0,29381000000.0,0.008,0.0,63000000.0,63000000.0,0.026,63000000.0,63000000.0,-33000000.0,0.04,0.04,0.04,12417000000.0,,12417000000.0,7659871510.0,-8.0,-8.299,485000000.0,1.08,1.0,716000000.0,0.299,2285000000.0,96000000.0,107233000000.0,,0.0,61971000000.0,,,95387000000.0,,,5176871510.0,1770000000.0,-90000000.0,622000000.0,-103000000.0,0.0,-618000000.0,1751000000.0,1371000000.0,485000000.0,152000000.0,19000000.0,19000000.0,19000000.0,0.0,26000000.0,0.008,627000000.0,89000000.0,0.0,0.0,0.417,-6.306,-6.323,0.0,0.0,11.95,0.56,0.581,17308000000.0,3065000000.0,2391000000.0,2391000000.0,0.0,,,,,2000000.0,484000000.0,1.0,433211005.0,448900000.0,451600000.0,5.326,106547000000.0,140000000.0,-52000000.0,0.0,237.351,
48,GNW,MRQ,2009-06-30,2009-06-30,2009-06-30,2021-08-05,-1869000000.0,104826000000.0,,,,,23.015,0.0,5374000000.0,5374000000.0,1755000000.0,-50000000.0,,9.514,7857000000.0,,,7857000000.0,4734000000.0,0.0,31356000000.0,0.029,0.0,60000000.0,60000000.0,0.024,60000000.0,60000000.0,-54000000.0,-0.11,-0.11,-0.11,9970000000.0,,9970000000.0,4468077311.0,-3.0,-3.293,586000000.0,1.353,1.0,728000000.0,0.293,2404000000.0,114000000.0,104905000000.0,,0.0,59838000000.0,,,94856000000.0,,,3028077311.0,-1690000000.0,0.0,0.0,-908000000.0,0.0,-1838000000.0,-619000000.0,-271000000.0,586000000.0,181000000.0,-50000000.0,-50000000.0,-50000000.0,0.0,0.0,-0.02,668000000.0,60000000.0,0.0,0.0,0.304,-2.758,-2.763,0.0,0.0,6.99,0.336,0.336,17412000000.0,3046000000.0,2483000000.0,2483000000.0,0.0,,,,,7000000.0,456000000.0,1.0,433201332.0,433200000.0,433200000.0,5.732,102422000000.0,996000000.0,-4000000.0,0.0,236.431,
49,GNW,MRQ,2009-03-31,2009-03-31,2009-03-31,2021-08-05,-3298000000.0,104145000000.0,,,,,18.996,0.0,7064000000.0,7064000000.0,1783000000.0,-469000000.0,,11.656,8504000000.0,,,8504000000.0,4482000000.0,0.0,33196000000.0,0.158,0.0,-737000000.0,-737000000.0,-0.425,-737000000.0,-737000000.0,-833000000.0,-1.08,-1.08,-1.08,8229000000.0,,8229000000.0,2344004614.0,-2.0,-1.578,783000000.0,1.807,1.0,-49000000.0,-0.028,2456000000.0,96000000.0,103129000000.0,,0.0,57485000000.0,,,95916000000.0,,,823004614.0,-264000000.0,0.0,0.0,-173000000.0,0.0,-2203000000.0,1254000000.0,1254000000.0,783000000.0,-98000000.0,-469000000.0,-469000000.0,-469000000.0,0.0,0.0,-0.27,688000000.0,-737000000.0,0.0,0.0,0.1,-0.711,-0.712,0.0,0.0,1.9,0.092,0.092,17398000000.0,2741000000.0,1734000000.0,1734000000.0,0.0,,,,,8000000.0,441000000.0,1.0,433160323.0,433200000.0,433200000.0,4.003,101689000000.0,1631000000.0,-364000000.0,0.0,234.739,
50,GNW,MRQ,2008-12-31,2008-12-31,2008-12-31,2021-08-05,-3062000000.0,107389000000.0,,,,,20.605,0.0,7328000000.0,7328000000.0,1831000000.0,-321000000.0,,11.031,8849000000.0,,,8849000000.0,4734000000.0,0.0,34702000000.0,0.141,0.1,-309000000.0,-309000000.0,-0.118,-309000000.0,-309000000.0,-432000000.0,-0.74,-0.74,-0.74,8926000000.0,,8926000000.0,4186768841.0,-9.0,-8.87,2250000000.0,5.194,1.0,798000000.0,0.304,2463000000.0,123000000.0,106447000000.0,,0.0,60612000000.0,,,98463000000.0,,,1225768841.0,2226000000.0,-2000000.0,0.0,582000000.0,-45000000.0,-1819000000.0,1794000000.0,2718000000.0,2250000000.0,1000000.0,-321000000.0,-321000000.0,-321000000.0,0.0,0.0,-0.122,1107000000.0,-309000000.0,0.0,-0.135,0.137,-2.143,-2.144,0.0,0.0,2.83,0.123,0.123,17212000000.0,3210000000.0,2629000000.0,2629000000.0,0.0,,,,,5000000.0,566000000.0,1.0,433133866.0,433200000.0,433200000.0,6.069,104926000000.0,1037000000.0,-111000000.0,0.0,242.211,
51,GNW,MRQ,2008-09-30,2008-09-30,2008-09-30,2021-08-05,-1819000000.0,109561000000.0,,,,,24.239,0.0,5102000000.0,5102000000.0,1816000000.0,-258000000.0,,9.436,8063000000.0,,,8063000000.0,5345000000.0,0.0,35565000000.0,0.046,0.1,-371000000.0,-371000000.0,-0.171,-371000000.0,-371000000.0,-496000000.0,-0.6,-0.6,-0.6,10498000000.0,,10498000000.0,6053721507.0,29.0,28.827,1073000000.0,2.477,1.0,352000000.0,0.162,2640000000.0,125000000.0,109882000000.0,,0.0,64215000000.0,,,99063000000.0,,,3728721507.0,-759000000.0,-3000000.0,0.0,90000000.0,-42000000.0,-983000000.0,-673000000.0,-363000000.0,1073000000.0,-176000000.0,-258000000.0,-258000000.0,-258000000.0,0.0,0.0,-0.119,723000000.0,-371000000.0,0.0,-0.167,0.355,-51.078,-50.647,0.0,0.0,8.61,0.369,0.369,16763000000.0,3532000000.0,2168000000.0,2168000000.0,0.0,,,,,3000000.0,515000000.0,1.0,433068700.0,433100000.0,433100000.0,5.006,106921000000.0,194000000.0,-238000000.0,0.0,246.874,
52,GNW,MRQ,2008-06-30,2008-06-30,2008-06-30,2021-08-05,-271000000.0,114215000000.0,,,,,28.517,0.0,5861000000.0,5861000000.0,1706000000.0,-109000000.0,,8.252,8186000000.0,,,8186000000.0,5758000000.0,0.0,36842000000.0,0.022,0.1,-68000000.0,-68000000.0,-0.028,-68000000.0,-68000000.0,-178000000.0,-0.25,-0.25,-0.25,12345000000.0,,12345000000.0,11562358545.0,10.0,10.011,995000000.0,2.298,1.0,692000000.0,0.289,2609000000.0,110000000.0,113931000000.0,,0.0,67289000000.0,,,101870000000.0,,,7709358545.0,2093000000.0,-12000000.0,3000000.0,598000000.0,-44000000.0,686000000.0,444000000.0,376000000.0,995000000.0,-32000000.0,-109000000.0,-109000000.0,-109000000.0,0.0,0.0,-0.045,760000000.0,-68000000.0,0.0,-0.4,0.624,14.713,14.842,0.0,0.0,17.81,0.714,0.714,16571000000.0,3833000000.0,2398000000.0,2398000000.0,0.0,,,,,6000000.0,551000000.0,1.0,432866847.0,432900000.0,432900000.0,5.539,111606000000.0,0.0,-69000000.0,0.0,257.81,
53,GNW,MRQ,2008-03-31,2008-03-31,2008-03-31,2021-08-05,-35000000.0,113594000000.0,,,,,29.347,0.0,3768000000.0,3768000000.0,1746000000.0,116000000.0,,7.927,7621000000.0,,,7621000000.0,5653000000.0,0.0,36764000000.0,0.017,0.1,276000000.0,276000000.0,0.1,276000000.0,276000000.0,164000000.0,0.27,0.27,0.27,12725000000.0,,12725000000.0,14262033739.0,8.0,7.655,1125000000.0,2.595,1.0,1007000000.0,0.366,2568000000.0,112000000.0,114879000000.0,,0.0,69504000000.0,,,100869000000.0,,,9795033739.0,677000000.0,-5000000.0,-74000000.0,-19000000.0,-44000000.0,-797000000.0,400000000.0,482000000.0,1125000000.0,-51000000.0,116000000.0,116000000.0,116000000.0,0.0,0.0,0.042,731000000.0,276000000.0,0.0,0.37,0.77,9.679,9.801,0.0,0.0,22.64,0.877,0.879,16498000000.0,3986000000.0,2753000000.0,2753000000.0,0.0,,,,,9000000.0,528000000.0,1.0,432642833.0,433600000.0,436800000.0,6.349,111026000000.0,0.0,48000000.0,0.0,256.056,
54,GNW,MRQ,2007-12-31,2007-12-31,2007-12-31,2021-08-05,727000000.0,114315000000.0,,,,,30.821,0.0,3091000000.0,3091000000.0,1640000000.0,178000000.0,,7.482,7558000000.0,,,7558000000.0,5631000000.0,0.0,36913000000.0,0.015,0.1,373000000.0,373000000.0,0.134,373000000.0,373000000.0,247000000.0,0.41,0.41,0.41,13478000000.0,,13478000000.0,15587457835.0,7.0,7.24,1023000000.0,2.339,1.0,1135000000.0,0.409,2514000000.0,126000000.0,116268000000.0,,0.0,70800000000.0,,,100837000000.0,,,11163457835.0,-55000000.0,-31000000.0,-14000000.0,-127000000.0,-44000000.0,-1034000000.0,-78000000.0,-478000000.0,1023000000.0,34000000.0,178000000.0,178000000.0,178000000.0,2000000.0,0.0,0.064,760000000.0,375000000.0,0.0,0.244,0.828,9.15,9.188,0.0,0.0,25.45,1.003,1.006,16483000000.0,3913000000.0,2775000000.0,2775000000.0,0.0,,,,,8000000.0,551000000.0,1.0,438642744.0,437300000.0,441000000.0,6.346,111801000000.0,0.0,69000000.0,0.0,255.662,
55,GNW,MRQ,2007-09-30,2007-09-30,2007-09-30,2021-08-05,697000000.0,113758000000.0,,,,,30.19,0.0,3146000000.0,3146000000.0,1559000000.0,339000000.0,,7.542,7570000000.0,,,7570000000.0,5511000000.0,0.0,63717000000.0,0.012,0.09,574000000.0,574000000.0,0.2,574000000.0,574000000.0,450000000.0,0.77,0.76,0.77,13317000000.0,,13317000000.0,18156570013.0,8.0,7.565,1226000000.0,2.779,1.0,1316000000.0,0.458,2450000000.0,124000000.0,115732000000.0,,0.0,70314000000.0,,,100441000000.0,,,13603570013.0,190000000.0,0.0,-103000000.0,41000000.0,-40000000.0,-1024000000.0,34000000.0,774000000.0,1226000000.0,-46000000.0,339000000.0,339000000.0,339000000.0,0.0,0.0,0.118,742000000.0,574000000.0,0.0,0.117,1.022,9.614,9.603,0.0,0.0,30.73,1.236,1.231,16573000000.0,3779000000.0,2875000000.0,2875000000.0,0.0,,,,,10000000.0,540000000.0,1.0,442680443.0,441100000.0,445600000.0,6.518,111308000000.0,0.0,111000000.0,0.0,252.342,
56,GNW,MRQ,2007-06-30,2007-06-30,2007-06-30,2021-08-05,550000000.0,111936000000.0,,,,,29.508,0.0,2956000000.0,2956000000.0,1481000000.0,379000000.0,,7.633,7509000000.0,,,7509000000.0,5073000000.0,0.0,64062000000.0,0.01,0.09,640000000.0,640000000.0,0.231,640000000.0,640000000.0,516000000.0,0.86,0.84,0.86,12966000000.0,,12966000000.0,19656648331.0,8.0,8.347,1478000000.0,3.364,1.0,1284000000.0,0.464,2446000000.0,124000000.0,114043000000.0,,0.0,69646000000.0,,,98970000000.0,,,14959648331.0,699000000.0,514000000.0,-149000000.0,507000000.0,-39000000.0,348000000.0,-1149000000.0,-1708000000.0,1478000000.0,22000000.0,379000000.0,379000000.0,379000000.0,-58000000.0,0.0,0.137,702000000.0,582000000.0,0.0,0.105,1.154,10.84,11.097,0.0,0.0,34.4,1.392,1.406,16658000000.0,3484000000.0,2765000000.0,2765000000.0,0.0,,,,,11000000.0,495000000.0,1.0,434873498.0,439400000.0,449000000.0,6.293,109490000000.0,0.0,137000000.0,0.0,249.181,
57,GNW,MRQ,2007-03-31,2007-03-31,2007-03-31,2021-08-05,1111000000.0,111558000000.0,,,,,30.177,0.0,2250000000.0,2250000000.0,1452000000.0,324000000.0,,7.383,6947000000.0,,,6947000000.0,4422000000.0,0.0,63477000000.0,0.009,0.09,566000000.0,566000000.0,0.209,566000000.0,566000000.0,459000000.0,0.74,0.71,0.74,13308000000.0,,13308000000.0,19817082162.0,9.0,8.765,1064000000.0,2.413,1.0,1258000000.0,0.464,2406000000.0,107000000.0,113849000000.0,,0.0,69077000000.0,,,98250000000.0,,,15401082162.0,-212000000.0,0.0,-219000000.0,69000000.0,-40000000.0,-585000000.0,-687000000.0,-487000000.0,1064000000.0,-4000000.0,324000000.0,324000000.0,324000000.0,-10000000.0,0.0,0.12,702000000.0,556000000.0,0.0,0.122,1.157,11.685,11.884,0.0,0.0,34.94,1.459,1.46,16746000000.0,3145000000.0,2710000000.0,2710000000.0,0.0,,,,,12000000.0,489000000.0,1.0,440786553.0,441000000.0,455000000.0,6.145,109152000000.0,0.0,135000000.0,0.0,247.51,
58,GNW,MRQ,2006-12-31,2006-12-31,2006-12-31,2021-08-05,1157000000.0,110871000000.0,,,,,29.808,0.0,2436000000.0,2436000000.0,1438000000.0,373000000.0,,7.317,6985000000.0,,,6985000000.0,4229000000.0,0.0,38216000000.0,0.009,0.09,620000000.0,620000000.0,0.233,620000000.0,620000000.0,513000000.0,0.83,0.81,0.83,13330000000.0,,13330000000.0,19242908829.0,9.0,8.507,1015000000.0,2.27,1.0,1219000000.0,0.459,2433000000.0,107000000.0,112987000000.0,,0.0,68573000000.0,,,97541000000.0,,,15469908829.0,167000000.0,-220000000.0,-308000000.0,802000000.0,-42000000.0,516000000.0,-1344000000.0,-1080000000.0,1015000000.0,-20000000.0,373000000.0,373000000.0,373000000.0,-12000000.0,0.0,0.14,611000000.0,608000000.0,0.0,0.108,1.161,11.649,11.756,0.0,0.0,34.21,1.504,1.516,16783000000.0,2914000000.0,2657000000.0,2657000000.0,0.0,,,,,34000000.0,446000000.0,1.0,452204292.0,447200000.0,462500000.0,5.941,108438000000.0,0.0,140000000.0,0.0,242.482,
59,GNW,MRQ,2006-09-30,2006-09-30,2006-09-30,2021-08-05,1166000000.0,107847000000.0,,,,,29.328,0.0,2302000000.0,2302000000.0,1443000000.0,304000000.0,,7.103,6075000000.0,,,6075000000.0,4180000000.0,0.0,63593000000.0,0.009,0.075,529000000.0,529000000.0,0.202,529000000.0,529000000.0,442000000.0,0.67,0.65,0.67,13309000000.0,,13309000000.0,19364637350.0,9.0,8.953,1353000000.0,2.981,1.0,1172000000.0,0.448,2372000000.0,87000000.0,109248000000.0,,0.0,67335000000.0,,,94538000000.0,,,15929637350.0,-49000000.0,-157000000.0,-110000000.0,310000000.0,-34000000.0,-591000000.0,-802000000.0,-613000000.0,1353000000.0,-9000000.0,304000000.0,304000000.0,304000000.0,-10000000.0,0.0,0.116,653000000.0,519000000.0,0.0,0.112,1.197,12.623,12.777,0.0,0.0,35.01,1.665,1.661,17661000000.0,2581000000.0,2615000000.0,2615000000.0,0.0,,,,,0.0,493000000.0,1.0,455002495.0,453800000.0,467200000.0,5.762,105475000000.0,0.0,138000000.0,0.0,232.426,
60,GNW,MRQ,2006-06-30,2006-06-30,2006-06-30,2021-08-05,233000000.0,103646000000.0,,,,,26.788,0.0,2351000000.0,2351000000.0,1356000000.0,317000000.0,,7.489,5786000000.0,,,5786000000.0,3956000000.0,0.0,63614000000.0,0.008,0.075,546000000.0,546000000.0,0.212,546000000.0,546000000.0,458000000.0,0.7,0.68,0.7,12210000000.0,,12210000000.0,19837578766.0,9.0,9.231,1226000000.0,2.69,1.0,1215000000.0,0.473,2428000000.0,88000000.0,104653000000.0,,0.0,64031000000.0,,,91436000000.0,,,15887578766.0,442000000.0,-134000000.0,-54000000.0,-86000000.0,-34000000.0,-684000000.0,-103000000.0,58000000.0,1226000000.0,3000000.0,317000000.0,317000000.0,317000000.0,-11000000.0,0.0,0.123,680000000.0,535000000.0,0.0,0.107,1.301,12.559,12.809,0.0,0.0,34.84,1.659,1.658,17789000000.0,2317000000.0,2571000000.0,2571000000.0,0.0,,,,,0.0,483000000.0,1.0,456015464.0,455800000.0,468300000.0,5.641,101218000000.0,0.0,141000000.0,0.0,222.067,
61,GNW,MRQ,2006-03-31,2006-03-31,2006-03-31,2021-08-05,740000000.0,104907000000.0,,,,,26.719,0.0,1909000000.0,1909000000.0,1287000000.0,334000000.0,,7.407,5859000000.0,,,5859000000.0,3706000000.0,0.0,63632000000.0,0.008,0.075,567000000.0,567000000.0,0.232,567000000.0,567000000.0,485000000.0,0.72,0.7,0.72,12478000000.0,,12478000000.0,19417227500.0,9.0,9.317,771000000.0,1.651,1.0,1155000000.0,0.473,2268000000.0,82000000.0,106589000000.0,,0.0,65706000000.0,,,92429000000.0,,,15744227500.0,34000000.0,0.0,-479000000.0,984000000.0,-35000000.0,-76000000.0,-649000000.0,-628000000.0,771000000.0,-12000000.0,334000000.0,334000000.0,334000000.0,-8000000.0,0.0,0.137,600000000.0,555000000.0,0.0,0.104,1.262,12.769,12.711,0.0,0.0,33.43,1.637,1.623,18003000000.0,2035000000.0,2442000000.0,2442000000.0,0.0,,,,,0.0,436000000.0,1.0,470961038.0,467000000.0,479500000.0,5.229,102639000000.0,0.0,151000000.0,0.0,219.784,
62,GNW,MRQ,2005-12-31,2005-12-31,2005-12-31,2021-08-05,1404000000.0,105654000000.0,,,,,28.253,0.0,1875000000.0,1875000000.0,973000000.0,307000000.0,,6.938,5548000000.0,,,5548000000.0,3647000000.0,0.0,63749000000.0,0.008,0.075,521000000.0,521000000.0,0.269,521000000.0,521000000.0,441000000.0,0.65,0.64,0.65,13310000000.0,,13310000000.0,20083822448.0,10.0,9.688,1055000000.0,2.239,1.0,964000000.0,0.498,2232000000.0,80000000.0,107095000000.0,,0.0,66910000000.0,,,92344000000.0,,,16279822448.0,41000000.0,0.0,2000000.0,-20000000.0,-35000000.0,-587000000.0,-422000000.0,-379000000.0,1055000000.0,-5000000.0,307000000.0,307000000.0,307000000.0,-35000000.0,0.0,0.158,478000000.0,486000000.0,0.0,0.115,1.223,13.333,13.455,0.0,0.0,34.58,1.664,1.68,18245000000.0,1735000000.0,1937000000.0,1937000000.0,0.0,,,,,50000000.0,345000000.0,1.0,470787231.0,471100000.0,484300000.0,4.112,103422000000.0,0.0,134000000.0,0.0,219.533,
63,GNW,MRQ,2005-09-30,2005-09-30,2005-09-30,2021-08-05,1714000000.0,105689000000.0,,,,,28.315,0.0,1834000000.0,1834000000.0,1390000000.0,307000000.0,,6.93,5638000000.0,,,5638000000.0,3567000000.0,0.0,63786000000.0,0.008,0.065,515000000.0,515000000.0,0.196,515000000.0,515000000.0,443000000.0,0.65,0.64,0.65,13328000000.0,,13328000000.0,19056471974.0,9.0,9.387,1061000000.0,2.254,1.0,1238000000.0,0.471,2233000000.0,72000000.0,107260000000.0,,0.0,66537000000.0,,,92361000000.0,,,15175471974.0,316000000.0,0.0,-4000000.0,285000000.0,-32000000.0,1047000000.0,-1816000000.0,-1807000000.0,1061000000.0,24000000.0,307000000.0,307000000.0,307000000.0,0.0,0.0,0.117,723000000.0,515000000.0,0.0,0.1,1.139,12.044,12.305,0.0,0.0,32.24,1.447,1.447,18331000000.0,1463000000.0,2628000000.0,2628000000.0,0.0,,,,,0.0,506000000.0,1.0,470703225.0,470700000.0,481100000.0,5.583,103456000000.0,0.0,136000000.0,0.0,219.792,
64,GNW,MRQ,2005-06-30,2005-06-30,2005-06-30,2021-08-05,2164000000.0,104488000000.0,,,,,28.712,0.0,1518000000.0,1518000000.0,1398000000.0,285000000.0,,6.736,5399000000.0,,,5399000000.0,3417000000.0,0.0,62519000000.0,0.006,0.065,481000000.0,481000000.0,0.184,481000000.0,481000000.0,412000000.0,0.61,0.6,0.61,13506000000.0,,13506000000.0,18051519621.0,9.0,9.108,630000000.0,1.339,1.0,1212000000.0,0.464,2232000000.0,69000000.0,106137000000.0,,0.0,66347000000.0,,,90982000000.0,,,14215519621.0,57000000.0,0.0,2000000.0,185000000.0,-29000000.0,67000000.0,-583000000.0,-615000000.0,630000000.0,-57000000.0,285000000.0,285000000.0,285000000.0,0.0,0.0,0.109,731000000.0,481000000.0,0.0,0.107,1.053,11.614,11.996,0.0,0.0,30.23,1.376,1.376,18526000000.0,1191000000.0,2610000000.0,2610000000.0,0.0,,,,,0.0,523000000.0,1.0,470245439.0,470400000.0,477400000.0,5.548,102256000000.0,0.0,127000000.0,0.0,217.381,
65,GNW,MRQ,2005-03-31,2005-03-31,2005-03-31,2021-08-05,1459000000.0,103692000000.0,,,,,25.614,0.0,1461000000.0,1461000000.0,1415000000.0,322000000.0,,7.282,5297000000.0,,,5297000000.0,3580000000.0,0.0,62098000000.0,0.005,0.065,556000000.0,556000000.0,0.213,556000000.0,556000000.0,484000000.0,0.66,0.65,0.66,12520000000.0,,12520000000.0,17431604589.0,9.0,8.773,733000000.0,1.5,1.0,1196000000.0,0.458,2281000000.0,72000000.0,105247000000.0,,0.0,65210000000.0,,,91172000000.0,,,13473604589.0,-502000000.0,0.0,-500000000.0,-15000000.0,-32000000.0,-775000000.0,-456000000.0,-637000000.0,733000000.0,-4000000.0,322000000.0,322000000.0,322000000.0,0.0,0.0,0.123,640000000.0,556000000.0,0.0,0.098,1.076,11.163,11.187,0.0,0.0,27.52,1.266,1.264,18560000000.0,936000000.0,2611000000.0,2611000000.0,0.0,,,,,0.0,447000000.0,1.0,489593190.0,488800000.0,494300000.0,5.342,101411000000.0,0.0,162000000.0,0.0,207.469,
66,GNW,MRQ,2004-12-31,2004-12-31,2004-12-31,2021-08-05,1608000000.0,103878000000.0,,,,,26.284,0.0,1963000000.0,1963000000.0,1473000000.0,346000000.0,,7.074,5350000000.0,,,5350000000.0,3597000000.0,0.0,61698000000.0,0.002,0.065,478000000.0,478000000.0,0.181,478000000.0,478000000.0,415000000.0,0.7,0.71,0.7,12866000000.0,,12866000000.0,16837464547.0,9.0,9.018,1174000000.0,2.398,1.0,1169000000.0,0.442,2245000000.0,63000000.0,105020000000.0,,0.0,65176000000.0,,,91012000000.0,,,13218464547.0,565000000.0,0.0,0.0,-191000000.0,-32000000.0,-14000000.0,-678000000.0,-1011000000.0,1174000000.0,83000000.0,346000000.0,346000000.0,346000000.0,0.0,0.0,0.131,691000000.0,478000000.0,0.0,0.093,1.027,11.425,11.441,0.0,0.0,27.0,1.195,1.195,18535000000.0,646000000.0,2642000000.0,2642000000.0,0.0,,,,,0.0,457000000.0,1.0,489572761.0,489500000.0,,5.397,101633000000.0,0.0,69000000.0,0.0,207.626,
67,GNW,MRQ,2004-09-30,2004-09-30,2004-09-30,2021-08-05,1246000000.0,102074000000.0,,,,,24.892,0.0,1398000000.0,1398000000.0,1362000000.0,271000000.0,,7.376,5017000000.0,,,5017000000.0,3306000000.0,0.0,60716000000.0,0.0,0.0,467000000.0,467000000.0,0.189,467000000.0,467000000.0,407000000.0,0.55,0.55,0.55,12186000000.0,,12186000000.0,15074416161.0,9.0,8.668,2100000000.0,4.29,1.0,1108000000.0,0.449,2249000000.0,60000000.0,103444000000.0,,0.0,64774000000.0,,,89888000000.0,,,11406416161.0,14000000.0,0.0,0.0,0.0,0.0,-33000000.0,-2071000000.0,-2047000000.0,2100000000.0,18000000.0,271000000.0,271000000.0,271000000.0,0.0,0.0,0.11,641000000.0,467000000.0,0.0,0.0,0.936,11.139,11.095,0.0,0.0,23.3,0.994,0.994,18475000000.0,331000000.0,2470000000.0,2470000000.0,0.0,,,,,0.0,411000000.0,1.0,489545758.0,489545758.0,,5.045,99825000000.0,0.0,136000000.0,0.0,203.914,
68,GNW,MRQ,2004-06-30,2004-06-30,2004-06-30,2021-08-05,386000000.0,98906000000.0,,,,,22.627,0.0,1384000000.0,1384000000.0,1654000000.0,268000000.0,,7.929,5052000000.0,,,5052000000.0,3329000000.0,0.0,59935000000.0,0.0,0.0,486000000.0,486000000.0,0.166,486000000.0,486000000.0,439000000.0,0.55,0.55,0.55,11077000000.0,,11077000000.0,13568075146.0,9.0,8.598,1112000000.0,2.271,1.0,1267000000.0,0.434,2346000000.0,47000000.0,100228000000.0,,0.0,60631000000.0,,,87829000000.0,,,11235075146.0,-868000000.0,0.0,0.0,-261000000.0,-1581000000.0,-774000000.0,-1183000000.0,-1154000000.0,1112000000.0,-23000000.0,268000000.0,268000000.0,268000000.0,0.0,0.0,0.092,781000000.0,486000000.0,0.0,0.0,1.014,12.133,12.079,0.0,0.0,22.95,0.942,0.942,18817000000.0,92000000.0,2921000000.0,2921000000.0,0.0,,,,,0.0,511000000.0,1.0,489545758.0,489545758.0,,5.967,96560000000.0,139000000.0,171000000.0,0.0,197.244,
69,GNW,MRQ,2004-03-31,2004-03-31,2004-03-31,2021-08-05,2976000000.0,106536000000.0,,,,,35.594,0.0,2252000000.0,2252000000.0,1747000000.0,272000000.0,,5.114,4585000000.0,,,4585000000.0,3438000000.0,0.0,59549000000.0,,0.0,436000000.0,436000000.0,0.144,436000000.0,436000000.0,389000000.0,0.56,0.56,0.56,17425000000.0,,17425000000.0,,,,1219000000.0,2.49,1.0,1277000000.0,0.422,3129000000.0,47000000.0,105740000000.0,,0.0,81466000000.0,,,89111000000.0,,,,270000000.0,1000000.0,0.0,256000000.0,0.0,30000000.0,-1008000000.0,-1056000000.0,1219000000.0,29000000.0,272000000.0,272000000.0,272000000.0,-7000000.0,0.0,0.09,853000000.0,424000000.0,0.0,0.0,,,,0.0,0.0,,,,2375000000.0,6023000000.0,3024000000.0,3024000000.0,0.0,,,,,0.0,508000000.0,1.0,489545758.0,489545758.0,,6.177,103407000000.0,0.0,117000000.0,2418000000.0,211.231,
70,GNW,MRQ,2003-12-31,2003-12-31,2003-12-31,2021-08-05,1672000000.0,103431000000.0,,,,,,0.0,1982000000.0,1982000000.0,1866000000.0,213000000.0,,5.546,4386000000.0,,,4386000000.0,3616000000.0,0.0,59257000000.0,,0.0,350000000.0,350000000.0,0.114,350000000.0,350000000.0,304000000.0,0.44,0.44,0.44,15800000000.0,,15800000000.0,,,,-815000000.0,,1.0,1200000000.0,0.391,3074000000.0,46000000.0,102761000000.0,,0.0,78693000000.0,,,87631000000.0,,,,-2303000000.0,-568000000.0,0.0,852000000.0,-3227000000.0,-2193000000.0,620000000.0,2112000000.0,-815000000.0,85000000.0,213000000.0,213000000.0,213000000.0,7000000.0,0.0,0.069,843000000.0,357000000.0,0.0,0.0,,,,0.0,0.0,,,,2334000000.0,5751000000.0,3066000000.0,3066000000.0,0.0,,,,,0.0,514000000.0,1.0,,,,,100357000000.0,0.0,91000000.0,0.0,,
71,GNW,MRQ,2003-09-30,2003-09-30,2003-09-30,2021-08-05,,,,,,,,0.0,,,1752000000.0,173000000.0,,,,,,,,0.0,,,0.0,306000000.0,306000000.0,0.105,306000000.0,306000000.0,266000000.0,0.35,0.35,0.35,,,,,,,2090000000.0,,1.0,1164000000.0,0.399,,40000000.0,,,,,,,,,,,1670000000.0,1650000000.0,0.0,103000000.0,50000000.0,380000000.0,-773000000.0,-2888000000.0,2090000000.0,-27000000.0,173000000.0,173000000.0,173000000.0,57000000.0,0.0,0.059,801000000.0,363000000.0,,0.0,,,,,0.0,,,,,,2916000000.0,2916000000.0,0.0,,,,,0.0,525000000.0,1.0,,,,,,,93000000.0,,,
72,GNW,MRQ,2003-06-30,2003-06-30,2003-06-30,2021-08-05,,,,,,,,0.0,,,1608000000.0,364000000.0,,,,,,,,0.0,,,0.0,520000000.0,520000000.0,0.182,520000000.0,520000000.0,493000000.0,0.74,0.74,0.74,,,,,,,801000000.0,,1.0,1256000000.0,0.439,,27000000.0,,,,,,,,,,,-900000000.0,25000000.0,0.0,34000000.0,0.0,-266000000.0,-1477000000.0,-1498000000.0,801000000.0,42000000.0,364000000.0,364000000.0,364000000.0,-99000000.0,0.0,0.127,835000000.0,421000000.0,,0.0,,,,,0.0,,,,,,2864000000.0,2864000000.0,0.0,,,,,0.0,476000000.0,1.0,,,,,,,129000000.0,,,
73,GNW,MRQ,2003-03-31,2003-03-31,2003-03-31,2021-08-05,,,,,,,,0.0,,,1662000000.0,331000000.0,,,,,,,,0.0,,,0.0,458000000.0,458000000.0,0.162,458000000.0,458000000.0,431000000.0,,,,,,,,,,1304000000.0,,1.0,1169000000.0,0.413,,27000000.0,,,,,,,,,,,811000000.0,0.0,0.0,0.0,-55000000.0,-121000000.0,-364000000.0,-360000000.0,1304000000.0,-8000000.0,331000000.0,331000000.0,331000000.0,-77000000.0,0.0,0.117,788000000.0,381000000.0,,,,,,,0.0,,,,,,2831000000.0,2831000000.0,0.0,,,,,0.0,488000000.0,1.0,,,,,,,100000000.0,,,
0,GNW,MRT,2021-06-30,2021-06-30,2021-06-30,2021-08-05,3834000000.0,100650000000.0,102470000000.0,,,0.085,29.909,0.0,2214000000.0,2214000000.0,5450000000.0,1137000000.0,,5.637,2924000000.0,,,2924000000.0,695000000.0,0.0,19944000000.0,0.0,0.0,1680000000.0,1680000000.0,0.193,1680000000.0,1680000000.0,1480000000.0,2.2,2.18,2.2,15164000000.0,14999000000.0,15164000000.0,2934532796.0,2.0,1.747,890000000.0,1.755,1.0,3259000000.0,0.374,151000000.0,200000000.0,101209000000.0,103127000000.0,0.0,73018000000.0,,,85486000000.0,,,1976532796.0,-383000000.0,270000000.0,0.0,226000000.0,0.0,-1576000000.0,275000000.0,307000000.0,890000000.0,28000000.0,1112000000.0,1112000000.0,1112000000.0,0.0,25000000.0,0.128,1541000000.0,1718000000.0,0.0,0.0,0.13,1.777,1.773,0.0,0.0,3.9,0.227,0.227,16666000000.0,2011000000.0,8709000000.0,8709000000.0,0.0,0.011,0.074,0.016,0.193,46000000.0,1095000000.0,1.0,506803281.0,507000000.0,515000000.0,17.178,100499000000.0,211000000.0,368000000.0,0.0,198.223,
1,GNW,MRT,2021-03-31,2021-03-31,2021-03-31,2021-08-05,3675000000.0,98558000000.0,103216750000.0,,,0.084,29.166,0.0,1964000000.0,1964000000.0,5748000000.0,479000000.0,,5.678,2922000000.0,,,2922000000.0,728000000.0,0.0,19999000000.0,0.0,0.0,946000000.0,946000000.0,0.109,946000000.0,946000000.0,747000000.0,0.86,0.85,0.86,14758000000.0,14868750000.0,14758000000.0,2571237690.0,3.0,2.718,1033000000.0,2.042,1.0,2923000000.0,0.337,155000000.0,199000000.0,99361000000.0,103733250000.0,0.0,70959000000.0,,,83800000000.0,,,1679237690.0,-519000000.0,270000000.0,0.0,189000000.0,0.0,-1330000000.0,-267000000.0,-171000000.0,1033000000.0,45000000.0,431000000.0,431000000.0,431000000.0,0.0,48000000.0,0.05,1448000000.0,1475000000.0,0.0,0.0,0.114,3.896,3.86,0.0,0.0,3.32,0.194,0.194,16744000000.0,1771000000.0,8671000000.0,8671000000.0,0.0,0.004,0.029,0.009,0.109,41000000.0,1001000000.0,1.0,505794485.0,506000000.0,513800000.0,17.136,98403000000.0,314000000.0,316000000.0,0.0,194.472,
2,GNW,MRT,2020-12-31,2020-12-31,2020-12-31,2021-08-05,4425000000.0,105747000000.0,103288250000.0,,,0.084,30.321,0.0,2561000000.0,2561000000.0,5940000000.0,212000000.0,,5.871,3403000000.0,,,3403000000.0,775000000.0,0.0,21503000000.0,0.0,0.0,650000000.0,650000000.0,0.075,650000000.0,650000000.0,448000000.0,0.35,0.35,0.35,15318000000.0,14791500000.0,15318000000.0,2701148321.0,4.0,4.156,1960000000.0,3.88,1.0,2718000000.0,0.314,157000000.0,202000000.0,106432000000.0,103630250000.0,0.0,74701000000.0,,,89927000000.0,,,1911148321.0,-685000000.0,0.0,0.0,-76000000.0,0.0,-1507000000.0,-1153000000.0,-886000000.0,1960000000.0,15000000.0,178000000.0,178000000.0,178000000.0,0.0,34000000.0,0.021,1485000000.0,1233000000.0,0.0,0.0,0.125,10.737,10.8,0.0,0.0,3.78,0.221,0.221,16819000000.0,1584000000.0,8658000000.0,8658000000.0,0.0,0.002,0.012,0.006,0.075,40000000.0,988000000.0,1.0,505594794.0,505200000.0,511600000.0,17.138,105590000000.0,65000000.0,270000000.0,0.0,209.006,
3,GNW,MRT,2020-09-30,2020-09-30,2020-09-30,2021-08-05,4141000000.0,104925000000.0,102187000000.0,,,0.081,29.185,0.0,2780000000.0,2780000000.0,5984000000.0,-30000000.0,,6.078,3570000000.0,,,3570000000.0,1846000000.0,0.0,22731000000.0,0.0,0.0,290000000.0,290000000.0,0.035,290000000.0,290000000.0,88000000.0,-0.21,-0.21,-0.21,14756000000.0,14508250000.0,14756000000.0,1915136538.0,7.0,6.604,1923000000.0,3.803,1.0,2286000000.0,0.276,209000000.0,202000000.0,105506000000.0,102369250000.0,0.0,76480000000.0,,,89693000000.0,,,1695136538.0,789000000.0,1398000000.0,0.0,-484000000.0,0.0,-1709000000.0,570000000.0,-538000000.0,1923000000.0,5000000.0,-106000000.0,-106000000.0,-106000000.0,0.0,76000000.0,-0.013,1405000000.0,881000000.0,0.0,0.0,0.115,-15.992,-15.952,0.0,0.0,3.35,0.205,0.205,16788000000.0,1317000000.0,8270000000.0,8270000000.0,0.0,-0.001,-0.007,0.003,0.035,32000000.0,945000000.0,1.0,506010907.0,505600000.0,511500000.0,16.357,104716000000.0,250000000.0,194000000.0,0.0,207.112,
4,GNW,MRT,2020-06-30,2020-06-30,2020-06-30,2021-08-05,4447000000.0,103637000000.0,102369000000.0,,,0.077,28.973,0.0,2597000000.0,2597000000.0,5978000000.0,-408000000.0,,6.047,2817000000.0,,,2817000000.0,1804000000.0,0.0,22921000000.0,0.0,0.0,-216000000.0,-216000000.0,-0.027,-216000000.0,-216000000.0,-428000000.0,-1.0,-0.99,-1.0,14643000000.0,14416000000.0,14643000000.0,1534841286.0,-7.0,-7.106,2583000000.0,5.111,1.0,1892000000.0,0.24,223000000.0,212000000.0,103634000000.0,102950500000.0,0.0,75322000000.0,,,88549000000.0,,,1166841286.0,659000000.0,1398000000.0,0.0,-1231000000.0,0.0,-2666000000.0,765000000.0,-344000000.0,2583000000.0,-23000000.0,-506000000.0,-506000000.0,-506000000.0,0.0,98000000.0,-0.064,1414000000.0,478000000.0,0.0,0.0,0.08,-2.306,-2.31,0.0,0.0,2.31,0.148,0.148,16900000000.0,899000000.0,7870000000.0,7870000000.0,0.0,-0.005,-0.035,-0.002,-0.027,36000000.0,943000000.0,1.0,505126098.0,505400000.0,512500000.0,15.572,103414000000.0,286000000.0,78000000.0,0.0,204.618,
5,GNW,MRT,2020-03-31,2020-03-31,2020-03-31,2021-08-05,3815000000.0,98844000000.0,102536250000.0,,,0.077,28.652,0.0,2483000000.0,2483000000.0,5789000000.0,228000000.0,,5.814,2851000000.0,,,2851000000.0,1722000000.0,0.0,22313000000.0,0.0,0.0,454000000.0,454000000.0,0.058,454000000.0,454000000.0,224000000.0,0.2,0.2,0.2,14449000000.0,14194500000.0,14449000000.0,1922829594.0,4.0,4.235,2625000000.0,5.205,1.0,2072000000.0,0.264,263000000.0,230000000.0,98949000000.0,103661750000.0,0.0,70671000000.0,,,84010000000.0,,,1675829594.0,262000000.0,1398000000.0,0.0,-1181000000.0,0.0,-2799000000.0,473000000.0,-661000000.0,2625000000.0,-37000000.0,103000000.0,103000000.0,103000000.0,0.0,125000000.0,0.013,1430000000.0,642000000.0,0.0,0.0,0.116,16.27,16.6,0.0,0.0,3.32,0.213,0.213,17080000000.0,1340000000.0,7861000000.0,7861000000.0,0.0,0.001,0.007,0.004,0.058,31000000.0,962000000.0,1.0,504767950.0,504300000.0,504300000.0,15.588,98581000000.0,319000000.0,121000000.0,0.0,195.481,
6,GNW,MRT,2019-12-31,2019-12-31,2019-12-31,2021-08-05,3433000000.0,101342000000.0,103372250000.0,,,0.078,28.206,0.0,3341000000.0,3341000000.0,5740000000.0,530000000.0,,6.113,3588000000.0,,,3588000000.0,1893000000.0,0.0,22217000000.0,0.0,0.0,777000000.0,777000000.0,0.096,777000000.0,777000000.0,538000000.0,0.68,0.67,0.68,14185000000.0,13850750000.0,14185000000.0,4603246343.0,6.0,5.924,2079000000.0,4.134,1.0,2356000000.0,0.291,201000000.0,239000000.0,101388000000.0,104936500000.0,0.0,71231000000.0,,,86710000000.0,,,2215246343.0,1164000000.0,1398000000.0,0.0,-446000000.0,0.0,-2217000000.0,1301000000.0,200000000.0,2079000000.0,1000000.0,343000000.0,343000000.0,343000000.0,0.0,187000000.0,0.042,1403000000.0,953000000.0,0.0,0.0,0.156,6.458,6.471,0.0,0.0,4.4,0.274,0.273,17103000000.0,1461000000.0,8096000000.0,8096000000.0,0.0,0.003,0.025,0.007,0.096,27000000.0,962000000.0,1.0,503465078.0,502900000.0,509700000.0,16.099,101141000000.0,425000000.0,195000000.0,0.0,201.116,
7,GNW,MRT,2019-09-30,2019-09-30,2019-09-30,2021-08-05,3622000000.0,105653000000.0,103267500000.0,,,0.078,28.574,0.0,1629000000.0,1629000000.0,6232000000.0,179000000.0,,6.221,4017000000.0,,,4017000000.0,1863000000.0,0.0,22607000000.0,0.0,0.0,331000000.0,331000000.0,0.041,331000000.0,331000000.0,91000000.0,0.07,0.06,0.07,14387000000.0,13417000000.0,14387000000.0,4632246343.0,14.0,13.995,2268000000.0,4.504,1.0,1811000000.0,0.225,210000000.0,240000000.0,107831000000.0,105248000000.0,0.0,72267000000.0,,,89508000000.0,,,2215246343.0,-514000000.0,0.0,0.0,-25000000.0,0.0,-1513000000.0,-1239000000.0,-470000000.0,2268000000.0,-30000000.0,31000000.0,31000000.0,31000000.0,0.0,148000000.0,0.004,1320000000.0,491000000.0,0.0,0.0,0.154,71.46,62.857,0.0,0.0,4.4,0.275,0.275,17180000000.0,1478000000.0,8043000000.0,8043000000.0,0.0,0.0,0.002,0.003,0.041,29000000.0,962000000.0,1.0,503465078.0,503500000.0,511200000.0,15.974,105443000000.0,236000000.0,60000000.0,0.0,209.42,
8,GNW,MRT,2019-06-30,2019-06-30,2019-06-30,2021-08-05,3013000000.0,104306000000.0,102384500000.0,,,0.078,27.328,0.0,1938000000.0,1938000000.0,6256000000.0,331000000.0,,6.449,4355000000.0,,,4355000000.0,3488000000.0,0.0,22673000000.0,0.0,0.0,456000000.0,456000000.0,0.057,456000000.0,456000000.0,215000000.0,0.32,0.31,0.32,13757000000.0,13019750000.0,13757000000.0,3992296216.0,9.0,8.755,1867000000.0,3.709,1.0,1719000000.0,0.216,244000000.0,241000000.0,106479000000.0,104200750000.0,0.0,75048000000.0,,,88714000000.0,,,1867296216.0,-305000000.0,0.0,0.0,-32000000.0,0.0,-1373000000.0,-775000000.0,-169000000.0,1867000000.0,-24000000.0,159000000.0,159000000.0,159000000.0,0.0,172000000.0,0.02,1264000000.0,455000000.0,0.0,0.0,0.136,11.744,11.594,0.0,0.0,3.71,0.234,0.234,17211000000.0,1460000000.0,7975000000.0,7975000000.0,0.0,0.002,0.012,0.004,0.057,29000000.0,946000000.0,1.0,503314344.0,503400000.0,508700000.0,15.842,104062000000.0,383000000.0,56000000.0,0.0,206.718,
9,GNW,MRT,2019-03-31,2019-03-31,2019-03-31,2021-08-05,2492000000.0,102188000000.0,101927250000.0,,,0.08,26.085,0.0,2221000000.0,2221000000.0,6216000000.0,362000000.0,,6.678,4346000000.0,,,4346000000.0,3482000000.0,0.0,22651000000.0,0.0,0.0,540000000.0,540000000.0,0.066,540000000.0,540000000.0,282000000.0,0.37,0.36,0.37,13074000000.0,12808000000.0,13074000000.0,4077450317.0,8.0,7.551,1658000000.0,3.308,1.0,1924000000.0,0.236,265000000.0,258000000.0,104048000000.0,103647250000.0,0.0,72185000000.0,,,87306000000.0,,,1918450317.0,-622000000.0,0.0,0.0,-632000000.0,0.0,-2043000000.0,-178000000.0,314000000.0,1658000000.0,-59000000.0,181000000.0,181000000.0,181000000.0,0.0,181000000.0,0.022,1316000000.0,608000000.0,0.0,0.0,0.147,10.599,10.351,0.0,0.0,3.83,0.236,0.236,17257000000.0,1292000000.0,8140000000.0,8140000000.0,0.0,0.002,0.014,0.005,0.066,34000000.0,970000000.0,1.0,500900866.0,501200000.0,508600000.0,16.241,101923000000.0,573000000.0,101000000.0,0.0,203.358,
10,GNW,MRT,2018-12-31,2018-12-31,2018-12-31,2021-08-05,2044000000.0,100923000000.0,102323500000.0,,,0.077,24.88,0.0,1974000000.0,1974000000.0,6217000000.0,297000000.0,,6.967,4018000000.0,,,4018000000.0,2013000000.0,0.0,22968000000.0,0.0,0.0,445000000.0,445000000.0,0.056,445000000.0,445000000.0,189000000.0,0.24,0.24,0.24,12450000000.0,12794000000.0,12450000000.0,4209527792.0,9.0,9.46,1633000000.0,3.263,1.0,1684000000.0,0.213,333000000.0,256000000.0,102634000000.0,104032000000.0,0.0,65546000000.0,,,86734000000.0,,,2333527792.0,-698000000.0,0.0,0.0,-199000000.0,0.0,-1621000000.0,-622000000.0,-314000000.0,1633000000.0,-88000000.0,119000000.0,119000000.0,119000000.0,0.0,178000000.0,0.015,1291000000.0,393000000.0,0.0,0.0,0.187,19.609,19.417,0.0,0.0,4.66,0.295,0.295,17278000000.0,1118000000.0,7901000000.0,7901000000.0,0.0,0.001,0.009,0.004,0.056,35000000.0,943000000.0,1.0,500757037.0,500400000.0,500400000.0,15.789,100590000000.0,736000000.0,70000000.0,0.0,201.019,
11,GNW,MRT,2018-09-30,2018-09-30,2018-09-30,2021-08-05,2067000000.0,102121000000.0,103417000000.0,,,0.069,25.56,0.0,2505000000.0,2505000000.0,5759000000.0,889000000.0,,6.837,4381000000.0,,,4381000000.0,3668000000.0,0.0,22993000000.0,0.0,0.0,521000000.0,521000000.0,0.073,521000000.0,521000000.0,251000000.0,1.6,1.59,1.6,12798000000.0,13036000000.0,12798000000.0,4229834549.0,8.0,8.119,1595000000.0,3.186,1.0,1371000000.0,0.192,355000000.0,270000000.0,103642000000.0,105047250000.0,0.0,70055000000.0,,,87500000000.0,,,2087834549.0,-331000000.0,0.0,0.0,-195000000.0,0.0,-1848000000.0,-12000000.0,10000000.0,1595000000.0,-66000000.0,801000000.0,801000000.0,801000000.0,-9000000.0,88000000.0,0.112,1270000000.0,101000000.0,0.0,0.0,0.163,2.607,2.606,0.0,0.0,4.17,0.293,0.293,17351000000.0,1447000000.0,7130000000.0,7130000000.0,0.0,0.008,0.061,0.005,0.073,25000000.0,906000000.0,1.0,500679748.0,500700000.0,503300000.0,14.24,101766000000.0,650000000.0,-550000000.0,0.0,203.247,
12,GNW,MRT,2018-06-30,2018-06-30,2018-06-30,2021-08-05,2327000000.0,102477000000.0,104044000000.0,,,0.071,25.789,0.0,2243000000.0,2243000000.0,5813000000.0,854000000.0,,6.796,4385000000.0,,,4385000000.0,3669000000.0,0.0,23366000000.0,0.0,0.0,567000000.0,567000000.0,0.077,567000000.0,567000000.0,284000000.0,1.52,1.51,1.52,12910000000.0,13103750000.0,12910000000.0,4405808896.0,8.0,7.77,1807000000.0,3.61,1.0,1580000000.0,0.214,354000000.0,283000000.0,104265000000.0,105654500000.0,0.0,70882000000.0,,,87736000000.0,,,2252808896.0,-610000000.0,0.0,0.0,-190000000.0,0.0,-1956000000.0,-434000000.0,-410000000.0,1807000000.0,-27000000.0,762000000.0,762000000.0,762000000.0,0.0,92000000.0,0.103,1315000000.0,265000000.0,0.0,0.0,0.175,2.956,2.961,0.0,0.0,4.5,0.305,0.305,17385000000.0,1301000000.0,7393000000.0,7393000000.0,0.0,0.007,0.058,0.005,0.077,29000000.0,940000000.0,1.0,500624199.0,500600000.0,502600000.0,14.768,102123000000.0,601000000.0,-478000000.0,0.0,204.001,
13,GNW,MRT,2018-03-31,2018-03-31,2018-03-31,2021-08-05,2627000000.0,103773000000.0,104678750000.0,,,0.071,26.057,0.0,2843000000.0,2843000000.0,5825000000.0,876000000.0,,6.83,4996000000.0,,,4996000000.0,3797000000.0,0.0,23751000000.0,0.0,0.0,595000000.0,595000000.0,0.08,595000000.0,595000000.0,315000000.0,1.54,1.53,1.54,13018000000.0,13130750000.0,13018000000.0,3111722679.0,5.0,5.23,2008000000.0,4.019,1.0,1632000000.0,0.219,339000000.0,280000000.0,105587000000.0,106190000000.0,0.0,71777000000.0,,,88911000000.0,,,1412722679.0,-175000000.0,-5000000.0,0.0,406000000.0,0.0,-1417000000.0,-784000000.0,-804000000.0,2008000000.0,18000000.0,774000000.0,774000000.0,774000000.0,0.0,102000000.0,0.104,1329000000.0,303000000.0,0.0,0.0,0.109,1.825,1.838,0.0,0.0,2.83,0.189,0.19,17482000000.0,1111000000.0,7457000000.0,7457000000.0,0.0,0.007,0.059,0.006,0.08,28000000.0,927000000.0,1.0,499195293.0,499600000.0,502700000.0,14.926,103434000000.0,602000000.0,-459000000.0,0.0,207.034,
14,GNW,MRT,2017-12-31,2017-12-31,2017-12-31,2021-08-05,3027000000.0,105297000000.0,104907000000.0,,,0.072,26.89,0.0,2875000000.0,2875000000.0,5771000000.0,927000000.0,,6.705,4574000000.0,,,4574000000.0,3967000000.0,0.0,24195000000.0,0.0,0.0,677000000.0,677000000.0,0.09,677000000.0,677000000.0,411000000.0,1.64,1.63,1.64,13418000000.0,13079250000.0,13418000000.0,3309384017.0,5.0,4.888,2554000000.0,5.118,1.0,1742000000.0,0.232,301000000.0,266000000.0,106695000000.0,106258000000.0,0.0,73392000000.0,,,89969000000.0,,,1552384017.0,91000000.0,-5000000.0,0.0,-34000000.0,0.0,-1768000000.0,-759000000.0,1000000.0,2554000000.0,64000000.0,817000000.0,817000000.0,817000000.0,0.0,110000000.0,0.109,1349000000.0,393000000.0,0.0,0.0,0.116,1.9,1.896,0.0,0.0,3.11,0.207,0.207,17569000000.0,1113000000.0,7513000000.0,7513000000.0,0.0,0.008,0.062,0.006,0.09,31000000.0,957000000.0,1.0,499158848.0,499000000.0,501400000.0,15.056,104996000000.0,504000000.0,-406000000.0,0.0,210.413,
15,GNW,MRT,2017-09-30,2017-09-30,2017-09-30,2021-08-05,3035000000.0,104629000000.0,104747250000.0,,,0.084,26.185,0.0,2836000000.0,2836000000.0,5993000000.0,599000000.0,,6.851,4593000000.0,,,4593000000.0,3512000000.0,0.0,24531000000.0,0.0,0.0,977000000.0,977000000.0,0.111,977000000.0,977000000.0,693000000.0,0.67,0.67,0.67,13069000000.0,12885750000.0,13069000000.0,3646701062.0,4.0,3.733,2006000000.0,4.019,1.0,2814000000.0,0.32,315000000.0,284000000.0,106071000000.0,106106750000.0,0.0,73104000000.0,,,89542000000.0,,,1921701062.0,-242000000.0,-5000000.0,0.0,-41000000.0,0.0,-1522000000.0,-748000000.0,-206000000.0,2006000000.0,22000000.0,342000000.0,342000000.0,342000000.0,13000000.0,257000000.0,0.039,1567000000.0,1247000000.0,0.0,0.0,0.147,5.619,5.746,0.0,0.0,3.85,0.218,0.218,17553000000.0,760000000.0,8807000000.0,8807000000.0,0.0,0.003,0.027,0.009,0.111,36000000.0,1058000000.0,1.0,499143133.0,499100000.0,501600000.0,17.646,104314000000.0,24000000.0,351000000.0,0.0,209.004,
16,GNW,MRT,2017-06-30,2017-06-30,2017-06-30,2021-08-05,3095000000.0,105016000000.0,105803000000.0,,,0.083,26.088,0.0,2853000000.0,2853000000.0,6320000000.0,92000000.0,,6.915,4578000000.0,,,4578000000.0,3400000000.0,0.0,24971000000.0,0.0,0.0,614000000.0,614000000.0,0.07,614000000.0,614000000.0,326000000.0,-0.3,-0.3,-0.3,13018000000.0,13336250000.0,13018000000.0,3435037293.0,6.0,5.595,2114000000.0,4.236,1.0,2422000000.0,0.277,334000000.0,288000000.0,106407000000.0,107113500000.0,0.0,73236000000.0,,,90020000000.0,,,1881037293.0,-604000000.0,-5000000.0,0.0,-44000000.0,0.0,-1358000000.0,-1359000000.0,-629000000.0,2114000000.0,-1000000.0,-145000000.0,-145000000.0,-145000000.0,-11000000.0,237000000.0,-0.017,1582000000.0,840000000.0,0.0,0.0,0.144,-12.973,-12.567,0.0,0.0,3.77,0.215,0.215,17609000000.0,653000000.0,8742000000.0,8742000000.0,0.0,-0.001,-0.011,0.006,0.07,34000000.0,1062000000.0,1.0,498948884.0,499000000.0,501200000.0,17.519,104682000000.0,23000000.0,471000000.0,0.0,209.784,
17,GNW,MRT,2017-03-31,2017-03-31,2017-03-31,2021-08-05,3096000000.0,104686000000.0,106600500000.0,,,0.082,25.696,0.0,3018000000.0,3018000000.0,6317000000.0,41000000.0,,7.022,4572000000.0,,,4572000000.0,3370000000.0,0.0,25383000000.0,0.0,0.0,570000000.0,570000000.0,0.065,570000000.0,570000000.0,276000000.0,-0.35,-0.36,-0.35,12812000000.0,13865000000.0,12812000000.0,3833507770.0,7.0,6.725,2271000000.0,4.555,1.0,2438000000.0,0.278,381000000.0,294000000.0,105859000000.0,107778750000.0,0.0,71652000000.0,,,89970000000.0,,,2053507770.0,-1066000000.0,39000000.0,0.0,-95000000.0,0.0,-1314000000.0,-2007000000.0,-1182000000.0,2271000000.0,-16000000.0,-175000000.0,-175000000.0,-175000000.0,10000000.0,216000000.0,-0.02,1642000000.0,796000000.0,0.0,0.0,0.16,-11.734,-11.771,0.0,0.0,4.12,0.235,0.235,17681000000.0,451000000.0,8755000000.0,8755000000.0,0.0,-0.002,-0.013,0.005,0.065,35000000.0,1149000000.0,1.0,498424216.0,498600000.0,501000000.0,17.559,104305000000.0,0.0,451000000.0,0.0,209.196,
18,GNW,MRT,2016-12-31,2016-12-31,2016-12-31,2021-08-05,3094000000.0,104658000000.0,107222250000.0,,,0.078,25.374,0.0,2784000000.0,2784000000.0,5941000000.0,-67000000.0,,7.133,4564000000.0,,,4564000000.0,3378000000.0,0.0,25662000000.0,0.0,0.0,418000000.0,418000000.0,0.05,418000000.0,418000000.0,81000000.0,-0.56,-0.56,-0.56,12644000000.0,14175750000.0,12644000000.0,3402789296.0,8.0,8.141,1872000000.0,3.757,1.0,2428000000.0,0.29,348000000.0,337000000.0,106090000000.0,108202500000.0,0.0,71569000000.0,,,90191000000.0,,,1898789296.0,-3209000000.0,39000000.0,0.0,-2044000000.0,0.0,-2951000000.0,-2120000000.0,-2005000000.0,1872000000.0,-10000000.0,-277000000.0,-277000000.0,-277000000.0,29000000.0,210000000.0,-0.033,1771000000.0,657000000.0,0.0,0.0,0.15,-6.855,-6.804,0.0,0.0,3.81,0.227,0.227,17755000000.0,287000000.0,8369000000.0,8369000000.0,0.0,-0.003,-0.02,0.004,0.05,32000000.0,1273000000.0,1.0,498369894.0,498300000.0,498300000.0,16.795,104310000000.0,0.0,358000000.0,0.0,209.332,
19,GNW,MRT,2016-09-30,2016-09-30,2016-09-30,2021-08-05,5202000000.0,108852000000.0,107665500000.0,,,0.077,29.843,0.0,3078000000.0,3078000000.0,5853000000.0,-244000000.0,,6.193,4582000000.0,,,4582000000.0,3464000000.0,0.0,25867000000.0,0.0,0.0,238000000.0,238000000.0,0.029,238000000.0,238000000.0,-128000000.0,-0.89,-0.9,-0.89,14871000000.0,14220750000.0,14871000000.0,3600747726.0,15.0,15.129,2231000000.0,4.477,1.0,2474000000.0,0.297,258000000.0,366000000.0,110098000000.0,108374500000.0,0.0,75260000000.0,,,92103000000.0,,,2471747726.0,-730000000.0,312000000.0,0.0,-2045000000.0,0.0,-2722000000.0,-291000000.0,-675000000.0,2231000000.0,52000000.0,-447000000.0,-447000000.0,-447000000.0,98000000.0,203000000.0,-0.054,1935000000.0,539000000.0,0.0,0.0,0.166,-5.53,-5.573,0.0,0.0,4.96,0.297,0.297,17542000000.0,409000000.0,8327000000.0,8327000000.0,0.0,-0.004,-0.031,0.002,0.029,27000000.0,1423000000.0,1.0,498336235.0,498300000.0,498300000.0,16.711,108594000000.0,0.0,319000000.0,0.0,217.929,
20,GNW,MRT,2016-06-30,2016-06-30,2016-06-30,2021-08-05,5088000000.0,108206000000.0,107508000000.0,,,0.077,30.357,0.0,3457000000.0,3457000000.0,5487000000.0,-150000000.0,,6.026,4586000000.0,,,4586000000.0,3412000000.0,0.0,26182000000.0,0.0,0.0,6000000.0,6000000.0,0.001,6000000.0,6000000.0,-388000000.0,-0.7,-0.71,-0.7,15133000000.0,13897750000.0,15133000000.0,1958052721.0,326.0,326.342,2146000000.0,4.305,1.0,2790000000.0,0.337,267000000.0,394000000.0,109068000000.0,108599500000.0,0.0,74147000000.0,,,91197000000.0,,,1286052721.0,-797000000.0,312000000.0,0.0,-2030000000.0,0.0,-2517000000.0,-427000000.0,-847000000.0,2146000000.0,1000000.0,-351000000.0,-351000000.0,-351000000.0,134000000.0,201000000.0,-0.042,2449000000.0,341000000.0,0.0,0.0,0.085,-3.664,-3.686,0.0,0.0,2.58,0.155,0.155,17564000000.0,789000000.0,8277000000.0,8277000000.0,0.0,-0.003,-0.025,0.0,0.001,24000000.0,1468000000.0,1.0,498470047.0,498500000.0,500400000.0,16.604,107939000000.0,0.0,-37000000.0,0.0,216.528,
21,GNW,MRT,2016-03-31,2016-03-31,2016-03-31,2021-08-05,4185000000.0,107173000000.0,107747500000.0,,,0.076,28.223,0.0,4043000000.0,4043000000.0,5534000000.0,-509000000.0,,6.489,4715000000.0,,,4715000000.0,3378000000.0,0.0,26354000000.0,0.0,0.0,-376000000.0,-376000000.0,-0.046,-376000000.0,-376000000.0,-793000000.0,-1.44,-1.44,-1.44,14055000000.0,13537000000.0,14055000000.0,2063072436.0,-5.0,-5.487,1223000000.0,2.456,1.0,2664000000.0,0.325,291000000.0,417000000.0,107554000000.0,109216500000.0,0.0,71965000000.0,,,91200000000.0,,,1359072436.0,-1074000000.0,273000000.0,0.0,-1999000000.0,0.0,-2018000000.0,-293000000.0,-784000000.0,1223000000.0,14000000.0,-716000000.0,-716000000.0,-716000000.0,427000000.0,207000000.0,-0.087,2406000000.0,258000000.0,0.0,0.0,0.097,-1.898,-1.896,0.0,0.0,2.73,0.166,0.166,17587000000.0,617000000.0,8198000000.0,8198000000.0,0.0,-0.007,-0.053,-0.003,-0.046,26000000.0,1436000000.0,1.0,497828731.0,498000000.0,499400000.0,16.462,106882000000.0,0.0,-77000000.0,0.0,214.622,
22,GNW,MRT,2015-12-31,2015-12-31,2015-12-31,2021-08-05,3010000000.0,106431000000.0,109037000000.0,,,0.078,25.782,0.0,5965000000.0,5965000000.0,5869000000.0,-413000000.0,,7.158,6669000000.0,,,6669000000.0,3308000000.0,0.0,26209000000.0,0.0,0.0,-205000000.0,-205000000.0,-0.024,-205000000.0,-205000000.0,-624000000.0,-1.24,-1.24,-1.24,12824000000.0,13854250000.0,12824000000.0,4929544290.0,-24.0,-24.047,1591000000.0,3.199,1.0,2679000000.0,0.313,357000000.0,419000000.0,106778000000.0,110758000000.0,0.0,69128000000.0,,,91794000000.0,,,1855544290.0,1075000000.0,273000000.0,0.0,-67000000.0,0.0,-42000000.0,-404000000.0,-826000000.0,1591000000.0,-70000000.0,-615000000.0,-615000000.0,-615000000.0,407000000.0,202000000.0,-0.072,2275000000.0,404000000.0,0.0,0.0,0.145,-3.017,-3.008,0.0,0.0,3.73,0.217,0.217,17245000000.0,564000000.0,8548000000.0,8548000000.0,0.0,-0.006,-0.044,-0.002,-0.024,16000000.0,1309000000.0,1.0,497464957.0,497400000.0,497400000.0,17.185,106074000000.0,155000000.0,-9000000.0,0.0,213.257,
23,GNW,MRT,2015-09-30,2015-09-30,2015-09-30,2021-08-05,3478000000.0,108222000000.0,110258250000.0,,,0.078,27.3,0.0,3666000000.0,3666000000.0,6575000000.0,-881000000.0,,6.835,6740000000.0,,,6740000000.0,3340000000.0,0.0,26000000000.0,0.0,0.0,-713000000.0,-713000000.0,-0.083,-713000000.0,-713000000.0,-1134000000.0,-2.18,-2.18,-2.18,13579000000.0,14379000000.0,13579000000.0,4971076242.0,-7.0,-6.972,2456000000.0,4.938,1.0,2046000000.0,0.237,298000000.0,421000000.0,110998000000.0,112368000000.0,0.0,72184000000.0,,,92806000000.0,,,2298076242.0,331000000.0,0.0,0.0,-63000000.0,0.0,37000000.0,-1996000000.0,-1805000000.0,2456000000.0,-166000000.0,-1083000000.0,-1083000000.0,-1083000000.0,196000000.0,202000000.0,-0.126,2361000000.0,-315000000.0,0.0,0.0,0.169,-2.122,-2.119,0.0,0.0,4.62,0.267,0.267,17276000000.0,856000000.0,8621000000.0,8621000000.0,0.0,-0.01,-0.075,-0.006,-0.083,23000000.0,1175000000.0,1.0,497419100.0,497400000.0,497400000.0,17.332,107924000000.0,0.0,-51000000.0,0.0,216.976,
24,GNW,MRT,2015-06-30,2015-06-30,2015-06-30,2021-08-05,3309000000.0,109164000000.0,110831250000.0,,,0.079,27.523,0.0,4100000000.0,4100000000.0,7225000000.0,-1430000000.0,,6.825,6773000000.0,,,6773000000.0,3431000000.0,0.0,25987000000.0,0.0,0.0,-1327000000.0,-1327000000.0,-0.152,-1327000000.0,-1327000000.0,-1747000000.0,-3.31,-3.31,-3.31,13690000000.0,14775500000.0,13690000000.0,5396231944.0,-4.0,-4.066,2371000000.0,4.767,1.0,1486000000.0,0.171,301000000.0,420000000.0,111536000000.0,112948000000.0,0.0,71408000000.0,,,93437000000.0,,,3765231944.0,116000000.0,0.0,0.0,-92000000.0,0.0,102000000.0,-2159000000.0,-1877000000.0,2371000000.0,-198000000.0,-1643000000.0,-1643000000.0,-1643000000.0,169000000.0,213000000.0,-0.189,2431000000.0,-945000000.0,0.0,0.0,0.275,-2.292,-2.287,0.0,0.0,7.57,0.432,0.432,17297000000.0,1140000000.0,8711000000.0,8711000000.0,0.0,-0.015,-0.111,-0.012,-0.152,22000000.0,1145000000.0,1.0,497388632.0,497400000.0,499300000.0,17.513,108863000000.0,0.0,-104000000.0,0.0,218.864,
25,GNW,MRT,2015-03-31,2015-03-31,2015-03-31,2021-08-05,4692000000.0,112331000000.0,111451250000.0,,,0.078,30.833,0.0,5158000000.0,5158000000.0,7196000000.0,-1063000000.0,,6.216,6789000000.0,,,6789000000.0,3731000000.0,0.0,26146000000.0,0.0,0.0,-935000000.0,-935000000.0,-0.107,-935000000.0,-935000000.0,-1364000000.0,-2.57,-2.57,-2.57,15324000000.0,15410750000.0,15324000000.0,5569043552.0,-6.0,-5.956,3001000000.0,6.038,1.0,1552000000.0,0.177,242000000.0,429000000.0,113720000000.0,113394250000.0,0.0,74225000000.0,,,95250000000.0,,,3633043552.0,798000000.0,0.0,0.0,-560000000.0,0.0,-29000000.0,-1998000000.0,-1778000000.0,3001000000.0,-176000000.0,-1274000000.0,-1274000000.0,-1274000000.0,-149000000.0,211000000.0,-0.146,2425000000.0,-873000000.0,0.0,0.0,0.237,-2.852,-2.844,0.0,0.0,7.31,0.415,0.415,17339000000.0,1333000000.0,8748000000.0,8748000000.0,0.0,-0.011,-0.083,-0.008,-0.107,17000000.0,1132000000.0,1.0,496996382.0,497000000.0,498900000.0,17.602,112089000000.0,0.0,-90000000.0,0.0,225.531,
26,GNW,MRT,2014-12-31,2014-12-31,2014-12-31,2021-08-05,4446000000.0,111316000000.0,110809750000.0,,,0.079,30.062,0.0,4645000000.0,4645000000.0,7155000000.0,-1048000000.0,,6.334,6812000000.0,,,6812000000.0,3485000000.0,0.0,26032000000.0,0.0,0.0,-905000000.0,-905000000.0,-0.104,-905000000.0,-905000000.0,-1338000000.0,-2.51,-2.51,-2.51,14923000000.0,15458500000.0,14923000000.0,7641609269.0,-8.0,-8.444,2438000000.0,4.911,1.0,1574000000.0,0.18,265000000.0,433000000.0,113218000000.0,112872000000.0,0.0,71773000000.0,,,94519000000.0,,,4221609269.0,704000000.0,0.0,0.0,-551000000.0,0.0,205000000.0,-1836000000.0,-1762000000.0,2438000000.0,-103000000.0,-1244000000.0,-1244000000.0,-1244000000.0,-157000000.0,196000000.0,-0.143,2440000000.0,-866000000.0,0.0,0.0,0.283,-3.394,-3.386,0.0,0.0,8.5,0.484,0.483,17291000000.0,1179000000.0,8729000000.0,8729000000.0,0.0,-0.011,-0.08,-0.008,-0.104,28000000.0,1138000000.0,1.0,496659914.0,496400000.0,496400000.0,17.585,111051000000.0,0.0,-94000000.0,0.0,223.713,
27,GNW,MRT,2014-09-30,2014-09-30,2014-09-30,2021-08-05,3934000000.0,110514000000.0,109992000000.0,,,0.076,30.538,0.0,3477000000.0,3477000000.0,6164000000.0,-95000000.0,,6.158,6897000000.0,,,6897000000.0,4085000000.0,0.0,25827000000.0,0.0,0.0,189000000.0,189000000.0,0.023,189000000.0,189000000.0,-233000000.0,-0.56,-0.57,-0.56,15165000000.0,15326000000.0,15165000000.0,9315681351.0,49.0,49.289,1446000000.0,2.912,1.0,2176000000.0,0.261,616000000.0,422000000.0,113318000000.0,112069000000.0,0.0,73113000000.0,,,93393000000.0,,,6505681351.0,-77000000.0,-5000000.0,0.0,-198000000.0,0.0,811000000.0,-2296000000.0,-2447000000.0,1446000000.0,-38000000.0,-276000000.0,-276000000.0,-276000000.0,-56000000.0,181000000.0,-0.033,1862000000.0,314000000.0,0.0,0.0,0.429,-23.571,-23.393,0.0,0.0,13.1,0.78,0.78,17374000000.0,1939000000.0,8340000000.0,8340000000.0,0.0,-0.003,-0.018,0.002,0.023,31000000.0,935000000.0,1.0,496616897.0,496600000.0,496600000.0,16.794,109898000000.0,0.0,43000000.0,0.0,221.301,
28,GNW,MRT,2014-06-30,2014-06-30,2014-06-30,2021-08-05,4161000000.0,111644000000.0,109397000000.0,,,0.077,32.684,0.0,4138000000.0,4138000000.0,5398000000.0,840000000.0,,5.753,6948000000.0,,,6948000000.0,4191000000.0,0.0,25834000000.0,0.0,0.0,1453000000.0,1453000000.0,0.172,1453000000.0,1453000000.0,1011000000.0,1.36,1.35,1.36,16231000000.0,15185750000.0,16231000000.0,11694286181.0,8.0,8.048,1331000000.0,2.68,1.0,3069000000.0,0.362,1133000000.0,442000000.0,113321000000.0,111347500000.0,0.0,72764000000.0,,,93380000000.0,,,8635286181.0,501000000.0,340000000.0,0.0,-157000000.0,0.0,1343000000.0,-2236000000.0,-2795000000.0,1331000000.0,63000000.0,676000000.0,676000000.0,676000000.0,-52000000.0,164000000.0,0.08,1504000000.0,1565000000.0,0.0,0.0,0.532,12.774,12.794,0.0,0.0,17.4,1.02,1.021,17276000000.0,2783000000.0,8467000000.0,8467000000.0,0.0,0.006,0.045,0.013,0.172,36000000.0,1058000000.0,1.0,496280815.0,496600000.0,503600000.0,17.05,110511000000.0,0.0,335000000.0,0.0,222.535,
29,GNW,MRT,2014-03-31,2014-03-31,2014-03-31,2021-08-05,3483000000.0,109765000000.0,108380000000.0,,,0.08,31.293,0.0,4360000000.0,4360000000.0,5467000000.0,792000000.0,,5.996,7419000000.0,,,7419000000.0,4075000000.0,0.0,25881000000.0,0.0,0.0,1416000000.0,1416000000.0,0.164,1416000000.0,1416000000.0,965000000.0,1.3,1.28,1.3,15515000000.0,14800250000.0,15515000000.0,12009687092.0,8.0,8.481,1400000000.0,2.824,1.0,3177000000.0,0.368,1193000000.0,451000000.0,111631000000.0,110455750000.0,0.0,70425000000.0,,,93031000000.0,,,8782687092.0,541000000.0,365000000.0,0.0,298000000.0,0.0,419000000.0,-1237000000.0,-1889000000.0,1400000000.0,-41000000.0,641000000.0,641000000.0,641000000.0,-54000000.0,151000000.0,0.074,1664000000.0,1513000000.0,0.0,0.0,0.566,13.702,13.638,0.0,0.0,17.73,1.016,1.017,17234000000.0,2607000000.0,8644000000.0,8644000000.0,0.0,0.006,0.043,0.013,0.164,38000000.0,1189000000.0,1.0,495357422.0,495800000.0,502700000.0,17.434,108572000000.0,0.0,324000000.0,0.0,218.983,
30,GNW,MRT,2013-12-31,2013-12-31,2013-12-31,2021-08-05,2542000000.0,108045000000.0,108957500000.0,,,0.079,29.159,0.0,4214000000.0,4214000000.0,5475000000.0,714000000.0,,6.422,7441000000.0,,,7441000000.0,4107000000.0,0.0,25528000000.0,0.0,0.0,1323000000.0,1323000000.0,0.153,1323000000.0,1323000000.0,873000000.0,1.13,1.12,1.13,14393000000.0,14977000000.0,14393000000.0,11244851013.0,8.0,8.5,1399000000.0,2.834,1.0,3150000000.0,0.365,1266000000.0,450000000.0,110006000000.0,111103250000.0,0.0,68613000000.0,,,92425000000.0,,,7675851013.0,561000000.0,365000000.0,0.0,292000000.0,0.0,-149000000.0,-580000000.0,-1095000000.0,1399000000.0,-109000000.0,560000000.0,560000000.0,560000000.0,-34000000.0,154000000.0,0.065,1707000000.0,1443000000.0,0.0,0.0,0.533,13.707,13.743,0.0,0.0,15.53,0.89,0.889,17219000000.0,2423000000.0,8625000000.0,8625000000.0,0.0,0.005,0.037,0.012,0.153,39000000.0,1244000000.0,1.0,494259563.0,493600000.0,498700000.0,17.474,106779000000.0,0.0,313000000.0,0.0,216.327,
31,GNW,MRT,2013-09-30,2013-09-30,2013-09-30,2021-08-05,2939000000.0,108134000000.0,110274250000.0,,,0.086,29.563,0.0,3554000000.0,3554000000.0,5785000000.0,735000000.0,,6.319,7123000000.0,,,7123000000.0,4160000000.0,0.0,25266000000.0,0.0,0.0,1342000000.0,1342000000.0,0.142,1342000000.0,1342000000.0,847000000.0,1.06,1.05,1.06,14604000000.0,15502000000.0,14604000000.0,9797748954.0,7.0,7.301,1628000000.0,3.296,1.0,3673000000.0,0.388,1271000000.0,495000000.0,110432000000.0,112507750000.0,0.0,69499000000.0,,,92289000000.0,,,6319748954.0,-187000000.0,370000000.0,0.0,-413000000.0,0.0,-1249000000.0,-479000000.0,-784000000.0,1628000000.0,-87000000.0,520000000.0,520000000.0,520000000.0,6000000.0,215000000.0,0.055,2110000000.0,1563000000.0,0.0,0.0,0.433,12.153,12.075,0.0,0.0,12.8,0.668,0.669,17224000000.0,2215000000.0,9458000000.0,9458000000.0,0.0,0.005,0.034,0.012,0.142,33000000.0,1525000000.0,1.0,493730387.0,494000000.0,499300000.0,19.146,106863000000.0,0.0,327000000.0,0.0,216.322,
32,GNW,MRT,2013-06-30,2013-06-30,2013-06-30,2021-08-05,3142000000.0,107576000000.0,111837500000.0,,,0.086,29.771,0.0,3613000000.0,3613000000.0,5988000000.0,658000000.0,,6.241,7091000000.0,,,7091000000.0,4022000000.0,0.0,24935000000.0,0.0,0.0,1189000000.0,1189000000.0,0.124,1189000000.0,1189000000.0,692000000.0,0.91,0.9,0.91,14689000000.0,15957750000.0,14689000000.0,8986181819.0,8.0,7.558,1388000000.0,2.813,1.0,3609000000.0,0.376,1300000000.0,497000000.0,109754000000.0,114046750000.0,0.0,68598000000.0,,,91674000000.0,,,5626181819.0,-237000000.0,25000000.0,0.0,-691000000.0,0.0,-1638000000.0,102000000.0,-74000000.0,1388000000.0,-89000000.0,447000000.0,447000000.0,447000000.0,-4000000.0,211000000.0,0.047,2213000000.0,1396000000.0,0.0,0.0,0.383,12.587,12.538,0.0,0.0,11.41,0.586,0.587,17236000000.0,2107000000.0,9597000000.0,9597000000.0,0.0,0.004,0.028,0.01,0.124,30000000.0,1561000000.0,1.0,493092184.0,493400000.0,497500000.0,19.451,106276000000.0,0.0,245000000.0,0.0,215.395,
33,GNW,MRT,2013-03-31,2013-03-31,2013-03-31,2021-08-05,4824000000.0,112075000000.0,113077500000.0,,,0.085,32.938,0.0,3797000000.0,3797000000.0,6111000000.0,587000000.0,,5.829,7157000000.0,,,7157000000.0,4193000000.0,0.0,25886000000.0,0.0,0.0,1088000000.0,1088000000.0,0.113,1088000000.0,1088000000.0,581000000.0,0.78,0.78,0.78,16222000000.0,16239750000.0,16222000000.0,8452131210.0,8.0,7.769,1274000000.0,2.587,1.0,3517000000.0,0.365,1214000000.0,507000000.0,114221000000.0,115299000000.0,0.0,72749000000.0,,,94566000000.0,,,4927131210.0,-368000000.0,77000000.0,0.0,-889000000.0,0.0,-1211000000.0,-393000000.0,-401000000.0,1274000000.0,-38000000.0,382000000.0,382000000.0,382000000.0,-25000000.0,205000000.0,0.04,2249000000.0,1268000000.0,0.0,0.0,0.304,12.898,12.821,0.0,0.0,10.0,0.512,0.512,17211000000.0,1966000000.0,9628000000.0,9628000000.0,0.0,0.003,0.024,0.009,0.113,26000000.0,1587000000.0,1.0,492713121.0,492500000.0,496800000.0,19.549,110861000000.0,0.0,199000000.0,0.0,225.098,
34,GNW,MRT,2012-12-31,2012-12-31,2012-12-31,2021-08-05,5202000000.0,113312000000.0,112804500000.0,,,0.085,33.55,0.0,3632000000.0,3632000000.0,6153000000.0,525000000.0,,5.792,7178000000.0,,,7178000000.0,4333000000.0,0.0,26262000000.0,0.0,0.0,939000000.0,939000000.0,0.097,939000000.0,939000000.0,463000000.0,0.66,0.66,0.66,16493000000.0,15868750000.0,16493000000.0,7510657757.0,8.0,7.999,962000000.0,1.957,1.0,3487000000.0,0.362,1234000000.0,476000000.0,115624000000.0,115005500000.0,0.0,74379000000.0,,,95531000000.0,,,3693657757.0,-835000000.0,77000000.0,0.0,-1089000000.0,0.0,-1101000000.0,-722000000.0,-1174000000.0,962000000.0,26000000.0,325000000.0,325000000.0,325000000.0,-57000000.0,200000000.0,0.034,2405000000.0,1082000000.0,0.0,0.0,0.224,11.365,11.379,0.0,0.0,7.51,0.383,0.383,17230000000.0,1863000000.0,9640000000.0,9640000000.0,0.0,0.003,0.02,0.008,0.097,26000000.0,1594000000.0,1.0,491831925.0,491600000.0,494400000.0,19.609,112078000000.0,0.0,138000000.0,0.0,227.986,
35,GNW,MRT,2012-09-30,2012-09-30,2012-09-30,2021-08-05,5223000000.0,114387000000.0,112523250000.0,,,0.083,33.409,0.0,3741000000.0,3741000000.0,6146000000.0,423000000.0,,5.889,7558000000.0,,,7558000000.0,4291000000.0,0.0,26449000000.0,0.0,0.0,807000000.0,807000000.0,0.086,807000000.0,807000000.0,334000000.0,0.59,0.59,0.59,16427000000.0,15512500000.0,16427000000.0,6535226302.0,8.0,8.098,1520000000.0,3.091,1.0,3206000000.0,0.343,1616000000.0,473000000.0,116588000000.0,114660500000.0,0.0,74893000000.0,,,96740000000.0,,,2571226302.0,93000000.0,289000000.0,0.0,-752000000.0,0.0,-797000000.0,-675000000.0,-982000000.0,1520000000.0,45000000.0,288000000.0,288000000.0,288000000.0,-87000000.0,135000000.0,0.031,2351000000.0,855000000.0,0.0,0.0,0.157,8.928,8.864,0.0,0.0,5.23,0.275,0.275,17195000000.0,1741000000.0,9352000000.0,9352000000.0,0.0,0.003,0.019,0.007,0.086,28000000.0,1527000000.0,1.0,491630268.0,491700000.0,493900000.0,19.02,112771000000.0,0.0,46000000.0,0.0,229.349,
36,GNW,MRT,2012-06-30,2012-06-30,2012-06-30,2021-08-05,4653000000.0,112536000000.0,112398000000.0,,,0.084,32.181,0.0,3874000000.0,3874000000.0,6241000000.0,372000000.0,,6.042,7838000000.0,,,7838000000.0,4156000000.0,0.0,26160000000.0,0.0,0.0,724000000.0,724000000.0,0.077,724000000.0,724000000.0,253000000.0,0.49,0.49,0.49,15817000000.0,15475250000.0,15817000000.0,6674905305.0,9.0,9.219,2503000000.0,5.093,1.0,3176000000.0,0.337,1737000000.0,471000000.0,114763000000.0,114685500000.0,0.0,73001000000.0,,,95570000000.0,,,2781905305.0,1043000000.0,289000000.0,0.0,-589000000.0,0.0,-1197000000.0,-159000000.0,-285000000.0,2503000000.0,-104000000.0,237000000.0,237000000.0,237000000.0,-75000000.0,135000000.0,0.025,2392000000.0,784000000.0,0.0,0.0,0.176,11.738,11.551,0.0,0.0,5.66,0.295,0.295,17177000000.0,1707000000.0,9417000000.0,9417000000.0,0.0,0.002,0.015,0.006,0.077,28000000.0,1665000000.0,1.0,491502704.0,491500000.0,493900000.0,19.16,110799000000.0,0.0,16000000.0,0.0,225.43,
37,GNW,MRT,2012-03-31,2012-03-31,2012-03-31,2021-08-05,3656000000.0,110983000000.0,112350750000.0,,,0.086,30.004,0.0,4187000000.0,4187000000.0,6548000000.0,163000000.0,,6.453,8080000000.0,,,8080000000.0,4209000000.0,0.0,26204000000.0,0.0,0.0,483000000.0,483000000.0,0.05,483000000.0,483000000.0,9000000.0,0.05,0.05,0.05,14738000000.0,15129000000.0,14738000000.0,7978319822.0,17.0,16.518,2537000000.0,5.165,1.0,3122000000.0,0.323,1829000000.0,474000000.0,113047000000.0,115012750000.0,0.0,70328000000.0,,,95100000000.0,,,4088319822.0,445000000.0,212000000.0,0.0,-1041000000.0,0.0,-1609000000.0,-431000000.0,-592000000.0,2537000000.0,-52000000.0,25000000.0,25000000.0,25000000.0,-48000000.0,138000000.0,0.003,2549000000.0,573000000.0,0.0,0.0,0.277,163.533,166.4,0.0,0.0,8.32,0.423,0.423,17193000000.0,1631000000.0,9670000000.0,9670000000.0,0.0,0.0,0.002,0.004,0.05,33000000.0,1807000000.0,1.0,491384594.0,491200000.0,495700000.0,19.686,109154000000.0,0.0,-16000000.0,0.0,222.219,
38,GNW,MRT,2011-12-31,2011-12-31,2011-12-31,2021-08-05,4047000000.0,112187000000.0,112840000000.0,,,0.088,30.713,0.0,4488000000.0,4488000000.0,6735000000.0,177000000.0,,6.372,8378000000.0,,,8378000000.0,4223000000.0,0.0,26345000000.0,0.0,0.0,533000000.0,533000000.0,0.054,533000000.0,533000000.0,27000000.0,0.08,0.08,0.08,15068000000.0,14963750000.0,15068000000.0,7969599406.0,15.0,14.952,3125000000.0,6.37,1.0,3188000000.0,0.321,1833000000.0,506000000.0,114244000000.0,115856250000.0,0.0,71904000000.0,,,96009000000.0,,,3215599406.0,1356000000.0,208000000.0,0.0,-441000000.0,0.0,-1641000000.0,-59000000.0,261000000.0,3125000000.0,-69000000.0,38000000.0,38000000.0,38000000.0,-36000000.0,139000000.0,0.004,2552000000.0,636000000.0,0.0,0.0,0.213,84.621,81.875,0.0,0.0,6.55,0.324,0.324,16998000000.0,1584000000.0,9923000000.0,9923000000.0,0.0,0.0,0.003,0.005,0.054,31000000.0,1930000000.0,1.0,490931207.0,490600000.0,493500000.0,20.226,110354000000.0,0.0,-11000000.0,0.0,224.937,
39,GNW,MRT,2011-09-30,2011-09-30,2011-09-30,2021-08-05,3872000000.0,113886000000.0,112892000000.0,,,0.092,33.166,0.0,3648000000.0,3648000000.0,7197000000.0,-203000000.0,,5.929,8402000000.0,,,8402000000.0,4210000000.0,0.0,26480000000.0,0.0,0.0,0.0,0.0,0.0,0.0,0.0,-504000000.0,-0.7,-0.69,-0.7,16278000000.0,14662000000.0,16278000000.0,8566712670.0,,,2392000000.0,4.874,1.0,3138000000.0,0.304,1952000000.0,504000000.0,116688000000.0,116314250000.0,0.0,72430000000.0,,,96518000000.0,,,2816712670.0,50000000.0,-41000000.0,0.0,211000000.0,0.0,-2254000000.0,-41000000.0,-40000000.0,2392000000.0,-47000000.0,-344000000.0,-344000000.0,-344000000.0,0.0,141000000.0,-0.033,2997000000.0,141000000.0,0.0,0.0,0.173,-8.188,-8.2,0.0,0.0,5.74,0.273,0.273,16976000000.0,2988000000.0,10335000000.0,10335000000.0,0.0,-0.003,-0.023,0.0,0.0,36000000.0,2496000000.0,1.0,490716493.0,490800000.0,490800000.0,21.057,111934000000.0,0.0,-160000000.0,0.0,228.064,
40,GNW,MRT,2011-06-30,2011-06-30,2011-06-30,2021-08-05,2062000000.0,112347000000.0,113095500000.0,,,0.093,29.417,0.0,2831000000.0,2831000000.0,7260000000.0,-101000000.0,,6.707,8581000000.0,,,8581000000.0,4563000000.0,0.0,26115000000.0,0.0,0.0,114000000.0,114000000.0,0.011,114000000.0,114000000.0,-380000000.0,-0.5,-0.49,-0.5,14432000000.0,14343000000.0,14432000000.0,10567969249.0,93.0,92.701,1621000000.0,3.304,1.0,3221000000.0,0.307,2025000000.0,494000000.0,116072000000.0,116686250000.0,0.0,68706000000.0,,,96789000000.0,,,5042969249.0,-1755000000.0,-41000000.0,0.0,484000000.0,0.0,-2438000000.0,-1098000000.0,-1117000000.0,1621000000.0,160000000.0,-245000000.0,-245000000.0,-245000000.0,0.0,144000000.0,-0.023,2963000000.0,258000000.0,0.0,0.0,0.349,-20.584,-20.56,0.0,0.0,10.28,0.481,0.481,16999000000.0,2959000000.0,10481000000.0,10481000000.0,0.0,-0.002,-0.017,0.001,0.011,37000000.0,2387000000.0,1.0,490561211.0,490600000.0,490600000.0,21.364,110322000000.0,1291000000.0,-135000000.0,0.0,224.872,
41,GNW,MRT,2011-03-31,2011-03-31,2011-03-31,2021-08-05,1620000000.0,112940000000.0,112596750000.0,,,0.091,28.723,0.0,3742000000.0,3742000000.0,6928000000.0,76000000.0,,6.941,9267000000.0,,,9267000000.0,4529000000.0,0.0,26399000000.0,0.0,0.0,267000000.0,267000000.0,0.026,267000000.0,267000000.0,-202000000.0,-0.13,-0.13,-0.13,14077000000.0,14217750000.0,14077000000.0,12344894553.0,46.0,46.236,1542000000.0,3.146,1.0,3308000000.0,0.323,2044000000.0,469000000.0,116421000000.0,115840000000.0,0.0,68046000000.0,,,97711000000.0,,,6593894553.0,276000000.0,-41000000.0,0.0,1564000000.0,0.0,-1246000000.0,-145000000.0,-1280000000.0,1542000000.0,125000000.0,-67000000.0,-67000000.0,-67000000.0,0.0,143000000.0,-0.007,2898000000.0,410000000.0,0.0,0.0,0.468,-98.416,-103.538,0.0,0.0,13.46,0.644,0.644,17102000000.0,3055000000.0,10236000000.0,10236000000.0,0.0,-0.001,-0.005,0.002,0.026,40000000.0,2305000000.0,1.0,489888154.0,490100000.0,494400000.0,20.886,110896000000.0,1188000000.0,-135000000.0,0.0,226.272,
42,GNW,MRT,2010-12-31,2010-12-31,2010-12-31,2021-08-05,1492000000.0,112395000000.0,111635000000.0,,,0.09,28.328,0.0,3132000000.0,3132000000.0,6842000000.0,195000000.0,,7.029,8883000000.0,,,8883000000.0,4541000000.0,0.0,26978000000.0,0.0,0.0,261000000.0,261000000.0,0.026,261000000.0,261000000.0,-196000000.0,0.11,0.11,0.11,13861000000.0,13921250000.0,13861000000.0,11877286565.0,46.0,45.507,1336000000.0,2.73,1.0,3247000000.0,0.322,2070000000.0,457000000.0,116076000000.0,114735000000.0,0.0,68437000000.0,,,97424000000.0,,,6433286565.0,-1870000000.0,-37000000.0,0.0,1131000000.0,0.0,-1512000000.0,-1815000000.0,-3357000000.0,1336000000.0,121000000.0,52000000.0,52000000.0,52000000.0,0.0,143000000.0,0.005,2843000000.0,404000000.0,0.0,0.0,0.464,123.717,119.455,0.0,0.0,13.14,0.638,0.637,17191000000.0,2973000000.0,10089000000.0,10089000000.0,0.0,0.0,0.004,0.002,0.026,44000000.0,2217000000.0,1.0,489595629.0,489300000.0,493900000.0,20.619,110325000000.0,1100000000.0,-248000000.0,0.0,225.475,
43,GNW,MRT,2010-09-30,2010-09-30,2010-09-30,2021-08-05,2484000000.0,114700000000.0,110583000000.0,,,0.09,30.648,0.0,3598000000.0,3598000000.0,6382000000.0,486000000.0,,6.574,9042000000.0,,,9042000000.0,4492000000.0,0.0,27714000000.0,0.0,0.0,715000000.0,715000000.0,0.072,715000000.0,715000000.0,290000000.0,0.74,0.73,0.74,15002000000.0,13525000000.0,15002000000.0,10416674641.0,15.0,14.569,1053000000.0,2.151,1.0,3577000000.0,0.359,1968000000.0,425000000.0,118176000000.0,112951250000.0,0.0,71208000000.0,,,98629000000.0,,,5979674641.0,-3546000000.0,39000000.0,0.0,713000000.0,0.0,-1415000000.0,-3254000000.0,-4340000000.0,1053000000.0,70000000.0,343000000.0,343000000.0,343000000.0,0.0,143000000.0,0.034,2719000000.0,858000000.0,0.0,0.0,0.399,17.433,16.514,0.0,0.0,12.22,0.6,0.601,17223000000.0,3133000000.0,9959000000.0,9959000000.0,0.0,0.003,0.025,0.006,0.072,40000000.0,1949000000.0,1.0,489335077.0,489500000.0,493900000.0,20.345,112732000000.0,867000000.0,-53000000.0,0.0,230.3,
44,GNW,MRT,2010-06-30,2010-06-30,2010-06-30,2021-08-05,1331000000.0,110352000000.0,109116000000.0,,,0.089,28.483,0.0,4586000000.0,4586000000.0,6343000000.0,409000000.0,,6.841,9023000000.0,,,9023000000.0,4238000000.0,0.0,28338000000.0,0.0,0.0,563000000.0,563000000.0,0.058,563000000.0,563000000.0,156000000.0,0.61,0.6,0.61,13931000000.0,12878750000.0,13931000000.0,11482270660.0,20.0,20.395,1119000000.0,2.288,1.0,3340000000.0,0.345,2102000000.0,407000000.0,112687000000.0,110215500000.0,0.0,67211000000.0,,,95305000000.0,,,6392270660.0,-788000000.0,-51000000.0,622000000.0,432000000.0,0.0,-1511000000.0,-538000000.0,-2012000000.0,1119000000.0,142000000.0,279000000.0,279000000.0,279000000.0,0.0,130000000.0,0.029,2647000000.0,693000000.0,0.0,0.0,0.459,22.911,21.426,0.0,0.0,13.07,0.66,0.66,17279000000.0,3221000000.0,9683000000.0,9683000000.0,0.0,0.003,0.022,0.005,0.058,34000000.0,1961000000.0,1.0,489079622.0,489100000.0,494200000.0,19.798,108250000000.0,0.0,-123000000.0,0.0,221.325,
45,GNW,MRT,2010-03-31,2010-03-31,2010-03-31,2021-08-05,347000000.0,109093000000.0,107734500000.0,,,0.091,26.373,0.0,3466000000.0,3466000000.0,6547000000.0,282000000.0,,7.375,8556000000.0,,,8556000000.0,4571000000.0,0.0,28107000000.0,0.0,0.0,477000000.0,477000000.0,0.049,477000000.0,477000000.0,65000000.0,0.41,0.41,0.41,12891000000.0,11888500000.0,12891000000.0,11981601278.0,25.0,25.119,1278000000.0,2.615,1.0,3209000000.0,0.329,2182000000.0,412000000.0,112001000000.0,108270000000.0,0.0,65872000000.0,,,95068000000.0,,,8969601278.0,-3598000000.0,-51000000.0,622000000.0,-868000000.0,0.0,-3593000000.0,-1608000000.0,-1587000000.0,1278000000.0,325000000.0,187000000.0,187000000.0,187000000.0,0.0,95000000.0,0.019,2637000000.0,572000000.0,0.0,0.0,0.696,47.966,44.732,0.0,0.0,18.34,0.919,0.919,17333000000.0,3179000000.0,9756000000.0,9756000000.0,0.0,0.002,0.016,0.004,0.049,29000000.0,1918000000.0,1.0,489073134.0,488800000.0,493500000.0,19.959,106911000000.0,18000000.0,-122000000.0,0.0,218.721,
46,GNW,MRT,2009-12-31,2009-12-31,2009-12-31,2021-08-05,-164000000.0,108187000000.0,106497500000.0,,,0.085,27.213,0.0,5002000000.0,5002000000.0,6802000000.0,-399000000.0,,7.725,8014000000.0,,,8014000000.0,4714000000.0,0.0,28470000000.0,0.0,0.0,-460000000.0,-460000000.0,-0.051,-460000000.0,-460000000.0,-853000000.0,-1.02,-1.02,-1.02,12276000000.0,10723000000.0,12276000000.0,6231071828.0,-14.0,-13.546,1931000000.0,4.281,1.0,2267000000.0,0.25,2258000000.0,393000000.0,108941000000.0,106052000000.0,0.0,63515000000.0,,,94837000000.0,,,5545071828.0,-2326000000.0,-51000000.0,622000000.0,-987000000.0,0.0,-5309000000.0,820000000.0,1185000000.0,1931000000.0,232000000.0,-460000000.0,-460000000.0,-460000000.0,0.0,61000000.0,-0.051,2666000000.0,-399000000.0,0.0,0.0,0.452,-12.055,-11.127,0.0,0.0,11.35,0.611,0.565,17332000000.0,3105000000.0,9069000000.0,9069000000.0,0.0,-0.004,-0.043,-0.004,-0.051,26000000.0,1884000000.0,1.0,488552584.0,451100000.0,451100000.0,20.104,105929000000.0,92000000.0,-393000000.0,0.0,234.824,
47,GNW,MRT,2009-09-30,2009-09-30,2009-09-30,2021-08-05,23000000.0,108832000000.0,106298000000.0,,,0.087,27.661,0.0,7144000000.0,7144000000.0,7044000000.0,-795000000.0,,7.682,7830000000.0,,,7830000000.0,4808000000.0,0.0,29381000000.0,0.008,0.1,-923000000.0,-923000000.0,-0.1,-923000000.0,-923000000.0,-1352000000.0,-1.89,-1.89,-1.89,12417000000.0,9885500000.0,12417000000.0,7659871510.0,-8.0,-8.299,4104000000.0,9.142,1.0,2193000000.0,0.237,2285000000.0,429000000.0,107233000000.0,105428500000.0,0.0,61971000000.0,,,95387000000.0,,,5176871510.0,2042000000.0,-92000000.0,622000000.0,-602000000.0,-45000000.0,-6478000000.0,4180000000.0,5072000000.0,4104000000.0,236000000.0,-821000000.0,-821000000.0,-821000000.0,0.0,26000000.0,-0.089,3090000000.0,-897000000.0,0.0,-0.053,0.417,-6.306,-6.323,0.0,0.0,11.95,0.56,0.581,17308000000.0,3065000000.0,9237000000.0,9237000000.0,0.0,-0.008,-0.083,-0.009,-0.1,22000000.0,1947000000.0,1.0,433211005.0,448900000.0,451600000.0,20.577,106547000000.0,140000000.0,-531000000.0,0.0,237.351,
48,GNW,MRT,2009-06-30,2009-06-30,2009-06-30,2021-08-05,-1869000000.0,104826000000.0,106480250000.0,,,0.085,23.015,0.0,5374000000.0,5374000000.0,7185000000.0,-1098000000.0,,9.514,7857000000.0,,,7857000000.0,4734000000.0,0.0,31356000000.0,0.029,0.2,-1357000000.0,-1357000000.0,-0.151,-1357000000.0,-1357000000.0,-1815000000.0,-2.53,-2.53,-2.53,9970000000.0,9405750000.0,9970000000.0,4468077311.0,-3.0,-3.293,4692000000.0,10.831,1.0,1829000000.0,0.203,2404000000.0,458000000.0,104905000000.0,106090750000.0,0.0,59838000000.0,,,94856000000.0,,,3028077311.0,-487000000.0,-5000000.0,0.0,-409000000.0,-87000000.0,-6843000000.0,1756000000.0,3338000000.0,4692000000.0,-92000000.0,-1098000000.0,-1098000000.0,-1098000000.0,0.0,0.0,-0.122,3186000000.0,-1357000000.0,0.0,-0.079,0.304,-2.758,-2.763,0.0,0.0,6.99,0.336,0.336,17412000000.0,3046000000.0,9014000000.0,9014000000.0,0.0,-0.01,-0.117,-0.013,-0.151,23000000.0,1978000000.0,1.0,433201332.0,433200000.0,433200000.0,20.808,102422000000.0,996000000.0,-717000000.0,0.0,236.431,
49,GNW,MRT,2009-03-31,2009-03-31,2009-03-31,2021-08-05,-3298000000.0,104145000000.0,108827500000.0,,,0.082,18.996,0.0,7064000000.0,7064000000.0,7136000000.0,-1157000000.0,,11.656,8504000000.0,,,8504000000.0,4482000000.0,0.0,33196000000.0,0.158,0.3,-1485000000.0,-1485000000.0,-0.166,-1485000000.0,-1485000000.0,-1939000000.0,-2.67,-2.67,-2.67,8229000000.0,9999500000.0,8229000000.0,2344004614.0,-2.0,-1.578,5101000000.0,11.775,1.0,1793000000.0,0.201,2456000000.0,454000000.0,103129000000.0,108347250000.0,0.0,57485000000.0,,,95916000000.0,,,823004614.0,3296000000.0,-17000000.0,3000000.0,1097000000.0,-131000000.0,-4319000000.0,2819000000.0,3985000000.0,5101000000.0,-305000000.0,-1157000000.0,-1157000000.0,-1157000000.0,0.0,0.0,-0.13,3278000000.0,-1485000000.0,0.0,-0.112,0.1,-0.711,-0.712,0.0,0.0,1.9,0.092,0.092,17398000000.0,2741000000.0,8929000000.0,8929000000.0,0.0,-0.011,-0.116,-0.014,-0.166,22000000.0,2073000000.0,1.0,433160323.0,433200000.0,433200000.0,20.612,101689000000.0,1631000000.0,-782000000.0,0.0,234.739,
50,GNW,MRT,2008-12-31,2008-12-31,2008-12-31,2021-08-05,-3062000000.0,107389000000.0,111189750000.0,,,0.089,20.605,0.0,7328000000.0,7328000000.0,7099000000.0,-572000000.0,,11.031,8849000000.0,,,8849000000.0,4734000000.0,0.0,34702000000.0,0.141,0.4,-472000000.0,-472000000.0,-0.047,-472000000.0,-472000000.0,-942000000.0,-1.32,-1.32,-1.32,8926000000.0,11123500000.0,8926000000.0,4186768841.0,-9.0,-8.87,5443000000.0,12.565,1.0,2849000000.0,0.286,2463000000.0,470000000.0,106447000000.0,111284750000.0,0.0,60612000000.0,,,98463000000.0,,,1225768841.0,4237000000.0,-22000000.0,-71000000.0,1251000000.0,-175000000.0,-2913000000.0,1965000000.0,3213000000.0,5443000000.0,-258000000.0,-572000000.0,-572000000.0,-572000000.0,0.0,0.0,-0.057,3321000000.0,-472000000.0,0.0,-0.303,0.137,-2.143,-2.144,0.0,0.0,2.83,0.123,0.123,17212000000.0,3210000000.0,9948000000.0,9948000000.0,0.0,-0.005,-0.051,-0.004,-0.047,23000000.0,2160000000.0,1.0,433133866.0,433200000.0,433200000.0,22.964,104926000000.0,1037000000.0,-370000000.0,0.0,242.211,
51,GNW,MRT,2008-09-30,2008-09-30,2008-09-30,2021-08-05,-1819000000.0,109561000000.0,112921250000.0,,,0.089,24.239,0.0,5102000000.0,5102000000.0,6908000000.0,-73000000.0,,9.436,8063000000.0,,,8063000000.0,5345000000.0,0.0,35565000000.0,0.046,0.4,210000000.0,210000000.0,0.021,210000000.0,210000000.0,-263000000.0,-0.17,-0.17,-0.17,10498000000.0,12261500000.0,10498000000.0,6053721507.0,29.0,28.827,4216000000.0,9.734,1.0,3186000000.0,0.316,2640000000.0,473000000.0,109882000000.0,113740000000.0,0.0,64215000000.0,,,99063000000.0,,,3728721507.0,1956000000.0,-51000000.0,-85000000.0,542000000.0,-174000000.0,-2128000000.0,93000000.0,17000000.0,4216000000.0,-225000000.0,-73000000.0,-73000000.0,-73000000.0,2000000.0,0.0,-0.007,2974000000.0,212000000.0,0.0,-2.353,0.355,-51.078,-50.647,0.0,0.0,8.61,0.369,0.369,16763000000.0,3532000000.0,10094000000.0,10094000000.0,0.0,-0.001,-0.006,0.002,0.021,26000000.0,2145000000.0,1.0,433068700.0,433100000.0,433100000.0,23.306,106921000000.0,194000000.0,-190000000.0,0.0,246.874,
52,GNW,MRT,2008-06-30,2008-06-30,2008-06-30,2021-08-05,-271000000.0,114215000000.0,113970500000.0,,,0.095,28.517,0.0,5861000000.0,5861000000.0,6651000000.0,524000000.0,,8.252,8186000000.0,,,8186000000.0,5758000000.0,0.0,36842000000.0,0.022,0.39,1155000000.0,1155000000.0,0.107,1155000000.0,1155000000.0,683000000.0,1.2,1.19,1.2,12345000000.0,12966250000.0,12345000000.0,11562358545.0,10.0,10.011,4369000000.0,10.092,1.0,4150000000.0,0.384,2609000000.0,472000000.0,113931000000.0,115202500000.0,0.0,67289000000.0,,,101870000000.0,,,7709358545.0,2905000000.0,-48000000.0,-188000000.0,493000000.0,-172000000.0,-2169000000.0,800000000.0,1154000000.0,4369000000.0,-95000000.0,524000000.0,524000000.0,524000000.0,2000000.0,0.0,0.049,2993000000.0,1157000000.0,0.0,0.325,0.624,14.713,14.842,0.0,0.0,17.81,0.714,0.714,16571000000.0,3833000000.0,10801000000.0,10801000000.0,0.0,0.005,0.04,0.01,0.107,33000000.0,2170000000.0,1.0,432866847.0,432900000.0,432900000.0,24.95,111606000000.0,0.0,159000000.0,0.0,257.81,
53,GNW,MRT,2008-03-31,2008-03-31,2008-03-31,2021-08-05,-35000000.0,113594000000.0,113400750000.0,,,0.098,29.347,0.0,3768000000.0,3768000000.0,6426000000.0,1012000000.0,,7.927,7621000000.0,,,7621000000.0,5653000000.0,0.0,36764000000.0,0.017,0.38,1863000000.0,1863000000.0,0.167,1863000000.0,1863000000.0,1377000000.0,2.31,2.28,2.31,12725000000.0,13121500000.0,12725000000.0,14262033739.0,8.0,7.655,4852000000.0,11.19,1.0,4742000000.0,0.425,2568000000.0,486000000.0,114879000000.0,115230500000.0,0.0,69504000000.0,,,100869000000.0,,,9795033739.0,1511000000.0,478000000.0,-340000000.0,402000000.0,-167000000.0,-2507000000.0,-793000000.0,-930000000.0,4852000000.0,-41000000.0,1012000000.0,1012000000.0,1012000000.0,-56000000.0,0.0,0.091,2935000000.0,1807000000.0,0.0,0.165,0.77,9.679,9.801,0.0,0.0,22.64,0.877,0.879,16498000000.0,3986000000.0,11168000000.0,11168000000.0,0.0,0.009,0.077,0.016,0.167,38000000.0,2114000000.0,1.0,432642833.0,433600000.0,436800000.0,25.756,111026000000.0,0.0,365000000.0,0.0,256.056,
54,GNW,MRT,2007-12-31,2007-12-31,2007-12-31,2021-08-05,727000000.0,114315000000.0,112891750000.0,,,0.099,30.653,0.0,3091000000.0,3091000000.0,6132000000.0,1220000000.0,,7.482,7558000000.0,,,7558000000.0,5631000000.0,0.0,36913000000.0,0.015,0.37,2153000000.0,2153000000.0,0.194,2153000000.0,2153000000.0,1672000000.0,2.77,2.73,2.77,13478000000.0,13267250000.0,13478000000.0,15587457835.0,7.0,7.24,4791000000.0,10.896,1.0,4993000000.0,0.449,2514000000.0,481000000.0,116268000000.0,114973000000.0,0.0,70800000000.0,,,100837000000.0,,,11163457835.0,622000000.0,483000000.0,-485000000.0,490000000.0,-163000000.0,-2295000000.0,-1880000000.0,-1899000000.0,4791000000.0,6000000.0,1220000000.0,1220000000.0,1220000000.0,-66000000.0,0.0,0.11,2906000000.0,2087000000.0,0.0,0.134,0.828,9.15,9.188,0.0,0.0,25.45,1.003,1.006,16483000000.0,3913000000.0,11125000000.0,11125000000.0,0.0,0.011,0.092,0.019,0.194,41000000.0,2075000000.0,1.0,438642744.0,439700000.0,447600000.0,25.301,111801000000.0,0.0,452000000.0,0.0,254.267,
55,GNW,MRT,2007-09-30,2007-09-30,2007-09-30,2021-08-05,697000000.0,113758000000.0,112030750000.0,,,0.098,30.19,0.0,3146000000.0,3146000000.0,5930000000.0,1415000000.0,,7.542,7570000000.0,,,7570000000.0,5511000000.0,0.0,63717000000.0,0.012,0.36,2400000000.0,2400000000.0,0.218,2400000000.0,2400000000.0,1938000000.0,3.2,3.12,3.2,13317000000.0,13230250000.0,13317000000.0,18156570013.0,8.0,7.565,4783000000.0,10.843,1.0,5077000000.0,0.461,2450000000.0,462000000.0,115732000000.0,114152750000.0,0.0,70314000000.0,,,100441000000.0,,,13603570013.0,844000000.0,294000000.0,-779000000.0,1419000000.0,-161000000.0,-745000000.0,-3146000000.0,-2501000000.0,4783000000.0,-48000000.0,1415000000.0,1415000000.0,1415000000.0,-80000000.0,0.0,0.129,2757000000.0,2320000000.0,0.0,0.113,1.022,9.614,9.603,0.0,0.0,30.73,1.236,1.231,16573000000.0,3779000000.0,11007000000.0,11007000000.0,0.0,0.013,0.107,0.021,0.218,67000000.0,1970000000.0,1.0,442680443.0,441100000.0,445600000.0,24.954,111308000000.0,0.0,523000000.0,0.0,252.342,
56,GNW,MRT,2007-06-30,2007-06-30,2007-06-30,2021-08-05,550000000.0,111936000000.0,110553000000.0,,,0.097,29.508,0.0,2956000000.0,2956000000.0,5814000000.0,1380000000.0,,7.633,7509000000.0,,,7509000000.0,5073000000.0,0.0,64062000000.0,0.01,0.345,2355000000.0,2355000000.0,0.219,2355000000.0,2355000000.0,1930000000.0,3.1,3.01,3.1,12966000000.0,13228250000.0,12966000000.0,19656648331.0,8.0,8.347,4910000000.0,11.174,1.0,4933000000.0,0.459,2446000000.0,425000000.0,114043000000.0,112531750000.0,0.0,69646000000.0,,,98970000000.0,,,14959648331.0,605000000.0,137000000.0,-786000000.0,1688000000.0,-155000000.0,-312000000.0,-3982000000.0,-3888000000.0,4910000000.0,-11000000.0,1380000000.0,1380000000.0,1380000000.0,-90000000.0,0.0,0.128,2668000000.0,2265000000.0,0.0,0.111,1.154,10.84,11.097,0.0,0.0,34.4,1.392,1.406,16658000000.0,3484000000.0,10747000000.0,10747000000.0,0.0,0.012,0.104,0.021,0.219,57000000.0,1923000000.0,1.0,434873498.0,439400000.0,449000000.0,24.458,109490000000.0,0.0,550000000.0,0.0,249.181,
57,GNW,MRT,2007-03-31,2007-03-31,2007-03-31,2021-08-05,1111000000.0,111558000000.0,108480500000.0,,,0.097,30.177,0.0,2250000000.0,2250000000.0,5689000000.0,1318000000.0,,7.383,6947000000.0,,,6947000000.0,4422000000.0,0.0,63477000000.0,0.009,0.33,2261000000.0,2261000000.0,0.214,2261000000.0,2261000000.0,1872000000.0,2.94,2.85,2.94,13308000000.0,13039250000.0,13308000000.0,19817082162.0,9.0,8.765,4658000000.0,10.562,1.0,4864000000.0,0.461,2406000000.0,389000000.0,113849000000.0,110184250000.0,0.0,69077000000.0,,,98250000000.0,,,15401082162.0,348000000.0,-511000000.0,-691000000.0,1095000000.0,-150000000.0,-1344000000.0,-2936000000.0,-2122000000.0,4658000000.0,-30000000.0,1318000000.0,1318000000.0,1318000000.0,-43000000.0,0.0,0.125,2646000000.0,2218000000.0,0.0,0.112,1.157,11.685,11.884,0.0,0.0,34.94,1.459,1.46,16746000000.0,3145000000.0,10553000000.0,10553000000.0,0.0,0.012,0.101,0.021,0.214,46000000.0,1911000000.0,1.0,440786553.0,441000000.0,455000000.0,23.93,109152000000.0,0.0,554000000.0,0.0,247.51,
58,GNW,MRT,2006-12-31,2006-12-31,2006-12-31,2021-08-05,1157000000.0,110871000000.0,106817750000.0,,,0.096,29.239,0.0,2436000000.0,2436000000.0,5524000000.0,1328000000.0,,7.317,6985000000.0,,,6985000000.0,4229000000.0,0.0,38216000000.0,0.009,0.315,2262000000.0,2262000000.0,0.22,2262000000.0,2262000000.0,1898000000.0,2.91,2.83,2.91,13330000000.0,12831750000.0,13330000000.0,19242908829.0,9.0,8.507,4365000000.0,9.574,1.0,4761000000.0,0.463,2433000000.0,364000000.0,112987000000.0,108369250000.0,0.0,68573000000.0,,,97541000000.0,,,15469908829.0,594000000.0,-511000000.0,-951000000.0,2010000000.0,-145000000.0,-835000000.0,-2898000000.0,-2263000000.0,4365000000.0,-38000000.0,1328000000.0,1328000000.0,1328000000.0,-41000000.0,0.0,0.129,2544000000.0,2217000000.0,0.0,0.108,1.161,11.649,11.756,0.0,0.0,34.21,1.504,1.516,16783000000.0,2914000000.0,10285000000.0,10285000000.0,0.0,0.012,0.103,0.021,0.22,34000000.0,1858000000.0,1.0,452204292.0,455900000.0,469400000.0,22.56,108438000000.0,0.0,570000000.0,0.0,237.855,
59,GNW,MRT,2006-09-30,2006-09-30,2006-09-30,2021-08-05,1166000000.0,107847000000.0,105513500000.0,,,0.091,29.328,0.0,2302000000.0,2302000000.0,5059000000.0,1262000000.0,,7.103,6075000000.0,,,6075000000.0,4180000000.0,0.0,63593000000.0,0.009,0.3,2163000000.0,2163000000.0,0.226,2163000000.0,2163000000.0,1826000000.0,2.74,2.67,2.74,13309000000.0,12826750000.0,13309000000.0,19364637350.0,9.0,8.953,4405000000.0,9.707,1.0,4506000000.0,0.471,2372000000.0,337000000.0,109248000000.0,106896250000.0,0.0,67335000000.0,,,94538000000.0,,,15929637350.0,468000000.0,-291000000.0,-641000000.0,1188000000.0,-138000000.0,-1938000000.0,-1976000000.0,-1562000000.0,4405000000.0,-23000000.0,1262000000.0,1262000000.0,1262000000.0,-64000000.0,0.0,0.132,2411000000.0,2095000000.0,0.0,0.109,1.197,12.623,12.777,0.0,0.0,35.01,1.665,1.661,17661000000.0,2581000000.0,9565000000.0,9565000000.0,0.0,0.012,0.098,0.02,0.226,50000000.0,1757000000.0,1.0,455002495.0,453800000.0,467200000.0,21.078,105475000000.0,0.0,564000000.0,0.0,232.426,
60,GNW,MRT,2006-06-30,2006-06-30,2006-06-30,2021-08-05,233000000.0,103646000000.0,104974000000.0,,,0.091,26.788,0.0,2351000000.0,2351000000.0,5006000000.0,1265000000.0,,7.489,5786000000.0,,,5786000000.0,3956000000.0,0.0,63614000000.0,0.008,0.29,2149000000.0,2149000000.0,0.224,2149000000.0,2149000000.0,1827000000.0,2.72,2.66,2.72,12210000000.0,12831500000.0,12210000000.0,19837578766.0,9.0,9.231,4113000000.0,9.024,1.0,4572000000.0,0.477,2428000000.0,322000000.0,104653000000.0,106399250000.0,0.0,64031000000.0,,,91436000000.0,,,15887578766.0,833000000.0,-134000000.0,-535000000.0,1163000000.0,-136000000.0,-300000000.0,-2990000000.0,-2756000000.0,4113000000.0,10000000.0,1265000000.0,1265000000.0,1265000000.0,-54000000.0,0.0,0.132,2481000000.0,2091000000.0,0.0,0.107,1.301,12.559,12.809,0.0,0.0,34.84,1.659,1.658,17789000000.0,2317000000.0,9578000000.0,9578000000.0,0.0,0.012,0.099,0.02,0.224,50000000.0,1770000000.0,1.0,456015464.0,455800000.0,468300000.0,21.014,101218000000.0,0.0,562000000.0,0.0,222.067,
61,GNW,MRT,2006-03-31,2006-03-31,2006-03-31,2021-08-05,740000000.0,104907000000.0,105184500000.0,,,0.091,26.719,0.0,1909000000.0,1909000000.0,5048000000.0,1233000000.0,,7.407,5859000000.0,,,5859000000.0,3706000000.0,0.0,63632000000.0,0.008,0.28,2084000000.0,2084000000.0,0.217,2084000000.0,2084000000.0,1781000000.0,2.63,2.58,2.63,12478000000.0,13155500000.0,12478000000.0,19417227500.0,9.0,9.317,3517000000.0,7.531,1.0,4569000000.0,0.475,2268000000.0,303000000.0,106589000000.0,106770250000.0,0.0,65706000000.0,,,92429000000.0,,,15744227500.0,448000000.0,0.0,-479000000.0,1434000000.0,-131000000.0,451000000.0,-3470000000.0,-3429000000.0,3517000000.0,-50000000.0,1233000000.0,1233000000.0,1233000000.0,-43000000.0,0.0,0.128,2532000000.0,2037000000.0,0.0,0.106,1.262,12.769,12.711,0.0,0.0,33.43,1.637,1.623,18003000000.0,2035000000.0,9617000000.0,9617000000.0,0.0,0.012,0.094,0.02,0.217,50000000.0,1810000000.0,1.0,470961038.0,467000000.0,479500000.0,20.593,102639000000.0,0.0,548000000.0,0.0,219.784,
62,GNW,MRT,2005-12-31,2005-12-31,2005-12-31,2021-08-05,1404000000.0,105654000000.0,104880750000.0,,,0.093,28.003,0.0,1875000000.0,1875000000.0,5176000000.0,1221000000.0,,6.938,5548000000.0,,,5548000000.0,3647000000.0,0.0,63749000000.0,0.008,0.27,2073000000.0,2073000000.0,0.212,2073000000.0,2073000000.0,1780000000.0,2.57,2.52,2.57,13310000000.0,13166000000.0,13310000000.0,20083822448.0,10.0,9.688,3479000000.0,7.32,1.0,4610000000.0,0.471,2232000000.0,293000000.0,107095000000.0,106434750000.0,0.0,66910000000.0,,,92344000000.0,,,16279822448.0,-88000000.0,0.0,-500000000.0,435000000.0,-128000000.0,-248000000.0,-3277000000.0,-3438000000.0,3479000000.0,-42000000.0,1221000000.0,1221000000.0,1221000000.0,-35000000.0,0.0,0.125,2572000000.0,2038000000.0,0.0,0.105,1.223,13.333,13.455,0.0,0.0,34.58,1.664,1.68,18245000000.0,1735000000.0,9786000000.0,9786000000.0,0.0,0.012,0.093,0.019,0.212,50000000.0,1821000000.0,1.0,470787231.0,475300000.0,484600000.0,20.589,103422000000.0,0.0,559000000.0,0.0,217.593,
63,GNW,MRT,2005-09-30,2005-09-30,2005-09-30,2021-08-05,1714000000.0,105689000000.0,104436750000.0,,,0.1,28.315,0.0,1834000000.0,1834000000.0,5676000000.0,1260000000.0,,6.93,5638000000.0,,,5638000000.0,3567000000.0,0.0,63786000000.0,0.008,0.26,2030000000.0,2030000000.0,0.193,2030000000.0,2030000000.0,1754000000.0,2.62,2.6,2.62,13328000000.0,13055000000.0,13328000000.0,19056471974.0,9.0,9.387,3598000000.0,7.644,1.0,4815000000.0,0.459,2233000000.0,276000000.0,107260000000.0,105916000000.0,0.0,66537000000.0,,,92361000000.0,,,15175471974.0,436000000.0,0.0,-502000000.0,264000000.0,-125000000.0,325000000.0,-3533000000.0,-4070000000.0,3598000000.0,46000000.0,1260000000.0,1260000000.0,1260000000.0,0.0,0.0,0.12,2785000000.0,2030000000.0,0.0,0.099,1.139,12.044,12.305,0.0,0.0,32.24,1.447,1.447,18331000000.0,1463000000.0,10491000000.0,10491000000.0,0.0,0.012,0.097,0.019,0.193,0.0,1933000000.0,1.0,470703225.0,470700000.0,,22.288,103456000000.0,0.0,494000000.0,0.0,219.792,
64,GNW,MRT,2005-06-30,2005-06-30,2005-06-30,2021-08-05,2164000000.0,104488000000.0,103533000000.0,,,0.1,28.712,0.0,1518000000.0,1518000000.0,5648000000.0,1224000000.0,,6.736,5399000000.0,,,5399000000.0,3417000000.0,0.0,62519000000.0,0.006,0.195,1982000000.0,1982000000.0,0.192,1982000000.0,1982000000.0,1718000000.0,2.52,2.51,2.52,13506000000.0,12769500000.0,13506000000.0,18051519621.0,9.0,9.108,4637000000.0,9.858,1.0,4685000000.0,0.453,2232000000.0,264000000.0,106137000000.0,104962000000.0,0.0,66347000000.0,,,90982000000.0,,,14215519621.0,134000000.0,0.0,-498000000.0,-21000000.0,-93000000.0,-755000000.0,-3788000000.0,-4310000000.0,4637000000.0,40000000.0,1224000000.0,1224000000.0,1224000000.0,0.0,0.0,0.118,2703000000.0,1982000000.0,0.0,0.077,1.053,11.614,11.996,0.0,0.0,30.23,1.376,1.376,18526000000.0,1191000000.0,10333000000.0,10333000000.0,0.0,0.012,0.096,0.019,0.192,0.0,1838000000.0,1.0,470245439.0,470400000.0,,21.966,102256000000.0,0.0,494000000.0,0.0,217.381,
65,GNW,MRT,2005-03-31,2005-03-31,2005-03-31,2021-08-05,1459000000.0,103692000000.0,102137500000.0,,,0.104,25.614,0.0,1461000000.0,1461000000.0,5904000000.0,1207000000.0,,7.282,5297000000.0,,,5297000000.0,3580000000.0,0.0,62098000000.0,0.005,0.13,1987000000.0,1987000000.0,0.187,1987000000.0,1987000000.0,1745000000.0,2.46,2.46,2.46,12520000000.0,12162250000.0,12520000000.0,17431604589.0,9.0,8.773,5119000000.0,10.473,1.0,4740000000.0,0.445,2281000000.0,242000000.0,105247000000.0,103484750000.0,0.0,65210000000.0,,,91172000000.0,,,13473604589.0,-791000000.0,0.0,-500000000.0,-467000000.0,-1645000000.0,-1596000000.0,-4388000000.0,-4849000000.0,5119000000.0,74000000.0,1207000000.0,1207000000.0,1207000000.0,0.0,0.0,0.113,2753000000.0,1987000000.0,0.0,0.053,1.076,11.163,11.187,0.0,0.0,27.52,1.266,1.264,18560000000.0,936000000.0,10644000000.0,10644000000.0,0.0,0.012,0.099,0.019,0.187,0.0,1826000000.0,1.0,489593190.0,488800000.0,,21.776,101411000000.0,0.0,538000000.0,0.0,207.469,
66,GNW,MRT,2004-12-31,2004-12-31,2004-12-31,2021-08-05,1608000000.0,103878000000.0,102848500000.0,,,0.108,26.284,0.0,1963000000.0,1963000000.0,6236000000.0,1157000000.0,,7.074,5350000000.0,,,5350000000.0,3597000000.0,0.0,61698000000.0,0.002,0.065,1867000000.0,1867000000.0,0.169,1867000000.0,1867000000.0,1650000000.0,2.36,2.36,2.36,12866000000.0,13388500000.0,12866000000.0,16837464547.0,9.0,9.018,5605000000.0,11.45,1.0,4821000000.0,0.436,2245000000.0,217000000.0,105020000000.0,103608000000.0,0.0,65176000000.0,,,91012000000.0,,,13218464547.0,-19000000.0,1000000.0,0.0,-196000000.0,-1613000000.0,-791000000.0,-4940000000.0,-5268000000.0,5605000000.0,107000000.0,1157000000.0,1157000000.0,1157000000.0,-7000000.0,0.0,0.105,2966000000.0,1855000000.0,0.0,0.028,1.027,11.425,11.441,0.0,0.0,27.0,1.195,1.195,18535000000.0,646000000.0,11057000000.0,11057000000.0,0.0,0.011,0.086,0.018,0.169,0.0,1902000000.0,1.0,489572761.0,489500000.0,490500000.0,22.588,101633000000.0,0.0,493000000.0,0.0,207.626,
67,GNW,MRT,2004-09-30,2004-09-30,2004-09-30,2021-08-05,1246000000.0,102074000000.0,102736750000.0,,,0.112,24.892,0.0,1398000000.0,1398000000.0,6629000000.0,1024000000.0,,7.376,5017000000.0,,,5017000000.0,3306000000.0,0.0,60716000000.0,0.0,0.0,1739000000.0,1739000000.0,0.151,1739000000.0,1739000000.0,1539000000.0,2.1,2.1,2.1,12186000000.0,14122000000.0,12186000000.0,15074416161.0,9.0,8.668,3616000000.0,7.386,1.0,4852000000.0,0.423,2249000000.0,200000000.0,103444000000.0,103043250000.0,0.0,64774000000.0,,,89888000000.0,,,11406416161.0,-2887000000.0,-567000000.0,0.0,847000000.0,-4808000000.0,-2970000000.0,-3642000000.0,-2145000000.0,3616000000.0,109000000.0,1024000000.0,1024000000.0,1024000000.0,0.0,0.0,0.089,3118000000.0,1734000000.0,0.0,0.0,0.936,11.139,11.095,0.0,0.0,23.3,0.994,0.994,18475000000.0,331000000.0,11481000000.0,11481000000.0,0.0,0.01,0.073,0.017,0.151,0.0,1944000000.0,1.0,489545758.0,489545758.0,,23.452,99825000000.0,0.0,515000000.0,0.0,203.914,
68,GNW,MRT,2004-06-30,2004-06-30,2004-06-30,2021-08-05,386000000.0,98906000000.0,,,,,22.627,0.0,1384000000.0,1384000000.0,7019000000.0,926000000.0,,7.929,5052000000.0,,,5052000000.0,3329000000.0,0.0,59935000000.0,0.0,0.0,1578000000.0,1578000000.0,0.132,1578000000.0,1578000000.0,1398000000.0,1.9,1.9,1.9,11077000000.0,,11077000000.0,13568075146.0,9.0,8.598,3606000000.0,7.366,1.0,4908000000.0,0.412,2346000000.0,180000000.0,100228000000.0,,0.0,60631000000.0,,,87829000000.0,,,11235075146.0,-1231000000.0,1083000000.0,0.0,950000000.0,-4758000000.0,-2557000000.0,-2344000000.0,-2986000000.0,3606000000.0,64000000.0,926000000.0,926000000.0,926000000.0,57000000.0,0.0,0.078,3278000000.0,1630000000.0,0.0,0.0,1.014,12.133,12.079,0.0,0.0,22.95,0.942,0.942,18817000000.0,92000000.0,11927000000.0,11927000000.0,0.0,,,,0.132,0.0,2058000000.0,1.0,489545758.0,489545758.0,,24.363,96560000000.0,139000000.0,472000000.0,0.0,197.244,
69,GNW,MRT,2004-03-31,2004-03-31,2004-03-31,2021-08-05,2976000000.0,106536000000.0,,,,,35.594,0.0,2252000000.0,2252000000.0,6973000000.0,1022000000.0,,5.114,4585000000.0,,,4585000000.0,3438000000.0,0.0,59549000000.0,,0.0,1612000000.0,1612000000.0,0.136,1612000000.0,1612000000.0,1452000000.0,2.09,2.09,2.09,17425000000.0,,17425000000.0,,,,3295000000.0,6.731,1.0,4897000000.0,0.413,3129000000.0,160000000.0,105740000000.0,,0.0,81466000000.0,,,89111000000.0,,,,-1263000000.0,1108000000.0,0.0,1245000000.0,-3177000000.0,-2049000000.0,-2638000000.0,-3330000000.0,3295000000.0,129000000.0,1022000000.0,1022000000.0,1022000000.0,-42000000.0,0.0,0.086,3332000000.0,1565000000.0,0.0,0.0,,,,0.0,0.0,,,,2375000000.0,6023000000.0,11870000000.0,11870000000.0,0.0,,,,0.136,0.0,2023000000.0,1.0,489545758.0,489545758.0,,24.247,103407000000.0,0.0,430000000.0,2418000000.0,211.231,
70,GNW,MRT,2003-12-31,2003-12-31,2003-12-31,2021-08-05,1672000000.0,103431000000.0,,,,,,0.0,1982000000.0,1982000000.0,6894000000.0,1081000000.0,,5.546,4386000000.0,,,4386000000.0,3616000000.0,0.0,59257000000.0,,0.0,1634000000.0,1634000000.0,0.14,1634000000.0,1634000000.0,1494000000.0,2.21,2.21,2.21,15800000000.0,,15800000000.0,,,,3380000000.0,,1.0,4789000000.0,0.41,3074000000.0,140000000.0,102761000000.0,,0.0,78693000000.0,,,87631000000.0,,,,-722000000.0,1107000000.0,0.0,989000000.0,-3232000000.0,-2200000000.0,-1994000000.0,-2634000000.0,3380000000.0,92000000.0,1081000000.0,1081000000.0,1081000000.0,-112000000.0,0.0,0.093,3267000000.0,1522000000.0,0.0,0.0,,,,0.0,0.0,,,,2334000000.0,5751000000.0,11683000000.0,11683000000.0,0.0,,,,0.14,0.0,2003000000.0,1.0,,,,,100357000000.0,0.0,413000000.0,0.0,,
71,GNW,MRT,2003-09-30,2003-09-30,2003-09-30,2021-08-05,,,,,,,,,,,,,,,,,,,,,,,0.0,,,,,,,,,,,,,,,,,,1.0,,,,,,,,,,,,,,,,,,,,,,,,,,,,,,,,,,,,,,,,,,,,,,,,,,,,,,1.0,,,,,,,,,,
72,GNW,MRT,2003-06-30,2003-06-30,2003-06-30,2021-08-05,,,,,,,,,,,,,,,,,,,,,,,0.0,,,,,,,,,,,,,,,,,,1.0,,,,,,,,,,,,,,,,,,,,,,,,,,,,,,,,,,,,,,,,,,,,,,,,,,,,,,1.0,,,,,,,,,,
73,GNW,MRT,2003-03-31,2003-03-31,2003-03-31,2021-08-05,,,,,,,,,,,,,,,,,,,,,,,0.0,,,,,,,,,,,,,,,,,,1.0,,,,,,,,,,,,,,,,,,,,,,,,,,,,,,,,,,,,,,,,,,,,,,,,,,,,,,1.0,,,,,,,,,,
74,GNW,MRT,2002-12-31,2002-12-31,2002-12-31,2021-08-05,,,,,,,,0.0,,,6285000000.0,1174000000.0,,,,,,,,0.0,,,0.0,1709000000.0,1709000000.0,0.152,1709000000.0,1709000000.0,1585000000.0,2.4,2.4,2.4,,,,,,,4883000000.0,,1.0,4944000000.0,0.44,,124000000.0,,,,,,,,,,,688000000.0,-61000000.0,0.0,-77000000.0,-132000000.0,2293000000.0,-6525000000.0,-6373000000.0,4883000000.0,37000000.0,1174000000.0,1174000000.0,1174000000.0,206000000.0,0.0,0.105,3029000000.0,1915000000.0,,0.0,,,,,0.0,,,,,,11229000000.0,11229000000.0,0.0,,,,0.152,0.0,1808000000.0,1.0,,,,,,,411000000.0,,,
