None,ticker,dimension,calendardate,datekey,reportperiod,lastupdated,accoci,assets,assetsavg,assetsc,assetsnc,assetturnover,bvps,capex,cashneq,cashnequsd,cor,consolinc,currentratio,de,debt,debtc,debtnc,debtusd,deferredrev,depamor,deposits,divyield,dps,ebit,ebitda,ebitdamargin,ebitdausd,ebitusd,ebt,eps,epsdil,epsusd,equity,equityavg,equityusd,ev,evebit,evebitda,fcf,fcfps,fxusd,gp,grossmargin,intangibles,intexp,invcap,invcapavg,inventory,investments,investmentsc,investmentsnc,liabilities,liabilitiesc,liabilitiesnc,marketcap,ncf,ncfbus,ncfcommon,ncfdebt,ncfdiv,ncff,ncfi,ncfinv,ncfo,ncfx,netinc,netinccmn,netinccmnusd,netincdis,netincnci,netmargin,opex,opinc,payables,payoutratio,pb,pe,pe1,ppnenet,prefdivis,price,ps,ps1,receivables,retearn,revenue,revenueusd,rnd,roa,roe,roic,ros,sbcomp,sgna,sharefactor,sharesbas,shareswa,shareswadil,sps,tangibles,taxassets,taxexp,taxliabilities,tbvps,workingcapital
0,GL,MRY,2020-12-31,2020-12-31,2020-12-31,2021-08-05,3029244000.0,29046731000.0,27493679500.0,,,0.172,83.804,-41756000.0,94847000.0,94847000.0,2572884000.0,731773000.0,,2.312,1922804000.0,,,1922804000.0,61728000.0,0.0,0.0,0.008,0.735,983388000.0,983388000.0,0.208,983388000.0,983388000.0,896684000.0,6.82,6.9,6.82,8771092000.0,7841162750.0,8771092000.0,11805866425.0,12.0,12.005,1434678000.0,13.708,1.0,2165037000.0,0.457,441591000.0,86704000.0,30433097000.0,28901793750.0,0.0,22452651000.0,,,20275639000.0,,,9938703425.0,18914000.0,0.0,-395773000.0,272836000.0,-78192000.0,-274057000.0,-1181730000.0,-2111728000.0,1476434000.0,-1733000.0,731773000.0,731773000.0,731773000.0,0.0,0.0,0.154,1181649000.0,983388000.0,0.0,0.108,1.133,13.582,13.924,0.0,0.0,94.96,2.098,2.098,474180000.0,5874109000.0,4737921000.0,4737921000.0,0.0,0.027,0.093,0.034,0.208,0.0,0.0,1.0,104661999.0,104661999.0,,45.269,28605140000.0,0.0,164911000.0,1833723000.0,273.31,
1,GL,MRY,2019-12-31,2019-12-31,2019-12-31,2021-08-05,1844830000.0,25977460000.0,25189562250.0,,,0.18,67.36,-42203000.0,75933000.0,75933000.0,2357349000.0,760790000.0,,2.561,1647726000.0,,,1647726000.0,63709000.0,0.0,0.0,0.006,0.677,1015493000.0,1015493000.0,0.224,1015493000.0,1015493000.0,931187000.0,6.83,6.97,6.83,7294307000.0,6837665500.0,7294307000.0,12915177627.0,13.0,12.718,1321671000.0,12.205,1.0,2170183000.0,0.479,441591000.0,84306000.0,27107662000.0,26296418250.0,0.0,19847271000.0,,,18683153000.0,,,11397348627.0,-45093000.0,0.0,-376406000.0,-18485000.0,-74188000.0,-590508000.0,-809311000.0,-1495071000.0,1363874000.0,-9148000.0,760790000.0,760790000.0,760790000.0,92000.0,0.0,0.168,1154598000.0,1015585000.0,0.0,0.099,1.562,14.981,15.41,0.0,0.0,105.25,2.517,2.517,441662000.0,5551329000.0,4527532000.0,4527532000.0,0.0,0.03,0.111,0.039,0.224,0.0,0.0,1.0,108288348.0,108288348.0,,41.81,25535869000.0,0.0,170397000.0,1476832000.0,235.814,
2,GL,MRY,2018-12-31,2018-12-31,2018-12-31,2021-08-05,319475000.0,23095722000.0,23156563500.0,,,0.186,48.549,-45092000.0,121026000.0,121026000.0,2275242000.0,701466000.0,,3.265,1665033000.0,,,1665033000.0,61208000.0,0.0,0.0,0.008,0.63,953703000.0,953703000.0,0.222,953703000.0,953703000.0,863627000.0,6.09,6.22,6.09,5415177000.0,5586498000.0,5415177000.0,10209625236.0,11.0,10.705,1232555000.0,11.05,1.0,2028509000.0,0.471,441591000.0,90076000.0,24198138000.0,24278770500.0,0.0,17118544000.0,,,17680545000.0,,,8313106236.0,2463000.0,0.0,-385658000.0,192550000.0,-71421000.0,-391520000.0,-896223000.0,-1702674000.0,1277647000.0,12559000.0,701466000.0,701466000.0,701466000.0,44000.0,0.0,0.163,1074762000.0,953747000.0,0.0,0.103,1.535,11.851,12.238,0.0,0.0,74.53,1.932,1.932,415157000.0,5213468000.0,4303751000.0,4303751000.0,0.0,0.03,0.126,0.039,0.222,0.0,0.0,1.0,111540403.0,111540403.0,,38.585,22654131000.0,0.0,162161000.0,1047737000.0,203.102,
3,GL,MRY,2017-12-31,2017-12-31,2017-12-31,2021-08-05,1424274000.0,23474985000.0,22783377000.0,,,0.182,53.977,-20285000.0,118563000.0,118563000.0,2227875000.0,1454494000.0,,2.767,1460268000.0,,,1460268000.0,61430000.0,0.0,0.0,0.007,0.59,911411000.0,911411000.0,0.219,911411000.0,911411000.0,826879000.0,12.22,12.5,12.22,6231421000.0,5299337250.0,6231421000.0,11823528131.0,13.0,12.973,1408773000.0,12.203,1.0,1927698000.0,0.464,441591000.0,84532000.0,24375099000.0,23699666500.0,0.0,17734484000.0,,,17243564000.0,,,10472182131.0,42400000.0,0.0,-351774000.0,57556000.0,-68831000.0,-453981000.0,-926824000.0,-1696749000.0,1429058000.0,-5853000.0,1454494000.0,1454494000.0,1454494000.0,3769000.0,0.0,0.35,1012518000.0,915180000.0,0.0,0.048,1.681,7.2,7.423,0.0,0.0,90.71,2.52,2.52,391775000.0,4806208000.0,4155573000.0,4155573000.0,0.0,0.064,0.274,0.038,0.219,0.0,0.0,1.0,115446832.0,115446832.0,,35.996,23033394000.0,0.0,-627615000.0,1312002000.0,199.515,
4,GL,MRY,2016-12-31,2016-12-31,2016-12-31,2021-08-05,577574000.0,21436087000.0,21427044750.0,,,0.184,38.488,-25162000.0,76163000.0,76163000.0,2128748000.0,549779000.0,,3.694,1397640000.0,,,1397640000.0,64017000.0,0.0,0.0,0.008,0.555,865769000.0,865769000.0,0.22,865769000.0,865769000.0,782424000.0,4.49,4.58,4.49,4566861000.0,4730686250.0,4566861000.0,10047583530.0,12.0,11.605,1373546000.0,11.576,1.0,1805881000.0,0.459,441591000.0,83345000.0,22315973000.0,22304361750.0,0.0,15879728000.0,,,16869226000.0,,,8752047530.0,14780000.0,0.0,-343455000.0,162586000.0,-66931000.0,-319791000.0,-1062436000.0,-1977773000.0,1398708000.0,-1701000.0,549779000.0,549779000.0,549779000.0,-10189000.0,0.0,0.14,950301000.0,855580000.0,0.0,0.124,1.916,15.919,16.428,0.0,0.0,73.76,2.224,2.224,384454000.0,3890798000.0,3934629000.0,3934629000.0,0.0,0.026,0.116,0.039,0.22,0.0,0.0,1.0,118655742.0,118655742.0,,33.16,20994496000.0,0.0,232645000.0,1743990000.0,176.936,
5,GL,MRY,2015-12-31,2015-12-31,2015-12-31,2021-08-05,231947000.0,19853213000.0,20172467500.0,,,0.187,32.884,-36957000.0,61383000.0,61383000.0,2016212000.0,527100000.0,,3.895,1233862000.0,,,1233862000.0,67021000.0,0.0,0.0,0.007,0.405,853636000.0,853636000.0,0.227,853636000.0,853636000.0,776994000.0,4.16,4.21,4.16,4055552000.0,4382134500.0,4055552000.0,8351826947.0,10.0,9.784,1083093000.0,8.782,1.0,1749853000.0,0.465,441591000.0,76642000.0,20584101000.0,20990967750.0,0.0,14343690000.0,,,15797661000.0,,,7049557947.0,-4636000.0,0.0,-382568000.0,1978000.0,-66899000.0,-525705000.0,-633350000.0,-1051087000.0,1120050000.0,34369000.0,527100000.0,527100000.0,527100000.0,-10807000.0,0.0,0.14,907024000.0,842829000.0,0.0,0.097,1.738,13.374,13.74,0.0,0.0,57.16,1.872,1.872,344552000.0,3614369000.0,3766065000.0,3766065000.0,0.0,0.026,0.12,0.041,0.227,0.0,0.0,1.0,123330265.0,123330265.0,,30.536,19411622000.0,0.0,249894000.0,1450888000.0,157.395,
6,GL,MRY,2014-12-31,2014-12-31,2014-12-31,2021-08-05,997452000.0,20272259000.0,19714636000.0,,,0.184,36.515,-10615000.0,66019000.0,66019000.0,1903384000.0,542939000.0,,3.316,1230528000.0,,,1230528000.0,71703000.0,0.0,0.0,0.009,0.507,875668000.0,875668000.0,0.242,875668000.0,875668000.0,799542000.0,4.09,4.15,4.09,4697466000.0,4481231750.0,4697466000.0,8183832140.0,9.0,9.346,854093000.0,6.639,1.0,1716711000.0,0.474,441591000.0,76126000.0,20995177000.0,20477157750.0,0.0,14992977000.0,,,15574793000.0,,,6968600140.0,29076000.0,0.0,-393014000.0,9328000.0,-65006000.0,-499960000.0,-350163000.0,-604716000.0,864708000.0,14491000.0,542939000.0,542939000.0,542939000.0,-14865000.0,0.0,0.15,855908000.0,860803000.0,0.0,0.124,1.483,12.835,13.244,0.0,0.0,54.17,1.925,1.925,327856000.0,3376846000.0,3620095000.0,3620095000.0,0.0,0.028,0.121,0.043,0.242,0.0,0.0,1.0,128643163.0,128643163.0,,28.141,19830668000.0,0.0,256603000.0,1786070000.0,154.153,
7,GL,MRY,2013-12-31,2013-12-31,2013-12-31,2021-08-05,210981000.0,18191744000.0,18337358250.0,,,0.191,27.843,-10598000.0,36943000.0,36943000.0,1838766000.0,528472000.0,,3.817,1219935000.0,,,1219935000.0,74174000.0,0.0,0.0,0.011,0.553,857043000.0,857043000.0,0.245,857043000.0,857043000.0,776582000.0,3.79,3.84,3.79,3776342000.0,3920025500.0,3776342000.0,8245993600.0,10.0,9.621,1108682000.0,8.174,1.0,1655487000.0,0.474,441591000.0,80461000.0,18933145000.0,19143407000.0,0.0,13420001000.0,,,14415402000.0,,,7066292600.0,-24767000.0,0.0,-384448000.0,-90067000.0,-60911000.0,-535919000.0,-614378000.0,-1010367000.0,1119280000.0,6250000.0,528472000.0,528472000.0,528472000.0,-21267000.0,0.0,0.151,819711000.0,835776000.0,0.0,0.146,1.871,13.371,13.747,0.0,0.0,52.1,2.022,2.022,331103000.0,3495533000.0,3494253000.0,3494253000.0,0.0,0.029,0.135,0.045,0.245,0.0,0.0,1.0,135629416.0,135629416.0,,25.763,17750153000.0,0.0,248110000.0,1285574000.0,130.872,
8,GL,MRY,2012-12-31,2012-12-31,2012-12-31,2021-08-05,925275000.0,18776910000.0,17659047250.0,,,0.203,30.632,-4611000.0,61710000.0,61710000.0,1955682000.0,529324000.0,,3.305,1308729000.0,,,1308729000.0,76088000.0,0.0,0.0,0.011,0.38,846505000.0,846505000.0,0.236,846505000.0,846505000.0,765993000.0,3.65,3.6,3.65,4361786000.0,4125623500.0,4361786000.0,5891220534.0,7.0,6.959,938228000.0,6.589,1.0,1633834000.0,0.455,441591000.0,80512000.0,19582338000.0,18303686500.0,0.0,14094209000.0,,,14415124000.0,,,4905046534.0,-22403000.0,-186424000.0,-389143000.0,151534000.0,-55527000.0,-269112000.0,-698039000.0,-779780000.0,942839000.0,1909000.0,529324000.0,529324000.0,529324000.0,0.0,0.0,0.147,787329000.0,846505000.0,0.0,0.104,1.125,9.267,9.437,0.0,0.0,34.447,1.366,1.366,383709000.0,3403338000.0,3589516000.0,3589516000.0,0.0,0.03,0.128,0.046,0.236,0.0,0.0,1.0,142395390.0,142395390.0,,25.208,18335319000.0,0.0,236669000.0,1609828000.0,128.763,
9,GL,MRY,2011-12-31,2011-12-31,2011-12-31,2021-08-05,549916000.0,16588272000.0,16525777750.0,,,0.204,25.241,-2297000.0,84113000.0,84113000.0,1793276000.0,497161000.0,,3.298,1015413000.0,,,1015413000.0,69539000.0,0.0,0.0,0.01,0.296,801235000.0,801235000.0,0.237,801235000.0,801235000.0,723327000.0,3.06,3.02,3.06,3859631000.0,3945487000.0,3859631000.0,5263232582.0,7.0,6.569,857167000.0,5.606,1.0,1584125000.0,0.469,396891000.0,77908000.0,17122681000.0,16973313250.0,0.0,12353586000.0,,,12728641000.0,,,4423185582.0,-281566000.0,21588000.0,-809943000.0,25967000.0,-49125000.0,-824485000.0,-312133000.0,-741197000.0,859464000.0,-4412000.0,497161000.0,497161000.0,497161000.0,455000.0,0.0,0.147,782435000.0,801690000.0,124421000.0,0.097,1.146,8.897,9.453,0.0,0.0,28.927,1.31,1.31,253549000.0,3264711000.0,3377401000.0,3377401000.0,0.0,0.03,0.126,0.047,0.237,0.0,0.0,1.0,152910310.0,152910310.0,,22.087,16191381000.0,0.0,226166000.0,1319853000.0,105.888,
10,GL,MRY,2010-12-31,2010-12-31,2010-12-31,2021-08-05,22958000.0,16159762000.0,16856952250.0,,,0.2,22.297,-9104000.0,365679000.0,365679000.0,1793044000.0,498866000.0,,3.024,988518000.0,,,988518000.0,74165000.0,0.0,0.0,0.01,0.271,820870000.0,820870000.0,0.244,820870000.0,820870000.0,745341000.0,2.727,2.7,2.727,4016241000.0,3976543250.0,4016241000.0,5730455560.0,7.0,6.981,1019489000.0,5.66,1.0,1574588000.0,0.468,396891000.0,75529000.0,16385710000.0,17319117500.0,0.0,11197977000.0,,,12143521000.0,,,4782430560.0,133761000.0,342890000.0,-208143000.0,-43345000.0,-50061000.0,-329621000.0,-557641000.0,-1775940000.0,1028593000.0,-7570000.0,498866000.0,498866000.0,498866000.0,5229000.0,0.0,0.148,748489000.0,826099000.0,124421000.0,0.099,1.191,9.587,9.736,0.0,0.0,26.551,1.42,1.42,230319000.0,3473482000.0,3367632000.0,3367632000.0,0.0,0.03,0.125,0.047,0.244,0.0,0.0,1.0,180121673.0,180121673.0,,18.696,15762871000.0,0.0,246475000.0,1209433000.0,87.512,
11,GL,MRY,2009-12-31,2009-12-31,2009-12-31,2021-08-05,-319183000.0,16023759000.0,14956801000.0,,,0.208,18.248,-6499000.0,231071000.0,231071000.0,1753329000.0,404953000.0,,3.714,1029357000.0,,,1029357000.0,81077000.0,0.0,0.0,0.01,0.187,665909000.0,665909000.0,0.214,665909000.0,665909000.0,595977000.0,2.167,2.167,2.167,3398891000.0,2828183250.0,3398891000.0,4496120752.0,7.0,6.752,969614000.0,5.206,1.0,1361744000.0,0.437,396891000.0,69932000.0,16425154000.0,15358550750.0,0.0,9823693000.0,,,12624868000.0,,,3638384752.0,185518000.0,0.0,-43134000.0,125929000.0,-46615000.0,148438000.0,-937099000.0,-1534133000.0,976113000.0,-1934000.0,404953000.0,404953000.0,404953000.0,-18901000.0,0.0,0.13,714736000.0,647008000.0,124421000.0,0.086,1.07,8.985,9.014,0.0,0.0,19.533,1.168,1.168,192902000.0,3228904000.0,3115073000.0,3115073000.0,0.0,0.027,0.143,0.043,0.214,0.0,0.0,1.0,186265431.0,186265431.0,,16.724,15626868000.0,0.0,191024000.0,964680000.0,83.896,
12,GL,MRY,2008-12-31,2008-12-31,2008-12-31,2021-08-05,-1170417000.0,13529050000.0,14298877500.0,,,0.224,11.619,-9014000.0,46400000.0,46400000.0,1802540000.0,452259000.0,,5.086,902756000.0,,,902756000.0,85190000.0,0.0,0.0,0.015,0.307,714188000.0,714188000.0,0.223,714188000.0,714188000.0,650959000.0,2.284,2.271,2.284,2222907000.0,2679319500.0,2222907000.0,4628743906.0,6.0,6.481,721597000.0,3.772,1.0,1393696000.0,0.436,423519000.0,63229000.0,13961887000.0,14680321500.0,0.0,8397201000.0,,,11306143000.0,,,3800983906.0,26302000.0,0.0,-430263000.0,102178000.0,-48802000.0,-261258000.0,-432248000.0,-796964000.0,730611000.0,-10803000.0,452259000.0,452259000.0,452259000.0,-22559000.0,0.0,0.141,702067000.0,691629000.0,124421000.0,0.134,1.71,8.404,8.698,0.0,0.0,19.867,1.189,1.189,151684000.0,2928950000.0,3196236000.0,3196236000.0,0.0,0.032,0.169,0.049,0.223,0.0,0.0,1.0,191324693.0,191324693.0,,16.706,13105531000.0,0.0,198700000.0,419203000.0,68.499,
13,GL,MRY,2007-12-31,2007-12-31,2007-12-31,2021-08-05,-80938000.0,15241428000.0,15137555500.0,,,0.23,16.03,-18073000.0,20098000.0,20098000.0,1902428000.0,527535000.0,,3.584,800070000.0,,,800070000.0,86714000.0,0.0,0.0,0.009,0.231,864369000.0,864369000.0,0.248,864369000.0,864369000.0,796805000.0,2.484,2.444,2.484,3324627000.0,3307947000.0,3324627000.0,6372542350.0,7.0,7.372,831924000.0,4.011,1.0,1584269000.0,0.454,423519000.0,67564000.0,15597881000.0,15506604000.0,0.0,9772199000.0,,,11916801000.0,,,5579574350.0,3382000.0,-47122000.0,-409155000.0,32322000.0,-49581000.0,-346754000.0,-502596000.0,-734437000.0,849997000.0,2735000.0,527535000.0,527535000.0,527535000.0,0.0,0.0,0.151,719900000.0,864369000.0,124421000.0,0.093,1.678,10.577,10.83,0.0,0.0,26.902,1.6,1.6,96750000.0,3003152000.0,3486697000.0,3486697000.0,0.0,0.035,0.159,0.056,0.248,0.0,0.0,1.0,207401987.0,207401987.0,,16.811,14817909000.0,0.0,269270000.0,966008000.0,71.445,
14,GL,MRY,2006-12-31,2006-12-31,2006-12-31,2021-08-05,140097000.0,14980355000.0,14863318000.0,,,0.23,15.676,-1354000.0,16716000.0,16716000.0,1863531000.0,518631000.0,,3.331,767273000.0,,,767273000.0,88039000.0,0.0,0.0,0.008,0.213,846706000.0,846706000.0,0.247,846706000.0,846706000.0,773570000.0,2.311,2.28,2.311,3459193000.0,3293892000.0,3459193000.0,7055710775.0,8.0,8.333,863947000.0,3.915,1.0,1557647000.0,0.455,378436000.0,73136000.0,15352476000.0,15295530250.0,0.0,9703272000.0,,,11521162000.0,,,6253253775.0,-2581000.0,0.0,-323410000.0,-4796000.0,-48095000.0,-347567000.0,-520601000.0,-999207000.0,865301000.0,286000.0,518631000.0,518631000.0,518631000.0,0.0,0.0,0.152,710941000.0,846706000.0,124421000.0,0.092,1.808,12.057,12.262,0.0,0.0,28.338,1.828,1.828,78809000.0,2827287000.0,3421178000.0,3421178000.0,0.0,0.035,0.157,0.055,0.247,0.0,0.0,1.0,220668460.0,220668460.0,,15.504,14601919000.0,0.0,254939000.0,1010618000.0,66.171,
15,GL,MRY,2005-12-31,2005-12-31,2005-12-31,2021-08-05,269084000.0,14768903000.0,14561691750.0,,,0.215,14.701,-3020000.0,19297000.0,19297000.0,1661186000.0,495390000.0,,3.302,734768000.0,,,734768000.0,91758000.0,0.0,0.0,0.008,0.196,792455000.0,792455000.0,0.254,792455000.0,792455000.0,731521000.0,2.102,2.08,2.102,3432768000.0,3382395500.0,3432768000.0,6521885515.0,8.0,8.23,854628000.0,3.66,1.0,1464724000.0,0.469,378436000.0,60934000.0,15105938000.0,14921411250.0,0.0,9391398000.0,,,11336135000.0,,,5770047515.0,8646000.0,0.0,-337689000.0,31299000.0,-46346000.0,-349853000.0,-498958000.0,-784804000.0,857648000.0,-191000.0,495390000.0,495390000.0,495390000.0,0.0,0.0,0.158,672269000.0,792455000.0,156577000.0,0.093,1.681,11.647,11.756,0.0,0.0,24.711,1.846,1.846,67262000.0,2621552000.0,3125910000.0,3125910000.0,0.0,0.034,0.146,0.053,0.254,0.0,0.0,1.0,233500124.0,233500124.0,,13.387,14390467000.0,0.0,236131000.0,1011048000.0,61.629,
16,GL,MRY,2004-12-31,2004-12-31,2004-12-31,2021-08-05,405916000.0,14252184000.0,13854158000.0,,,0.222,14.059,-3699000.0,10651000.0,10651000.0,1645668000.0,468555000.0,,3.167,710400000.0,,,710400000.0,93073000.0,0.0,0.0,0.008,0.196,770129000.0,770129000.0,0.251,770129000.0,770129000.0,713638000.0,1.893,1.862,1.893,3419844000.0,3329428500.0,3419844000.0,6849948065.0,9.0,8.895,763373000.0,3.138,1.0,1425874000.0,0.464,378436000.0,56491000.0,14573497000.0,14178374250.0,0.0,9232439000.0,,,10832340000.0,,,6177255065.0,-2055000.0,0.0,-259103000.0,-12094000.0,-48761000.0,-269888000.0,-499239000.0,-1012842000.0,767072000.0,0.0,468555000.0,468555000.0,468555000.0,0.0,0.0,0.153,648582000.0,777292000.0,156577000.0,0.104,1.806,13.184,13.416,0.0,0.0,25.396,2.011,2.011,73408000.0,2462513000.0,3071542000.0,3071542000.0,0.0,0.034,0.141,0.054,0.251,0.0,0.0,1.0,243241580.0,243241580.0,,12.628,13873748000.0,0.0,245083000.0,993540000.0,57.037,
17,GL,MRY,2003-12-31,2003-12-31,2003-12-31,2021-08-05,393100000.0,13465500000.0,13099029000.0,,,0.224,12.724,-244000.0,12700000.0,12700000.0,1590072000.0,430141000.0,,3.156,725800000.0,,,725800000.0,96600000.0,0.0,0.0,0.008,0.169,709247000.0,709247000.0,0.242,709247000.0,709247000.0,653112000.0,1.667,1.658,1.667,3240100000.0,3134563000.0,3240100000.0,6012156591.0,8.0,8.477,740230000.0,2.907,1.0,1340926000.0,0.457,378400000.0,56135000.0,13800200000.0,13472355000.0,0.0,8689700000.0,,,10225400000.0,,,5154013591.0,5527000.0,0.0,-214748000.0,-19031000.0,-43850000.0,-135264000.0,-599683000.0,-1209947000.0,740474000.0,0.0,430141000.0,430141000.0,430141000.0,0.0,0.0,0.147,631679000.0,709247000.0,156600000.0,0.101,1.591,11.982,12.142,29800000.0,0.0,20.24,1.758,1.758,85400000.0,2273400000.0,2930998000.0,2930998000.0,0.0,0.033,0.137,0.053,0.242,0.0,0.0,1.0,254644940.0,254644940.0,,11.51,13087100000.0,0.0,222971000.0,905100000.0,51.394,
18,GL,MRY,2002-12-31,2002-12-31,2002-12-31,2021-08-05,176622000.0,12360722000.0,12274304250.0,,,0.225,10.701,-2200000.0,7181000.0,7181000.0,1524100000.0,383400000.0,,3.284,897470000.0,,,897470000.0,95243000.0,0.0,0.0,0.01,0.16,636400000.0,636400000.0,0.23,636400000.0,636400000.0,578400000.0,1.418,1.413,1.418,2851453000.0,2686579500.0,2851453000.0,5052127719.0,8.0,7.939,648600000.0,2.434,1.0,1237300000.0,0.448,378436000.0,58000000.0,12872575000.0,12678182750.0,0.0,7783751000.0,,,9364842000.0,,,4326423719.0,3500000.0,0.0,-177100000.0,-2600000.0,-43500000.0,-178800000.0,-468500000.0,-889300000.0,650800000.0,0.0,383400000.0,383400000.0,383400000.0,0.0,0.0,0.139,600900000.0,636400000.0,0.0,0.113,1.517,11.284,11.45,33431000.0,0.0,16.236,1.567,1.567,70419000.0,2316868000.0,2761400000.0,2761400000.0,0.0,0.031,0.143,0.05,0.23,0.0,0.0,1.0,266478329.0,266478329.0,,10.363,11982286000.0,0.0,195000000.0,720176000.0,44.965,
19,GL,MRY,2001-12-31,2001-12-31,2001-12-31,2021-08-05,-12314000.0,12428153000.0,12480191500.0,,,0.217,8.938,-2533000.0,3714000.0,3714000.0,1454636000.0,356513000.0,,3.919,884746000.0,,,884746000.0,93624000.0,0.0,0.0,0.009,0.16,607551000.0,607551000.0,0.224,607551000.0,607551000.0,562810000.0,1.267,1.364,1.267,2497127000.0,2441891500.0,2497127000.0,5571781886.0,9.0,9.171,615154000.0,2.202,1.0,1253583000.0,0.463,378436000.0,44741000.0,12930749000.0,12819279500.0,0.0,7104374000.0,,,9786469000.0,,,4883815886.0,-31375000.0,0.0,-168082000.0,188871000.0,-45188000.0,-251037000.0,-398025000.0,-846855000.0,617687000.0,0.0,356513000.0,356513000.0,356513000.0,0.0,0.0,0.132,606471000.0,647112000.0,0.0,0.126,1.956,13.699,13.796,36137000.0,0.0,17.48,1.803,1.803,67549000.0,1978903000.0,2708219000.0,2708219000.0,0.0,0.029,0.146,0.047,0.224,13958000.0,0.0,1.0,279394502.0,279394502.0,,9.693,12049717000.0,0.0,206297000.0,580287000.0,43.128,
20,GL,MRY,2000-12-31,2000-12-31,2000-12-31,2021-08-05,-148406000.0,12962558000.0,12819606750.0,,,0.196,7.753,-5242000.0,35089000.0,35089000.0,1339482000.0,362035000.0,,4.798,695137000.0,,,695137000.0,90310000.0,0.0,0.0,0.009,0.16,607363000.0,607363000.0,0.241,607363000.0,607363000.0,552876000.0,1.258,1.253,1.258,2202360000.0,2088695500.0,2202360000.0,5521744033.0,9.0,9.091,517414000.0,1.821,1.0,1176412000.0,0.468,390509000.0,54487000.0,13232097000.0,13122625000.0,0.0,6471203000.0,,,10566803000.0,,,4853059033.0,20648000.0,0.0,-137122000.0,-95390000.0,-46422000.0,-268418000.0,-233590000.0,-456394000.0,522656000.0,0.0,362035000.0,362035000.0,362035000.0,0.0,0.0,0.144,558967000.0,617445000.0,0.0,0.127,2.204,13.405,13.581,38694000.0,0.0,17.084,1.929,1.929,74960000.0,2220671000.0,2515894000.0,2515894000.0,0.0,0.028,0.173,0.046,0.241,3163000.0,0.0,1.0,284063029.0,284063029.0,,8.857,12572049000.0,0.0,190841000.0,423327000.0,44.258,
21,GL,MRY,1999-12-31,1999-12-31,1999-12-31,2021-08-05,-174222000.0,12131664000.0,11536120250.0,,,0.193,6.735,-403000.0,14441000.0,14441000.0,1236547000.0,273956000.0,,4.989,789949000.0,,,789949000.0,85344000.0,0.0,0.0,0.012,0.16,460617000.0,460617000.0,0.207,460617000.0,460617000.0,408276000.0,0.916,0.858,0.916,1993337000.0,2052967750.0,1993337000.0,4587379509.0,10.0,9.959,511210000.0,1.727,1.0,990348000.0,0.445,402584000.0,52341000.0,12504588000.0,11898432000.0,0.0,6187810000.0,,,9945003000.0,,,3822453509.0,9521000.0,0.0,-184714000.0,51023000.0,-48175000.0,-114916000.0,-387176000.0,-749203000.0,511613000.0,0.0,273956000.0,273956000.0,273956000.0,1060000.0,0.0,0.123,535599000.0,454749000.0,0.0,0.175,1.918,13.953,14.1,38761000.0,0.0,12.916,1.716,1.716,53458000.0,1910487000.0,2226895000.0,2226895000.0,0.0,0.024,0.133,0.039,0.207,0.0,0.0,1.0,295957343.0,295957343.0,,7.524,11729080000.0,0.0,134320000.0,309271000.0,39.631,
22,GL,MRY,1998-12-31,1998-12-31,1998-12-31,2021-08-05,144501000.0,11249028000.0,11420682250.0,,,0.189,7.16,-5137000.0,4920000.0,4920000.0,1150276000.0,244441000.0,,3.893,738814000.0,,,738814000.0,85923000.0,0.0,0.0,0.19,2.984,455104000.0,455104000.0,0.211,455104000.0,455104000.0,398779000.0,0.778,0.804,0.778,2259528000.0,2428844250.0,2259528000.0,5692234550.0,13.0,12.508,384337000.0,1.218,1.0,1007600000.0,0.467,414658000.0,56325000.0,11568264000.0,11716874000.0,0.0,6444101000.0,,,8796241000.0,,,4952756550.0,-6165000.0,155812000.0,-121918000.0,-174488000.0,-82601000.0,159699000.0,-555338000.0,-1392858000.0,389474000.0,0.0,244441000.0,244441000.0,244441000.0,-47868000.0,0.0,0.113,504284000.0,503316000.0,0.0,3.835,2.192,20.262,20.171,39080000.0,0.0,15.693,2.295,2.295,130279000.0,1707933000.0,2157876000.0,2157876000.0,0.0,0.021,0.101,0.039,0.211,0.0,0.0,1.0,315596212.0,315596212.0,,6.837,10834370000.0,0.0,154338000.0,511311000.0,34.33,
23,GL,MRY,1997-12-31,1997-12-31,1997-12-31,2021-08-05,136926000.0,11127648000.0,10464224000.0,,,0.198,6.126,-4797000.0,11085000.0,11085000.0,1108900000.0,337743000.0,,4.657,911450000.0,,,911450000.0,83722000.0,0.0,0.0,0.014,0.262,548015000.0,548015000.0,0.265,548015000.0,548015000.0,476152000.0,1.08,0.818,1.08,1932736000.0,1781039500.0,1932736000.0,,,,405267000.0,1.285,1.0,962203000.0,0.465,426732000.0,71863000.0,11601281000.0,10847165500.0,0.0,6564316000.0,,,9001713000.0,,,5915859355.0,8569000.0,95187000.0,-88930000.0,78053000.0,-107097000.0,-39157000.0,-362338000.0,-887389000.0,410064000.0,0.0,337743000.0,337743000.0,337743000.0,-77314000.0,0.0,0.163,498341000.0,463862000.0,0.0,0.243,3.061,17.516,17.362,37100000.0,0.0,18.751,2.856,2.856,116506000.0,1694781000.0,2071103000.0,2071103000.0,0.0,0.032,0.19,0.051,0.265,0.0,0.0,1.0,315493803.0,315493803.0,,6.565,10700916000.0,0.0,138409000.0,416665000.0,33.918,
24,GL,MRY,1996-12-31,1996-12-31,1996-12-31,2021-08-05,46581000.0,9800800000.0,,,,,,-12337000.0,0.0,0.0,1058084000.0,311372000.0,,4.897,832790000.0,,,832790000.0,83670000.0,0.0,0.0,0.029,0.322,523659000.0,523659000.0,0.26,523659000.0,523659000.0,450048000.0,0.973,0.782,0.973,1629343000.0,,1629343000.0,,,,315152000.0,,1.0,958332000.0,0.475,540540000.0,73611000.0,10093050000.0,,0.0,6027571000.0,,,7978312000.0,,,,-3861000.0,204570000.0,-96851000.0,-149144000.0,-111394000.0,-262876000.0,-68474000.0,-526385000.0,327489000.0,0.0,311372000.0,311372000.0,311372000.0,-65694000.0,0.0,0.154,497229000.0,461103000.0,0.0,0.331,,,11.534,50323000.0,0.0,11.222,,,112291000.0,1549391000.0,2016416000.0,2016416000.0,0.0,,,,0.26,0.0,0.0,1.0,,,,,9260260000.0,0.0,138676000.0,340287000.0,,
25,GL,MRY,1995-12-31,1995-12-31,1995-12-31,2021-08-05,,,,,,,,-5312000.0,,,1009336000.0,143235000.0,,,,,,,,0.0,,0.019,0.189,381768000.0,381768000.0,0.185,381768000.0,381768000.0,300774000.0,0.444,0.84,0.444,,,,,,,314261000.0,,1.0,1058146000.0,0.512,,80994000.0,,,,,,,,,,,1860000.0,28684000.0,2953000.0,-60867000.0,-80887000.0,19283000.0,-336996000.0,-756250000.0,319573000.0,0.0,143235000.0,143235000.0,143235000.0,128710000.0,0.0,0.069,548977000.0,509169000.0,,0.426,,,22.648,,0.0,10.056,,,,,2067482000.0,2067482000.0,0.0,,,,0.185,0.0,40080000.0,1.0,,,,,,,157539000.0,,,
0,GL,MRQ,2021-06-30,2021-06-30,2021-06-30,2021-08-05,2750279000.0,29580057000.0,,,,,83.616,-8198000.0,138072000.0,138072000.0,694611000.0,199618000.0,,2.433,2246062000.0,,,2246062000.0,70550000.0,0.0,0.0,0.008,0.198,267012000.0,267012000.0,0.21,267012000.0,267012000.0,245243000.0,1.94,1.92,1.94,8616922000.0,,8616922000.0,11677569159.0,11.0,11.32,322011000.0,3.125,1.0,576500000.0,0.454,441591000.0,21769000.0,31246456000.0,,0.0,22754978000.0,,,20963135000.0,,,9815832159.0,56568000.0,0.0,-129260000.0,302388000.0,-20380000.0,135823000.0,-405717000.0,-496369000.0,330209000.0,-3747000.0,199618000.0,199618000.0,199618000.0,0.0,0.0,0.157,309488000.0,267012000.0,0.0,0.102,1.139,12.726,12.959,0.0,0.0,95.25,1.978,1.978,484392000.0,6185966000.0,1271111000.0,1271111000.0,0.0,,,,,0.0,0.0,1.0,103053356.0,103053356.0,,12.334,29138466000.0,0.0,45625000.0,1773524000.0,282.751,
1,GL,MRQ,2021-03-31,2021-03-31,2021-03-31,2021-08-05,2024515000.0,28112896000.0,,,,,75.833,-15529000.0,81504000.0,81504000.0,712719000.0,178517000.0,,2.589,1943241000.0,,,1943241000.0,68817000.0,0.0,0.0,0.008,0.187,239972000.0,239972000.0,0.189,239972000.0,239972000.0,218794000.0,1.73,1.7,1.73,7832337000.0,,7832337000.0,11808232135.0,12.0,11.813,356301000.0,3.45,1.0,553841000.0,0.437,441591000.0,21178000.0,29533042000.0,,0.0,21452296000.0,,,20280559000.0,,,9980275135.0,-13343000.0,0.0,-99996000.0,20001000.0,-19511000.0,-113317000.0,-269685000.0,-504668000.0,371830000.0,-2171000.0,178517000.0,178517000.0,178517000.0,0.0,0.0,0.141,313869000.0,239972000.0,0.0,0.108,1.274,13.401,13.726,0.0,0.0,96.63,2.049,2.049,477596000.0,6020552000.0,1266560000.0,1266560000.0,0.0,,,,,0.0,0.0,1.0,103283402.0,103283402.0,,12.263,27671305000.0,0.0,40277000.0,1586288000.0,267.916,
2,GL,MRQ,2020-12-31,2020-12-31,2020-12-31,2021-08-05,3029244000.0,29046731000.0,,,,,83.804,-12966000.0,94847000.0,94847000.0,663123000.0,204240000.0,,2.312,1922804000.0,,,1922804000.0,61728000.0,0.0,0.0,0.008,0.188,271393000.0,271393000.0,0.221,271393000.0,271393000.0,249984000.0,1.92,1.95,1.92,8771092000.0,,8771092000.0,11805866425.0,12.0,12.005,384852000.0,3.677,1.0,565818000.0,0.46,441591000.0,21409000.0,30433097000.0,,0.0,22452651000.0,,,20275639000.0,,,9938703425.0,14746000.0,0.0,-126462000.0,-24840000.0,-19689000.0,-187061000.0,-189272000.0,-487241000.0,397818000.0,-6739000.0,204240000.0,204240000.0,204240000.0,0.0,0.0,0.166,294425000.0,271393000.0,0.0,0.098,1.133,13.582,13.924,0.0,0.0,94.96,2.098,2.098,474180000.0,5874109000.0,1228941000.0,1228941000.0,0.0,,,,,0.0,0.0,1.0,104661999.0,104661999.0,,11.742,28605140000.0,0.0,45744000.0,1833723000.0,273.31,
3,GL,MRQ,2020-09-30,2020-09-30,2020-09-30,2021-08-05,2550619000.0,28041893000.0,,,,,77.22,-8645000.0,80101000.0,80101000.0,650976000.0,188945000.0,,2.409,1947264000.0,,,1947264000.0,64703000.0,0.0,0.0,0.009,0.188,253212000.0,253212000.0,0.212,253212000.0,253212000.0,231538000.0,1.76,1.78,1.76,8224908000.0,,8224908000.0,10499512771.0,11.0,10.942,300669000.0,2.823,1.0,544066000.0,0.455,441591000.0,21674000.0,29467465000.0,,0.0,21615030000.0,,,19816985000.0,,,8510363771.0,-33930000.0,0.0,-120107000.0,-156978000.0,-19962000.0,-309032000.0,-31801000.0,-286940000.0,309314000.0,-2411000.0,188945000.0,188945000.0,188945000.0,0.0,0.0,0.158,290854000.0,253212000.0,0.0,0.107,1.035,11.909,12.069,0.0,0.0,79.9,1.832,1.832,458359000.0,6002407000.0,1195042000.0,1195042000.0,0.0,,,,,0.0,0.0,1.0,106512688.0,106512688.0,,11.22,27600302000.0,0.0,42593000.0,1682060000.0,259.127,
4,GL,MRQ,2020-06-30,2020-06-30,2020-06-30,2021-08-05,2231893000.0,27534180000.0,,,,,73.737,-10829000.0,114031000.0,114031000.0,650816000.0,173048000.0,,2.508,2103180000.0,,,2103180000.0,68397000.0,0.0,0.0,0.009,0.188,235054000.0,235054000.0,0.199,235054000.0,235054000.0,212241000.0,1.63,1.62,1.63,7848369000.0,,7848369000.0,9615446076.0,10.0,9.864,414919000.0,3.898,1.0,530068000.0,0.449,441591000.0,22813000.0,29081738000.0,,0.0,21204699000.0,,,19685811000.0,,,7900894076.0,23661000.0,0.0,717000.0,297765000.0,-19953000.0,253307000.0,-648982000.0,-1012246000.0,425748000.0,-6412000.0,173048000.0,173048000.0,173048000.0,0.0,0.0,0.147,295014000.0,235054000.0,0.0,0.115,1.007,10.861,11.112,0.0,0.0,74.23,1.721,1.721,445539000.0,5838930000.0,1180884000.0,1180884000.0,0.0,,,,,0.0,0.0,1.0,106438018.0,106438018.0,,11.095,27092589000.0,0.0,39193000.0,1631817000.0,254.539,
5,GL,MRQ,2020-03-31,2020-03-31,2020-03-31,2021-08-05,1066247000.0,25351914000.0,,,,,60.635,-9316000.0,90370000.0,90370000.0,607969000.0,165540000.0,,2.888,1804922000.0,,,1804922000.0,67868000.0,0.0,0.0,0.01,0.172,223729000.0,223729000.0,0.197,223729000.0,223729000.0,202921000.0,1.54,1.52,1.54,6520282000.0,,6520282000.0,9310966472.0,9.0,9.406,334238000.0,3.108,1.0,525085000.0,0.463,441591000.0,20808000.0,26624875000.0,,0.0,19108514000.0,,,18831632000.0,,,7739173472.0,14437000.0,0.0,-149921000.0,156889000.0,-18588000.0,-31271000.0,-311675000.0,-325301000.0,343554000.0,13829000.0,165540000.0,165540000.0,165540000.0,0.0,0.0,0.146,301356000.0,223729000.0,0.0,0.112,1.187,10.444,10.71,0.0,0.0,71.97,1.704,1.704,441740000.0,5686431000.0,1133054000.0,1133054000.0,0.0,,,,,0.0,0.0,1.0,107533326.0,107533326.0,,10.537,24910323000.0,0.0,37381000.0,1295024000.0,231.652,
6,GL,MRQ,2019-12-31,2019-12-31,2019-12-31,2021-08-05,1844830000.0,25977460000.0,,,,,67.36,-12154000.0,75933000.0,75933000.0,594538000.0,187061000.0,,2.561,1647726000.0,,,1647726000.0,63709000.0,0.0,0.0,0.006,0.172,247590000.0,247590000.0,0.218,247590000.0,247590000.0,227088000.0,1.69,1.73,1.69,7294307000.0,,7294307000.0,12915177627.0,13.0,12.718,321545000.0,2.969,1.0,542038000.0,0.477,441591000.0,20502000.0,27107662000.0,,0.0,19847271000.0,,,18683153000.0,,,11397348627.0,9258000.0,0.0,-99510000.0,62924000.0,-18695000.0,-81084000.0,-240744000.0,-475715000.0,333699000.0,-2613000.0,187061000.0,187061000.0,187061000.0,0.0,0.0,0.165,294448000.0,247590000.0,0.0,0.102,1.562,14.981,15.41,0.0,0.0,105.25,2.517,2.517,441662000.0,5551329000.0,1136576000.0,1136576000.0,0.0,,,,,0.0,0.0,1.0,108288348.0,108288348.0,,10.496,25535869000.0,0.0,40027000.0,1476832000.0,235.814,
7,GL,MRQ,2019-09-30,2019-09-30,2019-09-30,2021-08-05,1943124000.0,25791906000.0,,,,,67.025,-8395000.0,66675000.0,66675000.0,585692000.0,201818000.0,,2.527,1584504000.0,,,1584504000.0,62586000.0,0.0,0.0,0.007,0.172,268424000.0,268424000.0,0.235,268424000.0,268424000.0,247330000.0,1.82,1.85,1.82,7312531000.0,,7312531000.0,11969134605.0,12.0,12.027,335143000.0,3.072,1.0,555587000.0,0.487,441591000.0,21094000.0,26868144000.0,,0.0,19759657000.0,,,18479375000.0,,,10447605605.0,-22644000.0,0.0,-86397000.0,-26639000.0,-18841000.0,-153286000.0,-212211000.0,-389963000.0,343538000.0,-685000.0,201818000.0,201818000.0,201818000.0,0.0,0.0,0.177,287163000.0,268424000.0,0.0,0.095,1.429,14.148,14.531,0.0,0.0,95.76,2.345,2.345,432236000.0,5686636000.0,1141279000.0,1141279000.0,0.0,,,,,0.0,0.0,1.0,109101980.0,109101980.0,,10.461,25350315000.0,0.0,45512000.0,1498025000.0,232.354,
8,GL,MRQ,2019-06-30,2019-06-30,2019-06-30,2021-08-05,1439250000.0,24855445000.0,,,,,60.946,-14639000.0,89319000.0,89319000.0,589362000.0,186566000.0,,2.71,1610848000.0,,,1610848000.0,66892000.0,0.0,0.0,0.007,0.172,250149000.0,250149000.0,0.221,250149000.0,250149000.0,228717000.0,1.67,1.7,1.67,6700398000.0,,6700398000.0,11417916366.0,12.0,11.777,248713000.0,2.262,1.0,541099000.0,0.479,441591000.0,21432000.0,25935383000.0,,0.0,18858006000.0,,,18155047000.0,,,9835279366.0,21977000.0,0.0,-91195000.0,-39425000.0,-18956000.0,-186657000.0,-50594000.0,-119868000.0,263352000.0,-4124000.0,186566000.0,186566000.0,186566000.0,43000.0,0.0,0.165,290907000.0,250192000.0,0.0,0.103,1.468,13.749,14.155,0.0,0.0,89.46,2.236,2.236,425372000.0,5514517000.0,1130461000.0,1130461000.0,0.0,,,,,0.0,0.0,1.0,109940525.0,109940525.0,,10.282,24413854000.0,0.0,42151000.0,1351495000.0,222.064,
9,GL,MRQ,2019-03-31,2019-03-31,2019-03-31,2021-08-05,870067000.0,24133438000.0,,,,,54.822,-7015000.0,67342000.0,67342000.0,587757000.0,185345000.0,,2.993,1649979000.0,,,1649979000.0,66924000.0,0.0,0.0,0.008,0.16,249330000.0,249330000.0,0.223,249330000.0,249330000.0,228052000.0,1.65,1.68,1.65,6043426000.0,,6043426000.0,10577871539.0,11.0,10.92,416270000.0,3.776,1.0,531459000.0,0.475,441591000.0,21278000.0,25274484000.0,,0.0,18136734000.0,,,18090012000.0,,,9033864539.0,-53684000.0,0.0,-99304000.0,-15345000.0,-17696000.0,-169481000.0,-305762000.0,-509525000.0,423285000.0,-1726000.0,185345000.0,185345000.0,185345000.0,49000.0,0.0,0.166,282080000.0,249379000.0,0.0,0.097,1.495,12.666,13.133,0.0,0.0,81.95,2.076,2.076,419610000.0,5364820000.0,1119216000.0,1119216000.0,0.0,,,,,0.0,0.0,1.0,110236297.0,110236297.0,,10.153,23691847000.0,0.0,42707000.0,1225497000.0,214.919,
10,GL,MRQ,2018-12-31,2018-12-31,2018-12-31,2021-08-05,319475000.0,23095722000.0,,,,,48.549,-17793000.0,121026000.0,121026000.0,569120000.0,164717000.0,,3.265,1665033000.0,,,1665033000.0,61208000.0,0.0,0.0,0.008,0.16,227256000.0,227256000.0,0.213,227256000.0,227256000.0,203646000.0,1.45,1.49,1.45,5415177000.0,,5415177000.0,10209625236.0,11.0,10.705,322565000.0,2.892,1.0,495617000.0,0.465,441591000.0,23610000.0,24198138000.0,,0.0,17118544000.0,,,17680545000.0,,,8313106236.0,43587000.0,0.0,-122409000.0,-320332000.0,-17940000.0,-500111000.0,193624000.0,-136454000.0,340358000.0,9716000.0,164717000.0,164717000.0,164717000.0,-11000.0,0.0,0.155,268372000.0,227245000.0,0.0,0.11,1.535,11.851,12.238,0.0,0.0,74.53,1.932,1.932,415157000.0,5213468000.0,1064737000.0,1064737000.0,0.0,,,,,0.0,0.0,1.0,111540403.0,111540403.0,,9.546,22654131000.0,0.0,38929000.0,1047737000.0,203.102,
11,GL,MRQ,2018-09-30,2018-09-30,2018-09-30,2021-08-05,477624000.0,23469488000.0,,,,,49.15,-8581000.0,77439000.0,77439000.0,567856000.0,178724000.0,,3.237,1973958000.0,,,1973958000.0,62139000.0,0.0,0.0,0.007,0.16,242787000.0,242787000.0,0.224,242787000.0,242787000.0,220354000.0,1.55,1.59,1.55,5538905000.0,,5538905000.0,11176299199.0,12.0,11.588,312188000.0,2.77,1.0,515946000.0,0.476,441591000.0,22433000.0,24924416000.0,,0.0,17599988000.0,,,17930583000.0,,,9769389199.0,-4791000.0,0.0,-78012000.0,484544000.0,-18075000.0,359558000.0,-680606000.0,-766328000.0,320769000.0,-4512000.0,178724000.0,178724000.0,178724000.0,-24000.0,0.0,0.165,273183000.0,242763000.0,0.0,0.103,1.764,6.246,6.518,0.0,0.0,86.69,2.274,2.274,406907000.0,5267964000.0,1083802000.0,1083802000.0,0.0,,,,,0.0,0.0,1.0,112693381.0,112693381.0,,9.617,23027897000.0,0.0,41630000.0,1072856000.0,204.341,
12,GL,MRQ,2018-06-30,2018-06-30,2018-06-30,2021-08-05,603499000.0,22878701000.0,,,,,49.064,-6752000.0,82230000.0,82230000.0,568377000.0,184425000.0,,3.106,1489140000.0,,,1489140000.0,66872000.0,0.0,0.0,0.006,0.16,249307000.0,249307000.0,0.23,249307000.0,249307000.0,226896000.0,1.59,1.63,1.59,5571609000.0,,5571609000.0,10652431940.0,11.0,11.059,227379000.0,2.002,1.0,516399000.0,0.476,441591000.0,22411000.0,23844020000.0,,0.0,17072719000.0,,,17307092000.0,,,9244675940.0,-6385000.0,0.0,-88852000.0,-7501000.0,-18212000.0,-147624000.0,-95364000.0,-92893000.0,234131000.0,2472000.0,184425000.0,184425000.0,184425000.0,-32000.0,0.0,0.17,267124000.0,249275000.0,0.0,0.101,1.659,6.008,6.243,0.0,0.0,81.41,2.171,2.171,407676000.0,5115071000.0,1084776000.0,1084776000.0,0.0,,,,,0.0,0.0,1.0,113557007.0,113557007.0,,9.553,22437110000.0,0.0,42471000.0,1098411000.0,197.585,
13,GL,MRQ,2018-03-31,2018-03-31,2018-03-31,2021-08-05,940199000.0,23182343000.0,,,,,51.019,-11966000.0,88615000.0,88615000.0,569889000.0,173600000.0,,2.983,1496371000.0,,,1496371000.0,67058000.0,0.0,0.0,0.005,0.15,234353000.0,234353000.0,0.219,234353000.0,234353000.0,212731000.0,1.52,1.49,1.52,5820301000.0,,5820301000.0,10943976503.0,12.0,11.68,370423000.0,3.247,1.0,500547000.0,0.468,441591000.0,21622000.0,24148508000.0,,0.0,17416912000.0,,,17362042000.0,,,9602271503.0,-29948000.0,0.0,-96385000.0,35839000.0,-17194000.0,-103343000.0,-313877000.0,-706999000.0,382389000.0,4883000.0,173600000.0,173600000.0,173600000.0,111000.0,0.0,0.162,266083000.0,234464000.0,0.0,0.099,1.65,6.425,6.664,0.0,0.0,84.17,2.285,2.285,396379000.0,4955608000.0,1070436000.0,1070436000.0,0.0,,,,,0.0,0.0,1.0,114081876.0,114081876.0,,9.383,22740752000.0,0.0,39131000.0,1216687000.0,199.337,
14,GL,MRQ,2017-12-31,2017-12-31,2017-12-31,2021-08-05,1424274000.0,23474985000.0,,,,,53.977,-6834000.0,118563000.0,118563000.0,562465000.0,1027346000.0,,2.767,1460268000.0,,,1460268000.0,61430000.0,0.0,0.0,0.007,0.15,238048000.0,238048000.0,0.225,238048000.0,238048000.0,216341000.0,8.64,8.84,8.64,6231421000.0,,6231421000.0,11823528131.0,13.0,12.973,336382000.0,2.914,1.0,494434000.0,0.468,441591000.0,21707000.0,24375099000.0,,0.0,17734484000.0,,,17243564000.0,,,10472182131.0,30101000.0,0.0,-91217000.0,16154000.0,-17299000.0,-117382000.0,-193878000.0,-294214000.0,343216000.0,-1855000.0,1027346000.0,1027346000.0,1027346000.0,30000.0,0.0,0.972,256356000.0,238078000.0,0.0,0.017,1.681,7.2,7.423,0.0,0.0,90.71,2.52,2.52,391775000.0,4806208000.0,1056899000.0,1056899000.0,0.0,,,,,0.0,0.0,1.0,115446832.0,115446832.0,,9.155,23033394000.0,0.0,-811005000.0,1312002000.0,199.515,
15,GL,MRQ,2017-09-30,2017-09-30,2017-09-30,2021-08-05,1039302000.0,22993607000.0,,,,,44.426,-5371000.0,88462000.0,88462000.0,551219000.0,153334000.0,,3.449,1439808000.0,,,1439808000.0,61536000.0,0.0,0.0,0.007,0.0,241568000.0,241568000.0,0.231,241568000.0,241568000.0,220598000.0,1.29,1.32,1.29,5167685000.0,,5167685000.0,10656509349.0,12.0,12.103,341415000.0,2.935,1.0,494796000.0,0.473,441591000.0,20970000.0,23903362000.0,,0.0,17311809000.0,,,17825922000.0,,,9316094349.0,-9190000.0,0.0,-84771000.0,1481000.0,-17439000.0,-122347000.0,-226366000.0,-453685000.0,346786000.0,-7263000.0,153334000.0,153334000.0,153334000.0,12000.0,0.0,0.147,253216000.0,241580000.0,0.0,0.0,1.803,16.559,17.077,0.0,0.0,80.09,2.287,2.287,389084000.0,4239582000.0,1046015000.0,1046015000.0,0.0,,,,,0.0,0.0,1.0,116320319.0,116320319.0,,8.993,22552016000.0,0.0,67264000.0,2069158000.0,193.879,
16,GL,MRQ,2017-06-30,2017-06-30,2017-06-30,2021-08-05,984560000.0,22577940000.0,,,,,43.198,-4102000.0,97652000.0,97652000.0,556415000.0,140273000.0,,3.468,1438067000.0,,,1438067000.0,69106000.0,0.0,0.0,0.008,0.15,222992000.0,222992000.0,0.217,222992000.0,222992000.0,201836000.0,1.18,1.2,1.18,5053416000.0,,5053416000.0,10347198508.0,12.0,11.884,274198000.0,2.344,1.0,472663000.0,0.459,441591000.0,21156000.0,23476764000.0,,0.0,16984269000.0,,,17524524000.0,,,8949142508.0,35898000.0,0.0,-84292000.0,-21998000.0,-17590000.0,-147000000.0,-95842000.0,-198593000.0,278300000.0,440000.0,140273000.0,140273000.0,140273000.0,90000.0,0.0,0.136,249581000.0,223082000.0,0.0,0.127,1.771,15.948,16.452,0.0,0.0,76.5,2.227,2.227,380028000.0,4112757000.0,1029078000.0,1029078000.0,0.0,,,,,0.0,0.0,1.0,116982255.0,116982255.0,,8.797,22136349000.0,0.0,61563000.0,2009825000.0,189.228,
17,GL,MRQ,2017-03-31,2017-03-31,2017-03-31,2021-08-05,722865000.0,22086976000.0,,,,,40.292,-3978000.0,61754000.0,61754000.0,557776000.0,133541000.0,,3.655,1459810000.0,,,1459810000.0,70022000.0,0.0,0.0,0.007,0.29,208803000.0,208803000.0,0.204,208803000.0,208803000.0,188104000.0,1.11,1.13,1.11,4744827000.0,,4744827000.0,10393796227.0,12.0,11.957,456778000.0,3.879,1.0,465805000.0,0.455,441591000.0,20699000.0,23043441000.0,,0.0,16559436000.0,,,17342149000.0,,,9072319227.0,-14409000.0,0.0,-91494000.0,61919000.0,-16503000.0,-67252000.0,-410738000.0,-750257000.0,460756000.0,2825000.0,133541000.0,133541000.0,133541000.0,3637000.0,0.0,0.13,253365000.0,212440000.0,0.0,0.261,1.912,16.221,16.748,0.0,0.0,77.04,2.279,2.279,370306000.0,3994665000.0,1023581000.0,1023581000.0,0.0,,,,,0.0,0.0,1.0,117761153.0,117761153.0,,8.692,21645385000.0,0.0,54563000.0,1864015000.0,183.808,
18,GL,MRQ,2016-12-31,2016-12-31,2016-12-31,2021-08-05,577574000.0,21436087000.0,,,,,38.488,-15024000.0,76163000.0,76163000.0,540138000.0,135448000.0,,3.694,1397640000.0,,,1397640000.0,64017000.0,0.0,0.0,0.008,0.14,207103000.0,207103000.0,0.212,207103000.0,207103000.0,186618000.0,1.11,1.14,1.11,4566861000.0,,4566861000.0,10047583530.0,12.0,11.605,411758000.0,3.47,1.0,435207000.0,0.446,441591000.0,20485000.0,22315973000.0,,0.0,15879728000.0,,,16869226000.0,,,8752047530.0,-28737000.0,0.0,-79152000.0,-3042000.0,-16673000.0,-113670000.0,-343416000.0,-608300000.0,426782000.0,1567000.0,135448000.0,135448000.0,135448000.0,-10636000.0,0.0,0.139,238740000.0,196467000.0,0.0,0.126,1.916,15.919,16.428,0.0,0.0,73.76,2.224,2.224,384454000.0,3890798000.0,975345000.0,975345000.0,0.0,,,,,0.0,0.0,1.0,118655742.0,118655742.0,,8.22,20994496000.0,0.0,51170000.0,1743990000.0,176.936,
19,GL,MRQ,2016-09-30,2016-09-30,2016-09-30,2021-08-05,1142826000.0,22077031000.0,,,,,42.468,-3398000.0,104900000.0,104900000.0,532152000.0,151869000.0,,3.34,1400436000.0,,,1400436000.0,63204000.0,0.0,0.0,0.006,0.0,231801000.0,231801000.0,0.234,231801000.0,231801000.0,211420000.0,1.25,1.27,1.25,5086383000.0,,5086383000.0,9022269762.0,10.0,10.398,363593000.0,3.036,1.0,457621000.0,0.462,441591000.0,20381000.0,22930976000.0,,0.0,16459775000.0,,,16990648000.0,,,7652008762.0,55222000.0,0.0,-86614000.0,-19744000.0,-16780000.0,-142133000.0,-171540000.0,-310843000.0,366991000.0,1904000.0,151869000.0,151869000.0,151869000.0,-9959000.0,0.0,0.153,235779000.0,221842000.0,0.0,0.0,1.504,13.982,14.325,0.0,0.0,63.89,1.966,1.966,361283000.0,3934026000.0,989773000.0,989773000.0,0.0,,,,,0.0,0.0,1.0,119768489.0,119768489.0,,8.264,21635440000.0,0.0,59551000.0,2023856000.0,180.644,
20,GL,MRQ,2016-06-30,2016-06-30,2016-06-30,2021-08-05,989157000.0,21574040000.0,,,,,40.429,-2861000.0,49678000.0,49678000.0,531485000.0,138429000.0,,3.423,1419939000.0,,,1419939000.0,72649000.0,0.0,0.0,0.009,0.14,221589000.0,221589000.0,0.223,221589000.0,221589000.0,198479000.0,1.13,1.15,1.13,4877758000.0,,4877758000.0,8746985263.0,10.0,10.104,261336000.0,2.166,1.0,460399000.0,0.464,441591000.0,23110000.0,22502710000.0,,0.0,16048603000.0,,,16696282000.0,,,7458627263.0,36920000.0,0.0,-96363000.0,118473000.0,-16954000.0,-15396000.0,-212506000.0,-506573000.0,264197000.0,625000.0,138429000.0,138429000.0,138429000.0,865000.0,0.0,0.14,237945000.0,222454000.0,0.0,0.124,1.529,13.792,14.179,0.0,0.0,61.82,1.937,1.937,358686000.0,3817666000.0,991884000.0,991884000.0,0.0,,,,,0.0,0.0,1.0,120650716.0,120650716.0,,8.221,21132449000.0,0.0,60050000.0,1887091000.0,175.154,
21,GL,MRQ,2016-03-31,2016-03-31,2016-03-31,2021-08-05,535475000.0,20621021000.0,,,,,36.216,-3879000.0,12758000.0,12758000.0,524973000.0,124033000.0,,3.695,1301116000.0,,,1301116000.0,71537000.0,0.0,0.0,0.01,0.275,205276000.0,205276000.0,0.21,205276000.0,205276000.0,185907000.0,1.01,1.02,1.01,4391743000.0,,4391743000.0,7740169140.0,9.0,9.058,336859000.0,2.778,1.0,452654000.0,0.463,441591000.0,19369000.0,21467788000.0,,0.0,15139963000.0,,,16229278000.0,,,6567690140.0,-48625000.0,0.0,-81326000.0,66899000.0,-16524000.0,-48592000.0,-334974000.0,-552057000.0,340738000.0,-5797000.0,124033000.0,124033000.0,124033000.0,9541000.0,0.0,0.127,237837000.0,214817000.0,0.0,0.272,1.495,12.404,12.804,0.0,0.0,54.16,1.724,1.724,349652000.0,3715179000.0,977627000.0,977627000.0,0.0,,,,,0.0,0.0,1.0,121264589.0,121264589.0,,8.062,20179430000.0,0.0,61874000.0,1665136000.0,166.408,
22,GL,MRQ,2015-12-31,2015-12-31,2015-12-31,2021-08-05,231947000.0,19853213000.0,,,,,32.884,-6294000.0,61383000.0,61383000.0,508965000.0,132956000.0,,3.895,1233862000.0,,,1233862000.0,67021000.0,0.0,0.0,0.007,0.0,209026000.0,209026000.0,0.224,209026000.0,209026000.0,189804000.0,1.07,1.08,1.07,4055552000.0,,4055552000.0,8351826947.0,10.0,9.784,383864000.0,3.112,1.0,424895000.0,0.455,441591000.0,19222000.0,20584101000.0,,0.0,14343690000.0,,,15797661000.0,,,7049557947.0,1898000.0,0.0,-85021000.0,-128237000.0,-16682000.0,-254647000.0,-153422000.0,-268427000.0,390158000.0,19809000.0,132956000.0,132956000.0,132956000.0,-13826000.0,0.0,0.142,229695000.0,195200000.0,0.0,0.0,1.738,13.374,13.74,0.0,0.0,57.16,1.872,1.872,344552000.0,3614369000.0,933860000.0,933860000.0,0.0,,,,,0.0,0.0,1.0,123330265.0,123330265.0,,7.572,19411622000.0,0.0,56848000.0,1450888000.0,157.395,
23,GL,MRQ,2015-09-30,2015-09-30,2015-09-30,2021-08-05,499829000.0,20119240000.0,,,,,34.235,-16714000.0,59485000.0,59485000.0,501156000.0,145386000.0,,3.697,1361754000.0,,,1361754000.0,70334000.0,0.0,0.0,0.012,0.135,229783000.0,229783000.0,0.243,229783000.0,229783000.0,210537000.0,1.15,1.17,1.15,4283302000.0,,4283302000.0,8373825304.0,10.0,9.573,259057000.0,2.071,1.0,445998000.0,0.471,441591000.0,19246000.0,20979918000.0,,0.0,14640148000.0,,,15835938000.0,,,7056506304.0,-3364000.0,0.0,-107487000.0,-18755000.0,-16911000.0,-164836000.0,-123294000.0,-131895000.0,275771000.0,8995000.0,145386000.0,145386000.0,145386000.0,-11528000.0,0.0,0.153,227743000.0,218255000.0,0.0,0.117,1.647,13.046,13.493,0.0,0.0,56.4,2.038,2.038,676155000.0,3686375000.0,947154000.0,947154000.0,0.0,,,,,0.0,0.0,1.0,125115360.0,125115360.0,,7.57,19677649000.0,0.0,65151000.0,1588992000.0,157.276,
24,GL,MRQ,2015-06-30,2015-06-30,2015-06-30,2021-08-05,555319000.0,20020910000.0,,,,,34.146,-7869000.0,62849000.0,62849000.0,508316000.0,127110000.0,,3.649,1380168000.0,,,1380168000.0,76978000.0,0.0,0.0,0.009,0.135,210420000.0,210420000.0,0.221,210420000.0,210420000.0,191306000.0,1.0,1.01,1.0,4306056000.0,,4306056000.0,8590316996.0,10.0,9.976,166523000.0,1.32,1.0,442295000.0,0.465,441591000.0,19114000.0,20896638000.0,,0.0,14642694000.0,,,15714854000.0,,,7342018996.0,59763000.0,0.0,-91264000.0,128447000.0,-17096000.0,-1133000.0,-112307000.0,-266615000.0,174392000.0,-1189000.0,127110000.0,127110000.0,127110000.0,5417000.0,0.0,0.134,226458000.0,215837000.0,0.0,0.135,1.705,13.907,14.375,0.0,0.0,58.22,2.104,2.104,627660000.0,3568715000.0,950611000.0,950611000.0,0.0,,,,,0.0,0.0,1.0,126108193.0,126108193.0,,7.538,19579319000.0,0.0,64196000.0,1564951000.0,155.258,
25,GL,MRQ,2015-03-31,2015-03-31,2015-03-31,2021-08-05,1165641000.0,20696507000.0,,,,,38.421,-6080000.0,3086000.0,3086000.0,497775000.0,121648000.0,,3.238,1251384000.0,,,1251384000.0,74729000.0,0.0,0.0,0.012,0.135,204407000.0,204407000.0,0.219,204407000.0,204407000.0,185347000.0,0.95,0.96,0.95,4883628000.0,,4883628000.0,8145251307.0,9.0,9.433,273649000.0,2.153,1.0,436665000.0,0.467,441591000.0,19060000.0,21503214000.0,,0.0,15472599000.0,,,15812879000.0,,,6980742307.0,-62933000.0,0.0,-98796000.0,20523000.0,-16210000.0,-105089000.0,-244327000.0,-384150000.0,279729000.0,6754000.0,121648000.0,121648000.0,121648000.0,9130000.0,0.0,0.13,223128000.0,213537000.0,0.0,0.142,1.429,13.128,13.56,0.0,0.0,54.92,1.977,1.977,565965000.0,3472042000.0,934440000.0,934440000.0,0.0,,,,,0.0,0.0,1.0,127107471.0,127107471.0,,7.352,20254916000.0,0.0,63699000.0,1919471000.0,159.353,
26,GL,MRQ,2014-12-31,2014-12-31,2014-12-31,2021-08-05,997452000.0,20272259000.0,,,,,36.515,3813000.0,66019000.0,66019000.0,226128000.0,146748000.0,,3.316,1230528000.0,,,1230528000.0,71703000.0,0.0,0.0,0.009,0.254,230149000.0,230149000.0,0.365,230149000.0,230149000.0,211142000.0,1.08,1.18,1.08,4697466000.0,,4697466000.0,8183832140.0,9.0,9.346,224123000.0,1.742,1.0,404272000.0,0.641,441591000.0,19007000.0,20995177000.0,,0.0,14992977000.0,,,15574793000.0,,,6968600140.0,-979000.0,0.0,-90487000.0,-52024000.0,-16378000.0,-173210000.0,-53333000.0,-636739000.0,220310000.0,5254000.0,146748000.0,146748000.0,146748000.0,-14865000.0,0.0,0.233,188988000.0,215284000.0,0.0,0.235,1.483,12.835,13.244,0.0,0.0,54.17,1.925,1.925,327856000.0,3376846000.0,630400000.0,630400000.0,0.0,,,,,0.0,0.0,1.0,128643163.0,128643163.0,,4.9,19830668000.0,0.0,64394000.0,1786070000.0,154.153,
27,GL,MRQ,2014-09-30,2014-09-30,2014-09-30,2021-08-05,882827000.0,19870507000.0,,,,,34.687,-4441000.0,66998000.0,66998000.0,535532000.0,132412000.0,,3.387,1282230000.0,,,1282230000.0,74202000.0,0.0,0.0,0.009,0.0,216084000.0,216084000.0,0.222,216084000.0,216084000.0,197051000.0,1.02,1.0,1.02,4529792000.0,,4529792000.0,8059602544.0,9.0,9.112,220574000.0,1.689,1.0,438956000.0,0.45,441591000.0,19033000.0,20644148000.0,,0.0,14710170000.0,,,15340715000.0,,,6838970544.0,21195000.0,0.0,-99229000.0,15478000.0,-16648000.0,-115340000.0,-94942000.0,65583000.0,225015000.0,6462000.0,132412000.0,132412000.0,132412000.0,0.0,0.0,0.136,222872000.0,216084000.0,0.0,0.0,1.51,12.688,12.995,0.0,0.0,52.37,1.877,1.877,499876000.0,3443803000.0,974488000.0,974488000.0,0.0,,,,,0.0,0.0,1.0,130589470.0,130589470.0,,7.462,19428916000.0,0.0,64639000.0,1695854000.0,148.779,
28,GL,MRQ,2014-06-30,2014-06-30,2014-06-30,2021-08-05,887974000.0,19651801000.0,,,,,34.232,-4912000.0,45803000.0,45803000.0,555207000.0,130923000.0,,3.358,1266435000.0,,,1266435000.0,74973000.0,0.0,0.0,0.011,0.253,212848000.0,212848000.0,0.215,212848000.0,212848000.0,193811000.0,1.0,0.98,1.0,4508948000.0,,4508948000.0,8409564950.0,10.0,9.568,139621000.0,1.06,1.0,435829000.0,0.44,441591000.0,19037000.0,20430842000.0,,0.0,14648270000.0,,,15142853000.0,,,7193486950.0,5787000.0,0.0,-91617000.0,10026000.0,-16761000.0,-107543000.0,-26350000.0,81854000.0,144533000.0,-4853000.0,130923000.0,130923000.0,130923000.0,0.0,0.0,0.132,222981000.0,212848000.0,0.0,0.253,1.595,13.353,13.722,0.0,0.0,54.613,1.998,1.998,425425000.0,3329397000.0,991036000.0,991036000.0,0.0,,,,,0.0,0.0,1.0,131716680.0,131716680.0,,7.524,19210210000.0,0.0,62888000.0,1647571000.0,145.845,
29,GL,MRQ,2014-03-31,2014-03-31,2014-03-31,2021-08-05,606058000.0,19063977000.0,,,,,31.534,-5075000.0,40016000.0,40016000.0,586517000.0,132856000.0,,3.551,1256094000.0,,,1256094000.0,77911000.0,0.0,0.0,0.009,0.0,216587000.0,216587000.0,0.211,216587000.0,216587000.0,197538000.0,1.0,0.98,1.0,4188721000.0,,4188721000.0,8152328581.0,9.0,9.267,269775000.0,2.031,1.0,437654000.0,0.427,441591000.0,19049000.0,19838464000.0,,0.0,14193438000.0,,,14875256000.0,,,6969336581.0,3073000.0,0.0,-111681000.0,35848000.0,-15219000.0,-103867000.0,-175538000.0,-115414000.0,274850000.0,7628000.0,132856000.0,132856000.0,132856000.0,0.0,0.0,0.13,221067000.0,216587000.0,0.0,0.0,1.664,12.866,13.283,0.0,0.0,52.467,1.958,1.958,372617000.0,3659477000.0,1024171000.0,1024171000.0,0.0,,,,,0.0,0.0,1.0,132833607.0,132833607.0,,7.71,18622386000.0,0.0,64682000.0,1528582000.0,140.193,
30,GL,MRQ,2013-12-31,2013-12-31,2013-12-31,2021-08-05,210981000.0,18191744000.0,,,,,27.843,-6791000.0,36943000.0,36943000.0,245481000.0,142817000.0,,3.817,1219935000.0,,,1219935000.0,74174000.0,0.0,0.0,0.011,0.227,238965000.0,238965000.0,0.366,238965000.0,238965000.0,219885000.0,1.01,1.09,1.01,3776342000.0,,3776342000.0,8245993600.0,10.0,9.621,341346000.0,2.517,1.0,407428000.0,0.624,441591000.0,19080000.0,18933145000.0,,0.0,13420001000.0,,,14415402000.0,,,7066292600.0,-1849000.0,0.0,-114750000.0,1143000.0,-15424000.0,-127459000.0,-226075000.0,-1250357000.0,348137000.0,3548000.0,142817000.0,142817000.0,142817000.0,-21267000.0,0.0,0.219,189730000.0,217698000.0,0.0,0.225,1.871,13.371,13.747,0.0,0.0,52.1,2.022,2.022,331103000.0,3495533000.0,652909000.0,652909000.0,0.0,,,,,0.0,0.0,1.0,135629416.0,135629416.0,,4.814,17750153000.0,0.0,77068000.0,1285574000.0,130.872,
31,GL,MRQ,2013-09-30,2013-09-30,2013-09-30,2021-08-05,237143000.0,18137714000.0,,,,,27.493,-1807000.0,38792000.0,38792000.0,516783000.0,132122000.0,,3.802,1218493000.0,,,1218493000.0,78098000.0,0.0,0.0,0.009,0.113,210526000.0,210526000.0,0.226,210526000.0,210526000.0,190850000.0,0.97,0.95,0.97,3776876000.0,,3776876000.0,7920292295.0,9.0,9.209,276716000.0,2.014,1.0,416006000.0,0.446,441591000.0,19676000.0,18875824000.0,,0.0,13350965000.0,,,14360838000.0,,,6626049295.0,-6145000.0,0.0,-76678000.0,-121007000.0,-15571000.0,-211538000.0,-71708000.0,31280000.0,278523000.0,-1422000.0,132122000.0,132122000.0,132122000.0,0.0,0.0,0.142,205480000.0,210526000.0,0.0,0.116,1.754,12.347,12.528,0.0,0.0,48.233,1.758,1.758,412972000.0,3724146000.0,932789000.0,932789000.0,0.0,,,,,0.0,0.0,1.0,137374899.0,137374899.0,,6.79,17696123000.0,0.0,58728000.0,1272175000.0,128.816,
32,GL,MRQ,2013-06-30,2013-06-30,2013-06-30,2021-08-05,333900000.0,18141273000.0,,,,,27.552,-1345000.0,44937000.0,44937000.0,524499000.0,133901000.0,,3.746,1339180000.0,,,1339180000.0,79333000.0,0.0,0.0,0.01,0.113,213612000.0,213612000.0,0.225,213612000.0,213612000.0,192784000.0,0.97,0.96,0.97,3822286000.0,,3822286000.0,7358215692.0,9.0,8.575,200901000.0,1.448,1.0,425840000.0,0.448,441591000.0,20828000.0,18993925000.0,,0.0,13415808000.0,,,14318987000.0,,,6024592692.0,19681000.0,0.0,-95177000.0,-20028000.0,-15780000.0,-133955000.0,-48749000.0,212955000.0,202246000.0,139000.0,133901000.0,133901000.0,133901000.0,0.0,0.0,0.141,212228000.0,213612000.0,0.0,0.116,1.576,11.257,11.449,0.0,0.0,43.427,1.622,1.622,388745000.0,3613315000.0,950339000.0,950339000.0,0.0,,,,,0.0,0.0,1.0,138730258.0,138730258.0,,6.85,17699682000.0,0.0,58883000.0,1300023000.0,127.583,
33,GL,MRQ,2013-03-31,2013-03-31,2013-03-31,2021-08-05,850030000.0,18878702000.0,,,,,30.641,-655000.0,25256000.0,25256000.0,552003000.0,119632000.0,,3.386,1358879000.0,,,1358879000.0,80221000.0,0.0,0.0,0.01,0.1,193940000.0,193940000.0,0.202,193940000.0,193940000.0,173063000.0,0.853,0.847,0.853,4304598000.0,,4304598000.0,6847655993.0,8.0,8.051,289719000.0,2.062,1.0,406213000.0,0.424,441591000.0,20877000.0,19770734000.0,,0.0,14192194000.0,,,14574104000.0,,,5600636993.0,-36454000.0,0.0,-97843000.0,49825000.0,-14136000.0,-62967000.0,-267846000.0,-4245000.0,290374000.0,3985000.0,119632000.0,119632000.0,119632000.0,0.0,0.0,0.125,212273000.0,193940000.0,0.0,0.117,1.301,10.562,10.746,0.0,0.0,39.867,1.535,1.535,393870000.0,3498727000.0,958216000.0,958216000.0,0.0,,,,,0.0,0.0,1.0,140484206.0,140484206.0,,6.821,18437111000.0,0.0,53431000.0,1603569000.0,131.24,
34,GL,MRQ,2012-12-31,2012-12-31,2012-12-31,2021-08-05,925275000.0,18776910000.0,,,,,30.632,-811000.0,61710000.0,61710000.0,479109000.0,150987000.0,,3.305,1308729000.0,,,1308729000.0,76088000.0,0.0,0.0,0.011,0.1,241936000.0,241936000.0,0.261,241936000.0,241936000.0,220587000.0,1.057,1.04,1.057,4361786000.0,,4361786000.0,5891220534.0,7.0,6.959,244360000.0,1.716,1.0,449589000.0,0.484,441591000.0,21349000.0,19582338000.0,,0.0,14094209000.0,,,14415124000.0,,,4905046534.0,-237121000.0,-186424000.0,-61352000.0,-124412000.0,-14234000.0,-194665000.0,-289383000.0,-1199818000.0,245171000.0,1756000.0,150987000.0,150987000.0,150987000.0,0.0,0.0,0.163,207653000.0,241936000.0,0.0,0.095,1.125,9.267,9.437,0.0,0.0,34.447,1.366,1.366,383709000.0,3403338000.0,928698000.0,928698000.0,0.0,,,,,0.0,0.0,1.0,142395390.0,142395390.0,,6.522,18335319000.0,0.0,69600000.0,1609828000.0,128.763,
35,GL,MRQ,2012-09-30,2012-09-30,2012-09-30,2021-08-05,960890000.0,17939864000.0,,,,,30.111,-1176000.0,298831000.0,298831000.0,479119000.0,130672000.0,,3.163,1285005000.0,,,1285005000.0,70145000.0,0.0,0.0,0.011,0.1,208634000.0,208634000.0,0.238,208634000.0,208634000.0,188791000.0,0.913,0.907,0.913,4308893000.0,,4308893000.0,5938952142.0,7.0,7.413,249361000.0,1.743,1.0,397981000.0,0.454,396891000.0,19843000.0,18529147000.0,,0.0,13604161000.0,,,13630971000.0,,,4898723142.0,228165000.0,0.0,-41423000.0,180959000.0,-14308000.0,128574000.0,-152772000.0,805280000.0,250537000.0,1826000.0,130672000.0,130672000.0,130672000.0,0.0,0.0,0.149,189347000.0,208634000.0,124421000.0,0.11,1.137,9.774,10.069,0.0,0.0,34.233,1.402,1.402,334599000.0,3568655000.0,877100000.0,877100000.0,0.0,,,,,0.0,0.0,1.0,143098047.0,143098047.0,,6.129,17542973000.0,0.0,58119000.0,1612052000.0,122.594,
36,GL,MRQ,2012-06-30,2012-06-30,2012-06-30,2021-08-05,734379000.0,17185003000.0,,,,,27.069,-2164000.0,70666000.0,70666000.0,484807000.0,128988000.0,,3.299,1110895000.0,,,1110895000.0,71734000.0,0.0,0.0,0.008,0.1,206029000.0,206029000.0,0.233,206029000.0,206029000.0,186380000.0,0.887,0.88,0.887,3997661000.0,,3997661000.0,5914304356.0,7.0,7.371,160920000.0,1.09,1.0,400988000.0,0.453,396891000.0,19649000.0,17828341000.0,,0.0,13136020000.0,,,13187342000.0,,,4976905356.0,-7636000.0,0.0,-190858000.0,94945000.0,-14898000.0,-111154000.0,-60469000.0,-54055000.0,163084000.0,903000.0,128988000.0,128988000.0,128988000.0,0.0,0.0,0.146,194959000.0,206029000.0,124421000.0,0.113,1.245,9.916,10.151,0.0,0.0,33.7,1.441,1.441,308585000.0,3462272000.0,885795000.0,885795000.0,0.0,,,,,0.0,0.0,1.0,147682652.0,147682652.0,,5.998,16788112000.0,0.0,57392000.0,1460827000.0,113.677,
37,GL,MRQ,2012-03-31,2012-03-31,2012-03-31,2021-08-05,501290000.0,16734412000.0,,,,,25.513,-460000.0,78302000.0,78302000.0,512647000.0,118677000.0,,3.365,1015701000.0,,,1015701000.0,74475000.0,0.0,0.0,0.007,0.08,189906000.0,189906000.0,0.211,189906000.0,189906000.0,170235000.0,0.793,0.78,0.793,3834154000.0,,3834154000.0,5925600415.0,7.0,7.185,283587000.0,1.887,1.0,385276000.0,0.429,396891000.0,19671000.0,17274920000.0,,0.0,12731006000.0,,,12900258000.0,,,4994300415.0,-5811000.0,0.0,-95510000.0,42000.0,-12087000.0,-91867000.0,-195415000.0,-331187000.0,284047000.0,-2576000.0,118677000.0,118677000.0,118677000.0,0.0,0.0,0.132,195370000.0,189906000.0,124421000.0,0.101,1.303,9.685,10.092,0.0,0.0,33.233,1.449,1.449,264429000.0,3349856000.0,897923000.0,897923000.0,0.0,,,,,0.0,0.0,1.0,150279852.0,150279852.0,,5.975,16337521000.0,0.0,51558000.0,1332334000.0,108.714,
38,GL,MRQ,2011-12-31,2011-12-31,2011-12-31,2021-08-05,549916000.0,16588272000.0,,,,,25.241,-2182000.0,84113000.0,84113000.0,435681000.0,122839000.0,,3.298,1015413000.0,,,1015413000.0,69539000.0,0.0,0.0,0.01,0.08,196617000.0,196617000.0,0.236,196617000.0,196617000.0,177090000.0,0.807,0.8,0.807,3859631000.0,,3859631000.0,5263232582.0,7.0,6.569,172800000.0,1.13,1.0,397873000.0,0.477,396891000.0,19527000.0,17122681000.0,,0.0,12353586000.0,,,12728641000.0,,,4423185582.0,-91847000.0,21588000.0,-80224000.0,-830000.0,-12237000.0,-71830000.0,-191533000.0,-409040000.0,174982000.0,-3466000.0,122839000.0,122839000.0,122839000.0,455000.0,0.0,0.147,201256000.0,196617000.0,124421000.0,0.099,1.146,8.897,9.453,0.0,0.0,28.927,1.31,1.31,253549000.0,3264711000.0,833554000.0,833554000.0,0.0,,,,,0.0,0.0,1.0,152910310.0,152910310.0,,5.451,16191381000.0,0.0,54251000.0,1319853000.0,105.888,
39,GL,MRQ,2011-09-30,2011-09-30,2011-09-30,2021-08-05,545602000.0,16971380000.0,,,,,26.538,-1471000.0,175960000.0,175960000.0,438774000.0,131400000.0,,3.057,1016007000.0,,,1016007000.0,73202000.0,0.0,0.0,0.009,0.0,209777000.0,209777000.0,0.251,209777000.0,209777000.0,190267000.0,0.833,0.833,0.833,4183053000.0,,4183053000.0,4562972367.0,6.0,5.585,230278000.0,1.461,1.0,398467000.0,0.476,396891000.0,19510000.0,17414536000.0,,0.0,12143862000.0,,,12788327000.0,,,3663246367.0,85730000.0,0.0,-119874000.0,25817000.0,-12100000.0,-112179000.0,-34249000.0,-9697000.0,231749000.0,409000.0,131400000.0,131400000.0,131400000.0,0.0,0.0,0.157,188834000.0,209633000.0,124421000.0,0.0,0.876,7.17,7.678,0.0,0.0,23.24,1.08,1.08,232354000.0,3813959000.0,837241000.0,837241000.0,0.0,,,,,0.0,0.0,1.0,157626780.0,157626780.0,,5.312,16574489000.0,0.0,58867000.0,1501233000.0,105.15,
40,GL,MRQ,2011-06-30,2011-06-30,2011-06-30,2021-08-05,153264000.0,16218212000.0,,,,,22.09,2080000.0,90230000.0,90230000.0,454694000.0,142781000.0,,3.29,989956000.0,,,989956000.0,76603000.0,0.0,0.0,0.01,0.073,228463000.0,228463000.0,0.26,228463000.0,228463000.0,209052000.0,0.86,0.847,0.86,3780099000.0,,3780099000.0,5584871062.0,7.0,6.889,154766000.0,0.904,1.0,422640000.0,0.482,396891000.0,19411000.0,16721047000.0,,0.0,11476749000.0,,,12438113000.0,,,4878238062.0,-193443000.0,0.0,-419103000.0,-580000.0,-12280000.0,-437475000.0,89246000.0,-35107000.0,152686000.0,2100000.0,142781000.0,142781000.0,142781000.0,0.0,0.0,0.163,194177000.0,228463000.0,124421000.0,0.085,1.291,9.874,10.084,0.0,0.0,28.507,1.438,1.438,223870000.0,3693313000.0,877334000.0,877334000.0,0.0,,,,,0.0,0.0,1.0,171126218.0,171126218.0,,5.127,15821321000.0,0.0,66271000.0,1278037000.0,92.454,
41,GL,MRQ,2011-03-31,2011-03-31,2011-03-31,2021-08-05,55757000.0,16325247000.0,,,,,22.582,-724000.0,283673000.0,283673000.0,464127000.0,100141000.0,,3.123,990306000.0,,,990306000.0,78940000.0,0.0,0.0,0.009,0.142,166378000.0,166378000.0,0.201,166378000.0,166378000.0,146918000.0,0.573,0.56,0.573,3959165000.0,,3959165000.0,5803178654.0,7.0,7.365,299323000.0,1.707,1.0,365145000.0,0.44,396891000.0,19460000.0,16634989000.0,,0.0,11391164000.0,,,12366082000.0,,,5180339654.0,-82006000.0,0.0,-190742000.0,1560000.0,-12508000.0,-203001000.0,-175597000.0,-287353000.0,300047000.0,-3455000.0,100141000.0,100141000.0,100141000.0,0.0,0.0,0.121,198168000.0,166977000.0,124421000.0,0.248,1.308,10.853,11.162,0.0,0.0,29.547,1.546,1.546,254108000.0,3599304000.0,829272000.0,829272000.0,0.0,,,,,0.0,0.0,1.0,175327380.0,175327380.0,,4.73,15928356000.0,0.0,46777000.0,1248023000.0,90.849,
42,GL,MRQ,2010-12-31,2010-12-31,2010-12-31,2021-08-05,22958000.0,16159762000.0,,,,,22.297,-6267000.0,365679000.0,365679000.0,436419000.0,136610000.0,,3.024,988518000.0,,,988518000.0,74165000.0,0.0,0.0,0.01,0.0,212326000.0,212326000.0,0.251,212326000.0,212326000.0,193336000.0,0.76,0.747,0.76,4016241000.0,,4016241000.0,5730455560.0,7.0,6.981,277372000.0,1.54,1.0,410752000.0,0.485,396891000.0,18990000.0,16385710000.0,,0.0,11197977000.0,,,12143521000.0,,,4782430560.0,333213000.0,342890000.0,-65946000.0,10010000.0,-13000000.0,-85453000.0,138344000.0,-183868000.0,283639000.0,-3317000.0,136610000.0,136610000.0,136610000.0,-5853000.0,0.0,0.161,204279000.0,206473000.0,124421000.0,0.0,1.191,9.587,9.736,0.0,0.0,26.551,1.42,1.42,230319000.0,3473482000.0,847171000.0,847171000.0,0.0,,,,,0.0,0.0,1.0,180121673.0,180121673.0,,4.703,15762871000.0,0.0,56726000.0,1209433000.0,87.512,
43,GL,MRQ,2010-09-30,2010-09-30,2010-09-30,2021-08-05,356836000.0,17716467000.0,,,,,23.467,-619000.0,30264000.0,30264000.0,433514000.0,114531000.0,,3.151,978289000.0,,,978289000.0,79015000.0,0.0,0.0,0.011,0.071,203537000.0,203537000.0,0.243,203537000.0,203537000.0,184747000.0,0.633,0.627,0.633,4267694000.0,,4267694000.0,5257425664.0,7.0,6.607,269480000.0,1.482,1.0,405374000.0,0.483,396891000.0,18790000.0,18267601000.0,,0.0,11515790000.0,,,13448773000.0,,,4295057664.0,5174000.0,0.0,-67344000.0,-11587000.0,-12226000.0,-79457000.0,-181974000.0,-526584000.0,270099000.0,-3494000.0,114531000.0,114531000.0,114531000.0,23566000.0,0.0,0.137,178271000.0,227103000.0,124421000.0,0.112,1.006,9.031,9.179,0.0,0.0,23.618,1.302,1.302,205210000.0,3554063000.0,838888000.0,838888000.0,0.0,,,,,0.0,0.0,1.0,181856977.0,181856977.0,,4.613,17319576000.0,0.0,70216000.0,1340590000.0,95.237,
44,GL,MRQ,2010-06-30,2010-06-30,2010-06-30,2021-08-05,72708000.0,16950209000.0,,,,,21.249,-1894000.0,27292000.0,27292000.0,454177000.0,126049000.0,,3.296,989660000.0,,,989660000.0,83086000.0,0.0,0.0,0.015,0.067,205733000.0,205733000.0,0.246,205733000.0,205733000.0,186921000.0,0.68,0.68,0.68,3945216000.0,,3945216000.0,5041687751.0,7.0,6.646,169679000.0,0.914,1.0,381718000.0,0.457,423519000.0,18812000.0,17489058000.0,,0.0,11634723000.0,,,13004993000.0,,,4085438751.0,-12647000.0,0.0,-63041000.0,-8386000.0,-12410000.0,-96317000.0,-88778000.0,-211214000.0,171573000.0,875000.0,126049000.0,126049000.0,126049000.0,-6201000.0,0.0,0.151,182186000.0,199532000.0,124421000.0,0.099,1.036,8.846,8.866,0.0,0.0,22.004,1.268,1.268,200339000.0,3452243000.0,835895000.0,835895000.0,0.0,,,,,0.0,0.0,1.0,185664254.0,185664254.0,,4.502,16526690000.0,0.0,60872000.0,1204453000.0,89.014,
45,GL,MRQ,2010-03-31,2010-03-31,2010-03-31,2021-08-05,-141405000.0,16601371000.0,,,,,19.727,-324000.0,39939000.0,39939000.0,468934000.0,121676000.0,,3.515,996188000.0,,,996188000.0,84866000.0,0.0,0.0,0.013,0.133,199274000.0,199274000.0,0.236,199274000.0,199274000.0,180337000.0,0.653,0.649,0.653,3677022000.0,,3677022000.0,5230289056.0,7.0,7.183,302958000.0,1.625,1.0,376744000.0,0.445,423519000.0,18937000.0,17134101000.0,,0.0,11218443000.0,,,12924349000.0,,,4432850056.0,-191979000.0,0.0,-11812000.0,-33382000.0,-12425000.0,-68394000.0,-425233000.0,-854274000.0,303282000.0,-1634000.0,121676000.0,121676000.0,121676000.0,-6283000.0,0.0,0.144,183753000.0,192991000.0,124421000.0,0.204,1.206,9.852,9.844,0.0,0.0,23.782,1.382,1.382,195128000.0,3338417000.0,845678000.0,845678000.0,0.0,,,,,0.0,0.0,1.0,186393434.0,186393434.0,,4.537,16177852000.0,0.0,58661000.0,1114564000.0,86.794,
46,GL,MRQ,2009-12-31,2009-12-31,2009-12-31,2021-08-05,-319183000.0,16023759000.0,,,,,18.248,-1598000.0,231071000.0,231071000.0,421723000.0,113329000.0,,3.714,1029357000.0,,,1029357000.0,81077000.0,0.0,0.0,0.01,0.0,187248000.0,187248000.0,0.24,187248000.0,187248000.0,168239000.0,0.607,0.607,0.607,3398891000.0,,3398891000.0,4496120752.0,7.0,6.752,385764000.0,2.071,1.0,357604000.0,0.459,396891000.0,19009000.0,16425154000.0,,0.0,9823693000.0,,,12624868000.0,,,3638384752.0,60398000.0,0.0,2041000.0,-103000.0,-11591000.0,-111640000.0,-211336000.0,-215133000.0,387362000.0,-3988000.0,113329000.0,113329000.0,113329000.0,-6584000.0,0.0,0.145,176940000.0,180664000.0,124421000.0,0.0,1.07,8.985,9.014,0.0,0.0,19.533,1.168,1.168,192902000.0,3228904000.0,779327000.0,779327000.0,0.0,,,,,0.0,0.0,1.0,186265431.0,186265431.0,,4.184,15626868000.0,0.0,54910000.0,964680000.0,83.896,
47,GL,MRQ,2009-09-30,2009-09-30,2009-09-30,2021-08-05,-297532000.0,15849970000.0,,,,,17.809,-1655000.0,171520000.0,171520000.0,420786000.0,100800000.0,,3.781,1029256000.0,,,1029256000.0,84700000.0,0.0,0.0,0.016,0.124,166345000.0,166345000.0,0.218,166345000.0,166345000.0,146002000.0,0.542,0.542,0.542,3315259000.0,,3315259000.0,4386241844.0,6.0,6.425,226737000.0,1.218,1.0,341535000.0,0.448,423519000.0,20343000.0,16284187000.0,,0.0,9751836000.0,,,12534711000.0,,,3593170844.0,-168088000.0,0.0,1640000.0,-103620000.0,-11582000.0,-35362000.0,-363172000.0,-1048051000.0,228392000.0,2054000.0,100800000.0,100800000.0,100800000.0,-2242000.0,0.0,0.132,177432000.0,164103000.0,124421000.0,0.229,1.084,8.379,8.499,0.0,0.0,19.302,1.158,1.158,880745000.0,3185308000.0,762321000.0,762321000.0,0.0,,,,,0.0,0.0,1.0,186153221.0,186153221.0,,4.095,15426451000.0,0.0,45202000.0,959135000.0,82.87,
48,GL,MRQ,2009-06-30,2009-06-30,2009-06-30,2021-08-05,-896344000.0,14707725000.0,,,,,14.09,-1162000.0,339608000.0,339608000.0,464335000.0,114118000.0,,4.607,1132679000.0,,,1132679000.0,86601000.0,0.0,0.0,0.015,0.062,175323000.0,175323000.0,0.214,175323000.0,175323000.0,160407000.0,0.613,0.613,0.613,2622982000.0,,2622982000.0,3889849696.0,6.0,6.102,140815000.0,0.756,1.0,355399000.0,0.434,423519000.0,14916000.0,15077277000.0,,0.0,9139425000.0,,,12084743000.0,,,3064495696.0,292923000.0,0.0,0.0,260504000.0,-11584000.0,329350000.0,-178404000.0,-101574000.0,141977000.0,0.0,114118000.0,114118000.0,114118000.0,0.0,0.0,0.139,180076000.0,175323000.0,124421000.0,0.101,1.168,7.834,8.019,0.0,0.0,16.462,0.991,0.991,228636000.0,3096187000.0,819734000.0,819734000.0,0.0,,,,,0.0,0.0,1.0,186153221.0,186153221.0,,4.404,14284206000.0,0.0,46289000.0,613744000.0,76.734,
49,GL,MRQ,2009-03-31,2009-03-31,2009-03-31,2021-08-05,-1438446000.0,13245750000.0,,,,,10.39,-2084000.0,46685000.0,46685000.0,477614000.0,76706000.0,,5.705,872039000.0,,,872039000.0,89457000.0,0.0,0.0,0.021,0.0,141960000.0,141960000.0,0.175,141960000.0,141960000.0,126296000.0,0.404,0.404,0.404,1975601000.0,,1975601000.0,3073047136.0,5.0,4.645,216298000.0,1.138,1.0,332024000.0,0.41,423519000.0,15664000.0,13647585000.0,,0.0,8067500000.0,,,11270149000.0,,,2216691136.0,285000.0,0.0,-46815000.0,-30852000.0,-11858000.0,-33910000.0,-184187000.0,-169375000.0,218382000.0,0.0,76706000.0,76706000.0,76706000.0,0.0,0.0,0.095,190064000.0,141960000.0,124421000.0,0.0,1.122,5.396,5.546,0.0,0.0,11.658,0.707,0.707,179906000.0,2993652000.0,809638000.0,809638000.0,0.0,,,,,0.0,0.0,1.0,190146971.0,190146971.0,,4.258,12822231000.0,0.0,49590000.0,345895000.0,67.433,
50,GL,MRQ,2008-12-31,2008-12-31,2008-12-31,2021-08-05,-1170417000.0,13529050000.0,,,,,11.619,-1177000.0,46400000.0,46400000.0,375505000.0,137209000.0,,5.086,902756000.0,,,902756000.0,85190000.0,0.0,0.0,0.015,0.124,199024000.0,199024000.0,0.28,199024000.0,199024000.0,182292000.0,0.711,0.72,0.711,2222907000.0,,2222907000.0,4628743906.0,6.0,6.481,115553000.0,0.604,1.0,334454000.0,0.471,423519000.0,16732000.0,13961887000.0,,0.0,8397201000.0,,,11306143000.0,,,3800983906.0,29905000.0,0.0,-76382000.0,58373000.0,-12100000.0,-19684000.0,-64377000.0,-89557000.0,116730000.0,-2764000.0,137209000.0,137209000.0,137209000.0,-22559000.0,0.0,0.193,157989000.0,176465000.0,124421000.0,0.174,1.71,8.404,8.698,0.0,0.0,19.867,1.189,1.189,151684000.0,2928950000.0,709959000.0,709959000.0,0.0,,,,,0.0,0.0,1.0,191324693.0,191324693.0,,3.711,13105531000.0,0.0,45083000.0,419203000.0,68.499,
51,GL,MRQ,2008-09-30,2008-09-30,2008-09-30,2021-08-05,-900865000.0,13950366000.0,,,,,12.437,-1829000.0,16495000.0,16495000.0,451236000.0,63151000.0,,4.715,844255000.0,,,844255000.0,89389000.0,0.0,0.0,0.009,0.062,121138000.0,121138000.0,0.161,121138000.0,121138000.0,105631000.0,0.324,0.32,0.324,2440967000.0,,2440967000.0,5920880541.0,8.0,8.108,188694000.0,0.961,1.0,302116000.0,0.401,423519000.0,15507000.0,14354607000.0,,0.0,8685474000.0,,,11509399000.0,,,5216437541.0,-1729000.0,0.0,-117464000.0,121461000.0,-12367000.0,324000.0,-185141000.0,-300843000.0,190523000.0,-7435000.0,63151000.0,63151000.0,63151000.0,0.0,0.0,0.084,180978000.0,121138000.0,124421000.0,0.191,2.137,11.66,12.081,0.0,0.0,26.578,1.568,1.568,90186000.0,3269586000.0,753352000.0,753352000.0,0.0,,,,,0.0,0.0,1.0,196270643.0,196270643.0,,3.838,13526847000.0,0.0,42480000.0,540056000.0,68.919,
52,GL,MRQ,2008-06-30,2008-06-30,2008-06-30,2021-08-05,-429679000.0,14743745000.0,,,,,14.717,-1776000.0,18224000.0,18224000.0,481398000.0,133726000.0,,3.958,722667000.0,,,722667000.0,93525000.0,0.0,0.0,0.009,0.062,199424000.0,199424000.0,0.232,199424000.0,199424000.0,184606000.0,0.662,0.653,0.662,2973584000.0,,2973584000.0,6098240710.0,7.0,7.363,188649000.0,0.934,1.0,379094000.0,0.441,423519000.0,14818000.0,15024669000.0,,0.0,9397482000.0,,,11770161000.0,,,5266947710.0,10280000.0,0.0,-90808000.0,-116697000.0,-12570000.0,-181475000.0,1932000.0,10794000.0,190425000.0,-602000.0,133726000.0,133726000.0,133726000.0,0.0,0.0,0.155,179670000.0,199424000.0,124421000.0,0.094,1.771,10.185,10.381,0.0,0.0,26.067,1.532,1.532,95548000.0,3226245000.0,860492000.0,860492000.0,0.0,,,,,0.0,0.0,1.0,202056818.0,202056818.0,,4.259,14320226000.0,0.0,50880000.0,808856000.0,70.872,
53,GL,MRQ,2008-03-31,2008-03-31,2008-03-31,2021-08-05,-289800000.0,14972349000.0,,,,,15.047,-4232000.0,7944000.0,7944000.0,494401000.0,118173000.0,,3.861,839237000.0,,,839237000.0,87468000.0,0.0,0.0,0.009,0.058,194602000.0,194602000.0,0.223,194602000.0,194602000.0,178430000.0,0.578,0.573,0.578,3079820000.0,,3079820000.0,6248141732.0,7.0,7.461,228701000.0,1.117,1.0,378032000.0,0.433,423519000.0,16172000.0,15380123000.0,,0.0,9634091000.0,,,11892529000.0,,,5468169732.0,-12154000.0,0.0,-145609000.0,39041000.0,-11765000.0,-60423000.0,-184662000.0,-417358000.0,232933000.0,-2000.0,118173000.0,118173000.0,118173000.0,0.0,0.0,0.135,183430000.0,194602000.0,124421000.0,0.1,1.775,10.711,10.931,0.0,0.0,26.716,1.584,1.584,91482000.0,3108298000.0,872433000.0,872433000.0,0.0,,,,,0.0,0.0,1.0,204681116.0,204681116.0,,4.262,14548830000.0,0.0,60257000.0,898156000.0,71.08,
54,GL,MRQ,2007-12-31,2007-12-31,2007-12-31,2021-08-05,-80938000.0,15241428000.0,,,,,16.03,-6806000.0,20098000.0,20098000.0,445843000.0,132345000.0,,3.584,800070000.0,,,800070000.0,86714000.0,0.0,0.0,0.009,0.058,215076000.0,215076000.0,0.256,215076000.0,215076000.0,198889000.0,0.636,0.627,0.636,3324627000.0,,3324627000.0,6372542350.0,7.0,7.372,188270000.0,0.908,1.0,394696000.0,0.47,423519000.0,16187000.0,15597881000.0,,0.0,9772199000.0,,,11916801000.0,,,5579574350.0,11028000.0,0.0,-1548000.0,-2088000.0,-12190000.0,12480000.0,-192593000.0,-298201000.0,195076000.0,-3935000.0,132345000.0,132345000.0,132345000.0,0.0,0.0,0.157,179620000.0,215076000.0,124421000.0,0.091,1.678,10.577,10.83,0.0,0.0,26.902,1.6,1.6,96750000.0,3003152000.0,840539000.0,840539000.0,0.0,,,,,0.0,0.0,1.0,207401987.0,207401987.0,,4.053,14817909000.0,0.0,66544000.0,966008000.0,71.445,
55,GL,MRQ,2007-09-30,2007-09-30,2007-09-30,2021-08-05,-20633000.0,15154135000.0,,,,,15.64,-6510000.0,9070000.0,9070000.0,462833000.0,132882000.0,,3.643,802038000.0,,,802038000.0,89324000.0,0.0,0.0,0.008,0.058,219163000.0,219163000.0,0.254,219163000.0,219163000.0,201584000.0,0.636,0.627,0.636,3263884000.0,,3263884000.0,6627346644.0,8.0,7.586,215104000.0,1.031,1.0,400781000.0,0.464,423519000.0,17579000.0,15523584000.0,,0.0,9669648000.0,,,11890251000.0,,,5780216644.0,-5025000.0,0.0,-103369000.0,-59307000.0,-12194000.0,-189900000.0,-39206000.0,41753000.0,221614000.0,2467000.0,132882000.0,132882000.0,132882000.0,0.0,0.0,0.154,181618000.0,219163000.0,124421000.0,0.091,1.771,10.751,11.11,0.0,0.0,27.698,1.65,1.65,97321000.0,3176498000.0,863614000.0,863614000.0,0.0,,,,,0.0,0.0,1.0,208688823.0,208688823.0,,4.138,14730616000.0,0.0,68702000.0,988202000.0,70.587,
56,GL,MRQ,2007-06-30,2007-06-30,2007-06-30,2021-08-05,-17188000.0,15097868000.0,,,,,15.114,-3388000.0,14095000.0,14095000.0,489276000.0,127117000.0,,3.649,861225000.0,,,861225000.0,90194000.0,0.0,0.0,0.008,0.058,208578000.0,208578000.0,0.238,208578000.0,208578000.0,192037000.0,0.596,0.587,0.596,3247784000.0,,3247784000.0,7148827293.0,8.0,8.262,183011000.0,0.852,1.0,387293000.0,0.442,423519000.0,16541000.0,15521479000.0,,0.0,9692207000.0,,,11850084000.0,,,6398639293.0,13767000.0,-12000.0,-131721000.0,110591000.0,-12440000.0,-18849000.0,-157986000.0,-419011000.0,186399000.0,4203000.0,127117000.0,127117000.0,127117000.0,0.0,0.0,0.145,178715000.0,208578000.0,124421000.0,0.097,1.97,11.998,12.224,0.0,0.0,29.778,1.84,1.84,97972000.0,3055989000.0,876569000.0,876569000.0,0.0,,,,,0.0,0.0,1.0,214879678.0,214879678.0,,4.079,14674349000.0,0.0,64920000.0,970304000.0,68.291,
57,GL,MRQ,2007-03-31,2007-03-31,2007-03-31,2021-08-05,116306000.0,15056791000.0,,,,,15.401,-1369000.0,328000.0,328000.0,504476000.0,135191000.0,,3.434,750516000.0,,,750516000.0,91514000.0,0.0,0.0,0.008,0.058,221552000.0,221552000.0,0.245,221552000.0,221552000.0,204295000.0,0.618,0.609,0.618,3395493000.0,,3395493000.0,7177490617.0,8.0,8.266,245539000.0,1.114,1.0,401499000.0,0.443,423507000.0,17257000.0,15383472000.0,,0.0,9710358000.0,,,11661298000.0,,,6426933617.0,-16388000.0,-47110000.0,-172517000.0,-16874000.0,-12757000.0,-150485000.0,-112811000.0,-58978000.0,246908000.0,0.0,135191000.0,135191000.0,135191000.0,0.0,0.0,0.149,179947000.0,221552000.0,124421000.0,0.094,1.893,12.046,12.101,0.0,0.0,29.151,1.852,1.852,92758000.0,2941790000.0,905975000.0,905975000.0,0.0,,,,,0.0,0.0,1.0,220469594.0,220469594.0,,4.109,14633284000.0,0.0,69104000.0,1028252000.0,66.373,
58,GL,MRQ,2006-12-31,2006-12-31,2006-12-31,2021-08-05,140097000.0,14980355000.0,,,,,15.676,4226000.0,16716000.0,16716000.0,456569000.0,142438000.0,,3.331,767273000.0,,,767273000.0,88039000.0,0.0,0.0,0.008,0.058,224390000.0,224390000.0,0.262,224390000.0,224390000.0,206319000.0,0.644,0.636,0.644,3459193000.0,,3459193000.0,7055710775.0,8.0,8.333,193275000.0,0.876,1.0,400527000.0,0.467,378436000.0,18071000.0,15352476000.0,,0.0,9703272000.0,,,11521162000.0,,,6253253775.0,-8449000.0,0.0,-12541000.0,-220857000.0,-12775000.0,-194388000.0,-2780000.0,15997000.0,189049000.0,-330000.0,142438000.0,142438000.0,142438000.0,0.0,0.0,0.166,176137000.0,224390000.0,124421000.0,0.09,1.808,12.057,12.262,0.0,0.0,28.338,1.828,1.828,78809000.0,2827287000.0,857096000.0,857096000.0,0.0,,,,,0.0,0.0,1.0,220668460.0,220668460.0,,3.884,14601919000.0,0.0,63881000.0,1010618000.0,66.171,
59,GL,MRQ,2006-09-30,2006-09-30,2006-09-30,2021-08-05,164782000.0,14935352000.0,,,,,15.114,-1115000.0,25165000.0,25165000.0,446052000.0,128544000.0,,3.439,827622000.0,,,827622000.0,90673000.0,0.0,0.0,0.007,0.058,210710000.0,210710000.0,0.251,210710000.0,210710000.0,189273000.0,0.578,0.569,0.578,3364551000.0,,3364551000.0,7117391548.0,9.0,8.827,243017000.0,1.092,1.0,391887000.0,0.468,378436000.0,21437000.0,15359373000.0,,0.0,9677166000.0,,,11570801000.0,,,6243963548.0,12470000.0,0.0,-41724000.0,-58943000.0,-12861000.0,-112250000.0,-119963000.0,-260669000.0,244132000.0,551000.0,128544000.0,128544000.0,128544000.0,0.0,0.0,0.153,181177000.0,210710000.0,280999000.0,0.1,1.856,12.43,12.698,0.0,0.0,28.049,1.873,1.873,93796000.0,2955042000.0,837939000.0,837939000.0,0.0,,,,,0.0,0.0,1.0,222610014.0,222610014.0,,3.764,14556916000.0,0.0,60729000.0,1031849000.0,65.392,
60,GL,MRQ,2006-06-30,2006-06-30,2006-06-30,2021-08-05,2053000.0,14782479000.0,,,,,13.85,-3390000.0,12695000.0,12695000.0,480756000.0,127375000.0,,3.727,886123000.0,,,886123000.0,91590000.0,0.0,0.0,0.007,0.049,211645000.0,211645000.0,0.244,211645000.0,211645000.0,194007000.0,0.569,0.56,0.569,3127410000.0,,3127410000.0,6909843706.0,9.0,8.721,218606000.0,0.968,1.0,388379000.0,0.447,378436000.0,17638000.0,15277471000.0,,0.0,9352603000.0,,,11655069000.0,,,6093692706.0,6353000.0,0.0,-100144000.0,186932000.0,-11064000.0,59443000.0,-275151000.0,-459597000.0,221996000.0,65000.0,127375000.0,127375000.0,127375000.0,0.0,0.0,0.147,176734000.0,211645000.0,280809000.0,0.086,1.948,12.365,12.622,0.0,0.0,26.987,1.867,1.867,110569000.0,2842722000.0,869135000.0,869135000.0,0.0,,,,,0.0,0.0,1.0,225803830.0,225803830.0,,3.849,14404043000.0,0.0,66632000.0,931411000.0,63.79,
61,GL,MRQ,2006-03-31,2006-03-31,2006-03-31,2021-08-05,117547000.0,14755086000.0,,,,,13.837,-1075000.0,6342000.0,6342000.0,480154000.0,120274000.0,,3.576,822493000.0,,,822493000.0,92713000.0,0.0,0.0,0.006,0.049,199961000.0,199961000.0,0.233,199961000.0,199961000.0,183971000.0,0.52,0.516,0.52,3224414000.0,,3224414000.0,6629200488.0,8.0,8.302,209049000.0,0.897,1.0,376854000.0,0.44,378436000.0,15990000.0,15192801000.0,,0.0,9226476000.0,,,11530672000.0,,,5913729488.0,-12955000.0,0.0,-169001000.0,88072000.0,-11395000.0,-100372000.0,-122707000.0,-294938000.0,210124000.0,0.0,120274000.0,120274000.0,120274000.0,0.0,0.0,0.14,176893000.0,199961000.0,156577000.0,0.094,1.834,11.879,11.92,0.0,0.0,25.378,1.848,1.848,111366000.0,2727336000.0,857008000.0,857008000.0,0.0,,,,,0.0,0.0,1.0,233027870.0,233027870.0,,3.678,14376650000.0,0.0,63697000.0,953699000.0,61.695,
62,GL,MRQ,2005-12-31,2005-12-31,2005-12-31,2021-08-05,269084000.0,14768903000.0,,,,,14.701,-1048000.0,19297000.0,19297000.0,408046000.0,126136000.0,,3.302,734768000.0,,,734768000.0,91758000.0,0.0,0.0,0.008,0.049,184013000.0,184013000.0,0.239,184013000.0,184013000.0,168446000.0,0.542,0.533,0.542,3432768000.0,,3432768000.0,6521885515.0,8.0,8.23,176358000.0,0.755,1.0,361051000.0,0.469,378436000.0,15567000.0,15105938000.0,,0.0,9391398000.0,,,11336135000.0,,,5770047515.0,13696000.0,0.0,-11587000.0,-21965000.0,-11415000.0,-48424000.0,-115095000.0,-31502000.0,177406000.0,-191000.0,126136000.0,126136000.0,126136000.0,0.0,0.0,0.164,177038000.0,184013000.0,156577000.0,0.09,1.681,11.647,11.756,0.0,0.0,24.711,1.846,1.846,67262000.0,2621552000.0,769097000.0,769097000.0,0.0,,,,,0.0,0.0,1.0,233500124.0,233500124.0,,3.294,14390467000.0,0.0,42310000.0,1011048000.0,61.629,
63,GL,MRQ,2005-09-30,2005-09-30,2005-09-30,2021-08-05,300000000.0,14660719000.0,,,,,14.313,-576000.0,5601000.0,5601000.0,410883000.0,119046000.0,,3.364,757439000.0,,,757439000.0,90257000.0,0.0,0.0,0.008,0.049,196673000.0,196673000.0,0.256,196673000.0,196673000.0,181392000.0,0.507,0.507,0.507,3359706000.0,,3359706000.0,6249472244.0,8.0,7.825,220308000.0,0.939,1.0,358139000.0,0.466,378436000.0,15281000.0,15034121000.0,,0.0,9379641000.0,,,11301013000.0,,,5511495244.0,-6066000.0,0.0,-51890000.0,10361000.0,-11519000.0,-51958000.0,-174992000.0,-381788000.0,220884000.0,0.0,119046000.0,119046000.0,119046000.0,0.0,0.0,0.155,161466000.0,196673000.0,156577000.0,0.097,1.64,11.369,11.532,28208000.0,0.0,23.48,1.768,1.768,66075000.0,2703060000.0,769022000.0,769022000.0,0.0,,,,,0.0,0.0,1.0,234731484.0,234731484.0,,3.276,14282283000.0,0.0,62346000.0,1050163000.0,60.845,
64,GL,MRQ,2005-06-30,2005-06-30,2005-06-30,2021-08-05,451223000.0,14651045000.0,,,,,14.746,-602000.0,11667000.0,11667000.0,418084000.0,132365000.0,,3.241,749644000.0,,,749644000.0,92980000.0,0.0,0.0,0.006,0.0,217896000.0,217896000.0,0.271,217896000.0,217896000.0,202546000.0,0.56,0.556,0.56,3455008000.0,,3455008000.0,6182983405.0,8.0,7.676,197653000.0,0.844,1.0,386713000.0,0.481,378436000.0,15350000.0,15010586000.0,,0.0,9446164000.0,,,11196037000.0,,,5435683405.0,2753000.0,0.0,-102731000.0,-7564000.0,-11537000.0,-116916000.0,-78586000.0,-132922000.0,198255000.0,0.0,132365000.0,132365000.0,132365000.0,0.0,0.0,0.164,168817000.0,217896000.0,156577000.0,0.0,1.573,11.097,11.395,28709000.0,0.0,23.2,1.741,1.741,66538000.0,2595567000.0,804797000.0,804797000.0,0.0,,,,,0.0,0.0,1.0,234296698.0,234296698.0,,3.435,14272609000.0,0.0,70181000.0,1072008000.0,60.917,
65,GL,MRQ,2005-03-31,2005-03-31,2005-03-31,2021-08-05,332700000.0,14166100000.0,,,,,13.712,-794000.0,8900000.0,8900000.0,424173000.0,117843000.0,,3.316,756200000.0,,,756200000.0,92400000.0,0.0,0.0,0.008,0.098,193873000.0,193873000.0,0.248,193873000.0,193873000.0,179137000.0,0.493,0.484,0.493,3282100000.0,,3282100000.0,6253061661.0,8.0,8.069,260309000.0,1.087,1.0,358821000.0,0.458,378400000.0,14736000.0,14535000000.0,,0.0,9182400000.0,,,10884000000.0,,,5553261661.0,-1737000.0,0.0,-171481000.0,50467000.0,-11875000.0,-132555000.0,-130285000.0,-238592000.0,261103000.0,0.0,117843000.0,117843000.0,117843000.0,0.0,0.0,0.151,164948000.0,193873000.0,156600000.0,0.199,1.692,11.715,11.946,29100000.0,0.0,23.2,1.802,1.802,76700000.0,2568400000.0,782994000.0,782994000.0,0.0,,,,,0.0,0.0,1.0,239364727.0,239364727.0,,3.271,13787700000.0,0.0,61294000.0,1010200000.0,57.601,
66,GL,MRQ,2004-12-31,2004-12-31,2004-12-31,2021-08-05,405916000.0,14252184000.0,,,,,14.059,-1328000.0,10651000.0,10651000.0,406785000.0,115511000.0,,3.167,710400000.0,,,710400000.0,93073000.0,0.0,0.0,0.008,0.049,190222000.0,190222000.0,0.25,190222000.0,190222000.0,175871000.0,0.476,0.467,0.476,3419844000.0,,3419844000.0,6849948065.0,9.0,8.895,166134000.0,0.683,1.0,354057000.0,0.465,378436000.0,14351000.0,14573497000.0,,0.0,9232439000.0,,,10832340000.0,,,6177255065.0,6521000.0,0.0,-34958000.0,37421000.0,-11940000.0,155000.0,-161096000.0,-321924000.0,167462000.0,0.0,115511000.0,115511000.0,115511000.0,0.0,0.0,0.152,163835000.0,190222000.0,156577000.0,0.103,1.806,13.184,13.416,0.0,0.0,25.396,2.011,2.011,73408000.0,2462513000.0,760842000.0,760842000.0,0.0,,,,,0.0,0.0,1.0,243241580.0,243241580.0,,3.128,13873748000.0,0.0,60360000.0,993540000.0,57.037,
67,GL,MRQ,2004-09-30,2004-09-30,2004-09-30,2021-08-05,400115000.0,13891472000.0,,,,,13.552,-510000.0,4130000.0,4130000.0,411713000.0,124132000.0,,3.154,676823000.0,,,676823000.0,93811000.0,0.0,0.0,0.006,0.0,203515000.0,203515000.0,0.263,203515000.0,203515000.0,189460000.0,0.507,0.498,0.507,3344050000.0,,3344050000.0,6520172505.0,9.0,8.539,203650000.0,0.825,1.0,362486000.0,0.468,378436000.0,14055000.0,14185729000.0,,0.0,9044947000.0,,,10547422000.0,,,5832052505.0,-1012000.0,0.0,-82180000.0,-21394000.0,-12113000.0,-106251000.0,-98921000.0,-226314000.0,204160000.0,0.0,124132000.0,124132000.0,124132000.0,0.0,0.0,0.16,158971000.0,203515000.0,156577000.0,0.0,1.744,12.539,12.694,29208000.0,0.0,23.636,1.907,1.907,81046000.0,2586343000.0,774199000.0,774199000.0,0.0,,,,,0.0,0.0,1.0,246749119.0,246749119.0,,3.138,13513036000.0,0.0,65328000.0,993598000.0,54.764,
68,GL,MRQ,2004-06-30,2004-06-30,2004-06-30,2021-08-05,240160000.0,13433115000.0,,,,,12.592,-761000.0,5142000.0,5142000.0,414647000.0,116561000.0,,3.26,693262000.0,,,693262000.0,96760000.0,0.0,0.0,0.008,0.049,187312000.0,187312000.0,0.245,187312000.0,187312000.0,173234000.0,0.467,0.462,0.467,3153507000.0,,3153507000.0,6738480238.0,9.0,9.128,181189000.0,0.723,1.0,349312000.0,0.457,378436000.0,14078000.0,13742799000.0,,0.0,8656274000.0,,,10279608000.0,,,5988433238.0,-14864000.0,0.0,-92665000.0,-69021000.0,-12308000.0,-157192000.0,-39622000.0,-17304000.0,181950000.0,0.0,116561000.0,116561000.0,116561000.0,0.0,0.0,0.153,162000000.0,187312000.0,156577000.0,0.105,1.899,13.341,13.448,29665000.0,0.0,23.911,1.987,1.987,86249000.0,2475128000.0,763959000.0,763959000.0,0.0,,,,,0.0,0.0,1.0,250445628.0,250445628.0,,3.05,13054679000.0,0.0,56673000.0,865819000.0,52.126,
69,GL,MRQ,2004-03-31,2004-03-31,2004-03-31,2021-08-05,500048000.0,13839861000.0,,,,,13.458,-1100000.0,19966000.0,19966000.0,412500000.0,112400000.0,,3.07,770013000.0,,,770013000.0,96825000.0,0.0,0.0,0.008,0.098,189100000.0,189100000.0,0.245,189100000.0,189100000.0,175100000.0,0.444,0.44,0.444,3400313000.0,,3400313000.0,6903327152.0,9.0,9.437,212400000.0,0.841,1.0,360000000.0,0.466,378436000.0,14000000.0,14211472000.0,,0.0,9110970000.0,,,10439548000.0,,,6040184152.0,7300000.0,0.0,-49300000.0,40900000.0,-12400000.0,-6600000.0,-199600000.0,-447300000.0,213500000.0,0.0,112400000.0,112400000.0,112400000.0,0.0,0.0,0.146,163800000.0,196200000.0,154639000.0,0.221,1.776,13.668,13.795,29927000.0,0.0,23.907,2.024,2.024,69851000.0,2372315000.0,772500000.0,772500000.0,0.0,,,,,0.0,0.0,1.0,252656894.0,252656894.0,,3.058,13461425000.0,0.0,62700000.0,995281000.0,53.279,
70,GL,MRQ,2003-12-31,2003-12-31,2003-12-31,2021-08-05,393100000.0,13465500000.0,,,,,12.724,1469000.0,12700000.0,12700000.0,400270000.0,112034000.0,,3.156,725800000.0,,,725800000.0,96600000.0,0.0,0.0,0.008,0.049,183623000.0,183623000.0,0.246,183623000.0,183623000.0,169680000.0,0.444,0.44,0.444,3240100000.0,,3240100000.0,6012156591.0,8.0,8.477,182548000.0,0.717,1.0,347323000.0,0.465,378400000.0,13943000.0,13800200000.0,,0.0,8689700000.0,,,10225400000.0,,,5154013591.0,2212000.0,0.0,-20842000.0,11506000.0,-12445000.0,-6118000.0,-172749000.0,-312999000.0,181079000.0,0.0,112034000.0,112034000.0,112034000.0,0.0,0.0,0.15,163700000.0,183623000.0,156600000.0,0.11,1.591,11.982,12.142,29800000.0,0.0,20.24,1.758,1.758,85400000.0,2273400000.0,747593000.0,747593000.0,0.0,,,,,0.0,0.0,1.0,254644940.0,254644940.0,,2.936,13087100000.0,0.0,57646000.0,905100000.0,51.394,
71,GL,MRQ,2003-09-30,2003-09-30,2003-09-30,2021-08-05,405693000.0,13217339000.0,,,,,12.349,-96000.0,10496000.0,10496000.0,395027000.0,107882000.0,,3.166,868639000.0,,,868639000.0,97477000.0,0.0,0.0,0.009,0.04,178213000.0,178213000.0,0.244,178213000.0,178213000.0,164226000.0,0.422,0.418,0.422,3173030000.0,,3173030000.0,5321236478.0,8.0,7.545,172079000.0,0.67,1.0,335452000.0,0.459,378436000.0,13987000.0,13697046000.0,,0.0,8561036000.0,,,10044309000.0,,,4641189478.0,2827000.0,0.0,-59667000.0,37480000.0,-10320000.0,39000.0,-169387000.0,-412130000.0,172175000.0,0.0,107882000.0,107882000.0,107882000.0,0.0,0.0,0.148,157239000.0,178213000.0,0.0,0.095,1.463,10.965,11.136,31725000.0,0.0,18.062,1.607,1.607,80011000.0,2340873000.0,730479000.0,730479000.0,0.0,,,,,0.0,0.0,1.0,256955618.0,256955618.0,,2.843,12838903000.0,0.0,56344000.0,911292000.0,49.965,
72,GL,MRQ,2003-06-30,2003-06-30,2003-06-30,2021-08-05,451744000.0,13096891000.0,,,,,12.186,-1067000.0,7669000.0,7669000.0,399370000.0,109592000.0,,3.07,687716000.0,,,687716000.0,97278000.0,0.0,0.0,0.01,0.04,180605000.0,180605000.0,0.246,180605000.0,180605000.0,166539000.0,0.422,0.422,0.422,3182774000.0,,3182774000.0,5079898792.0,7.0,7.082,163343000.0,0.625,1.0,335040000.0,0.456,378436000.0,14066000.0,13398502000.0,,0.0,8483809000.0,,,9769679000.0,,,4324176792.0,-4526000.0,0.0,-58126000.0,-80952000.0,-10440000.0,-95580000.0,-73356000.0,-143779000.0,164410000.0,0.0,109592000.0,109592000.0,109592000.0,0.0,0.0,0.149,154435000.0,180605000.0,0.0,0.095,1.359,9.992,10.12,32804000.0,0.0,16.556,1.502,1.502,69947000.0,2246170000.0,734410000.0,734410000.0,0.0,,,,,0.0,0.0,1.0,261191887.0,261191887.0,,2.812,12718455000.0,0.0,56947000.0,924674000.0,48.694,
73,GL,MRQ,2003-03-31,2003-03-31,2003-03-31,2021-08-05,252945000.0,12616386000.0,,,,,11.184,-550000.0,12195000.0,12195000.0,395405000.0,100633000.0,,3.239,767917000.0,,,767917000.0,95761000.0,0.0,0.0,0.01,0.04,166806000.0,166806000.0,0.232,166806000.0,166806000.0,152667000.0,0.382,0.378,0.382,2942348000.0,,2942348000.0,5076435340.0,8.0,7.958,222260000.0,0.845,1.0,323111000.0,0.45,378436000.0,14139000.0,12993672000.0,,0.0,8088961000.0,,,9529605000.0,,,4186146340.0,5014000.0,0.0,-76113000.0,12935000.0,-10645000.0,-33605000.0,-184191000.0,-341039000.0,222810000.0,0.0,100633000.0,100633000.0,100633000.0,0.0,0.0,0.14,156305000.0,166806000.0,0.0,0.105,1.423,10.848,11.019,32882000.0,0.0,15.911,1.506,1.506,68138000.0,2147314000.0,718516000.0,718516000.0,0.0,,,,,0.0,0.0,1.0,263095790.0,263095790.0,,2.731,12237950000.0,0.0,52034000.0,804834000.0,46.515,
74,GL,MRQ,2002-12-31,2002-12-31,2002-12-31,2021-08-05,176622000.0,12360722000.0,,,,,10.701,-689000.0,7181000.0,7181000.0,383496000.0,105159000.0,,3.284,897470000.0,,,897470000.0,95243000.0,0.0,0.0,0.01,0.04,179599000.0,179599000.0,0.255,179599000.0,179599000.0,156299000.0,0.396,0.396,0.396,2851453000.0,,2851453000.0,5052127719.0,8.0,7.939,141107000.0,0.53,1.0,321761000.0,0.456,378436000.0,23300000.0,12872575000.0,,0.0,7783751000.0,,,9364842000.0,,,4326423719.0,2592000.0,0.0,-11498000.0,23318000.0,-10668000.0,19829000.0,-159033000.0,-302971000.0,141796000.0,0.0,105159000.0,105159000.0,105159000.0,0.0,0.0,0.149,147842000.0,173919000.0,0.0,0.101,1.517,11.284,11.45,33431000.0,0.0,16.236,1.567,1.567,70419000.0,2316868000.0,705257000.0,705257000.0,0.0,,,,,0.0,0.0,1.0,266478329.0,266478329.0,,2.647,11982286000.0,0.0,51140000.0,720176000.0,44.965,
75,GL,MRQ,2002-09-30,2002-09-30,2002-09-30,2021-08-05,176622000.0,12360722000.0,,,,,10.632,-450000.0,7181000.0,7181000.0,377635000.0,117375000.0,,3.284,753043000.0,,,753043000.0,95243000.0,0.0,0.0,0.011,0.04,190304000.0,190304000.0,0.264,190304000.0,190304000.0,178843000.0,0.436,0.436,0.436,2851453000.0,,2851453000.0,4803396559.0,8.0,8.212,148447000.0,0.554,1.0,343878000.0,0.477,378436000.0,11461000.0,12728148000.0,,0.0,7783751000.0,,,9364842000.0,,,4083069559.0,1554000.0,0.0,-48025000.0,-4448000.0,-10776000.0,-41268000.0,-106075000.0,-210704000.0,148897000.0,0.0,117375000.0,117375000.0,117375000.0,0.0,0.0,0.163,151682000.0,192196000.0,0.0,0.092,1.432,11.299,11.535,33431000.0,0.0,15.227,1.511,1.511,70419000.0,2316868000.0,721513000.0,721513000.0,0.0,,,,,0.0,0.0,1.0,268152554.0,268195500.0,268888500.0,2.69,11982286000.0,0.0,61468000.0,720176000.0,44.677,
76,GL,MRQ,2002-06-30,2002-06-30,2002-06-30,2021-08-05,32178000.0,12091404000.0,,,,,9.387,-454000.0,3068000.0,3068000.0,382090000.0,62712000.0,,3.659,723395000.0,,,723395000.0,94712000.0,0.0,0.0,0.009,0.04,101191000.0,101191000.0,0.16,101191000.0,101191000.0,93961000.0,0.231,0.231,0.231,2564456000.0,,2564456000.0,5411007880.0,10.0,9.596,159880000.0,0.585,1.0,251390000.0,0.397,378436000.0,7230000.0,12433295000.0,,0.0,7236909000.0,,,9382531000.0,,,4638227880.0,-1457000.0,0.0,-79850000.0,-59231000.0,-10994000.0,-143790000.0,-18001000.0,-1532000.0,160334000.0,0.0,62712000.0,62712000.0,62712000.0,0.0,0.0,0.099,149228000.0,102162000.0,0.0,0.173,1.809,13.336,13.55,34309000.0,0.0,16.978,1.739,1.739,74975000.0,2116857000.0,633480000.0,633480000.0,0.0,,,,,0.0,0.0,1.0,273194050.0,273194050.0,,2.319,11712968000.0,0.0,31249000.0,613348000.0,42.874,
77,GL,MRQ,2002-03-31,2002-03-31,2002-03-31,2021-08-05,-81003000.0,12284369000.0,,,,,9.016,-607000.0,4525000.0,4525000.0,380879000.0,98154000.0,,3.897,777305000.0,,,777305000.0,93547000.0,0.0,0.0,0.009,0.04,155639000.0,155639000.0,0.226,155639000.0,155639000.0,148321000.0,0.356,0.356,0.356,2478956000.0,,2478956000.0,5660029640.0,9.0,9.417,199166000.0,0.724,1.0,308792000.0,0.448,378436000.0,7318000.0,12678713000.0,,0.0,7114961000.0,,,9661001000.0,,,4923554640.0,811000.0,0.0,-37727000.0,37761000.0,-11062000.0,-13571000.0,-185391000.0,-374093000.0,199773000.0,0.0,98154000.0,98154000.0,98154000.0,0.0,0.0,0.142,152148000.0,156644000.0,0.0,0.112,1.986,13.743,13.99,35043000.0,0.0,17.907,1.808,1.808,74874000.0,2065153000.0,689671000.0,689671000.0,0.0,,,,,0.0,0.0,1.0,274956514.0,274956514.0,,2.508,11905933000.0,0.0,50167000.0,577218000.0,43.301,
78,GL,MRQ,2001-12-31,2001-12-31,2001-12-31,2021-08-05,-12314000.0,12428153000.0,,,,,8.938,-514000.0,3714000.0,3714000.0,365914000.0,83126000.0,,3.919,884746000.0,,,884746000.0,93624000.0,0.0,0.0,0.009,0.04,137771000.0,137771000.0,0.209,137771000.0,137771000.0,127779000.0,0.298,0.404,0.298,2497127000.0,,2497127000.0,5571781886.0,9.0,9.171,117262000.0,0.42,1.0,291819000.0,0.444,378436000.0,9992000.0,12930749000.0,,0.0,7104374000.0,,,9786469000.0,,,4883815886.0,-5829000.0,0.0,-74610000.0,186962000.0,-11235000.0,-11622000.0,-111983000.0,-331622000.0,117776000.0,0.0,83126000.0,83126000.0,83126000.0,-3280000.0,0.0,0.126,151125000.0,140694000.0,0.0,0.134,1.956,13.699,13.796,36137000.0,0.0,17.48,1.803,1.803,67549000.0,1978903000.0,657733000.0,657733000.0,0.0,,,,,13958000.0,0.0,1.0,279394502.0,279394502.0,,2.354,12049717000.0,0.0,44653000.0,580287000.0,43.128,
79,GL,MRQ,2001-09-30,2001-09-30,2001-09-30,2021-08-05,23365000.0,12187430000.0,,,,,9.0,-594000.0,9543000.0,9543000.0,363036000.0,103815000.0,,3.765,697509000.0,,,697509000.0,92349000.0,0.0,0.0,0.009,0.04,169261000.0,169261000.0,0.246,169261000.0,169261000.0,158839000.0,0.369,0.364,0.369,2535176000.0,,2535176000.0,5531371073.0,9.0,8.866,255481000.0,0.907,1.0,323654000.0,0.471,381454000.0,10422000.0,12493942000.0,,0.0,7027895000.0,,,9545850000.0,,,4872473073.0,4473000.0,0.0,-42329000.0,33188000.0,-10873000.0,-65068000.0,-186534000.0,-305901000.0,256075000.0,0.0,103815000.0,103815000.0,103815000.0,0.0,0.0,0.151,152566000.0,171088000.0,0.0,0.108,1.922,13.331,13.447,36732000.0,0.0,17.333,1.81,1.814,75684000.0,1930845000.0,686690000.0,686690000.0,0.0,,,,,0.0,0.0,1.0,281104216.0,281677500.0,283551750.0,2.438,11805976000.0,0.0,55024000.0,632122000.0,41.913,
80,GL,MRQ,2001-06-30,2001-06-30,2001-06-30,2021-08-05,-77215000.0,12503436000.0,,,,,8.402,-520000.0,5070000.0,5070000.0,366807000.0,73174000.0,,4.211,663968000.0,,,663968000.0,92743000.0,0.0,0.0,0.009,0.04,138360000.0,138360000.0,0.201,138360000.0,138360000.0,126600000.0,0.258,0.258,0.258,2371528000.0,,2371528000.0,5704723214.0,9.0,9.244,37548000.0,0.133,1.0,322223000.0,0.468,384473000.0,11760000.0,12777861000.0,,0.0,6684712000.0,,,9986833000.0,,,5044412214.0,-782000.0,0.0,-37085000.0,-2236000.0,-11703000.0,-114713000.0,75863000.0,33468000.0,38068000.0,0.0,73174000.0,73174000.0,73174000.0,0.0,0.0,0.106,154738000.0,167485000.0,0.0,0.155,2.127,14.034,14.161,37351000.0,0.0,17.871,1.907,1.907,79054000.0,1838567000.0,689030000.0,689030000.0,0.0,,,,,0.0,0.0,1.0,282266289.0,282266289.0,,2.441,12118963000.0,0.0,53426000.0,516699000.0,42.935,
81,GL,MRQ,2001-03-31,2001-03-31,2001-03-31,2021-08-05,-59034000.0,12801747000.0,,,,,8.338,-905000.0,5852000.0,5852000.0,358879000.0,96398000.0,,4.334,666163000.0,,,666163000.0,92056000.0,0.0,0.0,0.009,0.04,162159000.0,162159000.0,0.24,162159000.0,162159000.0,149592000.0,0.338,0.338,0.338,2363735000.0,,2363735000.0,5552654249.0,9.0,8.953,204863000.0,0.723,1.0,315887000.0,0.468,387492000.0,12567000.0,13074566000.0,,0.0,6805495000.0,,,10244597000.0,,,4892606249.0,-29237000.0,0.0,-14058000.0,-29043000.0,-11377000.0,-59634000.0,-175371000.0,-242800000.0,205768000.0,0.0,96398000.0,96398000.0,96398000.0,3280000.0,0.0,0.143,148042000.0,167845000.0,0.0,0.118,2.07,13.239,13.347,38105000.0,0.0,17.258,1.903,1.903,78671000.0,2305147000.0,674766000.0,674766000.0,0.0,,,,,0.0,0.0,1.0,283501521.0,283501521.0,,2.38,12414255000.0,0.0,53194000.0,518563000.0,43.789,
82,GL,MRQ,2000-12-31,2000-12-31,2000-12-31,2021-08-05,-148406000.0,12962558000.0,,,,,7.753,783000.0,35089000.0,35089000.0,338996000.0,92123000.0,,4.798,695137000.0,,,695137000.0,90310000.0,0.0,0.0,0.009,0.04,154124000.0,154124000.0,0.24,154124000.0,154124000.0,140968000.0,0.324,0.324,0.324,2202360000.0,,2202360000.0,5521744033.0,9.0,9.091,139585000.0,0.491,1.0,302194000.0,0.471,390509000.0,13156000.0,13232097000.0,,0.0,6471203000.0,,,10566803000.0,,,4853059033.0,22921000.0,0.0,-24471000.0,14036000.0,-11428000.0,-20512000.0,-95369000.0,-174879000.0,138802000.0,0.0,92123000.0,92123000.0,92123000.0,0.0,0.0,0.144,145600000.0,156594000.0,0.0,0.123,2.204,13.405,13.581,38694000.0,0.0,17.084,1.929,1.929,74960000.0,2220671000.0,641190000.0,641190000.0,0.0,,,,,3163000.0,0.0,1.0,284063029.0,284063029.0,,2.257,12572049000.0,0.0,48845000.0,423327000.0,44.258,
83,GL,MRQ,2000-09-30,2000-09-30,2000-09-30,2021-08-05,-182869000.0,12862439000.0,,,,,7.347,-1217000.0,12168000.0,12168000.0,335692000.0,97736000.0,,5.009,680853000.0,,,680853000.0,90223000.0,0.0,0.0,0.013,0.04,162508000.0,162508000.0,0.254,162508000.0,162508000.0,149156000.0,0.342,0.342,0.342,2108428000.0,,2108428000.0,4242831449.0,7.0,7.429,132573000.0,0.462,1.0,304862000.0,0.476,393528000.0,13352000.0,13137596000.0,,0.0,6307491000.0,,,10560634000.0,,,3547001449.0,-4780000.0,0.0,-17836000.0,-32191000.0,-11302000.0,-58114000.0,-80456000.0,-167865000.0,133790000.0,0.0,97736000.0,97736000.0,97736000.0,0.0,0.0,0.153,139674000.0,165188000.0,0.0,0.117,1.682,10.467,10.573,39419000.0,0.0,12.36,1.441,1.441,69570000.0,2145096000.0,640554000.0,640554000.0,0.0,,,,,0.0,0.0,1.0,286974227.0,286974227.0,,2.232,12468911000.0,0.0,51420000.0,384713000.0,43.45,
84,GL,MRQ,2000-06-30,2000-06-30,2000-06-30,2021-08-05,-209323000.0,12611488000.0,,,,,6.982,-4193000.0,16948000.0,16948000.0,333274000.0,83294000.0,,5.169,712778000.0,,,712778000.0,90064000.0,0.0,0.0,0.015,0.04,141400000.0,141400000.0,0.23,141400000.0,141400000.0,127231000.0,0.289,0.289,0.289,2013105000.0,,2013105000.0,3931736843.0,7.0,7.373,102342000.0,0.355,1.0,281859000.0,0.458,396547000.0,14169000.0,12910771000.0,,0.0,6179421000.0,,,10405024000.0,,,3164077843.0,6474000.0,0.0,-37692000.0,-65387000.0,-11213000.0,-110947000.0,10886000.0,55529000.0,106535000.0,0.0,83294000.0,83294000.0,83294000.0,0.0,0.0,0.135,137916000.0,143943000.0,0.0,0.138,1.572,10.062,10.246,40460000.0,0.0,10.973,1.326,1.326,60857000.0,2058704000.0,615133000.0,615133000.0,0.0,,,,,0.0,0.0,1.0,288342452.0,288342452.0,,2.133,12214941000.0,0.0,43937000.0,356862000.0,42.363,
85,GL,MRQ,2000-03-31,2000-03-31,2000-03-31,2021-08-05,-157411000.0,12841942000.0,,,,,6.953,-615000.0,10474000.0,10474000.0,331520000.0,88882000.0,,5.228,778133000.0,,,778133000.0,92192000.0,0.0,0.0,0.016,0.04,149331000.0,149331000.0,0.241,149331000.0,149331000.0,135521000.0,0.302,0.302,0.302,2030889000.0,,2030889000.0,3777983162.0,8.0,8.239,142914000.0,0.489,1.0,287497000.0,0.464,399565000.0,13810000.0,13210036000.0,,0.0,6283527000.0,,,10617712000.0,,,3002475162.0,-3967000.0,0.0,-57123000.0,-11848000.0,-12479000.0,-78845000.0,-68651000.0,-169179000.0,143529000.0,0.0,88882000.0,88882000.0,88882000.0,0.0,0.0,0.144,135777000.0,151720000.0,0.0,0.132,1.478,11.27,11.448,37884000.0,0.0,10.28,1.318,1.318,48870000.0,1987239000.0,619017000.0,619017000.0,0.0,,,,,0.0,0.0,1.0,292069568.0,292069568.0,,2.119,12442377000.0,0.0,46639000.0,362101000.0,42.601,
86,GL,MRQ,1999-12-31,1999-12-31,1999-12-31,2021-08-05,-174222000.0,12131664000.0,,,,,6.735,-803000.0,14441000.0,14441000.0,315270000.0,68964000.0,,4.989,789949000.0,,,789949000.0,85344000.0,0.0,0.0,0.012,0.04,117908000.0,117908000.0,0.201,117908000.0,117908000.0,104220000.0,0.236,0.231,0.236,1993337000.0,,1993337000.0,4587379509.0,10.0,9.959,215949000.0,0.73,1.0,271108000.0,0.462,402584000.0,13688000.0,12504588000.0,,0.0,6187810000.0,,,9945003000.0,,,3822453509.0,5368000.0,0.0,-10706000.0,15922000.0,-11828000.0,9580000.0,-220964000.0,-413357000.0,216752000.0,0.0,68964000.0,68964000.0,68964000.0,0.0,0.0,0.118,150913000.0,120195000.0,0.0,0.169,1.918,13.953,14.1,38761000.0,0.0,12.916,1.716,1.716,53458000.0,1910487000.0,586378000.0,586378000.0,0.0,,,,,0.0,0.0,1.0,295957343.0,295957343.0,,1.981,11729080000.0,0.0,35256000.0,309271000.0,39.631,
87,GL,MRQ,1999-09-30,1999-09-30,1999-09-30,2021-08-05,-101357000.0,11382555000.0,,,,,6.716,-953000.0,9073000.0,9073000.0,309113000.0,73312000.0,,4.566,773999000.0,,,773999000.0,89122000.0,0.0,0.0,0.258,0.04,124658000.0,124658000.0,0.22,124658000.0,124658000.0,111331000.0,0.244,0.244,0.244,2010355000.0,,2010355000.0,4199258467.0,9.0,9.047,101488000.0,0.339,1.0,256666000.0,0.454,405602000.0,13327000.0,11741879000.0,,0.0,6115323000.0,,,9178893000.0,,,3443273467.0,-4674000.0,0.0,-54625000.0,4239000.0,-12003000.0,-41769000.0,-65346000.0,-96273000.0,102441000.0,0.0,73312000.0,73312000.0,73312000.0,0.0,0.0,0.13,129651000.0,127015000.0,0.0,0.164,1.713,12.349,12.626,39843000.0,0.0,11.502,1.579,1.579,140250000.0,1875824000.0,565779000.0,565779000.0,0.0,,,,,0.0,0.0,1.0,299357237.0,299357237.0,,1.89,10976953000.0,0.0,38019000.0,341256000.0,36.668,
88,GL,MRQ,1999-06-30,1999-06-30,1999-06-30,2021-08-05,-44321000.0,11300258000.0,,,,,6.866,2471000.0,13747000.0,13747000.0,308718000.0,35246000.0,,4.391,769732000.0,,,769732000.0,90631000.0,0.0,0.0,0.198,0.04,66636000.0,66636000.0,0.131,66636000.0,66636000.0,53886000.0,0.116,0.12,0.116,2060235000.0,,2060235000.0,5332943224.0,14.0,13.516,72937000.0,0.243,1.0,198510000.0,0.391,408621000.0,12750000.0,11647622000.0,,0.0,6166192000.0,,,9046732000.0,,,4551669224.0,5332000.0,0.0,-8790000.0,-19985000.0,-12017000.0,-13289000.0,-51845000.0,-104231000.0,70466000.0,0.0,35246000.0,35246000.0,35246000.0,1060000.0,0.0,0.069,128589000.0,69921000.0,0.0,0.345,2.209,20.684,21.335,40392000.0,0.0,15.169,2.14,2.14,137332000.0,1814666000.0,507228000.0,507228000.0,0.0,,,,,0.0,0.0,1.0,300066093.0,300066093.0,,1.69,10891637000.0,0.0,18640000.0,381190000.0,36.297,
89,GL,MRQ,1999-03-31,1999-03-31,1999-03-31,2021-08-05,58187000.0,11330004000.0,,,,,7.089,-1118000.0,8415000.0,8415000.0,303446000.0,96434000.0,,4.185,789689000.0,,,789689000.0,87456000.0,0.0,0.0,0.215,0.04,151415000.0,151415000.0,0.267,151415000.0,151415000.0,138839000.0,0.316,0.316,0.316,2147944000.0,,2147944000.0,4993433604.0,11.0,11.003,120836000.0,0.399,1.0,264064000.0,0.465,411639000.0,12576000.0,11699639000.0,,0.0,6366459000.0,,,8988785000.0,,,4259539604.0,3495000.0,0.0,-110593000.0,50847000.0,-12327000.0,-69438000.0,-49021000.0,-135342000.0,121954000.0,0.0,96434000.0,96434000.0,96434000.0,0.0,0.0,0.17,126446000.0,137618000.0,0.0,0.127,1.983,17.179,17.661,38903000.0,0.0,14.058,1.958,1.958,132894000.0,1791620000.0,567510000.0,567510000.0,0.0,,,,,0.0,0.0,1.0,303002343.0,303002343.0,,1.873,10918365000.0,0.0,42405000.0,456028000.0,36.034,
90,GL,MRQ,1998-12-31,1998-12-31,1998-12-31,2021-08-05,144501000.0,11249028000.0,,,,,7.16,-2374000.0,4920000.0,4920000.0,286209000.0,73835000.0,,3.893,738814000.0,,,738814000.0,85923000.0,0.0,0.0,0.19,2.851,121469000.0,121469000.0,0.225,121469000.0,121469000.0,110935000.0,0.236,0.227,0.236,2259528000.0,,2259528000.0,5692234550.0,13.0,12.508,108015000.0,0.342,1.0,254316000.0,0.47,414658000.0,10534000.0,11568264000.0,,0.0,6444101000.0,,,8796241000.0,,,4952756550.0,2334000.0,145992000.0,-125482000.0,-3276000.0,-18857000.0,-269784000.0,161729000.0,17956000.0,110389000.0,0.0,73835000.0,73835000.0,73835000.0,-3956000.0,0.0,0.137,125500000.0,128816000.0,0.0,12.081,2.192,20.262,20.171,39080000.0,0.0,15.693,2.295,2.295,130279000.0,1707933000.0,540525000.0,540525000.0,0.0,,,,,0.0,0.0,1.0,315596212.0,315596212.0,,1.713,10834370000.0,0.0,37100000.0,511311000.0,34.33,
91,GL,MRQ,1998-09-30,1998-09-30,1998-09-30,2021-08-05,178634000.0,11277140000.0,,,,,8.013,-1917000.0,2586000.0,2586000.0,285217000.0,14546000.0,,3.343,742064000.0,,,742064000.0,86755000.0,0.0,0.0,0.017,0.067,55059000.0,55059000.0,0.108,55059000.0,55059000.0,42078000.0,0.044,0.164,0.044,2528902000.0,,2528902000.0,5839481923.0,12.0,12.081,83106000.0,0.263,1.0,226054000.0,0.442,417677000.0,12981000.0,11598941000.0,,0.0,7091438000.0,,,8454059000.0,,,5041021923.0,-2041000.0,9820000.0,837000.0,-70461000.0,-21118000.0,-73534000.0,-13530000.0,-55929000.0,85023000.0,0.0,14546000.0,14546000.0,14546000.0,-13924000.0,0.0,0.028,126019000.0,100035000.0,0.0,1.523,1.993,19.134,19.107,37838000.0,0.0,15.973,2.344,2.344,128230000.0,1818693000.0,511271000.0,511271000.0,0.0,,,,,0.0,0.0,1.0,315589853.0,315589853.0,,1.62,10859463000.0,0.0,27532000.0,508077000.0,34.41,
92,GL,MRQ,1998-06-30,1998-06-30,1998-06-30,2021-08-05,132181000.0,11323146000.0,,,,,7.882,-474000.0,14039000.0,14039000.0,291826000.0,63142000.0,,3.435,812499000.0,,,812499000.0,83514000.0,0.0,0.0,0.01,0.067,125886000.0,125886000.0,0.226,125886000.0,125886000.0,111414000.0,0.2,0.164,0.2,2487286000.0,,2487286000.0,7201750011.0,12.0,12.47,77402000.0,0.245,1.0,264222000.0,0.475,518075000.0,14472000.0,11603531000.0,,0.0,6636689000.0,,,8544698000.0,,,6416587011.0,3985000.0,0.0,681000.0,-18515000.0,-21669000.0,110883000.0,-184774000.0,-418095000.0,77876000.0,0.0,63142000.0,63142000.0,63142000.0,0.0,0.0,0.114,125894000.0,138328000.0,0.0,0.335,2.58,18.768,18.672,49079000.0,0.0,20.333,2.96,2.96,157984000.0,1824392000.0,556048000.0,556048000.0,0.0,,,,,0.0,0.0,1.0,315569853.0,315569853.0,,1.762,10805071000.0,0.0,48272000.0,465240000.0,34.24,
93,GL,MRQ,1998-03-31,1998-03-31,1998-03-31,2021-08-05,143353000.0,11833415000.0,,,,,7.733,-372000.0,44181000.0,44181000.0,287024000.0,92918000.0,,3.771,829344000.0,,,829344000.0,84121000.0,0.0,0.0,0.013,0.0,152690000.0,152690000.0,0.278,152690000.0,152690000.0,134352000.0,0.293,0.244,0.293,2439661000.0,,2439661000.0,7334903829.0,13.0,12.518,115814000.0,0.367,1.0,263008000.0,0.478,521818000.0,18338000.0,12096760000.0,,0.0,7213806000.0,,,9200540000.0,,,6423453829.0,-10443000.0,0.0,2046000.0,-82236000.0,-20957000.0,392134000.0,-518763000.0,-936790000.0,116186000.0,0.0,92918000.0,92918000.0,92918000.0,0.0,0.0,0.169,126871000.0,136137000.0,0.0,0.0,2.633,18.18,18.034,49001000.0,0.0,20.36,2.966,2.966,146372000.0,1765787000.0,550032000.0,550032000.0,0.0,,,,,0.0,0.0,1.0,315493803.0,315493803.0,,1.743,11311597000.0,0.0,41434000.0,451562000.0,35.854,
94,GL,MRQ,1997-12-31,1997-12-31,1997-12-31,2021-08-05,136926000.0,11127648000.0,,,,,6.126,-813000.0,11085000.0,11085000.0,276711000.0,92851000.0,,4.657,911450000.0,,,911450000.0,83722000.0,0.0,0.0,0.014,0.133,149729000.0,149729000.0,0.281,149729000.0,149729000.0,131410000.0,0.298,0.227,0.298,1932736000.0,,1932736000.0,,,,66107000.0,0.21,1.0,256106000.0,0.481,426732000.0,18319000.0,11601281000.0,,0.0,6564316000.0,,,9001713000.0,,,5915859355.0,8649000.0,43201000.0,1171000.0,59489000.0,-47049000.0,28513000.0,-86784000.0,-305733000.0,66920000.0,0.0,92851000.0,92851000.0,92851000.0,-20259000.0,0.0,0.174,128647000.0,127459000.0,0.0,0.446,3.061,17.516,17.362,37100000.0,0.0,18.751,2.856,2.856,116506000.0,1694781000.0,532817000.0,532817000.0,0.0,,,,,0.0,0.0,1.0,315493803.0,315493803.0,,1.689,10700916000.0,0.0,38559000.0,416665000.0,33.918,
95,GL,MRQ,1997-09-30,1997-09-30,1997-09-30,2021-08-05,,,,,,,,-643000.0,,,279311000.0,92974000.0,,,,,,,,0.0,,0.015,0.0,149224000.0,149224000.0,0.282,149224000.0,149224000.0,131839000.0,0.298,0.231,0.298,,,,,,,101533000.0,,1.0,249489000.0,0.472,,17385000.0,,,,,,,,,,,11855000.0,35582000.0,-48339000.0,-20161000.0,-17346000.0,-65810000.0,-24511000.0,-130294000.0,102176000.0,0.0,92974000.0,92974000.0,92974000.0,-19281000.0,0.0,0.176,121553000.0,127936000.0,,0.0,,,,,0.0,17.444,,,,,528800000.0,528800000.0,0.0,,,,,0.0,0.0,1.0,,,,,,,38865000.0,,,
96,GL,MRQ,1997-06-30,1997-06-30,1997-06-30,2021-08-05,,,,,,,,-2562000.0,,,279797000.0,74590000.0,,,,,,,,0.0,,0.02,0.129,134298000.0,134298000.0,0.242,134298000.0,134298000.0,116013000.0,0.24,0.236,0.24,,,,,,,108714000.0,,1.0,274189000.0,0.495,,18285000.0,,,,,,,,,,,2114000.0,-9098000.0,-51200000.0,-7801000.0,-20298000.0,-52334000.0,-56828000.0,-154612000.0,111276000.0,0.0,74590000.0,74590000.0,74590000.0,0.0,0.0,0.135,141619000.0,132570000.0,,0.537,,,,,0.0,15.833,,,,,553986000.0,553986000.0,0.0,,,,,0.0,12157000.0,1.0,,,,,,,41423000.0,,,
97,GL,MRQ,1997-03-31,1997-03-31,1997-03-31,2021-08-05,,,,,,,,-779000.0,,,273081000.0,77328000.0,,,,,,,,0.0,,0.021,0.0,138658000.0,138658000.0,0.249,138658000.0,138658000.0,120784000.0,0.244,0.244,0.244,,,,,,,128913000.0,,1.0,283801000.0,0.51,,17874000.0,,,,,,,,,,,-14049000.0,25502000.0,9438000.0,46526000.0,-22404000.0,50474000.0,-194215000.0,-296750000.0,129692000.0,0.0,77328000.0,77328000.0,77328000.0,0.0,0.0,0.139,146236000.0,137565000.0,,0.0,,,,,0.0,12.307,,,,,556882000.0,556882000.0,0.0,,,,,0.0,12327000.0,1.0,,,,,,,43456000.0,,,
98,GL,MRQ,1996-12-31,1996-12-31,1996-12-31,2021-08-05,46581000.0,9800800000.0,,,,,,,0.0,0.0,,,,4.897,832790000.0,,,832790000.0,83670000.0,,0.0,0.029,0.129,,,,,,,,,,1629343000.0,,1629343000.0,,,,,,1.0,,,540540000.0,,10093050000.0,,0.0,6027571000.0,,,7978312000.0,,,,,,,,,,,,,,,,,,,,,,0.0,,,,11.534,50323000.0,,11.222,,,112291000.0,1549391000.0,,,,,,,,,,1.0,,,,,9260260000.0,0.0,,340287000.0,,
0,GL,MRT,2021-06-30,2021-06-30,2021-06-30,2021-08-05,2750279000.0,29580057000.0,28695394250.0,,,0.173,83.616,-45338000.0,138072000.0,138072000.0,2721429000.0,771320000.0,,2.433,2246062000.0,,,2246062000.0,70550000.0,0.0,0.0,0.008,0.76,1031589000.0,1031589000.0,0.208,1031589000.0,1031589000.0,945559000.0,7.35,7.35,7.35,8616922000.0,8361314750.0,8616922000.0,11677569159.0,11.0,11.32,1363833000.0,13.234,1.0,2240225000.0,0.452,441591000.0,86030000.0,31246456000.0,30170015000.0,0.0,22754978000.0,,,20963135000.0,,,9815832159.0,24041000.0,0.0,-475825000.0,140571000.0,-79542000.0,-473587000.0,-896475000.0,-1775218000.0,1409171000.0,-15068000.0,771320000.0,771320000.0,771320000.0,0.0,0.0,0.155,1208636000.0,1031589000.0,0.0,0.103,1.139,12.726,12.959,0.0,0.0,95.25,1.978,1.978,484392000.0,6185966000.0,4961654000.0,4961654000.0,0.0,0.027,0.092,0.034,0.208,0.0,0.0,1.0,103053356.0,103053356.0,,48.146,29138466000.0,0.0,174239000.0,1773524000.0,282.751,
1,GL,MRT,2021-03-31,2021-03-31,2021-03-31,2021-08-05,2024515000.0,28112896000.0,28183925000.0,,,0.173,75.833,-47969000.0,81504000.0,81504000.0,2677634000.0,744750000.0,,2.589,1943241000.0,,,1943241000.0,68817000.0,0.0,0.0,0.008,0.75,999631000.0,999631000.0,0.205,999631000.0,999631000.0,912557000.0,7.04,7.05,7.04,7832337000.0,8169176500.0,7832337000.0,11808232135.0,12.0,11.813,1456741000.0,14.104,1.0,2193793000.0,0.45,441591000.0,87074000.0,29533042000.0,29628835500.0,0.0,21452296000.0,,,20280559000.0,,,9980275135.0,-8866000.0,0.0,-345848000.0,135948000.0,-79115000.0,-356103000.0,-1139740000.0,-2291095000.0,1504710000.0,-17733000.0,744750000.0,744750000.0,744750000.0,0.0,0.0,0.153,1194162000.0,999631000.0,0.0,0.107,1.274,13.401,13.726,0.0,0.0,96.63,2.049,2.049,477596000.0,6020552000.0,4871427000.0,4871427000.0,0.0,0.026,0.091,0.034,0.205,0.0,0.0,1.0,103283402.0,103283402.0,,47.166,27671305000.0,0.0,167807000.0,1586288000.0,267.916,
2,GL,MRT,2020-12-31,2020-12-31,2020-12-31,2021-08-05,3029244000.0,29046731000.0,27493679500.0,,,0.172,83.804,-41756000.0,94847000.0,94847000.0,2572884000.0,731773000.0,,2.312,1922804000.0,,,1922804000.0,61728000.0,0.0,0.0,0.008,0.735,983388000.0,983388000.0,0.208,983388000.0,983388000.0,896684000.0,6.82,6.9,6.82,8771092000.0,7841162750.0,8771092000.0,11805866425.0,12.0,12.005,1434678000.0,13.708,1.0,2165037000.0,0.457,441591000.0,86704000.0,30433097000.0,28901793750.0,0.0,22452651000.0,,,20275639000.0,,,9938703425.0,18914000.0,0.0,-395773000.0,272836000.0,-78192000.0,-274057000.0,-1181730000.0,-2111728000.0,1476434000.0,-1733000.0,731773000.0,731773000.0,731773000.0,0.0,0.0,0.154,1181649000.0,983388000.0,0.0,0.108,1.133,13.582,13.924,0.0,0.0,94.96,2.098,2.098,474180000.0,5874109000.0,4737921000.0,4737921000.0,0.0,0.027,0.093,0.034,0.208,0.0,0.0,1.0,104661999.0,104661999.0,,45.269,28605140000.0,0.0,164911000.0,1833723000.0,273.31,
3,GL,MRT,2020-09-30,2020-09-30,2020-09-30,2021-08-05,2550619000.0,28041893000.0,26726361750.0,,,0.174,77.22,-40944000.0,80101000.0,80101000.0,2504299000.0,714594000.0,,2.409,1947264000.0,,,1947264000.0,64703000.0,0.0,0.0,0.009,0.72,959585000.0,959585000.0,0.207,959585000.0,959585000.0,873788000.0,6.62,6.65,6.62,8224908000.0,7471966500.0,8224908000.0,10499512771.0,11.0,10.942,1371371000.0,12.875,1.0,2141257000.0,0.461,441591000.0,85797000.0,29467465000.0,28070435000.0,0.0,21615030000.0,,,19816985000.0,,,8510363771.0,13426000.0,0.0,-368821000.0,360600000.0,-77198000.0,-168080000.0,-1233202000.0,-2100202000.0,1412315000.0,2393000.0,714594000.0,714594000.0,714594000.0,0.0,0.0,0.154,1181672000.0,959585000.0,0.0,0.109,1.035,11.909,12.069,0.0,0.0,79.9,1.832,1.832,458359000.0,6002407000.0,4645556000.0,4645556000.0,0.0,0.027,0.096,0.034,0.207,0.0,0.0,1.0,106512688.0,106512688.0,,43.615,27600302000.0,0.0,159194000.0,1682060000.0,259.127,
4,GL,MRT,2020-06-30,2020-06-30,2020-06-30,2021-08-05,2231893000.0,27534180000.0,26163865000.0,,,0.176,73.737,-40694000.0,114031000.0,114031000.0,2439015000.0,727467000.0,,2.508,2103180000.0,,,2103180000.0,68397000.0,0.0,0.0,0.009,0.705,974797000.0,974797000.0,0.212,974797000.0,974797000.0,889580000.0,6.68,6.72,6.68,7848369000.0,7243872250.0,7848369000.0,9615446076.0,10.0,9.864,1405845000.0,13.208,1.0,2152778000.0,0.469,441591000.0,85217000.0,29081738000.0,27420604750.0,0.0,21204699000.0,,,19685811000.0,,,7900894076.0,24712000.0,0.0,-335111000.0,490939000.0,-76077000.0,-12334000.0,-1413612000.0,-2203225000.0,1446539000.0,4119000.0,727467000.0,727467000.0,727467000.0,0.0,0.0,0.158,1177981000.0,974797000.0,0.0,0.106,1.007,10.861,11.112,0.0,0.0,74.23,1.721,1.721,445539000.0,5838930000.0,4591793000.0,4591793000.0,0.0,0.028,0.1,0.036,0.212,0.0,0.0,1.0,106438018.0,106438018.0,,43.141,27092589000.0,0.0,162113000.0,1631817000.0,254.539,
5,GL,MRT,2020-03-31,2020-03-31,2020-03-31,2021-08-05,1066247000.0,25351914000.0,25494181250.0,,,0.178,60.635,-44504000.0,90370000.0,90370000.0,2377561000.0,740985000.0,,2.888,1804922000.0,,,1804922000.0,67868000.0,0.0,0.0,0.01,0.69,989892000.0,989892000.0,0.218,989892000.0,989892000.0,906056000.0,6.72,6.8,6.72,6520282000.0,6956879500.0,6520282000.0,9310966472.0,9.0,9.406,1239639000.0,11.528,1.0,2163809000.0,0.476,441591000.0,83836000.0,26624875000.0,26634016000.0,0.0,19108514000.0,,,18831632000.0,,,7739173472.0,23028000.0,0.0,-427023000.0,153749000.0,-75080000.0,-452298000.0,-815224000.0,-1310847000.0,1284143000.0,6407000.0,740985000.0,740985000.0,740985000.0,43000.0,0.0,0.163,1173874000.0,989935000.0,0.0,0.103,1.187,10.444,10.71,0.0,0.0,71.97,1.704,1.704,441740000.0,5686431000.0,4541370000.0,4541370000.0,0.0,0.029,0.107,0.037,0.218,0.0,0.0,1.0,107533326.0,107533326.0,,42.232,24910323000.0,0.0,165071000.0,1295024000.0,231.652,
6,GL,MRT,2019-12-31,2019-12-31,2019-12-31,2021-08-05,1844830000.0,25977460000.0,25189562250.0,,,0.18,67.36,-42203000.0,75933000.0,75933000.0,2357349000.0,760790000.0,,2.561,1647726000.0,,,1647726000.0,63709000.0,0.0,0.0,0.006,0.677,1015493000.0,1015493000.0,0.224,1015493000.0,1015493000.0,931187000.0,6.83,6.97,6.83,7294307000.0,6837665500.0,7294307000.0,12915177627.0,13.0,12.718,1321671000.0,12.205,1.0,2170183000.0,0.479,441591000.0,84306000.0,27107662000.0,26296418250.0,0.0,19847271000.0,,,18683153000.0,,,11397348627.0,-45093000.0,0.0,-376406000.0,-18485000.0,-74188000.0,-590508000.0,-809311000.0,-1495071000.0,1363874000.0,-9148000.0,760790000.0,760790000.0,760790000.0,92000.0,0.0,0.168,1154598000.0,1015585000.0,0.0,0.099,1.562,14.981,15.41,0.0,0.0,105.25,2.517,2.517,441662000.0,5551329000.0,4527532000.0,4527532000.0,0.0,0.03,0.111,0.039,0.224,0.0,0.0,1.0,108288348.0,108288348.0,,41.81,25535869000.0,0.0,170397000.0,1476832000.0,235.814,
7,GL,MRT,2019-09-30,2019-09-30,2019-09-30,2021-08-05,1943124000.0,25791906000.0,24469127750.0,,,0.182,67.025,-47842000.0,66675000.0,66675000.0,2331931000.0,738446000.0,,2.527,1584504000.0,,,1584504000.0,62586000.0,0.0,0.0,0.007,0.665,995159000.0,995159000.0,0.223,995159000.0,995159000.0,907745000.0,6.59,6.72,6.59,7312531000.0,6367883000.0,7312531000.0,11969134605.0,12.0,12.027,1322691000.0,12.123,1.0,2123762000.0,0.477,441591000.0,87414000.0,26868144000.0,25569037250.0,0.0,19759657000.0,,,18479375000.0,,,10447605605.0,-10764000.0,0.0,-399305000.0,-401741000.0,-73433000.0,-1009535000.0,-374943000.0,-1155810000.0,1370533000.0,3181000.0,738446000.0,738446000.0,738446000.0,81000.0,0.0,0.166,1128522000.0,995240000.0,0.0,0.101,1.429,14.148,14.531,0.0,0.0,95.76,2.345,2.345,432236000.0,5686636000.0,4455693000.0,4455693000.0,0.0,0.03,0.116,0.039,0.223,0.0,0.0,1.0,109101980.0,109101980.0,,40.84,25350315000.0,0.0,169299000.0,1498025000.0,232.354,
8,GL,MRT,2019-06-30,2019-06-30,2019-06-30,2021-08-05,1439250000.0,24855445000.0,23888523250.0,,,0.184,60.946,-48028000.0,89319000.0,89319000.0,2314095000.0,715352000.0,,2.71,1610848000.0,,,1610848000.0,66892000.0,0.0,0.0,0.007,0.653,969522000.0,969522000.0,0.22,969522000.0,969522000.0,880769000.0,6.32,6.46,6.32,6700398000.0,5924476500.0,6700398000.0,11417916366.0,12.0,11.777,1299736000.0,11.822,1.0,2084121000.0,0.474,441591000.0,88753000.0,25935383000.0,25083105250.0,0.0,18858006000.0,,,18155047000.0,,,9835279366.0,7089000.0,0.0,-390920000.0,109442000.0,-72667000.0,-496691000.0,-843338000.0,-1532175000.0,1347764000.0,-646000.0,715352000.0,715352000.0,715352000.0,57000.0,0.0,0.163,1114542000.0,969579000.0,0.0,0.103,1.468,13.749,14.155,0.0,0.0,89.46,2.236,2.236,425372000.0,5514517000.0,4398216000.0,4398216000.0,0.0,0.03,0.121,0.039,0.22,0.0,0.0,1.0,109940525.0,109940525.0,,40.005,24413854000.0,0.0,165417000.0,1351495000.0,222.064,
9,GL,MRT,2019-03-31,2019-03-31,2019-03-31,2021-08-05,870067000.0,24133438000.0,23394337250.0,,,0.186,54.822,-40141000.0,67342000.0,67342000.0,2293110000.0,713211000.0,,2.993,1649979000.0,,,1649979000.0,66924000.0,0.0,0.0,0.008,0.64,968680000.0,968680000.0,0.223,968680000.0,968680000.0,878948000.0,6.24,6.39,6.24,6043426000.0,5642279250.0,6043426000.0,10577871539.0,11.0,10.92,1278402000.0,11.597,1.0,2059421000.0,0.473,441591000.0,89732000.0,25274484000.0,24560264500.0,0.0,18136734000.0,,,18090012000.0,,,9033864539.0,-21273000.0,0.0,-388577000.0,141366000.0,-71923000.0,-457658000.0,-888108000.0,-1505200000.0,1318543000.0,5950000.0,713211000.0,713211000.0,713211000.0,-18000.0,0.0,0.164,1090759000.0,968662000.0,0.0,0.103,1.495,12.666,13.133,0.0,0.0,81.95,2.076,2.076,419610000.0,5364820000.0,4352531000.0,4352531000.0,0.0,0.03,0.126,0.039,0.223,0.0,0.0,1.0,110236297.0,110236297.0,,39.484,23691847000.0,0.0,165737000.0,1225497000.0,214.919,
10,GL,MRT,2018-12-31,2018-12-31,2018-12-31,2021-08-05,319475000.0,23095722000.0,23156563500.0,,,0.186,48.549,-45092000.0,121026000.0,121026000.0,2275242000.0,701466000.0,,3.265,1665033000.0,,,1665033000.0,61208000.0,0.0,0.0,0.008,0.63,953703000.0,953703000.0,0.222,953703000.0,953703000.0,863627000.0,6.09,6.22,6.09,5415177000.0,5586498000.0,5415177000.0,10209625236.0,11.0,10.705,1232555000.0,11.05,1.0,2028509000.0,0.471,441591000.0,90076000.0,24198138000.0,24278770500.0,0.0,17118544000.0,,,17680545000.0,,,8313106236.0,2463000.0,0.0,-385658000.0,192550000.0,-71421000.0,-391520000.0,-896223000.0,-1702674000.0,1277647000.0,12559000.0,701466000.0,701466000.0,701466000.0,44000.0,0.0,0.163,1074762000.0,953747000.0,0.0,0.103,1.535,11.851,12.238,0.0,0.0,74.53,1.932,1.932,415157000.0,5213468000.0,4303751000.0,4303751000.0,0.0,0.03,0.126,0.039,0.222,0.0,0.0,1.0,111540403.0,111540403.0,,38.585,22654131000.0,0.0,162161000.0,1047737000.0,203.102,
11,GL,MRT,2018-09-30,2018-09-30,2018-09-30,2021-08-05,477624000.0,23469488000.0,23251379250.0,,,0.185,49.15,-34133000.0,77439000.0,77439000.0,2268587000.0,1564095000.0,,3.237,1973958000.0,,,1973958000.0,62139000.0,0.0,0.0,0.007,0.62,964495000.0,964495000.0,0.225,964495000.0,964495000.0,876322000.0,13.3,13.55,13.3,5538905000.0,5790559000.0,5538905000.0,11176299199.0,12.0,11.588,1246372000.0,11.06,1.0,2027326000.0,0.472,441591000.0,88173000.0,24924416000.0,24323010750.0,0.0,17599988000.0,,,17930583000.0,,,9769389199.0,-11023000.0,0.0,-354466000.0,529036000.0,-70780000.0,-8791000.0,-1283725000.0,-1860434000.0,1280505000.0,988000.0,1564095000.0,1564095000.0,1564095000.0,85000.0,0.0,0.364,1062746000.0,964580000.0,0.0,0.047,1.764,6.246,6.518,0.0,0.0,86.69,2.274,2.274,406907000.0,5267964000.0,4295913000.0,4295913000.0,0.0,0.067,0.27,0.04,0.225,0.0,0.0,1.0,112693381.0,112693381.0,,38.12,23027897000.0,0.0,-687773000.0,1072856000.0,204.341,
12,GL,MRT,2018-06-30,2018-06-30,2018-06-30,2021-08-05,603499000.0,22878701000.0,23132409000.0,,,0.184,49.064,-30923000.0,82230000.0,82230000.0,2251950000.0,1538705000.0,,3.106,1489140000.0,,,1489140000.0,66872000.0,0.0,0.0,0.006,0.46,963276000.0,963276000.0,0.226,963276000.0,963276000.0,876566000.0,13.04,13.28,13.04,5571609000.0,5697754000.0,5571609000.0,10652431940.0,11.0,11.059,1275599000.0,11.233,1.0,2006176000.0,0.471,441591000.0,86710000.0,23844020000.0,24067747250.0,0.0,17072719000.0,,,17307092000.0,,,9244675940.0,-15422000.0,0.0,-361225000.0,45973000.0,-70144000.0,-490696000.0,-829485000.0,-1547791000.0,1306522000.0,-1763000.0,1538705000.0,1538705000.0,1538705000.0,121000.0,0.0,0.361,1042779000.0,963397000.0,0.0,0.035,1.659,6.008,6.243,0.0,0.0,81.41,2.171,2.171,407676000.0,5115071000.0,4258126000.0,4258126000.0,0.0,0.067,0.27,0.04,0.226,0.0,0.0,1.0,113557007.0,113557007.0,,37.498,22437110000.0,0.0,-662139000.0,1098411000.0,197.585,
13,GL,MRT,2018-03-31,2018-03-31,2018-03-31,2021-08-05,940199000.0,23182343000.0,23057218750.0,,,0.182,51.019,-28273000.0,88615000.0,88615000.0,2239988000.0,1494553000.0,,2.983,1496371000.0,,,1496371000.0,67058000.0,0.0,0.0,0.005,0.45,936961000.0,936961000.0,0.223,936961000.0,936961000.0,851506000.0,12.63,12.85,12.63,5820301000.0,5568205750.0,5820301000.0,10943976503.0,12.0,11.68,1322418000.0,11.592,1.0,1962440000.0,0.467,441591000.0,85455000.0,24148508000.0,23975933250.0,0.0,17416912000.0,,,17362042000.0,,,9602271503.0,26861000.0,0.0,-356665000.0,31476000.0,-69522000.0,-490072000.0,-829963000.0,-1653491000.0,1350691000.0,-3795000.0,1494553000.0,1494553000.0,1494553000.0,243000.0,0.0,0.356,1025236000.0,937204000.0,0.0,0.036,1.65,6.425,6.664,0.0,0.0,84.17,2.285,2.285,396379000.0,4955608000.0,4202428000.0,4202428000.0,0.0,0.065,0.268,0.039,0.223,0.0,0.0,1.0,114081876.0,114081876.0,,36.837,22740752000.0,0.0,-643047000.0,1216687000.0,199.337,
14,GL,MRT,2017-12-31,2017-12-31,2017-12-31,2021-08-05,1424274000.0,23474985000.0,22783377000.0,,,0.182,53.977,-20285000.0,118563000.0,118563000.0,2227875000.0,1454494000.0,,2.767,1460268000.0,,,1460268000.0,61430000.0,0.0,0.0,0.007,0.59,911411000.0,911411000.0,0.219,911411000.0,911411000.0,826879000.0,12.22,12.5,12.22,6231421000.0,5299337250.0,6231421000.0,11823528131.0,13.0,12.973,1408773000.0,12.203,1.0,1927698000.0,0.464,441591000.0,84532000.0,24375099000.0,23699666500.0,0.0,17734484000.0,,,17243564000.0,,,10472182131.0,42400000.0,0.0,-351774000.0,57556000.0,-68831000.0,-453981000.0,-926824000.0,-1696749000.0,1429058000.0,-5853000.0,1454494000.0,1454494000.0,1454494000.0,3769000.0,0.0,0.35,1012518000.0,915180000.0,0.0,0.048,1.681,7.2,7.423,0.0,0.0,90.71,2.52,2.52,391775000.0,4806208000.0,4155573000.0,4155573000.0,0.0,0.064,0.274,0.038,0.219,0.0,0.0,1.0,115446832.0,115446832.0,,35.996,23033394000.0,0.0,-627615000.0,1312002000.0,199.515,
15,GL,MRT,2017-09-30,2017-09-30,2017-09-30,2021-08-05,1039302000.0,22993607000.0,22273652500.0,,,0.183,44.426,-28475000.0,88462000.0,88462000.0,2205548000.0,562596000.0,,3.449,1439808000.0,,,1439808000.0,61536000.0,0.0,0.0,0.007,0.58,880466000.0,880466000.0,0.216,880466000.0,880466000.0,797156000.0,4.69,4.79,4.69,5167685000.0,4883197250.0,5167685000.0,10656509349.0,12.0,12.103,1484149000.0,12.759,1.0,1868471000.0,0.459,441591000.0,83310000.0,23903362000.0,23184885000.0,0.0,17311809000.0,,,17825922000.0,,,9316094349.0,-16438000.0,0.0,-339709000.0,38360000.0,-68205000.0,-450269000.0,-1076362000.0,-2010835000.0,1512624000.0,-2431000.0,562596000.0,562596000.0,562596000.0,-6897000.0,0.0,0.138,994902000.0,873569000.0,0.0,0.124,1.803,16.559,17.077,0.0,0.0,80.09,2.287,2.287,389084000.0,4239582000.0,4074019000.0,4074019000.0,0.0,0.025,0.115,0.038,0.216,0.0,0.0,1.0,116320319.0,116320319.0,,35.024,22552016000.0,0.0,234560000.0,2069158000.0,193.879,
16,GL,MRT,2017-06-30,2017-06-30,2017-06-30,2021-08-05,984560000.0,22577940000.0,22044508500.0,,,0.182,43.198,-26502000.0,97652000.0,97652000.0,2186481000.0,561131000.0,,3.468,1438067000.0,,,1438067000.0,69106000.0,0.0,0.0,0.008,0.58,870699000.0,870699000.0,0.217,870699000.0,870699000.0,787978000.0,4.65,4.74,4.65,5053416000.0,4862871750.0,5053416000.0,10347198508.0,12.0,11.884,1506327000.0,12.877,1.0,1831296000.0,0.456,441591000.0,82721000.0,23476764000.0,22941788500.0,0.0,16984269000.0,,,17524524000.0,,,8949142508.0,47974000.0,0.0,-341552000.0,17135000.0,-67546000.0,-470055000.0,-1021536000.0,-1867993000.0,1532829000.0,6736000.0,561131000.0,561131000.0,561131000.0,-16868000.0,0.0,0.14,977465000.0,853831000.0,0.0,0.125,1.771,15.948,16.452,0.0,0.0,76.5,2.227,2.227,380028000.0,4112757000.0,4017777000.0,4017777000.0,0.0,0.025,0.115,0.038,0.217,0.0,0.0,1.0,116982255.0,116982255.0,,34.345,22136349000.0,0.0,226847000.0,2009825000.0,189.228,
17,GL,MRT,2017-03-31,2017-03-31,2017-03-31,2021-08-05,722865000.0,22086976000.0,21793533500.0,,,0.183,40.292,-25261000.0,61754000.0,61754000.0,2161551000.0,559287000.0,,3.655,1459810000.0,,,1459810000.0,70022000.0,0.0,0.0,0.007,0.57,869296000.0,869296000.0,0.218,869296000.0,869296000.0,784621000.0,4.6,4.69,4.6,4744827000.0,4818957250.0,4744827000.0,10393796227.0,12.0,11.957,1493465000.0,12.682,1.0,1819032000.0,0.457,441591000.0,84675000.0,23043441000.0,22698275000.0,0.0,16559436000.0,,,17342149000.0,,,9072319227.0,48996000.0,0.0,-353623000.0,157606000.0,-66910000.0,-338451000.0,-1138200000.0,-2175973000.0,1518726000.0,6921000.0,559287000.0,559287000.0,559287000.0,-16093000.0,0.0,0.141,965829000.0,853203000.0,0.0,0.124,1.912,16.221,16.748,0.0,0.0,77.04,2.279,2.279,370306000.0,3994665000.0,3980583000.0,3980583000.0,0.0,0.026,0.116,0.038,0.218,0.0,0.0,1.0,117761153.0,117761153.0,,33.802,21645385000.0,0.0,225334000.0,1864015000.0,183.808,
18,GL,MRT,2016-12-31,2016-12-31,2016-12-31,2021-08-05,577574000.0,21436087000.0,21427044750.0,,,0.184,38.488,-25162000.0,76163000.0,76163000.0,2128748000.0,549779000.0,,3.694,1397640000.0,,,1397640000.0,64017000.0,0.0,0.0,0.008,0.555,865769000.0,865769000.0,0.22,865769000.0,865769000.0,782424000.0,4.49,4.58,4.49,4566861000.0,4730686250.0,4566861000.0,10047583530.0,12.0,11.605,1373546000.0,11.576,1.0,1805881000.0,0.459,441591000.0,83345000.0,22315973000.0,22304361750.0,0.0,15879728000.0,,,16869226000.0,,,8752047530.0,14780000.0,0.0,-343455000.0,162586000.0,-66931000.0,-319791000.0,-1062436000.0,-1977773000.0,1398708000.0,-1701000.0,549779000.0,549779000.0,549779000.0,-10189000.0,0.0,0.14,950301000.0,855580000.0,0.0,0.124,1.916,15.919,16.428,0.0,0.0,73.76,2.224,2.224,384454000.0,3890798000.0,3934629000.0,3934629000.0,0.0,0.026,0.116,0.039,0.22,0.0,0.0,1.0,118655742.0,118655742.0,,33.16,20994496000.0,0.0,232645000.0,1743990000.0,176.936,
19,GL,MRT,2016-09-30,2016-09-30,2016-09-30,2021-08-05,1142826000.0,22077031000.0,21031326250.0,,,0.185,42.468,-16432000.0,104900000.0,104900000.0,2097575000.0,547287000.0,,3.34,1400436000.0,,,1400436000.0,63204000.0,0.0,0.0,0.006,0.415,867692000.0,867692000.0,0.223,867692000.0,867692000.0,785610000.0,4.46,4.52,4.46,5086383000.0,4602859000.0,5086383000.0,9022269762.0,10.0,10.398,1345652000.0,11.235,1.0,1795569000.0,0.461,441591000.0,82082000.0,22930976000.0,21871393750.0,0.0,16459775000.0,,,16990648000.0,,,7652008762.0,45415000.0,0.0,-349324000.0,37391000.0,-66940000.0,-460768000.0,-872442000.0,-1637900000.0,1362084000.0,16541000.0,547287000.0,547287000.0,547287000.0,-13379000.0,0.0,0.141,941256000.0,854313000.0,0.0,0.093,1.504,13.982,14.325,0.0,0.0,63.89,1.966,1.966,361283000.0,3934026000.0,3893144000.0,3893144000.0,0.0,0.026,0.119,0.04,0.223,0.0,0.0,1.0,119768489.0,119768489.0,,32.506,21635440000.0,0.0,238323000.0,2023856000.0,180.644,
20,GL,MRT,2016-06-30,2016-06-30,2016-06-30,2021-08-05,989157000.0,21574040000.0,20541878500.0,,,0.187,40.429,-29748000.0,49678000.0,49678000.0,2066579000.0,540804000.0,,3.423,1419939000.0,,,1419939000.0,72649000.0,0.0,0.0,0.009,0.55,865674000.0,865674000.0,0.225,865674000.0,865674000.0,784727000.0,4.36,4.42,4.36,4877758000.0,4402088750.0,4877758000.0,8746985263.0,10.0,10.104,1241116000.0,10.287,1.0,1783946000.0,0.463,441591000.0,80947000.0,22502710000.0,21383629250.0,0.0,16048603000.0,,,16696282000.0,,,7458627263.0,-13171000.0,0.0,-370197000.0,38380000.0,-67071000.0,-483471000.0,-824196000.0,-1458952000.0,1270864000.0,23632000.0,540804000.0,540804000.0,540804000.0,-14948000.0,0.0,0.14,933220000.0,850726000.0,0.0,0.126,1.529,13.792,14.179,0.0,0.0,61.82,1.937,1.937,358686000.0,3817666000.0,3850525000.0,3850525000.0,0.0,0.026,0.123,0.04,0.225,0.0,0.0,1.0,120650716.0,120650716.0,,31.915,21132449000.0,0.0,243923000.0,1887091000.0,175.154,
21,GL,MRT,2016-03-31,2016-03-31,2016-03-31,2021-08-05,535475000.0,20621021000.0,20153596000.0,,,0.189,36.216,-34756000.0,12758000.0,12758000.0,2043410000.0,529485000.0,,3.695,1301116000.0,,,1301116000.0,71537000.0,0.0,0.0,0.01,0.545,854505000.0,854505000.0,0.224,854505000.0,854505000.0,777554000.0,4.23,4.28,4.23,4391743000.0,4259163250.0,4391743000.0,7740169140.0,9.0,9.058,1146303000.0,9.453,1.0,1765842000.0,0.464,441591000.0,76951000.0,21467788000.0,20982111250.0,0.0,15139963000.0,,,16229278000.0,,,6567690140.0,9672000.0,0.0,-365098000.0,48354000.0,-67213000.0,-469208000.0,-723997000.0,-1218994000.0,1181059000.0,21818000.0,529485000.0,529485000.0,529485000.0,-10396000.0,0.0,0.139,921733000.0,844109000.0,0.0,0.129,1.495,12.404,12.804,0.0,0.0,54.16,1.724,1.724,349652000.0,3715179000.0,3809252000.0,3809252000.0,0.0,0.026,0.124,0.041,0.224,0.0,0.0,1.0,121264589.0,121264589.0,,31.413,20179430000.0,0.0,248069000.0,1665136000.0,166.408,
22,GL,MRT,2015-12-31,2015-12-31,2015-12-31,2021-08-05,231947000.0,19853213000.0,20172467500.0,,,0.187,32.884,-36957000.0,61383000.0,61383000.0,2016212000.0,527100000.0,,3.895,1233862000.0,,,1233862000.0,67021000.0,0.0,0.0,0.007,0.405,853636000.0,853636000.0,0.227,853636000.0,853636000.0,776994000.0,4.16,4.21,4.16,4055552000.0,4382134500.0,4055552000.0,8351826947.0,10.0,9.784,1083093000.0,8.782,1.0,1749853000.0,0.465,441591000.0,76642000.0,20584101000.0,20990967750.0,0.0,14343690000.0,,,15797661000.0,,,7049557947.0,-4636000.0,0.0,-382568000.0,1978000.0,-66899000.0,-525705000.0,-633350000.0,-1051087000.0,1120050000.0,34369000.0,527100000.0,527100000.0,527100000.0,-10807000.0,0.0,0.14,907024000.0,842829000.0,0.0,0.097,1.738,13.374,13.74,0.0,0.0,57.16,1.872,1.872,344552000.0,3614369000.0,3766065000.0,3766065000.0,0.0,0.026,0.12,0.041,0.227,0.0,0.0,1.0,123330265.0,123330265.0,,30.536,19411622000.0,0.0,249894000.0,1450888000.0,157.395,
23,GL,MRT,2015-09-30,2015-09-30,2015-09-30,2021-08-05,499829000.0,20119240000.0,20277229000.0,,,0.171,34.235,-26850000.0,59485000.0,59485000.0,1733375000.0,540892000.0,,3.697,1361754000.0,,,1361754000.0,70334000.0,0.0,0.0,0.012,0.659,874759000.0,874759000.0,0.253,874759000.0,874759000.0,798332000.0,4.18,4.32,4.18,4283302000.0,4542613000.0,4283302000.0,8373825304.0,10.0,9.573,923352000.0,7.38,1.0,1729230000.0,0.499,441591000.0,76427000.0,20979918000.0,21093736750.0,0.0,14640148000.0,,,15835938000.0,,,7056506304.0,-7513000.0,0.0,-388034000.0,78191000.0,-66595000.0,-444268000.0,-533261000.0,-1419399000.0,950202000.0,19814000.0,540892000.0,540892000.0,540892000.0,-11846000.0,0.0,0.156,866317000.0,862913000.0,0.0,0.158,1.647,13.046,13.493,0.0,0.0,56.4,2.038,2.038,676155000.0,3686375000.0,3462605000.0,3462605000.0,0.0,0.027,0.119,0.041,0.253,0.0,0.0,1.0,125115360.0,125115360.0,,27.675,19677649000.0,0.0,257440000.0,1588992000.0,157.276,
24,GL,MRT,2015-06-30,2015-06-30,2015-06-30,2021-08-05,555319000.0,20020910000.0,20215045750.0,,,0.173,34.146,-14577000.0,62849000.0,62849000.0,1767751000.0,527918000.0,,3.649,1380168000.0,,,1380168000.0,76978000.0,0.0,0.0,0.009,0.524,861060000.0,861060000.0,0.247,861060000.0,861060000.0,784846000.0,4.05,4.15,4.05,4306056000.0,4604235500.0,4306056000.0,8590316996.0,10.0,9.976,884869000.0,7.017,1.0,1722188000.0,0.493,441591000.0,76214000.0,20896638000.0,21009794250.0,0.0,14642694000.0,,,15714854000.0,,,7342018996.0,17046000.0,0.0,-379776000.0,112424000.0,-66332000.0,-394772000.0,-504909000.0,-1221921000.0,899446000.0,17281000.0,527918000.0,527918000.0,527918000.0,-318000.0,0.0,0.151,861446000.0,860742000.0,0.0,0.129,1.705,13.907,14.375,0.0,0.0,58.22,2.104,2.104,627660000.0,3568715000.0,3489939000.0,3489939000.0,0.0,0.026,0.115,0.041,0.247,0.0,0.0,1.0,126108193.0,126108193.0,,27.674,19579319000.0,0.0,256928000.0,1564951000.0,155.258,
25,GL,MRT,2015-03-31,2015-03-31,2015-03-31,2021-08-05,1165641000.0,20696507000.0,20122768500.0,,,0.175,38.421,-11620000.0,3086000.0,3086000.0,1814642000.0,531731000.0,,3.238,1251384000.0,,,1251384000.0,74729000.0,0.0,0.0,0.012,0.642,863488000.0,863488000.0,0.245,863488000.0,863488000.0,787351000.0,4.05,4.12,4.05,4883628000.0,4654958500.0,4883628000.0,8145251307.0,9.0,9.433,857967000.0,6.75,1.0,1715722000.0,0.486,441591000.0,76137000.0,21503214000.0,20893345250.0,0.0,15472599000.0,,,15812879000.0,,,6980742307.0,-36930000.0,0.0,-380129000.0,-5997000.0,-65997000.0,-501182000.0,-418952000.0,-873452000.0,869587000.0,13617000.0,531731000.0,531731000.0,531731000.0,-5735000.0,0.0,0.151,857969000.0,857753000.0,0.0,0.159,1.429,13.128,13.56,0.0,0.0,54.92,1.977,1.977,565965000.0,3472042000.0,3530364000.0,3530364000.0,0.0,0.026,0.114,0.041,0.245,0.0,0.0,1.0,127107471.0,127107471.0,,27.775,20254916000.0,0.0,255620000.0,1919471000.0,159.353,
26,GL,MRT,2014-12-31,2014-12-31,2014-12-31,2021-08-05,997452000.0,20272259000.0,19714636000.0,,,0.184,36.515,-10615000.0,66019000.0,66019000.0,1903384000.0,542939000.0,,3.316,1230528000.0,,,1230528000.0,71703000.0,0.0,0.0,0.009,0.507,875668000.0,875668000.0,0.242,875668000.0,875668000.0,799542000.0,4.09,4.15,4.09,4697466000.0,4481231750.0,4697466000.0,8183832140.0,9.0,9.346,854093000.0,6.639,1.0,1716711000.0,0.474,441591000.0,76126000.0,20995177000.0,20477157750.0,0.0,14992977000.0,,,15574793000.0,,,6968600140.0,29076000.0,0.0,-393014000.0,9328000.0,-65006000.0,-499960000.0,-350163000.0,-604716000.0,864708000.0,14491000.0,542939000.0,542939000.0,542939000.0,-14865000.0,0.0,0.15,855908000.0,860803000.0,0.0,0.124,1.483,12.835,13.244,0.0,0.0,54.17,1.925,1.925,327856000.0,3376846000.0,3620095000.0,3620095000.0,0.0,0.028,0.121,0.043,0.242,0.0,0.0,1.0,128643163.0,128643163.0,,28.141,19830668000.0,0.0,256603000.0,1786070000.0,154.153,
27,GL,MRT,2014-09-30,2014-09-30,2014-09-30,2021-08-05,882827000.0,19870507000.0,19194507250.0,,,0.19,34.687,-21219000.0,66998000.0,66998000.0,1922737000.0,539008000.0,,3.387,1282230000.0,,,1282230000.0,74202000.0,0.0,0.0,0.009,0.48,884484000.0,884484000.0,0.243,884484000.0,884484000.0,808285000.0,4.03,4.05,4.03,4529792000.0,4250950750.0,4529792000.0,8059602544.0,9.0,9.112,971316000.0,7.438,1.0,1719867000.0,0.472,441591000.0,76199000.0,20644148000.0,19961649750.0,0.0,14710170000.0,,,15340715000.0,,,6838970544.0,28206000.0,0.0,-417277000.0,62495000.0,-64052000.0,-454209000.0,-522905000.0,-1218334000.0,992535000.0,12785000.0,539008000.0,539008000.0,539008000.0,-21267000.0,0.0,0.148,856650000.0,863217000.0,0.0,0.119,1.51,12.688,12.995,0.0,0.0,52.37,1.877,1.877,499876000.0,3443803000.0,3642604000.0,3642604000.0,0.0,0.028,0.127,0.044,0.243,0.0,0.0,1.0,130589470.0,130589470.0,,27.894,19428916000.0,0.0,269277000.0,1695854000.0,148.779,
28,GL,MRT,2014-06-30,2014-06-30,2014-06-30,2021-08-05,887974000.0,19651801000.0,18761309000.0,,,0.192,34.232,-18585000.0,45803000.0,45803000.0,1903988000.0,538718000.0,,3.358,1266435000.0,,,1266435000.0,74973000.0,0.0,0.0,0.011,0.593,878926000.0,878926000.0,0.244,878926000.0,878926000.0,802084000.0,3.98,4.0,3.98,4508948000.0,4062721750.0,4508948000.0,8409564950.0,10.0,9.568,1027458000.0,7.801,1.0,1696917000.0,0.471,441591000.0,76842000.0,20430842000.0,19519568750.0,0.0,14648270000.0,,,15142853000.0,,,7193486950.0,866000.0,0.0,-394726000.0,-73990000.0,-62975000.0,-550407000.0,-499671000.0,-1252637000.0,1046043000.0,4901000.0,538718000.0,538718000.0,538718000.0,-21267000.0,0.0,0.15,839258000.0,857659000.0,0.0,0.149,1.595,13.353,13.722,0.0,0.0,54.613,1.998,1.998,425425000.0,3329397000.0,3600905000.0,3600905000.0,0.0,0.029,0.133,0.045,0.244,0.0,0.0,1.0,131716680.0,131716680.0,,27.338,19210210000.0,0.0,263366000.0,1647571000.0,145.845,
29,GL,MRT,2014-03-31,2014-03-31,2014-03-31,2021-08-05,606058000.0,19063977000.0,18383677000.0,,,0.194,31.534,-15018000.0,40016000.0,40016000.0,1873280000.0,541696000.0,,3.551,1256094000.0,,,1256094000.0,77911000.0,0.0,0.0,0.009,0.453,879690000.0,879690000.0,0.247,879690000.0,879690000.0,801057000.0,3.95,3.98,3.95,4188721000.0,3891056250.0,4188721000.0,8152328581.0,9.0,9.267,1088738000.0,8.196,1.0,1686928000.0,0.474,441591000.0,78633000.0,19838464000.0,19160339500.0,0.0,14193438000.0,,,14875256000.0,,,6969336581.0,14760000.0,0.0,-398286000.0,-104044000.0,-61994000.0,-576819000.0,-522070000.0,-1121536000.0,1103756000.0,9893000.0,541696000.0,541696000.0,541696000.0,-21267000.0,0.0,0.152,828505000.0,858423000.0,0.0,0.115,1.664,12.866,13.283,0.0,0.0,52.467,1.958,1.958,372617000.0,3659477000.0,3560208000.0,3560208000.0,0.0,0.029,0.139,0.046,0.247,0.0,0.0,1.0,132833607.0,132833607.0,,26.802,18622386000.0,0.0,259361000.0,1528582000.0,140.193,
30,GL,MRT,2013-12-31,2013-12-31,2013-12-31,2021-08-05,210981000.0,18191744000.0,18337358250.0,,,0.191,27.843,-10598000.0,36943000.0,36943000.0,1838766000.0,528472000.0,,3.817,1219935000.0,,,1219935000.0,74174000.0,0.0,0.0,0.011,0.553,857043000.0,857043000.0,0.245,857043000.0,857043000.0,776582000.0,3.79,3.84,3.79,3776342000.0,3920025500.0,3776342000.0,8245993600.0,10.0,9.621,1108682000.0,8.174,1.0,1655487000.0,0.474,441591000.0,80461000.0,18933145000.0,19143407000.0,0.0,13420001000.0,,,14415402000.0,,,7066292600.0,-24767000.0,0.0,-384448000.0,-90067000.0,-60911000.0,-535919000.0,-614378000.0,-1010367000.0,1119280000.0,6250000.0,528472000.0,528472000.0,528472000.0,-21267000.0,0.0,0.151,819711000.0,835776000.0,0.0,0.146,1.871,13.371,13.747,0.0,0.0,52.1,2.022,2.022,331103000.0,3495533000.0,3494253000.0,3494253000.0,0.0,0.029,0.135,0.045,0.245,0.0,0.0,1.0,135629416.0,135629416.0,,25.763,17750153000.0,0.0,248110000.0,1285574000.0,130.872,
31,GL,MRT,2013-09-30,2013-09-30,2013-09-30,2021-08-05,237143000.0,18137714000.0,18483649750.0,,,0.204,27.493,-4618000.0,38792000.0,38792000.0,2072394000.0,536642000.0,,3.802,1218493000.0,,,1218493000.0,78098000.0,0.0,0.0,0.009,0.427,860014000.0,860014000.0,0.228,860014000.0,860014000.0,777284000.0,3.85,3.797,3.85,3776876000.0,4066386500.0,3776876000.0,7920292295.0,9.0,9.209,1011696000.0,7.364,1.0,1697648000.0,0.45,441591000.0,82730000.0,18875824000.0,19305705250.0,0.0,13350965000.0,,,14360838000.0,,,6626049295.0,-260039000.0,-186424000.0,-331050000.0,-215622000.0,-59721000.0,-603125000.0,-677686000.0,-959828000.0,1016314000.0,4458000.0,536642000.0,536642000.0,536642000.0,0.0,0.0,0.142,837634000.0,860014000.0,0.0,0.111,1.754,12.347,12.528,0.0,0.0,48.233,1.758,1.758,412972000.0,3724146000.0,3770042000.0,3770042000.0,0.0,0.029,0.132,0.045,0.228,0.0,0.0,1.0,137374899.0,137374899.0,,27.443,17696123000.0,0.0,240642000.0,1272175000.0,128.816,
32,GL,MRT,2013-06-30,2013-06-30,2013-06-30,2021-08-05,333900000.0,18141273000.0,18434187250.0,,,0.201,27.552,-3987000.0,44937000.0,44937000.0,2034730000.0,535192000.0,,3.746,1339180000.0,,,1339180000.0,79333000.0,0.0,0.0,0.01,0.413,858122000.0,858122000.0,0.231,858122000.0,858122000.0,775225000.0,3.793,3.753,3.793,3822286000.0,4199390750.0,3822286000.0,7358215692.0,9.0,8.575,984341000.0,7.095,1.0,1679623000.0,0.452,441591000.0,82897000.0,18993925000.0,19219036000.0,0.0,13415808000.0,,,14318987000.0,,,6024592692.0,-25729000.0,-186424000.0,-295795000.0,86344000.0,-58458000.0,-263013000.0,-758750000.0,-185828000.0,988328000.0,7706000.0,535192000.0,535192000.0,535192000.0,0.0,0.0,0.144,821501000.0,858122000.0,0.0,0.109,1.576,11.257,11.449,0.0,0.0,43.427,1.622,1.622,388745000.0,3613315000.0,3714353000.0,3714353000.0,0.0,0.029,0.127,0.045,0.231,0.0,0.0,1.0,138730258.0,138730258.0,,26.774,17699682000.0,0.0,240033000.0,1300023000.0,127.583,
33,GL,MRT,2013-03-31,2013-03-31,2013-03-31,2021-08-05,850030000.0,18878702000.0,18195119750.0,,,0.201,30.641,-4806000.0,25256000.0,25256000.0,1995038000.0,530279000.0,,3.386,1358879000.0,,,1358879000.0,80221000.0,0.0,0.0,0.01,0.4,850539000.0,850539000.0,0.233,850539000.0,850539000.0,768821000.0,3.71,3.673,3.71,4304598000.0,4243234500.0,4304598000.0,6847655993.0,8.0,8.051,944360000.0,6.722,1.0,1654771000.0,0.453,441591000.0,81718000.0,19770734000.0,18927640000.0,0.0,14192194000.0,,,14574104000.0,,,5600636993.0,-53046000.0,-186424000.0,-391476000.0,201317000.0,-57576000.0,-240212000.0,-770470000.0,-452838000.0,949166000.0,8470000.0,530279000.0,530279000.0,530279000.0,0.0,0.0,0.145,804232000.0,850539000.0,0.0,0.108,1.301,10.562,10.746,0.0,0.0,39.867,1.535,1.535,393870000.0,3498727000.0,3649809000.0,3649809000.0,0.0,0.029,0.125,0.045,0.233,0.0,0.0,1.0,140484206.0,140484206.0,,25.98,18437111000.0,0.0,238542000.0,1603569000.0,131.24,
34,GL,MRT,2012-12-31,2012-12-31,2012-12-31,2021-08-05,925275000.0,18776910000.0,17659047250.0,,,0.203,30.632,-4611000.0,61710000.0,61710000.0,1955682000.0,529324000.0,,3.305,1308729000.0,,,1308729000.0,76088000.0,0.0,0.0,0.011,0.38,846505000.0,846505000.0,0.236,846505000.0,846505000.0,765993000.0,3.65,3.6,3.65,4361786000.0,4125623500.0,4361786000.0,5891220534.0,7.0,6.959,938228000.0,6.589,1.0,1633834000.0,0.455,441591000.0,80512000.0,19582338000.0,18303686500.0,0.0,14094209000.0,,,14415124000.0,,,4905046534.0,-22403000.0,-186424000.0,-389143000.0,151534000.0,-55527000.0,-269112000.0,-698039000.0,-779780000.0,942839000.0,1909000.0,529324000.0,529324000.0,529324000.0,0.0,0.0,0.147,787329000.0,846505000.0,0.0,0.104,1.125,9.267,9.437,0.0,0.0,34.447,1.366,1.366,383709000.0,3403338000.0,3589516000.0,3589516000.0,0.0,0.03,0.128,0.046,0.236,0.0,0.0,1.0,142395390.0,142395390.0,,25.208,18335319000.0,0.0,236669000.0,1609828000.0,128.763,
35,GL,MRT,2012-09-30,2012-09-30,2012-09-30,2021-08-05,960890000.0,17939864000.0,17111887750.0,,,0.204,30.111,-5982000.0,298831000.0,298831000.0,1912254000.0,501176000.0,,3.163,1285005000.0,,,1285005000.0,70145000.0,0.0,0.0,0.011,0.36,801186000.0,801186000.0,0.229,801186000.0,801186000.0,722496000.0,3.4,3.367,3.4,4308893000.0,4000084750.0,4308893000.0,5938952142.0,7.0,7.413,866668000.0,6.056,1.0,1582118000.0,0.453,396891000.0,78690000.0,18529147000.0,17688772250.0,0.0,13604161000.0,,,13630971000.0,,,4898723142.0,122871000.0,21588000.0,-408015000.0,275116000.0,-53530000.0,-146277000.0,-600189000.0,10998000.0,872650000.0,-3313000.0,501176000.0,501176000.0,501176000.0,455000.0,0.0,0.143,780932000.0,801186000.0,124421000.0,0.106,1.137,9.774,10.069,0.0,0.0,34.233,1.402,1.402,334599000.0,3568655000.0,3494372000.0,3494372000.0,0.0,0.029,0.125,0.045,0.229,0.0,0.0,1.0,143098047.0,143098047.0,,24.419,17542973000.0,0.0,221320000.0,1612052000.0,122.594,
36,GL,MRT,2012-06-30,2012-06-30,2012-06-30,2021-08-05,734379000.0,17185003000.0,16869766750.0,,,0.205,27.069,-6277000.0,70666000.0,70666000.0,1871909000.0,501904000.0,,3.299,1110895000.0,,,1110895000.0,71734000.0,0.0,0.0,0.008,0.26,802329000.0,802329000.0,0.232,802329000.0,802329000.0,723972000.0,3.32,3.293,3.32,3997661000.0,3968624750.0,3997661000.0,5914304356.0,7.0,7.371,847585000.0,5.739,1.0,1582604000.0,0.458,396891000.0,78357000.0,17828341000.0,17410119500.0,0.0,13136020000.0,,,13187342000.0,,,4976905356.0,-19564000.0,21588000.0,-486466000.0,119974000.0,-51322000.0,-387030000.0,-481666000.0,-803979000.0,853862000.0,-4730000.0,501904000.0,501904000.0,501904000.0,455000.0,0.0,0.145,780419000.0,802185000.0,124421000.0,0.078,1.245,9.916,10.151,0.0,0.0,33.7,1.441,1.441,308585000.0,3462272000.0,3454513000.0,3454513000.0,0.0,0.03,0.126,0.046,0.232,0.0,0.0,1.0,147682652.0,147682652.0,,23.391,16788112000.0,0.0,222068000.0,1460827000.0,113.677,
37,GL,MRT,2012-03-31,2012-03-31,2012-03-31,2021-08-05,501290000.0,16734412000.0,16628069000.0,,,0.207,25.513,-2033000.0,78302000.0,78302000.0,1841796000.0,515697000.0,,3.365,1015701000.0,,,1015701000.0,74475000.0,0.0,0.0,0.007,0.233,824763000.0,824763000.0,0.239,824763000.0,824763000.0,746644000.0,3.293,3.26,3.293,3834154000.0,3914234250.0,3834154000.0,5925600415.0,7.0,7.185,841431000.0,5.599,1.0,1604256000.0,0.466,396891000.0,78119000.0,17274920000.0,17133296000.0,0.0,12731006000.0,,,12900258000.0,,,4994300415.0,-205371000.0,21588000.0,-714711000.0,24449000.0,-48704000.0,-713351000.0,-331951000.0,-785031000.0,843464000.0,-3533000.0,515697000.0,515697000.0,515697000.0,455000.0,0.0,0.15,779637000.0,824619000.0,124421000.0,0.071,1.303,9.685,10.092,0.0,0.0,33.233,1.449,1.449,264429000.0,3349856000.0,3446052000.0,3446052000.0,0.0,0.031,0.132,0.048,0.239,0.0,0.0,1.0,150279852.0,150279852.0,,22.931,16337521000.0,0.0,230947000.0,1332334000.0,108.714,
38,GL,MRT,2011-12-31,2011-12-31,2011-12-31,2021-08-05,549916000.0,16588272000.0,16525777750.0,,,0.204,25.241,-2297000.0,84113000.0,84113000.0,1793276000.0,497161000.0,,3.298,1015413000.0,,,1015413000.0,69539000.0,0.0,0.0,0.01,0.296,801235000.0,801235000.0,0.237,801235000.0,801235000.0,723327000.0,3.06,3.02,3.06,3859631000.0,3945487000.0,3859631000.0,5263232582.0,7.0,6.569,857167000.0,5.606,1.0,1584125000.0,0.469,396891000.0,77908000.0,17122681000.0,16973313250.0,0.0,12353586000.0,,,12728641000.0,,,4423185582.0,-281566000.0,21588000.0,-809943000.0,25967000.0,-49125000.0,-824485000.0,-312133000.0,-741197000.0,859464000.0,-4412000.0,497161000.0,497161000.0,497161000.0,455000.0,0.0,0.147,782435000.0,801690000.0,124421000.0,0.097,1.146,8.897,9.453,0.0,0.0,28.927,1.31,1.31,253549000.0,3264711000.0,3377401000.0,3377401000.0,0.0,0.03,0.126,0.047,0.237,0.0,0.0,1.0,152910310.0,152910310.0,,22.087,16191381000.0,0.0,226166000.0,1319853000.0,105.888,
39,GL,MRT,2011-09-30,2011-09-30,2011-09-30,2021-08-05,545602000.0,16971380000.0,16418650250.0,,,0.207,26.538,-6382000.0,175960000.0,175960000.0,1794014000.0,510932000.0,,3.057,1016007000.0,,,1016007000.0,73202000.0,0.0,0.0,0.009,0.216,816944000.0,816944000.0,0.241,816944000.0,816944000.0,739573000.0,3.027,2.987,3.027,4183053000.0,3984639500.0,4183053000.0,4562972367.0,6.0,5.585,961739000.0,6.101,1.0,1597004000.0,0.471,396891000.0,77371000.0,17414536000.0,16789070500.0,0.0,12143862000.0,,,12788327000.0,,,3663246367.0,143494000.0,342890000.0,-795665000.0,36807000.0,-49888000.0,-838108000.0,17744000.0,-516025000.0,968121000.0,-4263000.0,510932000.0,510932000.0,510932000.0,-5853000.0,0.0,0.151,785458000.0,811546000.0,124421000.0,0.071,0.876,7.17,7.678,0.0,0.0,23.24,1.08,1.08,232354000.0,3813959000.0,3391018000.0,3391018000.0,0.0,0.031,0.128,0.049,0.241,0.0,0.0,1.0,157626780.0,157626780.0,,21.513,16574489000.0,0.0,228641000.0,1501233000.0,105.15,
40,GL,MRT,2011-06-30,2011-06-30,2011-06-30,2021-08-05,153264000.0,16218212000.0,16604922000.0,,,0.204,22.09,-5530000.0,90230000.0,90230000.0,1788754000.0,494063000.0,,3.29,989956000.0,,,989956000.0,76603000.0,0.0,0.0,0.01,0.287,810704000.0,810704000.0,0.239,810704000.0,810704000.0,734053000.0,2.827,2.78,2.827,3780099000.0,4005799750.0,3780099000.0,5584871062.0,7.0,6.889,1000941000.0,5.849,1.0,1603911000.0,0.473,396891000.0,76651000.0,16721047000.0,17002336750.0,0.0,11476749000.0,,,12438113000.0,,,4878238062.0,62938000.0,342890000.0,-743135000.0,-597000.0,-50014000.0,-805386000.0,-129981000.0,-1032912000.0,1006471000.0,-8166000.0,494063000.0,494063000.0,494063000.0,17713000.0,0.0,0.146,774895000.0,829016000.0,124421000.0,0.102,1.291,9.874,10.084,0.0,0.0,28.507,1.438,1.438,223870000.0,3693313000.0,3392665000.0,3392665000.0,0.0,0.03,0.123,0.048,0.239,0.0,0.0,1.0,171126218.0,171126218.0,,19.826,15821321000.0,0.0,239990000.0,1278037000.0,92.454,
41,GL,MRT,2011-03-31,2011-03-31,2011-03-31,2021-08-05,55757000.0,16325247000.0,16787921250.0,,,0.2,22.582,-9504000.0,283673000.0,283673000.0,1788237000.0,477331000.0,,3.123,990306000.0,,,990306000.0,78940000.0,0.0,0.0,0.009,0.28,787974000.0,787974000.0,0.235,787974000.0,787974000.0,711922000.0,2.647,2.613,2.647,3959165000.0,4047079000.0,3959165000.0,5803178654.0,7.0,7.365,1015854000.0,5.794,1.0,1562989000.0,0.466,396891000.0,76052000.0,16634989000.0,17194339500.0,0.0,11391164000.0,,,12366082000.0,,,5180339654.0,243734000.0,342890000.0,-387073000.0,-8403000.0,-50144000.0,-464228000.0,-308005000.0,-1209019000.0,1025358000.0,-9391000.0,477331000.0,477331000.0,477331000.0,11512000.0,0.0,0.142,762904000.0,800085000.0,124421000.0,0.106,1.308,10.853,11.162,0.0,0.0,29.547,1.546,1.546,254108000.0,3599304000.0,3351226000.0,3351226000.0,0.0,0.028,0.118,0.046,0.235,0.0,0.0,1.0,175327380.0,175327380.0,,19.114,15928356000.0,0.0,234591000.0,1248023000.0,90.849,
42,GL,MRT,2010-12-31,2010-12-31,2010-12-31,2021-08-05,22958000.0,16159762000.0,16856952250.0,,,0.2,22.297,-9104000.0,365679000.0,365679000.0,1793044000.0,498866000.0,,3.024,988518000.0,,,988518000.0,74165000.0,0.0,0.0,0.01,0.271,820870000.0,820870000.0,0.244,820870000.0,820870000.0,745341000.0,2.727,2.7,2.727,4016241000.0,3976543250.0,4016241000.0,5730455560.0,7.0,6.981,1019489000.0,5.66,1.0,1574588000.0,0.468,396891000.0,75529000.0,16385710000.0,17319117500.0,0.0,11197977000.0,,,12143521000.0,,,4782430560.0,133761000.0,342890000.0,-208143000.0,-43345000.0,-50061000.0,-329621000.0,-557641000.0,-1775940000.0,1028593000.0,-7570000.0,498866000.0,498866000.0,498866000.0,5229000.0,0.0,0.148,748489000.0,826099000.0,124421000.0,0.099,1.191,9.587,9.736,0.0,0.0,26.551,1.42,1.42,230319000.0,3473482000.0,3367632000.0,3367632000.0,0.0,0.03,0.125,0.047,0.244,0.0,0.0,1.0,180121673.0,180121673.0,,18.696,15762871000.0,0.0,246475000.0,1209433000.0,87.512,
43,GL,MRT,2010-09-30,2010-09-30,2010-09-30,2021-08-05,356836000.0,17716467000.0,16822951500.0,,,0.196,23.467,-4435000.0,30264000.0,30264000.0,1778348000.0,475585000.0,,3.151,978289000.0,,,978289000.0,79015000.0,0.0,0.0,0.011,0.271,795792000.0,795792000.0,0.241,795792000.0,795792000.0,720244000.0,2.573,2.562,2.573,4267694000.0,3822205750.0,4267694000.0,5257425664.0,7.0,6.607,1127881000.0,6.202,1.0,1521440000.0,0.461,396891000.0,75548000.0,18267601000.0,17328978500.0,0.0,11515790000.0,,,13448773000.0,,,4295057664.0,-139054000.0,0.0,-140156000.0,-53458000.0,-48652000.0,-355808000.0,-907321000.0,-1807205000.0,1132316000.0,-8241000.0,475585000.0,475585000.0,475585000.0,4498000.0,0.0,0.144,721150000.0,800290000.0,124421000.0,0.105,1.006,9.031,9.179,0.0,0.0,23.618,1.302,1.302,205210000.0,3554063000.0,3299788000.0,3299788000.0,0.0,0.028,0.124,0.046,0.241,0.0,0.0,1.0,181856977.0,181856977.0,,18.145,17319576000.0,0.0,244659000.0,1340590000.0,95.237,
44,GL,MRT,2010-06-30,2010-06-30,2010-06-30,2021-08-05,72708000.0,16950209000.0,16356327250.0,,,0.197,21.249,-5471000.0,27292000.0,27292000.0,1765620000.0,461854000.0,,3.296,989660000.0,,,989660000.0,83086000.0,0.0,0.0,0.015,0.324,758600000.0,758600000.0,0.235,758600000.0,758600000.0,681499000.0,2.482,2.478,2.482,3945216000.0,3584097000.0,3945216000.0,5041687751.0,7.0,6.646,1085138000.0,5.845,1.0,1457601000.0,0.452,423519000.0,77101000.0,17489058000.0,16833125000.0,0.0,11634723000.0,,,13004993000.0,,,4085438751.0,-312316000.0,0.0,-71172000.0,-145491000.0,-48008000.0,-311713000.0,-1088519000.0,-2328672000.0,1090609000.0,-2693000.0,461854000.0,461854000.0,461854000.0,-21310000.0,0.0,0.143,720311000.0,737290000.0,124421000.0,0.131,1.036,8.846,8.866,0.0,0.0,22.004,1.268,1.268,200339000.0,3452243000.0,3223221000.0,3223221000.0,0.0,0.028,0.129,0.045,0.235,0.0,0.0,1.0,185664254.0,185664254.0,,17.36,16526690000.0,0.0,219645000.0,1204453000.0,89.014,
45,GL,MRT,2010-03-31,2010-03-31,2010-03-31,2021-08-05,-141405000.0,16601371000.0,15795706250.0,,,0.203,19.727,-4739000.0,39939000.0,39939000.0,1775778000.0,449923000.0,,3.515,996188000.0,,,996188000.0,84866000.0,0.0,0.0,0.013,0.32,728190000.0,728190000.0,0.227,728190000.0,728190000.0,654985000.0,2.416,2.411,2.416,3677022000.0,3253538500.0,3677022000.0,5230289056.0,7.0,7.183,1056274000.0,5.667,1.0,1431282000.0,0.446,423519000.0,73205000.0,17134101000.0,16230179750.0,0.0,11218443000.0,,,12924349000.0,,,4432850056.0,-6746000.0,0.0,-8131000.0,123399000.0,-47182000.0,113954000.0,-1178145000.0,-2219032000.0,1061013000.0,-3568000.0,449923000.0,449923000.0,449923000.0,-15109000.0,0.0,0.14,718201000.0,713081000.0,124421000.0,0.132,1.206,9.852,9.844,0.0,0.0,23.782,1.382,1.382,195128000.0,3338417000.0,3207060000.0,3207060000.0,0.0,0.028,0.138,0.045,0.227,0.0,0.0,1.0,186393434.0,186393434.0,,17.206,16177852000.0,0.0,205062000.0,1114564000.0,86.794,
46,GL,MRT,2009-12-31,2009-12-31,2009-12-31,2021-08-05,-319183000.0,16023759000.0,14956801000.0,,,0.208,18.248,-6499000.0,231071000.0,231071000.0,1753329000.0,404953000.0,,3.714,1029357000.0,,,1029357000.0,81077000.0,0.0,0.0,0.01,0.187,665909000.0,665909000.0,0.214,665909000.0,665909000.0,595977000.0,2.167,2.167,2.167,3398891000.0,2828183250.0,3398891000.0,4496120752.0,7.0,6.752,969614000.0,5.206,1.0,1361744000.0,0.437,396891000.0,69932000.0,16425154000.0,15358550750.0,0.0,9823693000.0,,,12624868000.0,,,3638384752.0,185518000.0,0.0,-43134000.0,125929000.0,-46615000.0,148438000.0,-937099000.0,-1534133000.0,976113000.0,-1934000.0,404953000.0,404953000.0,404953000.0,-18901000.0,0.0,0.13,714736000.0,647008000.0,124421000.0,0.086,1.07,8.985,9.014,0.0,0.0,19.533,1.168,1.168,192902000.0,3228904000.0,3115073000.0,3115073000.0,0.0,0.027,0.143,0.043,0.214,0.0,0.0,1.0,186265431.0,186265431.0,,16.724,15626868000.0,0.0,191024000.0,964680000.0,83.896,
47,GL,MRT,2009-09-30,2009-09-30,2009-09-30,2021-08-05,-297532000.0,15849970000.0,14333123750.0,,,0.216,17.809,-6078000.0,171520000.0,171520000.0,1738240000.0,428833000.0,,3.781,1029256000.0,,,1029256000.0,84700000.0,0.0,0.0,0.016,0.311,682652000.0,682652000.0,0.22,682652000.0,682652000.0,614997000.0,2.271,2.28,2.271,3315259000.0,2534187250.0,3315259000.0,4386241844.0,6.0,6.425,699403000.0,3.757,1.0,1363412000.0,0.44,423519000.0,67655000.0,16284187000.0,14742734000.0,0.0,9751836000.0,,,12534711000.0,,,3593170844.0,155025000.0,0.0,-121557000.0,184405000.0,-47124000.0,240394000.0,-790140000.0,-1408557000.0,705481000.0,-710000.0,428833000.0,428833000.0,428833000.0,-24801000.0,0.0,0.138,705561000.0,657851000.0,124421000.0,0.137,1.084,8.379,8.499,0.0,0.0,19.302,1.158,1.158,880745000.0,3185308000.0,3101652000.0,3101652000.0,0.0,0.03,0.169,0.046,0.22,0.0,0.0,1.0,186153221.0,186153221.0,,16.662,15426451000.0,0.0,186164000.0,959135000.0,82.87,
48,GL,MRT,2009-06-30,2009-06-30,2009-06-30,2021-08-05,-896344000.0,14707725000.0,13858222750.0,,,0.223,14.09,-6252000.0,339608000.0,339608000.0,1768690000.0,391184000.0,,4.607,1132679000.0,,,1132679000.0,86601000.0,0.0,0.0,0.015,0.249,637445000.0,637445000.0,0.206,637445000.0,637445000.0,574626000.0,2.053,2.058,2.053,2622982000.0,2315614250.0,2622982000.0,3889849696.0,6.0,6.102,661360000.0,3.553,1.0,1323993000.0,0.428,423519000.0,62819000.0,15077277000.0,14260339000.0,0.0,9139425000.0,,,12084743000.0,,,3064495696.0,321384000.0,0.0,-240661000.0,409486000.0,-47909000.0,276080000.0,-612109000.0,-661349000.0,667612000.0,-10199000.0,391184000.0,391184000.0,391184000.0,-22559000.0,0.0,0.126,709107000.0,614886000.0,124421000.0,0.121,1.168,7.834,8.019,0.0,0.0,16.462,0.991,0.991,228636000.0,3096187000.0,3092683000.0,3092683000.0,0.0,0.028,0.169,0.045,0.206,0.0,0.0,1.0,186153221.0,186153221.0,,16.614,14284206000.0,0.0,183442000.0,613744000.0,76.734,
49,GL,MRT,2009-03-31,2009-03-31,2009-03-31,2021-08-05,-1438446000.0,13245750000.0,13867227750.0,,,0.226,10.39,-6866000.0,46685000.0,46685000.0,1785753000.0,410792000.0,,5.705,872039000.0,,,872039000.0,89457000.0,0.0,0.0,0.021,0.249,661546000.0,661546000.0,0.211,661546000.0,661546000.0,598825000.0,2.102,2.098,2.102,1975601000.0,2403264750.0,1975601000.0,3073047136.0,5.0,4.645,709194000.0,3.73,1.0,1347688000.0,0.43,423519000.0,62721000.0,13647585000.0,14247187000.0,0.0,8067500000.0,,,11270149000.0,,,2216691136.0,38741000.0,0.0,-331469000.0,32285000.0,-48895000.0,-234745000.0,-431773000.0,-548981000.0,716060000.0,-10801000.0,410792000.0,410792000.0,410792000.0,-22559000.0,0.0,0.131,708701000.0,638987000.0,124421000.0,0.118,1.122,5.396,5.546,0.0,0.0,11.658,0.707,0.707,179906000.0,2993652000.0,3133441000.0,3133441000.0,0.0,0.03,0.171,0.046,0.211,0.0,0.0,1.0,190146971.0,190146971.0,,16.479,12822231000.0,0.0,188033000.0,345895000.0,67.433,
50,GL,MRT,2008-12-31,2008-12-31,2008-12-31,2021-08-05,-1170417000.0,13529050000.0,14298877500.0,,,0.224,11.619,-9014000.0,46400000.0,46400000.0,1802540000.0,452259000.0,,5.086,902756000.0,,,902756000.0,85190000.0,0.0,0.0,0.015,0.307,714188000.0,714188000.0,0.223,714188000.0,714188000.0,650959000.0,2.284,2.271,2.284,2222907000.0,2679319500.0,2222907000.0,4628743906.0,6.0,6.481,721597000.0,3.772,1.0,1393696000.0,0.436,423519000.0,63229000.0,13961887000.0,14680321500.0,0.0,8397201000.0,,,11306143000.0,,,3800983906.0,26302000.0,0.0,-430263000.0,102178000.0,-48802000.0,-261258000.0,-432248000.0,-796964000.0,730611000.0,-10803000.0,452259000.0,452259000.0,452259000.0,-22559000.0,0.0,0.141,702067000.0,691629000.0,124421000.0,0.134,1.71,8.404,8.698,0.0,0.0,19.867,1.189,1.189,151684000.0,2928950000.0,3196236000.0,3196236000.0,0.0,0.032,0.169,0.049,0.223,0.0,0.0,1.0,191324693.0,191324693.0,,16.706,13105531000.0,0.0,198700000.0,419203000.0,68.499,
51,GL,MRT,2008-09-30,2008-09-30,2008-09-30,2021-08-05,-900865000.0,13950366000.0,14726972000.0,,,0.226,12.437,-14643000.0,16495000.0,16495000.0,1872878000.0,447395000.0,,4.715,844255000.0,,,844255000.0,89389000.0,0.0,0.0,0.009,0.24,730240000.0,730240000.0,0.22,730240000.0,730240000.0,667556000.0,2.2,2.173,2.2,2440967000.0,2954749500.0,2440967000.0,5920880541.0,8.0,8.108,794314000.0,4.047,1.0,1453938000.0,0.437,423519000.0,62684000.0,14354607000.0,15089320000.0,0.0,8685474000.0,,,11509399000.0,,,5216437541.0,7425000.0,0.0,-355429000.0,41717000.0,-48892000.0,-229094000.0,-560464000.0,-1005608000.0,808957000.0,-11974000.0,447395000.0,447395000.0,447395000.0,0.0,0.0,0.134,723698000.0,730240000.0,124421000.0,0.109,2.137,11.66,12.081,0.0,0.0,26.578,1.568,1.568,90186000.0,3269586000.0,3326816000.0,3326816000.0,0.0,0.03,0.151,0.048,0.22,0.0,0.0,1.0,196270643.0,196270643.0,,16.95,13526847000.0,0.0,220161000.0,540056000.0,68.919,
52,GL,MRT,2008-06-30,2008-06-30,2008-06-30,2021-08-05,-429679000.0,14743745000.0,15027914250.0,,,0.229,14.717,-19324000.0,18224000.0,18224000.0,1884475000.0,517126000.0,,3.958,722667000.0,,,722667000.0,93525000.0,0.0,0.0,0.009,0.236,828265000.0,828265000.0,0.241,828265000.0,828265000.0,763509000.0,2.511,2.48,2.511,2973584000.0,3160478750.0,2973584000.0,6098240710.0,7.0,7.363,820724000.0,4.062,1.0,1552603000.0,0.452,423519000.0,64756000.0,15024669000.0,15381564250.0,0.0,9397482000.0,,,11770161000.0,,,5266947710.0,4129000.0,0.0,-341334000.0,-139051000.0,-48719000.0,-419318000.0,-414529000.0,-663012000.0,840048000.0,-2072000.0,517126000.0,517126000.0,517126000.0,0.0,0.0,0.15,724338000.0,828265000.0,124421000.0,0.094,1.771,10.185,10.381,0.0,0.0,26.067,1.532,1.532,95548000.0,3226245000.0,3437078000.0,3437078000.0,0.0,0.034,0.164,0.054,0.241,0.0,0.0,1.0,202056818.0,202056818.0,,17.01,14320226000.0,0.0,246383000.0,808856000.0,70.872,
53,GL,MRT,2008-03-31,2008-03-31,2008-03-31,2021-08-05,-289800000.0,14972349000.0,15116445000.0,,,0.228,15.047,-20936000.0,7944000.0,7944000.0,1892353000.0,510517000.0,,3.861,839237000.0,,,839237000.0,87468000.0,0.0,0.0,0.009,0.231,837419000.0,837419000.0,0.243,837419000.0,837419000.0,770940000.0,2.444,2.413,2.444,3079820000.0,3229028750.0,3079820000.0,6248141732.0,7.0,7.461,815086000.0,3.982,1.0,1560802000.0,0.452,423519000.0,66479000.0,15380123000.0,15505766750.0,0.0,9634091000.0,,,11892529000.0,,,5468169732.0,7616000.0,-12000.0,-382247000.0,88237000.0,-48589000.0,-256692000.0,-574447000.0,-1092817000.0,836022000.0,2733000.0,510517000.0,510517000.0,510517000.0,0.0,0.0,0.148,723383000.0,837419000.0,124421000.0,0.095,1.775,10.711,10.931,0.0,0.0,26.716,1.584,1.584,91482000.0,3108298000.0,3453155000.0,3453155000.0,0.0,0.034,0.158,0.054,0.243,0.0,0.0,1.0,204681116.0,204681116.0,,16.871,14548830000.0,0.0,260423000.0,898156000.0,71.08,
54,GL,MRT,2007-12-31,2007-12-31,2007-12-31,2021-08-05,-80938000.0,15241428000.0,15137555500.0,,,0.23,16.03,-18073000.0,20098000.0,20098000.0,1902428000.0,527535000.0,,3.584,800070000.0,,,800070000.0,86714000.0,0.0,0.0,0.009,0.231,864369000.0,864369000.0,0.248,864369000.0,864369000.0,796805000.0,2.484,2.444,2.484,3324627000.0,3307947000.0,3324627000.0,6372542350.0,7.0,7.372,831924000.0,4.011,1.0,1584269000.0,0.454,423519000.0,67564000.0,15597881000.0,15506604000.0,0.0,9772199000.0,,,11916801000.0,,,5579574350.0,3382000.0,-47122000.0,-409155000.0,32322000.0,-49581000.0,-346754000.0,-502596000.0,-734437000.0,849997000.0,2735000.0,527535000.0,527535000.0,527535000.0,0.0,0.0,0.151,719900000.0,864369000.0,124421000.0,0.093,1.678,10.577,10.83,0.0,0.0,26.902,1.6,1.6,96750000.0,3003152000.0,3486697000.0,3486697000.0,0.0,0.035,0.159,0.056,0.248,0.0,0.0,1.0,207401987.0,207401987.0,,16.811,14817909000.0,0.0,269270000.0,966008000.0,71.445,
55,GL,MRT,2007-09-30,2007-09-30,2007-09-30,2021-08-05,-20633000.0,15154135000.0,15072287250.0,,,0.232,15.64,-7041000.0,9070000.0,9070000.0,1913154000.0,537628000.0,,3.643,802038000.0,,,802038000.0,89324000.0,0.0,0.0,0.008,0.231,873683000.0,873683000.0,0.249,873683000.0,873683000.0,804235000.0,2.493,2.458,2.493,3263884000.0,3341588500.0,3263884000.0,6627346644.0,8.0,7.586,836929000.0,4.01,1.0,1590100000.0,0.454,423519000.0,69448000.0,15523584000.0,15445252750.0,0.0,9669648000.0,,,11890251000.0,,,5780216644.0,-16095000.0,-47122000.0,-420148000.0,-186447000.0,-50166000.0,-553622000.0,-312783000.0,-420239000.0,843970000.0,6340000.0,537628000.0,537628000.0,537628000.0,0.0,0.0,0.153,716417000.0,873683000.0,124421000.0,0.093,1.771,10.751,11.11,0.0,0.0,27.698,1.65,1.65,97321000.0,3176498000.0,3503254000.0,3503254000.0,0.0,0.036,0.161,0.057,0.249,0.0,0.0,1.0,208688823.0,208688823.0,,16.787,14730616000.0,0.0,266607000.0,988202000.0,70.587,
56,GL,MRT,2007-06-30,2007-06-30,2007-06-30,2021-08-05,-17188000.0,15097868000.0,15017591500.0,,,0.232,15.114,-1646000.0,14095000.0,14095000.0,1896373000.0,533290000.0,,3.649,861225000.0,,,861225000.0,90194000.0,0.0,0.0,0.008,0.231,865230000.0,865230000.0,0.249,865230000.0,865230000.0,791924000.0,2.436,2.4,2.436,3247784000.0,3366755250.0,3247784000.0,7148827293.0,8.0,8.262,864842000.0,4.025,1.0,1581206000.0,0.455,423519000.0,73306000.0,15521479000.0,15404200000.0,0.0,9692207000.0,,,11850084000.0,,,6398639293.0,1400000.0,-47122000.0,-358503000.0,-186083000.0,-50833000.0,-475972000.0,-393540000.0,-722661000.0,866488000.0,4424000.0,533290000.0,533290000.0,533290000.0,0.0,0.0,0.153,715976000.0,865230000.0,124421000.0,0.095,1.97,11.998,12.224,0.0,0.0,29.778,1.84,1.84,97972000.0,3055989000.0,3477579000.0,3477579000.0,0.0,0.036,0.158,0.056,0.249,0.0,0.0,1.0,214879678.0,214879678.0,,16.184,14674349000.0,0.0,258634000.0,970304000.0,68.291,
57,GL,MRT,2007-03-31,2007-03-31,2007-03-31,2021-08-05,116306000.0,15056791000.0,14938744250.0,,,0.232,15.401,-1648000.0,328000.0,328000.0,1887853000.0,533548000.0,,3.434,750516000.0,,,750516000.0,91514000.0,0.0,0.0,0.008,0.222,868297000.0,868297000.0,0.25,868297000.0,868297000.0,793894000.0,2.409,2.373,2.409,3395493000.0,3336661750.0,3395493000.0,7177490617.0,8.0,8.266,900437000.0,4.084,1.0,1582292000.0,0.456,423507000.0,74403000.0,15383472000.0,15343198000.0,0.0,9710358000.0,,,11661298000.0,,,6426933617.0,-6014000.0,-47110000.0,-326926000.0,-109742000.0,-49457000.0,-397680000.0,-510705000.0,-763247000.0,902085000.0,286000.0,533548000.0,533548000.0,533548000.0,0.0,0.0,0.154,713995000.0,868297000.0,124421000.0,0.092,1.893,12.046,12.101,0.0,0.0,29.151,1.852,1.852,92758000.0,2941790000.0,3470145000.0,3470145000.0,0.0,0.036,0.16,0.057,0.25,0.0,0.0,1.0,220469594.0,220469594.0,,15.74,14633284000.0,0.0,260346000.0,1028252000.0,66.373,
58,GL,MRT,2006-12-31,2006-12-31,2006-12-31,2021-08-05,140097000.0,14980355000.0,14863318000.0,,,0.23,15.676,-1354000.0,16716000.0,16716000.0,1863531000.0,518631000.0,,3.331,767273000.0,,,767273000.0,88039000.0,0.0,0.0,0.008,0.213,846706000.0,846706000.0,0.247,846706000.0,846706000.0,773570000.0,2.311,2.28,2.311,3459193000.0,3293892000.0,3459193000.0,7055710775.0,8.0,8.333,863947000.0,3.915,1.0,1557647000.0,0.455,378436000.0,73136000.0,15352476000.0,15295530250.0,0.0,9703272000.0,,,11521162000.0,,,6253253775.0,-2581000.0,0.0,-323410000.0,-4796000.0,-48095000.0,-347567000.0,-520601000.0,-999207000.0,865301000.0,286000.0,518631000.0,518631000.0,518631000.0,0.0,0.0,0.152,710941000.0,846706000.0,124421000.0,0.092,1.808,12.057,12.262,0.0,0.0,28.338,1.828,1.828,78809000.0,2827287000.0,3421178000.0,3421178000.0,0.0,0.035,0.157,0.055,0.247,0.0,0.0,1.0,220668460.0,220668460.0,,15.504,14601919000.0,0.0,254939000.0,1010618000.0,66.171,
59,GL,MRT,2006-09-30,2006-09-30,2006-09-30,2021-08-05,164782000.0,14935352000.0,14810455000.0,,,0.225,15.114,-6628000.0,25165000.0,25165000.0,1815008000.0,502329000.0,,3.439,827622000.0,,,827622000.0,90673000.0,0.0,0.0,0.007,0.204,806329000.0,806329000.0,0.242,806329000.0,806329000.0,735697000.0,2.209,2.178,2.209,3364551000.0,3287285750.0,3364551000.0,7117391548.0,9.0,8.827,847030000.0,3.805,1.0,1518171000.0,0.455,378436000.0,70632000.0,15359373000.0,15233895750.0,0.0,9677166000.0,,,11570801000.0,,,6243963548.0,19564000.0,0.0,-322456000.0,194096000.0,-46735000.0,-201603000.0,-632916000.0,-1046706000.0,853658000.0,425000.0,502329000.0,502329000.0,502329000.0,0.0,0.0,0.151,711842000.0,806329000.0,280999000.0,0.092,1.856,12.43,12.698,0.0,0.0,28.049,1.873,1.873,93796000.0,2955042000.0,3333179000.0,3333179000.0,0.0,0.034,0.153,0.053,0.242,0.0,0.0,1.0,222610014.0,222610014.0,,14.973,14556916000.0,0.0,233368000.0,1031849000.0,65.392,
60,GL,MRT,2006-06-30,2006-06-30,2006-06-30,2021-08-05,2053000.0,14782479000.0,14741796750.0,,,0.221,13.85,-6089000.0,12695000.0,12695000.0,1779839000.0,492831000.0,,3.727,886123000.0,,,886123000.0,91590000.0,0.0,0.0,0.007,0.196,792292000.0,792292000.0,0.243,792292000.0,792292000.0,727816000.0,2.138,2.116,2.138,3127410000.0,3286074500.0,3127410000.0,6909843706.0,9.0,8.721,824321000.0,3.651,1.0,1484423000.0,0.455,378436000.0,64476000.0,15277471000.0,15152582750.0,0.0,9352603000.0,,,11655069000.0,,,6093692706.0,1028000.0,0.0,-332622000.0,263400000.0,-45393000.0,-141311000.0,-687945000.0,-1167825000.0,830410000.0,-126000.0,492831000.0,492831000.0,492831000.0,0.0,0.0,0.151,692131000.0,792292000.0,280809000.0,0.092,1.948,12.365,12.622,0.0,0.0,26.987,1.867,1.867,110569000.0,2842722000.0,3264262000.0,3264262000.0,0.0,0.033,0.15,0.052,0.243,0.0,0.0,1.0,225803830.0,225803830.0,,14.456,14404043000.0,0.0,234985000.0,931411000.0,63.79,
61,GL,MRT,2006-03-31,2006-03-31,2006-03-31,2021-08-05,117547000.0,14755086000.0,14708938250.0,,,0.218,13.837,-3301000.0,6342000.0,6342000.0,1717167000.0,497821000.0,,3.576,822493000.0,,,822493000.0,92713000.0,0.0,0.0,0.006,0.147,798543000.0,798543000.0,0.25,798543000.0,798543000.0,736355000.0,2.129,2.111,2.129,3224414000.0,3367974000.0,3224414000.0,6629200488.0,8.0,8.302,803368000.0,3.448,1.0,1482757000.0,0.463,378436000.0,62188000.0,15192801000.0,15085861500.0,0.0,9226476000.0,,,11530672000.0,,,5913729488.0,-2572000.0,0.0,-335209000.0,68904000.0,-45866000.0,-317670000.0,-491380000.0,-841150000.0,806669000.0,-191000.0,497821000.0,497821000.0,497821000.0,0.0,0.0,0.156,684214000.0,798543000.0,156577000.0,0.069,1.834,11.879,11.92,0.0,0.0,25.378,1.848,1.848,111366000.0,2727336000.0,3199924000.0,3199924000.0,0.0,0.034,0.148,0.053,0.25,0.0,0.0,1.0,233027870.0,233027870.0,,13.732,14376650000.0,0.0,238534000.0,953699000.0,61.695,
62,GL,MRT,2005-12-31,2005-12-31,2005-12-31,2021-08-05,269084000.0,14768903000.0,14561691750.0,,,0.215,14.701,-3020000.0,19297000.0,19297000.0,1661186000.0,495390000.0,,3.302,734768000.0,,,734768000.0,91758000.0,0.0,0.0,0.008,0.196,792455000.0,792455000.0,0.254,792455000.0,792455000.0,731521000.0,2.102,2.08,2.102,3432768000.0,3382395500.0,3432768000.0,6521885515.0,8.0,8.23,854628000.0,3.66,1.0,1464724000.0,0.469,378436000.0,60934000.0,15105938000.0,14921411250.0,0.0,9391398000.0,,,11336135000.0,,,5770047515.0,8646000.0,0.0,-337689000.0,31299000.0,-46346000.0,-349853000.0,-498958000.0,-784804000.0,857648000.0,-191000.0,495390000.0,495390000.0,495390000.0,0.0,0.0,0.158,672269000.0,792455000.0,156577000.0,0.093,1.681,11.647,11.756,0.0,0.0,24.711,1.846,1.846,67262000.0,2621552000.0,3125910000.0,3125910000.0,0.0,0.034,0.146,0.053,0.254,0.0,0.0,1.0,233500124.0,233500124.0,,13.387,14390467000.0,0.0,236131000.0,1011048000.0,61.629,
63,GL,MRT,2005-09-30,2005-09-30,2005-09-30,2021-08-05,300000000.0,14660719000.0,14432512000.0,,,0.216,14.313,-3300000.0,5601000.0,5601000.0,1659925000.0,484765000.0,,3.364,757439000.0,,,757439000.0,90257000.0,0.0,0.0,0.008,0.196,798664000.0,798664000.0,0.256,798664000.0,798664000.0,738946000.0,2.036,2.013,2.036,3359706000.0,3379164500.0,3359706000.0,6249472244.0,8.0,7.825,844404000.0,3.597,1.0,1457730000.0,0.468,378436000.0,59718000.0,15034121000.0,14788301000.0,0.0,9379641000.0,,,11301013000.0,,,5511495244.0,1471000.0,0.0,-361060000.0,90685000.0,-46871000.0,-301274000.0,-544959000.0,-1075226000.0,847704000.0,0.0,484765000.0,484765000.0,484765000.0,0.0,0.0,0.155,659066000.0,798664000.0,156577000.0,0.096,1.64,11.369,11.532,28208000.0,0.0,23.48,1.768,1.768,66075000.0,2703060000.0,3117655000.0,3117655000.0,0.0,0.034,0.143,0.054,0.256,0.0,0.0,1.0,234731484.0,234731484.0,,13.282,14282283000.0,0.0,254181000.0,1050163000.0,60.845,
64,GL,MRT,2005-06-30,2005-06-30,2005-06-30,2021-08-05,451223000.0,14651045000.0,14240200250.0,,,0.219,14.746,-3234000.0,11667000.0,11667000.0,1660755000.0,489851000.0,,3.241,749644000.0,,,749644000.0,92980000.0,0.0,0.0,0.006,0.147,805506000.0,805506000.0,0.258,805506000.0,805506000.0,747014000.0,2.036,2.004,2.036,3455008000.0,3375250500.0,3455008000.0,6182983405.0,8.0,7.676,827746000.0,3.533,1.0,1462077000.0,0.468,378436000.0,58492000.0,15010586000.0,14576203000.0,0.0,9446164000.0,,,11196037000.0,,,5435683405.0,6525000.0,0.0,-391350000.0,58930000.0,-47465000.0,-355567000.0,-468888000.0,-919752000.0,830980000.0,0.0,489851000.0,489851000.0,489851000.0,0.0,0.0,0.157,656571000.0,805506000.0,156577000.0,0.072,1.573,11.097,11.395,28709000.0,0.0,23.2,1.741,1.741,66538000.0,2595567000.0,3122832000.0,3122832000.0,0.0,0.034,0.145,0.055,0.258,0.0,0.0,1.0,234296698.0,234296698.0,,13.329,14272609000.0,0.0,257163000.0,1072008000.0,60.917,
65,GL,MRT,2005-03-31,2005-03-31,2005-03-31,2021-08-05,332700000.0,14166100000.0,13935717750.0,,,0.221,13.712,-3393000.0,8900000.0,8900000.0,1657318000.0,474047000.0,,3.316,756200000.0,,,756200000.0,92400000.0,0.0,0.0,0.008,0.196,774922000.0,774922000.0,0.251,774922000.0,774922000.0,717702000.0,1.942,1.911,1.942,3282100000.0,3299875250.0,3282100000.0,6253061661.0,8.0,8.069,811282000.0,3.389,1.0,1424676000.0,0.462,378400000.0,57220000.0,14535000000.0,14259256250.0,0.0,9182400000.0,,,10884000000.0,,,5553261661.0,-11092000.0,0.0,-381284000.0,-2527000.0,-48236000.0,-395843000.0,-429924000.0,-804134000.0,814675000.0,0.0,474047000.0,474047000.0,474047000.0,0.0,0.0,0.154,649754000.0,774922000.0,156600000.0,0.101,1.692,11.715,11.946,29100000.0,0.0,23.2,1.802,1.802,76700000.0,2568400000.0,3081994000.0,3081994000.0,0.0,0.034,0.144,0.054,0.251,0.0,0.0,1.0,239364727.0,239364727.0,,12.876,13787700000.0,0.0,243655000.0,1010200000.0,57.601,
66,GL,MRT,2004-12-31,2004-12-31,2004-12-31,2021-08-05,405916000.0,14252184000.0,13854158000.0,,,0.222,14.059,-3699000.0,10651000.0,10651000.0,1645668000.0,468555000.0,,3.167,710400000.0,,,710400000.0,93073000.0,0.0,0.0,0.008,0.196,770129000.0,770129000.0,0.251,770129000.0,770129000.0,713638000.0,1.893,1.862,1.893,3419844000.0,3329428500.0,3419844000.0,6849948065.0,9.0,8.895,763373000.0,3.138,1.0,1425874000.0,0.464,378436000.0,56491000.0,14573497000.0,14178374250.0,0.0,9232439000.0,,,10832340000.0,,,6177255065.0,-2055000.0,0.0,-259103000.0,-12094000.0,-48761000.0,-269888000.0,-499239000.0,-1012842000.0,767072000.0,0.0,468555000.0,468555000.0,468555000.0,0.0,0.0,0.153,648582000.0,777292000.0,156577000.0,0.104,1.806,13.184,13.416,0.0,0.0,25.396,2.011,2.011,73408000.0,2462513000.0,3071542000.0,3071542000.0,0.0,0.034,0.141,0.054,0.251,0.0,0.0,1.0,243241580.0,243241580.0,,12.628,13873748000.0,0.0,245083000.0,993540000.0,57.037,
67,GL,MRT,2004-09-30,2004-09-30,2004-09-30,2021-08-05,400115000.0,13891472000.0,13657487000.0,,,0.224,13.552,-902000.0,4130000.0,4130000.0,1639130000.0,465127000.0,,3.154,676823000.0,,,676823000.0,93811000.0,0.0,0.0,0.006,0.147,763550000.0,763550000.0,0.25,763550000.0,763550000.0,707474000.0,1.862,1.84,1.862,3344050000.0,3284492500.0,3344050000.0,6520172505.0,9.0,8.539,779787000.0,3.16,1.0,1419121000.0,0.464,378436000.0,56076000.0,14185729000.0,13985050000.0,0.0,9044947000.0,,,10547422000.0,,,5832052505.0,-6364000.0,0.0,-244987000.0,-38009000.0,-49266000.0,-276161000.0,-510892000.0,-1003917000.0,780689000.0,0.0,465127000.0,465127000.0,465127000.0,0.0,0.0,0.152,648471000.0,770650000.0,156577000.0,0.079,1.744,12.539,12.694,29208000.0,0.0,23.636,1.907,1.907,81046000.0,2586343000.0,3058251000.0,3058251000.0,0.0,0.034,0.142,0.055,0.25,0.0,0.0,1.0,246749119.0,246749119.0,,12.394,13513036000.0,0.0,242347000.0,993598000.0,54.764,
68,GL,MRT,2004-06-30,2004-06-30,2004-06-30,2021-08-05,240160000.0,13433115000.0,13488953750.0,,,0.223,12.592,-488000.0,5142000.0,5142000.0,1622444000.0,448877000.0,,3.26,693262000.0,,,693262000.0,96760000.0,0.0,0.0,0.008,0.196,738248000.0,738248000.0,0.245,738248000.0,738248000.0,682240000.0,1.778,1.76,1.778,3153507000.0,3241737500.0,3153507000.0,6738480238.0,9.0,9.128,748216000.0,2.988,1.0,1392087000.0,0.462,378436000.0,56008000.0,13742799000.0,13862879250.0,0.0,8656274000.0,,,10279608000.0,,,5988433238.0,-2525000.0,0.0,-222474000.0,20865000.0,-47473000.0,-169871000.0,-581358000.0,-1189733000.0,748704000.0,0.0,448877000.0,448877000.0,448877000.0,0.0,0.0,0.149,646739000.0,745348000.0,156577000.0,0.11,1.899,13.341,13.448,29665000.0,0.0,23.911,1.987,1.987,86249000.0,2475128000.0,3014531000.0,3014531000.0,0.0,0.033,0.138,0.053,0.245,0.0,0.0,1.0,250445628.0,250445628.0,,12.037,13054679000.0,0.0,233363000.0,865819000.0,52.126,
69,GL,MRT,2004-03-31,2004-03-31,2004-03-31,2021-08-05,500048000.0,13839861000.0,13404897750.0,,,0.223,13.458,-794000.0,19966000.0,19966000.0,1607167000.0,441908000.0,,3.07,770013000.0,,,770013000.0,96825000.0,0.0,0.0,0.008,0.187,731541000.0,731541000.0,0.245,731541000.0,731541000.0,675545000.0,1.733,1.72,1.733,3400313000.0,3249054250.0,3400313000.0,6903327152.0,9.0,9.437,730370000.0,2.891,1.0,1377815000.0,0.462,378436000.0,55996000.0,14211472000.0,13776805000.0,0.0,9110970000.0,,,10439548000.0,,,6040184152.0,7813000.0,0.0,-187935000.0,8934000.0,-45605000.0,-108259000.0,-615092000.0,-1316208000.0,731164000.0,0.0,441908000.0,441908000.0,441908000.0,0.0,0.0,0.148,639174000.0,738641000.0,154639000.0,0.108,1.776,13.668,13.795,29927000.0,0.0,23.907,2.024,2.024,69851000.0,2372315000.0,2984982000.0,2984982000.0,0.0,0.033,0.136,0.053,0.245,0.0,0.0,1.0,252656894.0,252656894.0,,11.814,13461425000.0,0.0,233637000.0,995281000.0,53.279,
70,GL,MRT,2003-12-31,2003-12-31,2003-12-31,2021-08-05,393100000.0,13465500000.0,13099029000.0,,,0.224,12.724,-244000.0,12700000.0,12700000.0,1590072000.0,430141000.0,,3.156,725800000.0,,,725800000.0,96600000.0,0.0,0.0,0.008,0.169,709247000.0,709247000.0,0.242,709247000.0,709247000.0,653112000.0,1.667,1.658,1.667,3240100000.0,3134563000.0,3240100000.0,6012156591.0,8.0,8.477,740230000.0,2.907,1.0,1340926000.0,0.457,378400000.0,56135000.0,13800200000.0,13472355000.0,0.0,8689700000.0,,,10225400000.0,,,5154013591.0,5527000.0,0.0,-214748000.0,-19031000.0,-43850000.0,-135264000.0,-599683000.0,-1209947000.0,740474000.0,0.0,430141000.0,430141000.0,430141000.0,0.0,0.0,0.147,631679000.0,709247000.0,156600000.0,0.101,1.591,11.982,12.142,29800000.0,0.0,20.24,1.758,1.758,85400000.0,2273400000.0,2930998000.0,2930998000.0,0.0,0.033,0.137,0.053,0.242,0.0,0.0,1.0,254644940.0,254644940.0,,11.51,13087100000.0,0.0,222971000.0,905100000.0,51.394,
71,GL,MRT,2003-09-30,2003-09-30,2003-09-30,2021-08-05,405693000.0,13217339000.0,12822834500.0,,,0.225,12.349,-2402000.0,10496000.0,10496000.0,1573298000.0,423266000.0,,3.166,868639000.0,,,868639000.0,97477000.0,0.0,0.0,0.009,0.16,705223000.0,705223000.0,0.244,705223000.0,705223000.0,639731000.0,1.622,1.613,1.622,3173030000.0,3037401250.0,3173030000.0,5321236478.0,8.0,7.545,698789000.0,2.719,1.0,1315364000.0,0.455,378436000.0,65492000.0,13697046000.0,13240448750.0,0.0,8561036000.0,,,10044309000.0,,,4641189478.0,5907000.0,0.0,-205404000.0,-7219000.0,-42073000.0,-109317000.0,-585967000.0,-1199919000.0,701191000.0,0.0,423266000.0,423266000.0,423266000.0,0.0,0.0,0.147,615821000.0,699543000.0,0.0,0.099,1.463,10.965,11.136,31725000.0,0.0,18.062,1.607,1.607,80011000.0,2340873000.0,2888662000.0,2888662000.0,0.0,0.033,0.139,0.053,0.244,0.0,0.0,1.0,256955618.0,256955618.0,,11.242,12838903000.0,0.0,216465000.0,911292000.0,49.965,
72,GL,MRT,2003-06-30,2003-06-30,2003-06-30,2021-08-05,451744000.0,13096891000.0,12608680250.0,,,0.228,12.186,-2756000.0,7669000.0,7669000.0,1555906000.0,432759000.0,,3.07,687716000.0,,,687716000.0,97278000.0,0.0,0.0,0.01,0.16,717314000.0,717314000.0,0.249,717314000.0,717314000.0,654348000.0,1.636,1.631,1.636,3182774000.0,2957007000.0,3182774000.0,5079898792.0,7.0,7.082,675157000.0,2.585,1.0,1323790000.0,0.46,378436000.0,62966000.0,13398502000.0,12998224250.0,0.0,8483809000.0,,,9769679000.0,,,4324176792.0,4634000.0,0.0,-193762000.0,-49147000.0,-42529000.0,-150624000.0,-522655000.0,-998493000.0,677913000.0,0.0,432759000.0,432759000.0,432759000.0,0.0,0.0,0.15,610264000.0,713526000.0,0.0,0.098,1.359,9.992,10.12,32804000.0,0.0,16.556,1.502,1.502,69947000.0,2246170000.0,2879696000.0,2879696000.0,0.0,0.034,0.146,0.055,0.249,0.0,0.0,1.0,261191887.0,261191887.0,,11.025,12718455000.0,0.0,221589000.0,924674000.0,48.694,
73,GL,MRT,2003-03-31,2003-03-31,2003-03-31,2021-08-05,252945000.0,12616386000.0,12357308500.0,,,0.225,11.184,-2143000.0,12195000.0,12195000.0,1538626000.0,385879000.0,,3.239,767917000.0,,,767917000.0,95761000.0,0.0,0.0,0.01,0.16,637900000.0,637900000.0,0.23,637900000.0,637900000.0,581770000.0,1.444,1.44,1.444,2942348000.0,2802427500.0,2942348000.0,5076435340.0,8.0,7.958,671694000.0,2.553,1.0,1240140000.0,0.446,378436000.0,56130000.0,12993672000.0,12756922500.0,0.0,8088961000.0,,,9529605000.0,,,4186146340.0,7703000.0,0.0,-215486000.0,-27426000.0,-43083000.0,-198834000.0,-467300000.0,-856246000.0,673837000.0,0.0,385879000.0,385879000.0,385879000.0,0.0,0.0,0.139,605057000.0,635083000.0,0.0,0.111,1.423,10.848,11.019,32882000.0,0.0,15.911,1.506,1.506,68138000.0,2147314000.0,2778766000.0,2778766000.0,0.0,0.031,0.138,0.05,0.23,0.0,0.0,1.0,263095790.0,263095790.0,,10.562,12237950000.0,0.0,195891000.0,804834000.0,46.515,
74,GL,MRT,2002-12-31,2002-12-31,2002-12-31,2021-08-05,176622000.0,12360722000.0,12274304250.0,,,0.225,10.701,-2200000.0,7181000.0,7181000.0,1524100000.0,383400000.0,,3.284,897470000.0,,,897470000.0,95243000.0,0.0,0.0,0.01,0.16,636400000.0,636400000.0,0.23,636400000.0,636400000.0,578400000.0,1.418,1.413,1.418,2851453000.0,2686579500.0,2851453000.0,5052127719.0,8.0,7.939,648600000.0,2.434,1.0,1237300000.0,0.448,378436000.0,58000000.0,12872575000.0,12678182750.0,0.0,7783751000.0,,,9364842000.0,,,4326423719.0,3500000.0,0.0,-177100000.0,-2600000.0,-43500000.0,-178800000.0,-468500000.0,-889300000.0,650800000.0,0.0,383400000.0,383400000.0,383400000.0,0.0,0.0,0.139,600900000.0,636400000.0,0.0,0.113,1.517,11.284,11.45,33431000.0,0.0,16.236,1.567,1.567,70419000.0,2316868000.0,2761400000.0,2761400000.0,0.0,0.031,0.143,0.05,0.23,0.0,0.0,1.0,266478329.0,266478329.0,,10.363,11982286000.0,0.0,195000000.0,720176000.0,44.965,
75,GL,MRT,2002-09-30,2002-09-30,2002-09-30,2021-08-05,176622000.0,12360722000.0,12291162000.0,,,0.22,10.632,-2025000.0,7181000.0,7181000.0,1506518000.0,361367000.0,,3.284,753043000.0,,,753043000.0,95243000.0,0.0,0.0,0.011,0.16,584905000.0,584905000.0,0.216,584905000.0,584905000.0,548904000.0,1.32,1.427,1.32,2851453000.0,2597998000.0,2851453000.0,4803396559.0,8.0,8.212,624755000.0,2.329,1.0,1195879000.0,0.443,378436000.0,36001000.0,12728148000.0,12692726250.0,0.0,7783751000.0,,,9364842000.0,,,4083069559.0,-4921000.0,0.0,-240212000.0,161044000.0,-44067000.0,-210251000.0,-421450000.0,-917951000.0,626780000.0,0.0,361367000.0,361367000.0,361367000.0,-3280000.0,0.0,0.134,604183000.0,591696000.0,0.0,0.121,1.432,11.299,11.535,33431000.0,0.0,15.227,1.511,1.511,70419000.0,2316868000.0,2702397000.0,2702397000.0,0.0,0.029,0.139,0.046,0.216,13958000.0,0.0,1.0,268152554.0,268195500.0,,10.076,11982286000.0,0.0,187537000.0,720176000.0,44.677,
76,GL,MRT,2002-06-30,2002-06-30,2002-06-30,2021-08-05,32178000.0,12091404000.0,12247839000.0,,,0.218,9.387,-2169000.0,3068000.0,3068000.0,1491919000.0,347807000.0,,3.659,723395000.0,,,723395000.0,94712000.0,0.0,0.0,0.009,0.16,563862000.0,563862000.0,0.211,563862000.0,563862000.0,528900000.0,1.253,1.356,1.253,2564456000.0,2518928750.0,2564456000.0,5411007880.0,10.0,9.596,731789000.0,2.679,1.0,1175655000.0,0.441,378436000.0,34962000.0,12433295000.0,12634174750.0,0.0,7236909000.0,,,9382531000.0,,,4638227880.0,-2002000.0,0.0,-234516000.0,198680000.0,-44164000.0,-234051000.0,-501909000.0,-1013148000.0,733958000.0,0.0,347807000.0,347807000.0,347807000.0,-3280000.0,0.0,0.13,605067000.0,570588000.0,0.0,0.128,1.809,13.336,13.55,34309000.0,0.0,16.978,1.739,1.739,74975000.0,2116857000.0,2667574000.0,2667574000.0,0.0,0.028,0.138,0.045,0.211,13958000.0,0.0,1.0,273194050.0,273194050.0,,9.764,11712968000.0,0.0,181093000.0,613348000.0,42.874,
77,GL,MRT,2002-03-31,2002-03-31,2002-03-31,2021-08-05,-81003000.0,12284369000.0,12350847000.0,,,0.22,9.016,-2235000.0,4525000.0,4525000.0,1476636000.0,358269000.0,,3.897,777305000.0,,,777305000.0,93547000.0,0.0,0.0,0.009,0.16,601031000.0,601031000.0,0.221,601031000.0,601031000.0,561539000.0,1.28,1.382,1.28,2478956000.0,2470696750.0,2478956000.0,5660029640.0,9.0,9.417,609457000.0,2.217,1.0,1246488000.0,0.458,378436000.0,39492000.0,12678713000.0,12720316250.0,0.0,7114961000.0,,,9661001000.0,,,4923554640.0,-1327000.0,0.0,-191751000.0,255675000.0,-44873000.0,-204974000.0,-408045000.0,-978148000.0,611692000.0,0.0,358269000.0,358269000.0,358269000.0,-3280000.0,0.0,0.132,610577000.0,635911000.0,0.0,0.125,1.986,13.743,13.99,35043000.0,0.0,17.907,1.808,1.808,74874000.0,2065153000.0,2723124000.0,2723124000.0,0.0,0.029,0.145,0.047,0.221,13958000.0,0.0,1.0,274956514.0,274956514.0,,9.904,11905933000.0,0.0,203270000.0,577218000.0,43.301,
78,GL,MRT,2001-12-31,2001-12-31,2001-12-31,2021-08-05,-12314000.0,12428153000.0,12480191500.0,,,0.217,8.938,-2533000.0,3714000.0,3714000.0,1454636000.0,356513000.0,,3.919,884746000.0,,,884746000.0,93624000.0,0.0,0.0,0.009,0.16,607551000.0,607551000.0,0.224,607551000.0,607551000.0,562810000.0,1.267,1.364,1.267,2497127000.0,2441891500.0,2497127000.0,5571781886.0,9.0,9.171,615154000.0,2.202,1.0,1253583000.0,0.463,378436000.0,44741000.0,12930749000.0,12819279500.0,0.0,7104374000.0,,,9786469000.0,,,4883815886.0,-31375000.0,0.0,-168082000.0,188871000.0,-45188000.0,-251037000.0,-398025000.0,-846855000.0,617687000.0,0.0,356513000.0,356513000.0,356513000.0,0.0,0.0,0.132,606471000.0,647112000.0,0.0,0.126,1.956,13.699,13.796,36137000.0,0.0,17.48,1.803,1.803,67549000.0,1978903000.0,2708219000.0,2708219000.0,0.0,0.029,0.146,0.047,0.224,13958000.0,0.0,1.0,279394502.0,279394502.0,,9.693,12049717000.0,0.0,206297000.0,580287000.0,43.128,
79,GL,MRT,2001-09-30,2001-09-30,2001-09-30,2021-08-05,23365000.0,12187430000.0,12613792750.0,,,0.213,9.0,-1236000.0,9543000.0,9543000.0,1427718000.0,365510000.0,,3.765,697509000.0,,,697509000.0,92349000.0,0.0,0.0,0.009,0.16,623904000.0,623904000.0,0.232,623904000.0,623904000.0,575999000.0,1.289,1.284,1.289,2535176000.0,2368199750.0,2535176000.0,5531371073.0,9.0,8.866,637477000.0,2.263,1.0,1263958000.0,0.47,381454000.0,47905000.0,12493942000.0,12894616500.0,0.0,7027895000.0,,,9545850000.0,,,4872473073.0,-2625000.0,0.0,-117943000.0,15945000.0,-45381000.0,-259927000.0,-381411000.0,-690112000.0,638713000.0,0.0,365510000.0,365510000.0,365510000.0,3280000.0,0.0,0.136,600946000.0,663012000.0,0.0,0.124,1.922,13.331,13.447,36732000.0,0.0,17.333,1.81,1.814,75684000.0,1930845000.0,2691676000.0,2691676000.0,0.0,0.029,0.154,0.048,0.232,3163000.0,0.0,1.0,281104216.0,281677500.0,,9.556,11805976000.0,0.0,210489000.0,632122000.0,41.913,
80,GL,MRT,2001-06-30,2001-06-30,2001-06-30,2021-08-05,-77215000.0,12503436000.0,12782545000.0,,,0.207,8.402,-1859000.0,5070000.0,5070000.0,1400374000.0,359431000.0,,4.211,663968000.0,,,663968000.0,92743000.0,0.0,0.0,0.009,0.16,617151000.0,617151000.0,0.233,617151000.0,617151000.0,566316000.0,1.262,1.262,1.262,2371528000.0,2261512750.0,2371528000.0,5704723214.0,9.0,9.244,514569000.0,1.823,1.0,1245166000.0,0.471,384473000.0,50835000.0,12777861000.0,13055530000.0,0.0,6684712000.0,,,9986833000.0,,,5044412214.0,-11878000.0,0.0,-93450000.0,-49434000.0,-45810000.0,-252973000.0,-275333000.0,-552076000.0,516428000.0,0.0,359431000.0,359431000.0,359431000.0,3280000.0,0.0,0.136,588054000.0,657112000.0,0.0,0.127,2.127,14.034,14.161,37351000.0,0.0,17.871,1.907,1.907,79054000.0,1838567000.0,2645540000.0,2645540000.0,0.0,0.028,0.159,0.047,0.233,3163000.0,0.0,1.0,282266289.0,282266289.0,,9.372,12118963000.0,0.0,206885000.0,516699000.0,42.935,
81,GL,MRT,2001-03-31,2001-03-31,2001-03-31,2021-08-05,-59034000.0,12801747000.0,12809558000.0,,,0.201,8.338,-5532000.0,5852000.0,5852000.0,1366841000.0,369551000.0,,4.334,666163000.0,,,666163000.0,92056000.0,0.0,0.0,0.009,0.16,620191000.0,620191000.0,0.241,620191000.0,620191000.0,566947000.0,1.293,1.293,1.293,2363735000.0,2171907000.0,2363735000.0,5552654249.0,9.0,8.953,579363000.0,2.044,1.0,1204802000.0,0.468,387492000.0,53244000.0,13074566000.0,13088757500.0,0.0,6805495000.0,,,10244597000.0,,,4892606249.0,-4622000.0,0.0,-94057000.0,-112585000.0,-45320000.0,-249207000.0,-340310000.0,-530015000.0,584895000.0,0.0,369551000.0,369551000.0,369551000.0,3280000.0,0.0,0.144,571232000.0,633570000.0,0.0,0.124,2.07,13.239,13.347,38105000.0,0.0,17.258,1.903,1.903,78671000.0,2305147000.0,2571643000.0,2571643000.0,0.0,0.029,0.17,0.047,0.241,3163000.0,0.0,1.0,283501521.0,283501521.0,,9.071,12414255000.0,0.0,197396000.0,518563000.0,43.789,
82,GL,MRT,2000-12-31,2000-12-31,2000-12-31,2021-08-05,-148406000.0,12962558000.0,12819606750.0,,,0.196,7.753,-5242000.0,35089000.0,35089000.0,1339482000.0,362035000.0,,4.798,695137000.0,,,695137000.0,90310000.0,0.0,0.0,0.009,0.16,607363000.0,607363000.0,0.241,607363000.0,607363000.0,552876000.0,1.258,1.253,1.258,2202360000.0,2088695500.0,2202360000.0,5521744033.0,9.0,9.091,517414000.0,1.821,1.0,1176412000.0,0.468,390509000.0,54487000.0,13232097000.0,13122625000.0,0.0,6471203000.0,,,10566803000.0,,,4853059033.0,20648000.0,0.0,-137122000.0,-95390000.0,-46422000.0,-268418000.0,-233590000.0,-456394000.0,522656000.0,0.0,362035000.0,362035000.0,362035000.0,0.0,0.0,0.144,558967000.0,617445000.0,0.0,0.127,2.204,13.405,13.581,38694000.0,0.0,17.084,1.929,1.929,74960000.0,2220671000.0,2515894000.0,2515894000.0,0.0,0.028,0.173,0.046,0.241,3163000.0,0.0,1.0,284063029.0,284063029.0,,8.857,12572049000.0,0.0,190841000.0,423327000.0,44.258,
83,GL,MRT,2000-09-30,2000-09-30,2000-09-30,2021-08-05,-182869000.0,12862439000.0,12611883250.0,,,0.195,7.347,-6828000.0,12168000.0,12168000.0,1315756000.0,338876000.0,,5.009,680853000.0,,,680853000.0,90223000.0,0.0,0.0,0.013,0.16,571147000.0,571147000.0,0.232,571147000.0,571147000.0,516128000.0,1.169,1.164,1.169,2108428000.0,2036439750.0,2108428000.0,4242831449.0,7.0,7.429,593778000.0,2.069,1.0,1145326000.0,0.465,393528000.0,55019000.0,13137596000.0,12940747750.0,0.0,6307491000.0,,,10560634000.0,,,3547001449.0,3095000.0,0.0,-123357000.0,-93504000.0,-46822000.0,-238326000.0,-359185000.0,-694872000.0,600606000.0,0.0,338876000.0,338876000.0,338876000.0,0.0,0.0,0.138,564280000.0,581046000.0,0.0,0.137,1.682,10.467,10.573,39419000.0,0.0,12.36,1.441,1.441,69570000.0,2145096000.0,2461082000.0,2461082000.0,0.0,0.027,0.166,0.044,0.232,0.0,0.0,1.0,286974227.0,286974227.0,,8.576,12468911000.0,0.0,177252000.0,384713000.0,43.45,
84,GL,MRT,2000-06-30,2000-06-30,2000-06-30,2021-08-05,-209323000.0,12611488000.0,12241912250.0,,,0.195,6.982,-6564000.0,16948000.0,16948000.0,1289177000.0,314452000.0,,5.169,712778000.0,,,712778000.0,90064000.0,0.0,0.0,0.015,0.16,533297000.0,533297000.0,0.223,533297000.0,533297000.0,478303000.0,1.071,1.067,1.071,2013105000.0,2011921500.0,2013105000.0,3931736843.0,7.0,7.373,562693000.0,1.951,1.0,1097130000.0,0.46,396547000.0,54994000.0,12910771000.0,12591818500.0,0.0,6179421000.0,,,10405024000.0,,,3164077843.0,3201000.0,0.0,-160146000.0,-57074000.0,-47523000.0,-221981000.0,-344075000.0,-623280000.0,569257000.0,0.0,314452000.0,314452000.0,314452000.0,0.0,0.0,0.132,554257000.0,542873000.0,0.0,0.149,1.572,10.062,10.246,40460000.0,0.0,10.973,1.326,1.326,60857000.0,2058704000.0,2386307000.0,2386307000.0,0.0,0.026,0.156,0.042,0.223,0.0,0.0,1.0,288342452.0,288342452.0,,8.276,12214941000.0,0.0,163851000.0,356862000.0,42.363,
85,GL,MRT,2000-03-31,2000-03-31,2000-03-31,2021-08-05,-157411000.0,12841942000.0,11914104750.0,,,0.191,6.953,100000.0,10474000.0,10474000.0,1264621000.0,266404000.0,,5.228,778133000.0,,,778133000.0,92192000.0,0.0,0.0,0.016,0.16,458533000.0,458533000.0,0.201,458533000.0,458533000.0,404958000.0,0.898,0.898,0.898,2030889000.0,2023704000.0,2030889000.0,3777983162.0,8.0,8.239,533288000.0,1.826,1.0,1013781000.0,0.445,399565000.0,53575000.0,13210036000.0,12276031250.0,0.0,6283527000.0,,,10617712000.0,,,3002475162.0,2059000.0,0.0,-131244000.0,-11672000.0,-48327000.0,-124323000.0,-406806000.0,-783040000.0,533188000.0,0.0,266404000.0,266404000.0,266404000.0,1060000.0,0.0,0.117,544930000.0,468851000.0,0.0,0.178,1.478,11.27,11.448,37884000.0,0.0,10.28,1.318,1.318,48870000.0,1987239000.0,2278402000.0,2278402000.0,0.0,0.022,0.132,0.037,0.201,0.0,0.0,1.0,292069568.0,292069568.0,,7.801,12442377000.0,0.0,138554000.0,362101000.0,42.601,
86,GL,MRT,1999-12-31,1999-12-31,1999-12-31,2021-08-05,-174222000.0,12131664000.0,11536120250.0,,,0.193,6.735,-403000.0,14441000.0,14441000.0,1236547000.0,273956000.0,,4.989,789949000.0,,,789949000.0,85344000.0,0.0,0.0,0.012,0.16,460617000.0,460617000.0,0.207,460617000.0,460617000.0,408276000.0,0.916,0.858,0.916,1993337000.0,2052967750.0,1993337000.0,4587379509.0,10.0,9.959,511210000.0,1.727,1.0,990348000.0,0.445,402584000.0,52341000.0,12504588000.0,11898432000.0,0.0,6187810000.0,,,9945003000.0,,,3822453509.0,9521000.0,0.0,-184714000.0,51023000.0,-48175000.0,-114916000.0,-387176000.0,-749203000.0,511613000.0,0.0,273956000.0,273956000.0,273956000.0,1060000.0,0.0,0.123,535599000.0,454749000.0,0.0,0.175,1.918,13.953,14.1,38761000.0,0.0,12.916,1.716,1.716,53458000.0,1910487000.0,2226895000.0,2226895000.0,0.0,0.024,0.133,0.039,0.207,0.0,0.0,1.0,295957343.0,295957343.0,,7.524,11729080000.0,0.0,134320000.0,309271000.0,39.631,
87,GL,MRT,1999-09-30,1999-09-30,1999-09-30,2021-08-05,-101357000.0,11382555000.0,11315461250.0,,,0.193,6.716,-1974000.0,9073000.0,9073000.0,1207486000.0,278827000.0,,4.566,773999000.0,,,773999000.0,89122000.0,0.0,0.0,0.258,2.971,464178000.0,464178000.0,0.213,464178000.0,464178000.0,414991000.0,0.911,0.907,0.911,2010355000.0,2119515500.0,2010355000.0,4199258467.0,9.0,9.047,403276000.0,1.347,1.0,973556000.0,0.446,405602000.0,49187000.0,11741879000.0,11664351000.0,0.0,6115323000.0,,,9178893000.0,,,3443273467.0,6487000.0,145992000.0,-299490000.0,31825000.0,-55204000.0,-394280000.0,-4483000.0,-317890000.0,405250000.0,0.0,278827000.0,278827000.0,278827000.0,-2896000.0,0.0,0.128,510186000.0,463370000.0,0.0,3.261,1.713,12.349,12.626,39843000.0,0.0,11.502,1.579,1.579,140250000.0,1875824000.0,2181042000.0,2181042000.0,0.0,0.025,0.132,0.04,0.213,0.0,0.0,1.0,299357237.0,299357237.0,,7.286,10976953000.0,0.0,136164000.0,341256000.0,36.668,
88,GL,MRT,1999-06-30,1999-06-30,1999-06-30,2021-08-05,-44321000.0,11300258000.0,11289107500.0,,,0.188,6.866,-2938000.0,13747000.0,13747000.0,1183590000.0,220061000.0,,4.391,769732000.0,,,769732000.0,90631000.0,0.0,0.0,0.198,2.998,394579000.0,394579000.0,0.186,394579000.0,394579000.0,345738000.0,0.711,0.827,0.711,2060235000.0,2249152250.0,2060235000.0,5332943224.0,14.0,13.516,384894000.0,1.283,1.0,942944000.0,0.443,408621000.0,48841000.0,11647622000.0,11628616500.0,0.0,6166192000.0,,,9046732000.0,,,4551669224.0,9120000.0,155812000.0,-244028000.0,-42875000.0,-64319000.0,-426045000.0,47333000.0,-277546000.0,387832000.0,0.0,220061000.0,220061000.0,220061000.0,-16820000.0,0.0,0.103,506554000.0,436390000.0,0.0,4.217,2.209,20.684,21.335,40392000.0,0.0,15.169,2.14,2.14,137332000.0,1814666000.0,2126534000.0,2126534000.0,0.0,0.019,0.098,0.034,0.186,0.0,0.0,1.0,300066093.0,300066093.0,,7.087,10891637000.0,0.0,125677000.0,381190000.0,36.297,
89,GL,MRT,1999-03-31,1999-03-31,1999-03-31,2021-08-05,58187000.0,11330004000.0,11294829500.0,,,0.193,7.089,-5883000.0,8415000.0,8415000.0,1166698000.0,247957000.0,,4.185,789689000.0,,,789689000.0,87456000.0,0.0,0.0,0.215,3.024,453829000.0,453829000.0,0.209,453829000.0,453829000.0,403266000.0,0.796,0.871,0.796,2147944000.0,2355915000.0,2147944000.0,4993433604.0,11.0,11.003,389359000.0,1.285,1.0,1008656000.0,0.464,411639000.0,50563000.0,11699639000.0,11617593750.0,0.0,6366459000.0,,,8988785000.0,,,4259539604.0,7773000.0,155812000.0,-234557000.0,-41405000.0,-73971000.0,-301873000.0,-85596000.0,-591410000.0,395242000.0,0.0,247957000.0,247957000.0,247957000.0,-17880000.0,0.0,0.114,503859000.0,504797000.0,0.0,3.799,1.983,17.179,17.661,38903000.0,0.0,14.058,1.958,1.958,132894000.0,1791620000.0,2175354000.0,2175354000.0,0.0,0.022,0.105,0.039,0.209,0.0,0.0,1.0,303002343.0,303002343.0,,7.179,10918365000.0,0.0,155309000.0,456028000.0,36.034,
90,GL,MRT,1998-12-31,1998-12-31,1998-12-31,2021-08-05,144501000.0,11249028000.0,11420682250.0,,,0.189,7.16,-5137000.0,4920000.0,4920000.0,1150276000.0,244441000.0,,3.893,738814000.0,,,738814000.0,85923000.0,0.0,0.0,0.19,2.984,455104000.0,455104000.0,0.211,455104000.0,455104000.0,398779000.0,0.778,0.804,0.778,2259528000.0,2428844250.0,2259528000.0,5692234550.0,13.0,12.508,384337000.0,1.218,1.0,1007600000.0,0.467,414658000.0,56325000.0,11568264000.0,11716874000.0,0.0,6444101000.0,,,8796241000.0,,,4952756550.0,-6165000.0,155812000.0,-121918000.0,-174488000.0,-82601000.0,159699000.0,-555338000.0,-1392858000.0,389474000.0,0.0,244441000.0,244441000.0,244441000.0,-47868000.0,0.0,0.113,504284000.0,503316000.0,0.0,3.835,2.192,20.262,20.171,39080000.0,0.0,15.693,2.295,2.295,130279000.0,1707933000.0,2157876000.0,2157876000.0,0.0,0.021,0.101,0.039,0.211,0.0,0.0,1.0,315596212.0,315596212.0,,6.837,10834370000.0,0.0,154338000.0,511311000.0,34.33,
91,GL,MRT,1998-09-30,1998-09-30,1998-09-30,2021-08-05,178634000.0,11277140000.0,11390337250.0,,,0.189,8.013,-3576000.0,2586000.0,2586000.0,1140778000.0,263457000.0,,3.343,742064000.0,,,742064000.0,86755000.0,0.0,0.0,0.017,0.267,483364000.0,483364000.0,0.225,483364000.0,483364000.0,419254000.0,0.836,0.8,0.836,2528902000.0,2347146250.0,2528902000.0,5839481923.0,12.0,12.081,342429000.0,1.085,1.0,1009390000.0,0.469,417677000.0,64110000.0,11598941000.0,11725128250.0,0.0,7091438000.0,,,8454059000.0,,,5041021923.0,150000.0,53021000.0,4735000.0,-111723000.0,-110793000.0,457996000.0,-803851000.0,-1716547000.0,346005000.0,0.0,263457000.0,263457000.0,263457000.0,-34183000.0,0.0,0.123,507431000.0,501959000.0,0.0,0.319,1.993,19.134,19.107,37838000.0,0.0,15.973,2.344,2.344,128230000.0,1818693000.0,2150168000.0,2150168000.0,0.0,0.023,0.112,0.041,0.225,0.0,0.0,1.0,315589853.0,315589853.0,,6.813,10859463000.0,0.0,155797000.0,508077000.0,34.41,
92,GL,MRT,1998-06-30,1998-06-30,1998-06-30,2021-08-05,132181000.0,11323146000.0,,,,,7.882,-2302000.0,14039000.0,14039000.0,1134872000.0,341885000.0,,3.435,812499000.0,,,812499000.0,83514000.0,0.0,0.0,0.01,0.2,577529000.0,577529000.0,0.266,577529000.0,577529000.0,509015000.0,1.089,0.867,1.089,2487286000.0,,2487286000.0,7201750011.0,12.0,12.47,360856000.0,1.144,1.0,1032825000.0,0.476,518075000.0,68514000.0,11603531000.0,,0.0,6636689000.0,,,8544698000.0,,,6416587011.0,14046000.0,78783000.0,-44441000.0,-61423000.0,-107021000.0,465720000.0,-814832000.0,-1790912000.0,363158000.0,0.0,341885000.0,341885000.0,341885000.0,-39540000.0,0.0,0.158,502965000.0,529860000.0,0.0,0.184,2.58,18.768,18.672,49079000.0,0.0,20.333,2.96,2.96,157984000.0,1824392000.0,2167697000.0,2167697000.0,0.0,,,,0.266,0.0,0.0,1.0,315569853.0,315569853.0,,6.869,10805071000.0,0.0,167130000.0,465240000.0,34.24,
93,GL,MRT,1998-03-31,1998-03-31,1998-03-31,2021-08-05,143353000.0,11833415000.0,,,,,7.733,-4390000.0,44181000.0,44181000.0,1122843000.0,353333000.0,,3.771,829344000.0,,,829344000.0,84121000.0,0.0,0.0,0.013,0.262,585941000.0,585941000.0,0.271,585941000.0,585941000.0,513614000.0,1.129,0.938,1.129,2439661000.0,,2439661000.0,7334903829.0,13.0,12.518,392168000.0,1.243,1.0,1042792000.0,0.482,521818000.0,72327000.0,12096760000.0,,0.0,7213806000.0,,,9200540000.0,,,6423453829.0,12175000.0,69685000.0,-96322000.0,-50709000.0,-105650000.0,302503000.0,-686886000.0,-1527429000.0,396558000.0,0.0,353333000.0,353333000.0,353333000.0,-39540000.0,0.0,0.163,518690000.0,524102000.0,0.0,0.232,2.633,18.18,18.034,49001000.0,0.0,20.36,2.966,2.966,146372000.0,1765787000.0,2165635000.0,2165635000.0,0.0,,,,0.271,0.0,12157000.0,1.0,315493803.0,315493803.0,,6.864,11311597000.0,0.0,160281000.0,451562000.0,35.854,
94,GL,MRT,1997-12-31,1997-12-31,1997-12-31,2021-08-05,136926000.0,11127648000.0,10464224000.0,,,0.198,6.126,-4797000.0,11085000.0,11085000.0,1108900000.0,337743000.0,,4.657,911450000.0,,,911450000.0,83722000.0,0.0,0.0,0.014,0.262,548015000.0,548015000.0,0.265,548015000.0,548015000.0,476152000.0,1.08,0.818,1.08,1932736000.0,1781039500.0,1932736000.0,,,,405267000.0,1.285,1.0,962203000.0,0.465,426732000.0,71863000.0,11601281000.0,10847165500.0,0.0,6564316000.0,,,9001713000.0,,,5915859355.0,8569000.0,95187000.0,-88930000.0,78053000.0,-107097000.0,-39157000.0,-362338000.0,-887389000.0,410064000.0,0.0,337743000.0,337743000.0,337743000.0,-77314000.0,0.0,0.163,498341000.0,463862000.0,0.0,0.243,3.061,17.516,17.362,37100000.0,0.0,18.751,2.856,2.856,116506000.0,1694781000.0,2071103000.0,2071103000.0,0.0,0.032,0.19,0.051,0.265,0.0,0.0,1.0,315493803.0,315493803.0,,6.565,10700916000.0,0.0,138409000.0,416665000.0,33.918,
95,GL,MRT,1997-09-30,1997-09-30,1997-09-30,2021-08-05,,,,,,,,,,,,,,,,,,,,,,0.015,0.258,,,,,,,,,,,,,,,,,,1.0,,,,,,,,,,,,,,,,,,,,,,,,,,,,,,,,,,,,,,,,17.444,,,,,,,,,,,,,,1.0,,,,,,,,,,
96,GL,MRT,1997-06-30,1997-06-30,1997-06-30,2021-08-05,,,,,,,,,,,,,,,,,,,,,,0.02,0.322,,,,,,,,,,,,,,,,,,1.0,,,,,,,,,,,,,,,,,,,,,,,,,,,,,,,,,,,,,,,,15.833,,,,,,,,,,,,,,1.0,,,,,,,,,,
97,GL,MRT,1997-03-31,1997-03-31,1997-03-31,2021-08-05,,,,,,,,,,,,,,,,,,,,,,0.021,0.258,,,,,,,,,,,,,,,,,,1.0,,,,,,,,,,,,,,,,,,,,,,,,,,,,,,,,,,,,,,,,12.307,,,,,,,,,,,,,,1.0,,,,,,,,,,
98,GL,MRT,1996-12-31,1996-12-31,1996-12-31,2021-08-05,46581000.0,9800800000.0,,,,,,-12337000.0,0.0,0.0,1058084000.0,311372000.0,,4.897,832790000.0,,,832790000.0,83670000.0,0.0,0.0,0.029,0.322,523659000.0,523659000.0,0.26,523659000.0,523659000.0,450048000.0,0.973,0.782,0.973,1629343000.0,,1629343000.0,,,,315152000.0,,1.0,958332000.0,0.475,540540000.0,73611000.0,10093050000.0,,0.0,6027571000.0,,,7978312000.0,,,,-3861000.0,204570000.0,-96851000.0,-149144000.0,-111394000.0,-262876000.0,-68474000.0,-526385000.0,327489000.0,0.0,311372000.0,311372000.0,311372000.0,-65694000.0,0.0,0.154,497229000.0,461103000.0,0.0,0.331,,,11.534,50323000.0,0.0,11.222,,,112291000.0,1549391000.0,2016416000.0,2016416000.0,0.0,,,,0.26,0.0,0.0,1.0,,,,,9260260000.0,0.0,138676000.0,340287000.0,,
99,GL,MRT,1995-12-31,1995-12-31,1995-12-31,2021-08-05,,,,,,,,-5312000.0,,,1009336000.0,143235000.0,,,,,,,,0.0,,0.019,0.189,381768000.0,381768000.0,0.185,381768000.0,381768000.0,300774000.0,0.444,0.84,0.444,,,,,,,314261000.0,,1.0,1058146000.0,0.512,,80994000.0,,,,,,,,,,,1860000.0,28684000.0,2953000.0,-60867000.0,-80887000.0,19283000.0,-336996000.0,-756250000.0,319573000.0,0.0,143235000.0,143235000.0,143235000.0,128710000.0,0.0,0.069,548977000.0,509169000.0,,0.426,,,22.648,,0.0,10.056,,,,,2067482000.0,2067482000.0,0.0,,,,0.185,0.0,40080000.0,1.0,,,,,,,157539000.0,,,
