None,ticker,dimension,calendardate,datekey,reportperiod,lastupdated,accoci,assets,assetsavg,assetsc,assetsnc,assetturnover,bvps,capex,cashneq,cashnequsd,cor,consolinc,currentratio,de,debt,debtc,debtnc,debtusd,deferredrev,depamor,deposits,divyield,dps,ebit,ebitda,ebitdamargin,ebitdausd,ebitusd,ebt,eps,epsdil,epsusd,equity,equityavg,equityusd,ev,evebit,evebitda,fcf,fcfps,fxusd,gp,grossmargin,intangibles,intexp,invcap,invcapavg,inventory,investments,investmentsc,investmentsnc,liabilities,liabilitiesc,liabilitiesnc,marketcap,ncf,ncfbus,ncfcommon,ncfdebt,ncfdiv,ncff,ncfi,ncfinv,ncfo,ncfx,netinc,netinccmn,netinccmnusd,netincdis,netincnci,netmargin,opex,opinc,payables,payoutratio,pb,pe,pe1,ppnenet,prefdivis,price,ps,ps1,receivables,retearn,revenue,revenueusd,rnd,roa,roe,roic,ros,sbcomp,sgna,sharefactor,sharesbas,shareswa,shareswadil,sps,tangibles,taxassets,taxexp,taxliabilities,tbvps,workingcapital
0,DHR,MRY,2020-12-31,2020-12-31,2020-12-31,2021-10-21,-368000000.0,76161000000.0,72312600000.0,13802000000.0,62359000000.0,0.308,56.31,-789000000.0,6035000000.0,6035000000.0,9809000000.0,3646000000.0,1.865,0.915,21204000000.0,11000000.0,21193000000.0,21204000000.0,0.0,1775000000.0,0.0,0.003,0.72,4770000000.0,6545000000.0,0.294,6545000000.0,4770000000.0,4495000000.0,4.97,4.89,4.97,39766000000.0,36260950000.0,39766000000.0,173941350519.0,36.0,26.576,5419000000.0,7.673,1.0,12475000000.0,0.56,56702000000.0,275000000.0,27226000000.0,28441925000.0,2292000000.0,0.0,0.0,0.0,36384000000.0,7402000000.0,28982000000.0,157803250519.0,-13877000000.0,-20145000000.0,1882000000.0,-1926000000.0,-615000000.0,1006000000.0,-21239000000.0,-329000000.0,6208000000.0,148000000.0,3646000000.0,3510000000.0,3510000000.0,0.0,0.0,0.158,8244000000.0,4231000000.0,2049000000.0,0.145,3.968,44.958,44.696,3262000000.0,136000000.0,222.14,7.081,7.04,4045000000.0,27159000000.0,22284000000.0,22284000000.0,1348000000.0,0.049,0.097,0.168,0.214,187000000.0,6896000000.0,1.0,710377467.0,706200000.0,718700000.0,31.555,19459000000.0,0.0,849000000.0,0.0,27.555,6400000000.0
1,DHR,MRY,2019-12-31,2019-12-31,2019-12-31,2021-10-21,-3068000000.0,62082000000.0,57177375000.0,25596000000.0,36486000000.0,0.313,42.337,-623000000.0,19912000000.0,19912000000.0,7927000000.0,3008000000.0,5.19,1.051,21729000000.0,212000000.0,21517000000.0,21729000000.0,0.0,1189000000.0,0.0,0.004,0.68,3989000000.0,5178000000.0,0.289,5178000000.0,3989000000.0,3881000000.0,4.11,4.05,4.11,30271000000.0,31632775000.0,30271000000.0,113594494586.0,28.0,21.938,3329000000.0,4.656,1.0,9984000000.0,0.557,32463000000.0,108000000.0,26504000000.0,19861525000.0,1628000000.0,0.0,0.0,0.0,31800000000.0,4932000000.0,26868000000.0,110241794586.0,19124000000.0,-331000000.0,1573000000.0,13343000000.0,-527000000.0,16365000000.0,-1238000000.0,-241000000.0,3952000000.0,45000000.0,3008000000.0,2940000000.0,2940000000.0,-576000000.0,0.0,0.164,6715000000.0,3269000000.0,1515000000.0,0.165,3.642,37.497,37.343,2302000000.0,68000000.0,153.48,6.155,6.127,3191000000.0,24166000000.0,17911000000.0,17911000000.0,1126000000.0,0.051,0.093,0.201,0.223,159000000.0,5589000000.0,1.0,718281174.0,715000000.0,725500000.0,25.05,29619000000.0,0.0,873000000.0,0.0,41.425,20664000000.0
2,DHR,MRY,2018-12-31,2018-12-31,2018-12-31,2021-10-21,-2791100000.0,47832500000.0,47688250000.0,7093800000.0,40738700000.0,0.358,40.272,-578000000.0,787800000.0,787800000.0,7544000000.0,2651000000.0,1.465,0.695,9740300000.0,51800000.0,9688500000.0,9740300000.0,0.0,1178000000.0,0.0,0.006,0.64,3344000000.0,4522000000.0,0.265,4522000000.0,3344000000.0,3207000000.0,3.78,3.74,3.78,28214400000.0,27572500000.0,28214400000.0,82118686733.0,25.0,18.16,3444000000.0,4.916,1.0,9505000000.0,0.558,32863300000.0,137000000.0,19080200000.0,16309600000.0,1631400000.0,0.0,0.0,0.0,19605800000.0,4841500000.0,14764300000.0,72277086733.0,158000000.0,-2173000000.0,96000000.0,-442000000.0,-433000000.0,-797000000.0,-2949000000.0,-124000000.0,4022000000.0,-118000000.0,2651000000.0,2651000000.0,2651000000.0,-245000000.0,0.0,0.155,6450000000.0,3055000000.0,1495400000.0,0.169,2.562,27.264,27.28,2249600000.0,0.0,103.12,4.239,4.238,3029800000.0,25163000000.0,17049000000.0,17049000000.0,1059000000.0,0.056,0.096,0.205,0.196,138000000.0,5391000000.0,1.0,700902703.0,700600000.0,710200000.0,24.335,14969200000.0,0.0,556000000.0,0.0,21.366,2252300000.0
3,DHR,MRY,2017-12-31,2017-12-31,2017-12-31,2021-10-21,-1994200000.0,46648600000.0,45847950000.0,6850000000.0,39798600000.0,0.338,37.882,-538200000.0,630300000.0,630300000.0,6947500000.0,2492100000.0,1.429,0.769,10522100000.0,194700000.0,10327400000.0,10522100000.0,0.0,1116900000.0,0.0,0.006,0.56,3003200000.0,4120100000.0,0.265,4120100000.0,3003200000.0,2863100000.0,3.58,3.53,3.58,26358200000.0,25027350000.0,26358200000.0,74826479955.0,25.0,18.161,2939600000.0,4.225,1.0,8571300000.0,0.552,36805700000.0,140100000.0,14942400000.0,15195600000.0,1840800000.0,0.0,0.0,0.0,20280800000.0,4792300000.0,15488500000.0,64566079955.0,-333400000.0,-385800000.0,68800000.0,-2664800000.0,-378300000.0,-3098500000.0,-843400000.0,137900000.0,3477800000.0,130700000.0,2492100000.0,2492100000.0,2492100000.0,-319900000.0,0.0,0.161,5999000000.0,2572300000.0,1509900000.0,0.156,2.45,25.908,25.927,2454600000.0,0.0,92.82,4.161,4.162,3521800000.0,22806100000.0,15518800000.0,15518800000.0,956400000.0,0.054,0.1,0.198,0.194,127100000.0,5042600000.0,1.0,695605257.0,695800000.0,706100000.0,22.304,9842900000.0,0.0,371000000.0,0.0,14.146,2057700000.0
4,DHR,MRY,2016-12-31,2016-12-31,2016-12-31,2021-10-21,-3021700000.0,45295300000.0,46620525000.0,6665100000.0,38630200000.0,0.362,33.28,-579800000.0,963700000.0,963700000.0,7547800000.0,2553700000.0,0.97,0.966,12269000000.0,2594800000.0,9674200000.0,12269000000.0,0.0,1128100000.0,0.0,0.007,0.57,3196000000.0,4324100000.0,0.256,4324100000.0,3196000000.0,3011600000.0,3.69,3.65,3.69,23002800000.0,23936050000.0,23002800000.0,61182892865.0,19.0,14.149,2942000000.0,4.256,1.0,9334600000.0,0.553,35644900000.0,184400000.0,14081700000.0,15420225000.0,1709400000.0,0.0,0.0,0.0,22218500000.0,6874000000.0,15344500000.0,53842092865.0,172900000.0,-4880100000.0,164500000.0,2790300000.0,-399800000.0,2042700000.0,-5243000000.0,264800000.0,3521800000.0,-148600000.0,2553700000.0,2553700000.0,2553700000.0,-400300000.0,0.0,0.151,6599400000.0,2735200000.0,1485000000.0,0.154,2.341,21.084,21.095,2354000000.0,0.0,77.84,3.189,3.187,3186100000.0,20703500000.0,16882400000.0,16882400000.0,975100000.0,0.055,0.107,0.207,0.189,129800000.0,5624300000.0,1.0,691702118.0,691200000.0,699800000.0,24.425,9650400000.0,0.0,457900000.0,0.0,13.962,-208900000.0
5,DHR,MRY,2015-12-31,2015-12-31,2015-12-31,2021-10-21,-2311200000.0,48222200000.0,42747300000.0,7836700000.0,40385500000.0,0.338,33.935,-452500000.0,790800000.0,790800000.0,6662600000.0,3357400000.0,1.27,1.032,12870400000.0,845200000.0,12025200000.0,12870400000.0,0.0,880800000.0,0.0,0.007,0.675,3789900000.0,4670700000.0,0.324,4670700000.0,3789900000.0,3650100000.0,4.81,4.74,4.81,23690300000.0,23556300000.0,23690300000.0,76827799964.0,20.0,16.449,3349300000.0,4.798,1.0,7771100000.0,0.538,31560200000.0,139800000.0,22571200000.0,13862150000.0,1573100000.0,0.0,0.0,0.0,24458200000.0,6170400000.0,18287800000.0,63649299964.0,-2214800000.0,-14247800000.0,249000000.0,9158600000.0,-354100000.0,9050200000.0,-14951000000.0,-44100000.0,3801800000.0,-115800000.0,3357400000.0,3357400000.0,3357400000.0,-1610700000.0,0.0,0.233,5608900000.0,2162200000.0,1391900000.0,0.14,2.687,18.958,19.31,2302700000.0,0.0,92.88,4.41,4.492,2985100000.0,21012300000.0,14433700000.0,14433700000.0,861400000.0,0.079,0.143,0.273,0.263,103800000.0,4747500000.0,1.0,685285314.0,698100000.0,708500000.0,20.676,16662000000.0,0.0,292700000.0,0.0,23.868,1666300000.0
6,DHR,MRY,2014-12-31,2014-12-31,2014-12-31,2021-10-21,-1433700000.0,36991700000.0,35805575000.0,9431300000.0,27560400000.0,0.359,33.293,-465400000.0,3005600000.0,3005600000.0,6017400000.0,2598400000.0,1.748,0.579,3473400000.0,71900000.0,3401500000.0,3473400000.0,0.0,718100000.0,0.0,0.005,0.4,3140600000.0,3858700000.0,0.3,3858700000.0,3140600000.0,3045900000.0,3.7,3.63,3.7,23378100000.0,23450250000.0,23378100000.0,59238496607.0,19.0,15.352,3293000000.0,4.69,1.0,6849500000.0,0.532,22732700000.0,94700000.0,9330400000.0,8489250000.0,1782800000.0,0.0,0.0,0.0,13541900000.0,5396400000.0,8145500000.0,60227696607.0,-109600000.0,-2839400000.0,132900000.0,-102500000.0,-227700000.0,-218200000.0,-3444300000.0,167100000.0,3758400000.0,-205500000.0,2598400000.0,2598400000.0,2598400000.0,-959700000.0,0.0,0.202,4804500000.0,2045000000.0,1825000000.0,0.108,2.576,23.179,23.165,2171900000.0,0.0,85.71,4.681,4.678,3445800000.0,20323000000.0,12866900000.0,12866900000.0,769400000.0,0.073,0.111,0.37,0.244,84700000.0,4035100000.0,1.0,702691595.0,702200000.0,716100000.0,18.324,14259000000.0,0.0,447500000.0,0.0,20.306,4034900000.0
7,DHR,MRY,2013-12-31,2013-12-31,2013-12-31,2021-10-21,214500000.0,34672200000.0,33492925000.0,9113700000.0,25558500000.0,0.546,32.163,-538100000.0,3115200000.0,3115200000.0,8941100000.0,2695000000.0,2.013,0.546,3499000000.0,62300000.0,3436700000.0,3499000000.0,0.0,850600000.0,0.0,0.001,0.1,3661900000.0,4512500000.0,0.247,4512500000.0,3661900000.0,3520700000.0,3.87,3.8,3.87,22385300000.0,20916775000.0,22385300000.0,55330226876.0,15.0,12.262,3047200000.0,4.378,1.0,9342000000.0,0.511,22285900000.0,141200000.0,8242700000.0,8813325000.0,1783500000.0,0.0,0.0,0.0,12220800000.0,4527400000.0,7693400000.0,53823826876.0,1436500000.0,76100000.0,177400000.0,-1731100000.0,-52100000.0,-1605800000.0,-552500000.0,0.0,3585300000.0,9500000.0,2695000000.0,2695000000.0,2695000000.0,-104400000.0,0.0,0.147,6221500000.0,3120500000.0,1778200000.0,0.026,2.404,19.972,19.948,2211300000.0,0.0,77.2,2.944,2.939,3451600000.0,18005300000.0,18283100000.0,18283100000.0,1104400000.0,0.08,0.129,0.415,0.2,109600000.0,5117100000.0,1.0,697199830.0,696000000.0,711000000.0,26.269,12386300000.0,0.0,825700000.0,0.0,17.796,4586300000.0
8,DHR,MRY,2012-12-31,2012-12-31,2012-12-31,2021-10-21,-59200000.0,32941000000.0,31529490500.0,7587800000.0,25353200000.0,0.579,27.425,-458300000.0,1678700000.0,1678700000.0,8846100000.0,2392200000.0,1.804,0.729,5343100000.0,55500000.0,5287600000.0,5343100000.0,0.0,839800000.0,0.0,0.002,0.1,3261200000.0,4101000000.0,0.225,4101000000.0,3261200000.0,3103700000.0,3.45,3.36,3.45,19016500000.0,18506951750.0,19016500000.0,41894142237.0,13.0,10.216,2956700000.0,4.264,1.0,9414300000.0,0.516,21806000000.0,157500000.0,10593300000.0,10008382750.0,1813400000.0,548300000.0,0.0,548300000.0,13857100000.0,4206100000.0,9651000000.0,38721256237.0,1141700000.0,-1459300000.0,-436400000.0,134400000.0,-86400000.0,-388400000.0,-1887600000.0,0.0,3415000000.0,2700000.0,2392200000.0,2392200000.0,2392200000.0,-92900000.0,0.0,0.131,6319100000.0,3095200000.0,1546300000.0,0.029,2.036,16.186,16.203,2140900000.0,0.0,55.9,2.121,2.123,3267300000.0,15379900000.0,18260400000.0,18260400000.0,1137900000.0,0.076,0.129,0.326,0.179,109900000.0,5181200000.0,1.0,692687947.0,693400000.0,713100000.0,26.335,11135000000.0,0.0,711500000.0,0.0,16.059,3381700000.0
9,DHR,MRY,2011-12-31,2011-12-31,2011-12-31,2021-10-21,-36900000.0,29949500000.0,28779045250.0,6272400000.0,23677100000.0,0.559,25.0,-334500000.0,537000000.0,537000000.0,7913900000.0,2172300000.0,1.503,0.768,5305200000.0,98400000.0,5206800000.0,5305200000.0,0.0,635000000.0,0.0,0.002,0.09,2826400000.0,3461400000.0,0.215,3461400000.0,2826400000.0,2684800000.0,3.21,3.11,3.21,16904800000.0,16137566500.0,16904800000.0,37697099698.0,13.0,10.891,2291800000.0,3.389,1.0,8176600000.0,0.508,20314500000.0,141600000.0,10231200000.0,10084545750.0,1781400000.0,521900000.0,0.0,521900000.0,12977700000.0,4172000000.0,8805700000.0,32285777698.0,-1096000000.0,-5530700000.0,1112500000.0,1037400000.0,-61300000.0,2088600000.0,-5847300000.0,0.0,2626300000.0,36400000.0,2172300000.0,2172300000.0,2172300000.0,-237000000.0,0.0,0.135,5626200000.0,2550400000.0,1422400000.0,0.028,1.91,14.862,14.654,2101000000.0,0.0,47.04,2.007,1.977,3049900000.0,13056900000.0,16090500000.0,16090500000.0,1018500000.0,0.075,0.135,0.28,0.176,95600000.0,4607700000.0,1.0,686347315.0,676200000.0,701200000.0,23.795,9635000000.0,0.0,512500000.0,0.0,14.249,2100400000.0
10,DHR,MRY,2010-12-31,2010-12-31,2010-12-31,2021-10-21,345386000.0,22217130000.0,20918642000.0,6065455000.0,16151675000.0,0.6,20.991,-189500000.0,1632980000.0,1632980000.0,6145500000.0,1793000000.0,1.827,0.616,2824668000.0,40761000.0,2783907000.0,2824668000.0,0.0,388300000.0,0.0,0.002,0.08,2421500000.0,2809800000.0,0.224,2809800000.0,2421500000.0,2304400000.0,2.74,2.64,2.74,13711010000.0,12698532750.0,13711010000.0,32073723114.0,13.0,11.415,1894900000.0,2.901,1.0,6404500000.0,0.51,13701475000.0,117100000.0,6386641000.0,5956312000.0,1165623000.0,511283000.0,0.0,511283000.0,8444364000.0,3320702000.0,5123662000.0,30847022114.0,-88900000.0,-2073200000.0,178400000.0,-9400000.0,-52200000.0,116800000.0,-2288900000.0,0.0,2084400000.0,-1200000.0,1793000000.0,1793000000.0,1793000000.0,-74800000.0,0.0,0.143,4377700000.0,2026800000.0,1124821000.0,0.029,2.25,17.204,17.215,1129781000.0,0.0,47.17,2.458,2.455,2097974000.0,10945928000.0,12550000000.0,12550000000.0,774000000.0,0.086,0.141,0.407,0.193,88100000.0,3603700000.0,1.0,653954253.0,653200000.0,683300000.0,19.213,8515655000.0,0.0,511400000.0,0.0,13.037,2744753000.0
11,DHR,MRY,2009-12-31,2009-12-31,2009-12-31,2021-10-21,346944000.0,19595420000.0,18688209500.0,5220628000.0,14374792000.0,0.563,18.129,-170423000.0,1721920000.0,1721920000.0,5446584000.0,1151704000.0,1.891,0.685,2933209000.0,44186000.0,2889023000.0,2933209000.0,0.0,331792000.0,0.0,0.002,0.065,1509376000.0,1841168000.0,0.175,1841168000.0,1509376000.0,1390722000.0,1.8,1.73,1.8,11630176000.0,10861547000.0,11630176000.0,25470841246.0,17.0,13.834,1630411000.0,2.541,1.0,5070097000.0,0.482,12473426000.0,118654000.0,5572323000.0,5573073500.0,993016000.0,0.0,0.0,0.0,7965244000.0,2760960000.0,5204284000.0,24156861246.0,1329066000.0,-693716000.0,174233000.0,274716000.0,-41717000.0,407232000.0,-942941000.0,-66768000.0,1800834000.0,63941000.0,1151704000.0,1151704000.0,1151704000.0,-64660000.0,0.0,0.11,3630415000.0,1439682000.0,1051487000.0,0.036,2.077,20.975,20.889,1143331000.0,0.0,37.6,2.297,2.294,1916831000.0,9205142000.0,10516681000.0,10516681000.0,600268000.0,0.062,0.106,0.271,0.144,87350000.0,3115265000.0,1.0,642469714.0,641530000.0,671484000.0,16.393,7121994000.0,0.0,239018000.0,0.0,11.102,2459668000.0
12,DHR,MRY,2008-12-31,2008-12-31,2008-12-31,2021-10-21,-103100000.0,17490128000.0,17739603000.0,4187119000.0,13303009000.0,0.716,15.357,-192695000.0,392854000.0,392854000.0,6757262000.0,1317631000.0,1.525,0.783,2619329000.0,66159000.0,2553170000.0,2619329000.0,0.0,339287000.0,0.0,0.002,0.06,1879481000.0,2218768000.0,0.175,2218768000.0,1879481000.0,1749307000.0,2.06,1.98,2.06,9808562000.0,9907418750.0,9808562000.0,20514257304.0,11.0,9.246,1666334000.0,2.609,1.0,5940194000.0,0.468,11730003000.0,130174000.0,5241503000.0,5491448500.0,1142309000.0,0.0,0.0,0.0,7681566000.0,2745097000.0,4936469000.0,18093094304.0,153746000.0,-374704000.0,8265000.0,-1092259000.0,-38259000.0,-1122253000.0,-567399000.0,0.0,1859029000.0,-15631000.0,1317631000.0,1317631000.0,1317631000.0,0.0,0.0,0.104,4070717000.0,1869477000.0,1108961000.0,0.029,1.845,13.732,13.74,1108653000.0,0.0,28.305,1.425,1.424,1894585000.0,8095155000.0,12697456000.0,12697456000.0,725443000.0,0.074,0.133,0.342,0.148,86000000.0,3345274000.0,1.0,639219018.0,638722000.0,671726000.0,19.879,5760125000.0,0.0,431676000.0,0.0,9.018,1442022000.0
13,DHR,MRY,2007-12-31,2007-12-31,2007-12-31,2021-10-21,542690000.0,17471935000.0,14370471250.0,4049767000.0,13422168000.0,0.767,14.597,-146534000.0,239108000.0,239108000.0,5985022000.0,1369904000.0,1.397,0.923,3726244000.0,330480000.0,3395764000.0,3726244000.0,0.0,268492000.0,0.0,0.001,0.055,1902707000.0,2171199000.0,0.197,2171199000.0,1902707000.0,1793005000.0,2.2,2.095,2.2,9085688000.0,7879960000.0,9085688000.0,28972167256.0,15.0,13.344,1499241000.0,2.409,1.0,5040895000.0,0.457,11805984000.0,109702000.0,6253234000.0,4868604750.0,1193615000.0,0.0,0.0,0.0,8386247000.0,2899853000.0,5486394000.0,27234242256.0,-78702000.0,-3275284000.0,615542000.0,1130903000.0,-34275000.0,1712170000.0,-3445759000.0,-23219000.0,1645775000.0,9112000.0,1369904000.0,1369904000.0,1369904000.0,-155906000.0,0.0,0.124,3300186000.0,1740709000.0,1125600000.0,0.025,2.997,19.88,19.941,1108634000.0,0.0,43.87,2.47,2.477,1984384000.0,6820756000.0,11025917000.0,11025917000.0,601424000.0,0.095,0.174,0.391,0.173,73347000.0,2713097000.0,1.0,620794216.0,622450000.0,658918000.0,17.714,5665951000.0,0.0,423101000.0,0.0,9.103,1149914000.0
14,DHR,MRY,2006-12-31,2006-12-31,2006-12-31,2021-10-21,191985000.0,12864151000.0,11538289500.0,3436739000.0,9427412000.0,0.82,10.787,-126423000.0,317810000.0,317810000.0,5268996000.0,1122029000.0,1.397,0.936,2433716000.0,10855000.0,2422861000.0,2433716000.0,0.0,215697000.0,0.0,0.001,0.04,1521041000.0,1736738000.0,0.183,1736738000.0,1521041000.0,1441666000.0,1.82,1.74,1.82,6644660000.0,6007477500.0,6644660000.0,24308435000.0,16.0,13.997,1420828000.0,2.307,1.0,4197060000.0,0.443,8258563000.0,79375000.0,4261780000.0,3668047750.0,988709000.0,0.0,0.0,0.0,6219491000.0,2459714000.0,3759777000.0,22297032000.0,2259000.0,-2740137000.0,98415000.0,1145015000.0,-24589000.0,1218841000.0,-2769370000.0,98485000.0,1547251000.0,5537000.0,1122029000.0,1122029000.0,1122029000.0,-12823000.0,0.0,0.119,2696850000.0,1500210000.0,932870000.0,0.022,3.356,19.872,19.901,868623000.0,0.0,36.22,2.355,2.357,1654725000.0,5421809000.0,9466056000.0,9466056000.0,440002000.0,0.097,0.187,0.415,0.161,67191000.0,2273227000.0,1.0,615600000.0,615968000.0,650502000.0,15.368,4605588000.0,0.0,319637000.0,0.0,7.477,977025000.0
15,DHR,MRY,2005-12-31,2005-12-31,2005-12-31,2021-10-21,-109279000.0,9163109000.0,8868756000.0,2945019000.0,6218090000.0,0.888,8.223,-100950000.0,315551000.0,315551000.0,4467303000.0,897800000.0,1.298,0.804,1041722000.0,183951000.0,857771000.0,1041722000.0,0.0,175242000.0,0.0,0.001,0.035,1274473000.0,1449715000.0,0.184,1449715000.0,1274473000.0,1229933000.0,1.455,1.38,1.455,5080350000.0,4903691500.0,5080350000.0,17964654000.0,14.0,12.392,1102851000.0,1.785,1.0,3404195000.0,0.432,5309138000.0,44540000.0,2311556000.0,2230797250.0,825263000.0,0.0,0.0,0.0,4082759000.0,2268586000.0,1814173000.0,17185818000.0,-293564000.0,-885083000.0,-197765000.0,-292242000.0,-21553000.0,-511560000.0,-965406000.0,22100000.0,1203801000.0,-20399000.0,897800000.0,897800000.0,897800000.0,-12191000.0,0.0,0.114,2156620000.0,1247575000.0,782854000.0,0.024,3.383,19.142,19.168,748172000.0,0.0,27.89,2.183,2.189,1407858000.0,4324369000.0,7871498000.0,7871498000.0,374307000.0,0.101,0.183,0.571,0.162,7502000.0,1777717000.0,1.0,616200000.0,617810000.0,655966000.0,12.741,3853971000.0,0.0,332133000.0,0.0,6.238,676433000.0
16,DHR,MRY,2004-12-31,2004-12-31,2004-12-31,2021-10-21,116037000.0,8493893000.0,7846175000.0,2918690000.0,5575203000.0,0.878,7.476,-85012000.0,609115000.0,609115000.0,3996636000.0,746000000.0,1.325,0.839,1350298000.0,424763000.0,925535000.0,1350298000.0,0.0,156128000.0,0.0,0.001,0.029,1112701000.0,1268829000.0,0.184,1268829000.0,1112701000.0,1057717000.0,1.205,1.15,1.205,4619682000.0,4142499750.0,4619682000.0,18494244820.0,17.0,14.576,948204000.0,1.534,1.0,2892665000.0,0.42,4730532000.0,54984000.0,2302258000.0,2341538250.0,703996000.0,0.0,0.0,0.0,3874211000.0,2202286000.0,1671925000.0,17717712820.0,-621041000.0,-1548619000.0,45957000.0,-66281000.0,-17731000.0,-38055000.0,-1633631000.0,0.0,1033216000.0,17429000.0,746000000.0,746000000.0,746000000.0,0.0,0.0,0.108,1787532000.0,1105133000.0,612066000.0,0.024,3.835,23.75,23.822,752966000.0,0.0,28.705,2.572,2.575,1231065000.0,3448122000.0,6889301000.0,6889301000.0,0.0,0.095,0.18,0.475,0.162,8103000.0,1795673000.0,1.0,617234378.0,617928000.0,655402000.0,11.149,3763361000.0,0.0,311717000.0,0.0,6.09,716404000.0
17,DHR,MRY,2003-12-31,2003-12-31,2003-12-31,2021-10-21,-74607000.0,6890050000.0,6559446000.0,2942151000.0,3947899000.0,0.807,5.943,-67417000.0,1230156000.0,1230156000.0,3154809000.0,536834000.0,2.132,0.889,1298883000.0,14385000.0,1284498000.0,1298883000.0,0.0,133436000.0,0.0,0.001,0.025,856084000.0,989520000.0,0.187,989520000.0,856084000.0,797035000.0,0.875,0.845,0.875,3646709000.0,3375277750.0,3646709000.0,14240366213.0,17.0,14.391,794127000.0,1.294,1.0,2139067000.0,0.404,3341972000.0,59049000.0,2236802000.0,2240112250.0,536227000.0,0.0,0.0,0.0,3243341000.0,1380003000.0,1863338000.0,14088786213.0,419693000.0,-300635000.0,50497000.0,-145509000.0,-15326000.0,-110338000.0,-368052000.0,0.0,861544000.0,36539000.0,536834000.0,536834000.0,536834000.0,0.0,0.0,0.101,1315572000.0,823495000.0,472994000.0,0.029,3.863,26.244,26.214,573365000.0,0.0,22.938,2.661,2.659,868097000.0,2719853000.0,5293876000.0,5293876000.0,0.0,0.082,0.159,0.382,0.162,0.0,1316357000.0,1.0,614225012.0,613584000.0,646280000.0,8.628,3548078000.0,0.0,260201000.0,0.0,5.783,1562148000.0
18,DHR,MRY,2002-12-31,2002-12-31,2002-12-31,2021-10-21,-105973000.0,6029145000.0,5750564750.0,2387266000.0,3641879000.0,0.796,5.009,-38964000.0,810463000.0,810463000.0,2791175000.0,290391000.0,1.887,1.003,1309964000.0,112542000.0,1197422000.0,1309964000.0,0.0,129565000.0,0.0,0.001,0.023,567644000.0,697209000.0,0.152,697209000.0,567644000.0,513718000.0,0.485,0.47,0.485,3009599000.0,2812259500.0,3009599000.0,10463519732.0,18.0,15.008,671383000.0,1.117,1.0,1786057000.0,0.39,3007704000.0,53926000.0,2255630000.0,2039118750.0,485587000.0,0.0,0.0,0.0,3019546000.0,1265312000.0,1754234000.0,10013282732.0,103904000.0,-1105567000.0,512105000.0,17708000.0,-13516000.0,516297000.0,-1144531000.0,0.0,710347000.0,21791000.0,290391000.0,290391000.0,290391000.0,0.0,0.0,0.063,1084935000.0,701122000.0,366587000.0,0.047,3.327,34.482,33.866,597379000.0,0.0,16.425,2.188,2.156,759028000.0,2198345000.0,4577232000.0,4577232000.0,0.0,0.05,0.103,0.278,0.124,0.0,1097365000.0,1.0,609636696.0,600896000.0,633928000.0,7.617,3021441000.0,0.0,223327000.0,0.0,5.028,1121954000.0
19,DHR,MRY,2001-12-31,2001-12-31,2001-12-31,2021-10-21,-69736000.0,4820483000.0,4666192000.0,1874615000.0,2945868000.0,0.811,3.879,-80585000.0,706559000.0,706559000.0,2338027000.0,297665000.0,1.843,1.163,1191689000.0,72356000.0,1119333000.0,1191689000.0,0.0,178390000.0,0.0,0.001,0.02,524411000.0,702801000.0,0.186,702801000.0,524411000.0,476264000.0,0.517,0.502,0.517,2228586000.0,2146923000.0,2228586000.0,9169275872.0,17.0,13.047,527886000.0,0.919,1.0,1444417000.0,0.382,2292657000.0,48147000.0,1995662000.0,2059047250.0,408236000.0,0.0,0.0,0.0,2591897000.0,1017294000.0,1574603000.0,8619639872.0,529635000.0,-406988000.0,10870000.0,410516000.0,-11676000.0,409710000.0,-487573000.0,0.0,608471000.0,-973000.0,297665000.0,297665000.0,297665000.0,0.0,0.0,0.079,942406000.0,502011000.0,235501000.0,0.039,3.868,28.958,29.163,533572000.0,0.0,15.078,2.279,2.29,585318000.0,1921470000.0,3782444000.0,3782444000.0,0.0,0.064,0.139,0.255,0.139,0.0,872680000.0,1.0,571688932.0,574520000.0,607392000.0,6.584,2527826000.0,0.0,178599000.0,0.0,4.4,857321000.0
20,DHR,MRY,2000-12-31,2000-12-31,2000-12-31,2021-10-21,-59130000.0,4031679000.0,3709280250.0,1474306000.0,2557373000.0,1.018,3.408,-88503000.0,176924000.0,176924000.0,2315731000.0,324213000.0,1.447,1.076,795190000.0,81633000.0,713557000.0,795190000.0,0.0,149721000.0,0.0,0.003,0.056,552149000.0,701870000.0,0.186,701870000.0,552149000.0,522924000.0,0.57,0.557,0.57,1942333000.0,1816011000.0,1942333000.0,10351685193.0,19.0,14.749,423742000.0,0.744,1.0,1462046000.0,0.387,1863900000.0,29225000.0,1767505000.0,1580416750.0,460610000.0,0.0,0.0,0.0,2089346000.0,1018540000.0,1070806000.0,9700389193.0,-83357000.0,-706794000.0,-55594000.0,266090000.0,-10015000.0,200481000.0,-795297000.0,0.0,512245000.0,-786000.0,324213000.0,324213000.0,324213000.0,0.0,0.0,0.086,909897000.0,552149000.0,262095000.0,0.098,4.994,29.92,29.991,575531000.0,0.0,17.095,2.568,2.579,704214000.0,1635481000.0,3777777000.0,3777777000.0,0.0,0.087,0.179,0.349,0.146,0.0,909897000.0,1.0,567440140.0,569876000.0,581996000.0,6.629,2167779000.0,0.0,198711000.0,0.0,3.804,455766000.0
21,DHR,MRY,1999-12-31,1999-12-31,1999-12-31,2021-10-21,-34105000.0,3047071000.0,2906537750.0,1202117000.0,1844954000.0,1.1,3.012,-88909000.0,260281000.0,260281000.0,1960822000.0,261624000.0,1.696,0.783,374634000.0,33597000.0,341037000.0,374634000.0,0.0,126419000.0,0.0,0.001,0.015,446229000.0,572648000.0,0.179,572648000.0,446229000.0,429562000.0,0.46,0.448,0.46,1708754000.0,1549324250.0,1708754000.0,7004406523.0,16.0,12.232,330198000.0,0.582,1.0,1236416000.0,0.387,1292289000.0,16667000.0,1160349000.0,1115367000.0,324673000.0,0.0,0.0,0.0,1338317000.0,708786000.0,629531000.0,6868203523.0,212483000.0,-64834000.0,87986000.0,-129851000.0,-9912000.0,-51777000.0,-153743000.0,0.0,419107000.0,-1104000.0,261624000.0,261624000.0,261624000.0,0.0,0.0,0.082,790187000.0,446229000.0,213209000.0,0.033,4.019,26.252,26.223,500189000.0,0.0,12.062,2.148,2.14,544738000.0,1321283000.0,3197238000.0,3197238000.0,0.0,0.09,0.169,0.4,0.14,0.0,778409000.0,1.0,569384748.0,567328000.0,584356000.0,5.636,1754782000.0,0.0,167938000.0,0.0,3.093,493331000.0
22,DHR,MRY,1998-12-31,1998-12-31,1998-12-31,2021-10-21,-2373000.0,2840859000.0,2588511000.0,931696000.0,1909163000.0,1.177,2.505,-101614000.0,47798000.0,47798000.0,1889229000.0,192186000.0,1.329,1.028,503639000.0,59721000.0,443918000.0,503639000.0,0.0,114527000.0,0.0,0.001,0.014,343316000.0,457843000.0,0.15,457843000.0,343316000.0,317009000.0,0.343,0.333,0.343,1400788000.0,1161657250.0,1400788000.0,7837536220.0,23.0,17.118,251068000.0,0.449,1.0,1157832000.0,0.38,1287762000.0,26307000.0,1307692000.0,1034202500.0,337481000.0,0.0,0.0,0.0,1440071000.0,701246000.0,738825000.0,7330738220.0,-32780000.0,-516118000.0,28479000.0,214905000.0,-12840000.0,230544000.0,-617732000.0,0.0,352682000.0,1726000.0,192186000.0,192186000.0,192186000.0,0.0,0.0,0.063,814516000.0,343316000.0,161782000.0,0.041,5.233,38.144,39.585,510198000.0,0.0,13.578,2.406,2.492,485543000.0,1069571000.0,3047061000.0,3047061000.0,0.0,0.074,0.165,0.332,0.113,0.0,773720000.0,1.0,539918116.0,559264000.0,575948000.0,5.448,1553097000.0,0.0,124823000.0,0.0,2.777,230450000.0
23,DHR,MRY,1997-12-31,1997-12-31,1997-12-31,2021-10-21,-13259000.0,2183875000.0,1928127000.0,832053000.0,1351822000.0,1.358,2.038,-96946000.0,70821000.0,70821000.0,1663491000.0,188576000.0,1.434,0.917,199019000.0,35910000.0,163109000.0,199019000.0,0.0,98338000.0,0.0,0.002,0.013,319346000.0,417684000.0,0.159,417684000.0,319346000.0,306353000.0,0.338,0.328,0.338,1139219000.0,915593250.0,1139219000.0,3886844356.0,12.0,9.306,246236000.0,0.441,1.0,955609000.0,0.365,863352000.0,12993000.0,868424000.0,717524000.0,265122000.0,0.0,0.0,0.0,1044656000.0,580297000.0,464359000.0,3690084356.0,1071000.0,-147238000.0,-71148000.0,-10801000.0,-14525000.0,-96474000.0,-244184000.0,0.0,343182000.0,-1453000.0,188576000.0,188576000.0,188576000.0,0.0,0.0,0.072,636263000.0,319346000.0,152066000.0,0.038,3.239,19.568,23.347,403488000.0,0.0,7.891,1.409,1.684,403858000.0,806171000.0,2619100000.0,2619100000.0,0.0,0.098,0.206,0.445,0.122,0.0,636263000.0,1.0,467617216.0,558900000.0,573916000.0,4.686,1320523000.0,0.0,117777000.0,0.0,2.363,251756000.0
24,DHR,MRY,1996-12-31,1996-12-31,1996-12-31,2021-10-21,8858000.0,1765074000.0,1625532500.0,546741000.0,1218333000.0,1.374,1.505,-63981000.0,26444000.0,26444000.0,1409693000.0,234168000.0,1.152,1.206,236327000.0,16757000.0,219570000.0,236327000.0,0.0,82424000.0,0.0,0.002,0.011,347217000.0,429641000.0,0.192,429641000.0,347217000.0,330404000.0,0.44,0.43,0.44,800261000.0,693286000.0,800261000.0,,,,189986000.0,0.357,1.0,823500000.0,0.369,792824000.0,16813000.0,707560000.0,728461000.0,204236000.0,0.0,0.0,0.0,964813000.0,474573000.0,490240000.0,2746914596.0,28457000.0,-91427000.0,-3217000.0,-55371000.0,-11215000.0,-69803000.0,-155408000.0,0.0,253967000.0,-299000.0,234168000.0,234168000.0,234168000.0,-79811000.0,0.0,0.105,556094000.0,267406000.0,110194000.0,0.025,3.433,11.731,13.244,319606000.0,0.0,5.827,1.23,1.388,266668000.0,506773000.0,2233193000.0,2233193000.0,0.0,0.144,0.338,0.477,0.155,0.0,556094000.0,1.0,471371016.0,531800000.0,544492000.0,4.199,972250000.0,0.0,96236000.0,0.0,1.828,72168000.0
25,DHR,MRY,1995-12-31,1995-12-31,1995-12-31,2021-10-21,3598000.0,1485991000.0,,466470000.0,1019521000.0,,1.249,-59172000.0,7938000.0,7938000.0,1039622000.0,108316000.0,1.154,1.534,283587000.0,14970000.0,268617000.0,283587000.0,0.0,58527000.0,0.0,0.003,0.01,182807000.0,241334000.0,0.162,241334000.0,182807000.0,175609000.0,0.231,0.226,0.231,586311000.0,,586311000.0,,,,114984000.0,0.245,1.0,447147000.0,0.301,608140000.0,7198000.0,749362000.0,,201890000.0,0.0,0.0,0.0,899680000.0,404138000.0,495542000.0,,4339000.0,-207941000.0,3559000.0,98301000.0,-4672000.0,97188000.0,-267113000.0,0.0,174156000.0,108000.0,108316000.0,108316000.0,108316000.0,-2550000.0,0.0,0.073,266890000.0,180257000.0,92290000.0,0.043,,,17.181,291937000.0,0.0,3.969,,1.253,224652000.0,304363000.0,1486769000.0,1486769000.0,0.0,,,,0.123,0.0,266890000.0,1.0,,469294792.0,478901384.0,3.168,877851000.0,0.0,67293000.0,0.0,1.871,62332000.0
26,DHR,MRY,1994-12-31,1994-12-31,1994-12-31,2021-10-21,,,,,,,,-34811000.0,,,791874000.0,81650000.0,,,,,,,,42554000.0,,0.002,0.008,133758000.0,176312000.0,0.158,176312000.0,133758000.0,130557000.0,,,,,,,,,,105543000.0,,1.0,322099000.0,0.289,,3201000.0,,,,,,,,,,,-3002000.0,-136055000.0,992000.0,51701000.0,-3420000.0,49273000.0,-192898000.0,-22032000.0,140354000.0,269000.0,81650000.0,81650000.0,81650000.0,-9331000.0,0.0,0.073,197672000.0,124427000.0,,,,,,,0.0,3.266,,,,,1113973000.0,1113973000.0,0.0,,,,0.12,0.0,197672000.0,1.0,,,466612576.0,,,,48907000.0,,,
0,DHR,MRQ,2021-09-30,2021-10-01,2021-10-01,2021-10-21,-1061000000.0,82498000000.0,,10776000000.0,71722000000.0,,60.762,-318000000.0,2552000000.0,2552000000.0,2870000000.0,1158000000.0,1.485,0.898,23598000000.0,7000000.0,23591000000.0,23598000000.0,0.0,554000000.0,0.0,0.003,0.21,1449000000.0,2003000000.0,0.277,2003000000.0,1449000000.0,1387000000.0,1.56,1.54,1.56,43451000000.0,,43451000000.0,228927116491.0,31.0,24.137,1716000000.0,2.4,1.0,4359000000.0,0.603,64612000000.0,62000000.0,31675000000.0,,2737000000.0,0.0,0.0,0.0,39037000000.0,7257000000.0,31780000000.0,215826116491.0,-4770000000.0,-9563000000.0,38000000.0,3483000000.0,-191000000.0,3305000000.0,-10048000000.0,-184000000.0,2034000000.0,-61000000.0,1158000000.0,1117000000.0,1117000000.0,0.0,0.0,0.155,3050000000.0,1309000000.0,2133000000.0,0.135,4.967,37.723,37.696,3640000000.0,41000000.0,302.32,7.69,7.703,4194000000.0,31231000000.0,7229000000.0,7229000000.0,441000000.0,,,,,52000000.0,2062000000.0,1.0,713899565.0,715100000.0,727000000.0,10.109,17886000000.0,0.0,229000000.0,0.0,25.012,3519000000.0
1,DHR,MRQ,2021-06-30,2021-07-02,2021-07-02,2021-10-21,-675000000.0,78027000000.0,,15392000000.0,62635000000.0,,59.84,-304000000.0,7322000000.0,7322000000.0,2821000000.0,1785000000.0,2.255,0.825,20423000000.0,23000000.0,20400000000.0,20423000000.0,0.0,525000000.0,0.0,0.003,0.21,2191000000.0,2716000000.0,0.376,2716000000.0,2191000000.0,2129000000.0,2.44,2.4,2.44,42756000000.0,,42756000000.0,209406807650.0,30.0,23.082,1816000000.0,2.542,1.0,4397000000.0,0.609,56107000000.0,62000000.0,28196000000.0,,2547000000.0,0.0,0.0,0.0,35261000000.0,6825000000.0,28436000000.0,195459807650.0,992000000.0,-646000000.0,37000000.0,14000000.0,-191000000.0,-139000000.0,-1067000000.0,-119000000.0,2120000000.0,78000000.0,1785000000.0,1744000000.0,1744000000.0,-86000000.0,0.0,0.242,2392000000.0,2005000000.0,1967000000.0,0.086,4.572,35.888,35.868,3410000000.0,41000000.0,274.03,7.315,7.328,4103000000.0,30264000000.0,7218000000.0,7218000000.0,426000000.0,,,,,53000000.0,1966000000.0,1.0,713278866.0,714500000.0,736000000.0,10.102,21920000000.0,0.0,344000000.0,0.0,30.679,8567000000.0
2,DHR,MRQ,2021-03-31,2021-04-02,2021-04-02,2021-10-21,-1322000000.0,75426000000.0,,14012000000.0,61414000000.0,,56.673,-239000000.0,6330000000.0,6330000000.0,2605000000.0,1702000000.0,2.053,0.866,20277000000.0,10000000.0,20267000000.0,20277000000.0,0.0,502000000.0,0.0,0.003,0.21,2141000000.0,2643000000.0,0.385,2643000000.0,2141000000.0,2083000000.0,2.33,2.29,2.33,40419000000.0,,40419000000.0,175471920886.0,29.0,21.574,1632000000.0,2.288,1.0,4253000000.0,0.62,55273000000.0,58000000.0,27276000000.0,,2424000000.0,0.0,0.0,0.0,34996000000.0,6824000000.0,28172000000.0,160302920886.0,295000000.0,-393000000.0,-12000000.0,-280000000.0,-169000000.0,-449000000.0,-993000000.0,-377000000.0,1871000000.0,-134000000.0,1702000000.0,1661000000.0,1661000000.0,0.0,0.0,0.242,2256000000.0,1997000000.0,1989000000.0,0.09,3.966,34.891,34.788,3266000000.0,41000000.0,225.08,6.464,6.473,3949000000.0,28670000000.0,6858000000.0,6858000000.0,380000000.0,,,,,54000000.0,1876000000.0,1.0,712204198.0,713200000.0,735100000.0,9.616,20153000000.0,0.0,381000000.0,0.0,28.257,7188000000.0
3,DHR,MRQ,2020-12-31,2020-12-31,2020-12-31,2021-10-21,-368000000.0,76161000000.0,,13802000000.0,62359000000.0,,55.883,-315200000.0,6035000000.0,6035000000.0,2806200000.0,1240100000.0,1.865,0.915,21204000000.0,11000000.0,21193000000.0,21204000000.0,0.0,508600000.0,0.0,0.003,0.18,1613800000.0,2122400000.0,0.314,2122400000.0,1613800000.0,1541500000.0,1.69,1.67,1.69,39766000000.0,,39766000000.0,173941350519.0,36.0,26.576,1906100000.0,2.679,1.0,3954100000.0,0.585,56702000000.0,72300000.0,27226000000.0,,2292000000.0,0.0,0.0,0.0,36384000000.0,7402000000.0,28982000000.0,157803250519.0,347600000.0,-152400000.0,28300000.0,-1278000000.0,-169600000.0,-1419700000.0,-581300000.0,-114100000.0,2221300000.0,127300000.0,1240100000.0,1199400000.0,1199400000.0,0.0,0.0,0.177,2352800000.0,1601300000.0,2049000000.0,0.107,3.968,44.958,44.696,3262000000.0,40700000.0,222.14,7.081,7.04,4045000000.0,27159000000.0,6760300000.0,6760300000.0,395800000.0,,,,,49900000.0,1957000000.0,1.0,710377467.0,711600000.0,724400000.0,9.5,19459000000.0,0.0,301400000.0,0.0,27.345,6400000000.0
4,DHR,MRQ,2020-09-30,2020-10-02,2020-10-02,2021-10-21,-1021100000.0,72890700000.0,,12541200000.0,60349500000.0,,53.399,-187000000.0,5687700000.0,5687700000.0,2658000000.0,883000000.0,2.077,0.92,21825800000.0,19700000.0,21806100000.0,21825800000.0,0.0,492000000.0,0.0,0.003,0.18,1099000000.0,1591000000.0,0.27,1591000000.0,1099000000.0,1021000000.0,1.18,1.16,1.18,37961000000.0,,37961000000.0,167597277862.0,36.0,26.93,1536000000.0,2.161,1.0,3226000000.0,0.548,55123900000.0,78000000.0,27866500000.0,,2421700000.0,0.0,0.0,0.0,34918200000.0,6038400000.0,28879800000.0,150749377862.0,149000000.0,-67000000.0,56000000.0,-1212000000.0,-162000000.0,-1319000000.0,-329000000.0,-87000000.0,1723000000.0,74000000.0,883000000.0,842000000.0,842000000.0,0.0,0.0,0.143,2138000000.0,1088000000.0,1678300000.0,0.153,3.971,42.278,42.247,3052300000.0,41000000.0,212.5,7.392,7.408,3495700000.0,26087800000.0,5884000000.0,5884000000.0,342000000.0,,,,,45000000.0,1796000000.0,1.0,709408837.0,710900000.0,724300000.0,8.277,17766800000.0,0.0,138000000.0,0.0,24.992,6502800000.0
5,DHR,MRQ,2020-06-30,2020-07-03,2020-07-03,2021-10-21,-1863100000.0,71268400000.0,,12343800000.0,58924600000.0,,51.428,-155000000.0,5539300000.0,5539300000.0,2445000000.0,927000000.0,2.204,0.965,22387200000.0,17200000.0,22370000000.0,22387200000.0,0.0,478000000.0,0.0,0.004,0.18,1299000000.0,1777000000.0,0.335,1777000000.0,1299000000.0,1221000000.0,1.27,1.24,1.27,36261700000.0,,36261700000.0,146932609721.0,33.0,25.439,1290000000.0,1.83,1.0,2852000000.0,0.538,53671600000.0,78000000.0,28844800000.0,,2592900000.0,0.0,0.0,0.0,34995500000.0,5599900000.0,29395600000.0,125328809721.0,1171000000.0,809000000.0,1788000000.0,-4198000000.0,-145000000.0,-889000000.0,539000000.0,-91000000.0,1445000000.0,76000000.0,927000000.0,892000000.0,892000000.0,0.0,0.0,0.168,2008000000.0,844000000.0,1598600000.0,0.142,3.456,37.166,37.827,2972900000.0,35000000.0,179.68,6.636,6.708,3378400000.0,25373500000.0,5297000000.0,5297000000.0,323000000.0,,,,,47000000.0,1685000000.0,1.0,697511185.0,705100000.0,718200000.0,7.512,17596800000.0,0.0,294000000.0,0.0,24.956,6743900000.0
6,DHR,MRQ,2020-03-31,2020-04-03,2020-04-03,2021-10-21,-2791300000.0,68930300000.0,,11142600000.0,57787700000.0,,44.543,-132000000.0,4367700000.0,4367700000.0,1900000000.0,595000000.0,1.316,1.219,25971500000.0,3234300000.0,22737200000.0,25971500000.0,0.0,297000000.0,0.0,0.005,0.18,758000000.0,1055000000.0,0.243,1055000000.0,758000000.0,711000000.0,0.83,0.81,0.83,31055100000.0,,31055100000.0,95913245822.0,24.0,18.463,687000000.0,0.985,1.0,2443000000.0,0.563,52238100000.0,47000000.0,29830400000.0,,2575000000.0,0.0,0.0,0.0,37863900000.0,8465600000.0,29398300000.0,94096445822.0,-15544000000.0,-20735000000.0,10000000.0,4762000000.0,-138000000.0,4634000000.0,-20868000000.0,-37000000.0,819000000.0,-129000000.0,595000000.0,576000000.0,576000000.0,0.0,0.0,0.133,1745000000.0,698000000.0,1748300000.0,0.217,3.03,29.509,30.235,2988500000.0,19000000.0,135.15,5.218,5.225,3433300000.0,24608600000.0,4343000000.0,4343000000.0,287000000.0,,,,,45000000.0,1458000000.0,1.0,696237113.0,697200000.0,707900000.0,6.229,16692200000.0,0.0,116000000.0,0.0,23.942,2677000000.0
7,DHR,MRQ,2019-12-31,2019-12-31,2019-12-31,2021-10-21,-3068000000.0,62082000000.0,,25596000000.0,36486000000.0,,42.284,-179000000.0,19912000000.0,19912000000.0,2164400000.0,1274900000.0,5.19,1.051,21729000000.0,212000000.0,21517000000.0,21729000000.0,0.0,299200000.0,0.0,0.004,0.17,1501300000.0,1800500000.0,0.37,1800500000.0,1501300000.0,1457500000.0,1.75,1.73,1.75,30271000000.0,,30271000000.0,113594494586.0,28.0,21.938,932600000.0,1.303,1.0,2703900000.0,0.555,32463000000.0,43800000.0,26504000000.0,,1628000000.0,0.0,0.0,0.0,31800000000.0,4932000000.0,26868000000.0,110241794586.0,5659700000.0,100000.0,14800000.0,5142700000.0,-142000000.0,4754500000.0,-266000000.0,-77600000.0,1111600000.0,59600000.0,1274900000.0,1255700000.0,1255700000.0,-482300000.0,0.0,0.258,1742600000.0,961300000.0,1515000000.0,0.097,3.642,37.497,37.343,2302000000.0,19200000.0,153.48,6.155,6.127,3191000000.0,24166000000.0,4868300000.0,4868300000.0,293800000.0,,,,,41500000.0,1448800000.0,1.0,718281174.0,715900000.0,726400000.0,6.8,29619000000.0,0.0,182600000.0,0.0,41.373,20664000000.0
8,DHR,MRQ,2019-09-30,2019-09-27,2019-09-27,2021-10-21,-3088300000.0,61531100000.0,,20353700000.0,41177400000.0,,45.217,-161300000.0,14252100000.0,14252100000.0,1936600000.0,668000000.0,3.43,0.872,17604800000.0,1068600000.0,16536200000.0,17604800000.0,0.0,295400000.0,0.0,0.005,0.17,847900000.0,1143300000.0,0.261,1143300000.0,847900000.0,823900000.0,0.9,0.89,0.9,32502300000.0,,32502300000.0,106415057314.0,32.0,23.916,804300000.0,1.119,1.0,2441400000.0,0.558,36870700000.0,24000000.0,22079100000.0,,2023700000.0,0.0,0.0,0.0,28335500000.0,5934000000.0,22401500000.0,101550557314.0,8818500000.0,-4500000.0,32000000.0,7604600000.0,-151100000.0,8127700000.0,-244600000.0,-71100000.0,965600000.0,-30200000.0,668000000.0,648400000.0,648400000.0,-37300000.0,0.0,0.148,1665100000.0,776300000.0,1606800000.0,0.189,3.124,41.77,41.513,2519600000.0,19600000.0,141.56,6.525,6.538,3467100000.0,26481200000.0,4378000000.0,4378000000.0,282600000.0,,,,,41000000.0,1382500000.0,1.0,717367599.0,718800000.0,729300000.0,6.091,24660400000.0,0.0,155900000.0,0.0,34.308,14419700000.0
9,DHR,MRQ,2019-06-30,2019-06-28,2019-06-28,2021-10-21,-2844300000.0,53322000000.0,,11603700000.0,41718300000.0,,44.873,-143100000.0,5433600000.0,5433600000.0,1960700000.0,731300000.0,2.317,0.656,10298100000.0,153700000.0,10144400000.0,10298100000.0,0.0,298300000.0,0.0,0.005,0.17,897800000.0,1196100000.0,0.269,1196100000.0,897800000.0,878100000.0,0.99,0.97,0.99,32201200000.0,,32201200000.0,107906037115.0,32.0,24.138,1028400000.0,1.433,1.0,2483800000.0,0.559,37498600000.0,19700000.0,15679900000.0,,2055900000.0,0.0,0.0,0.0,21108800000.0,5008000000.0,16100800000.0,102321237115.0,1523600000.0,-18400000.0,45700000.0,681800000.0,-121700000.0,605000000.0,-228900000.0,-49100000.0,1171500000.0,-24000000.0,731300000.0,708600000.0,708600000.0,-54900000.0,0.0,0.159,1672100000.0,811700000.0,1664100000.0,0.172,3.178,41.824,41.306,2541600000.0,22700000.0,142.92,6.38,6.395,3481600000.0,25955000000.0,4444500000.0,4444500000.0,282100000.0,,,,,41400000.0,1390000000.0,1.0,715933649.0,717600000.0,727900000.0,6.194,15823400000.0,0.0,146800000.0,0.0,22.05,6595700000.0
10,DHR,MRQ,2019-03-31,2019-03-29,2019-03-29,2021-10-21,-2796100000.0,51774400000.0,,10080400000.0,41694000000.0,,44.597,-139600000.0,3910000000.0,3910000000.0,1865300000.0,333800000.0,2.176,0.64,9494800000.0,36600000.0,9458200000.0,9494800000.0,0.0,296100000.0,0.0,0.005,0.17,742000000.0,1038100000.0,0.246,1038100000.0,742000000.0,721500000.0,0.46,0.46,0.46,31556600000.0,,31556600000.0,101614082387.0,30.0,22.646,563700000.0,0.797,1.0,2354900000.0,0.558,37543300000.0,20500000.0,15183100000.0,,2027900000.0,0.0,0.0,0.0,20205700000.0,4632800000.0,15572900000.0,92661582387.0,3122200000.0,-308200000.0,1480500000.0,-86100000.0,-112200000.0,2877800000.0,-498500000.0,-43200000.0,703300000.0,39600000.0,333800000.0,327300000.0,327300000.0,-1500000.0,0.0,0.078,1635200000.0,719700000.0,1676200000.0,0.37,2.936,38.422,38.49,2504300000.0,6500000.0,132.02,5.591,5.636,3409200000.0,25368500000.0,4220200000.0,4220200000.0,267500000.0,,,,,35100000.0,1367700000.0,1.0,701875340.0,707600000.0,718500000.0,5.964,14231100000.0,0.0,387700000.0,0.0,20.112,5447600000.0
11,DHR,MRQ,2018-12-31,2018-12-31,2018-12-31,2021-10-21,-2791100000.0,47832500000.0,,7093800000.0,40738700000.0,,40.186,-138300000.0,787800000.0,787800000.0,1165700000.0,746900000.0,1.465,0.695,9740300000.0,51800000.0,9688500000.0,9740300000.0,0.0,201100000.0,0.0,0.006,0.16,870900000.0,1072000000.0,0.425,1072000000.0,870900000.0,857500000.0,1.06,1.06,1.06,28214400000.0,,28214400000.0,82118686733.0,25.0,18.16,1099300000.0,1.566,1.0,1353800000.0,0.537,32863300000.0,13400000.0,19080200000.0,,1631400000.0,0.0,0.0,0.0,19605800000.0,4841500000.0,14764300000.0,72277086733.0,12100000.0,300000.0,18700000.0,-820200000.0,-111800000.0,-914700000.0,-297000000.0,-85000000.0,1237600000.0,-13800000.0,746900000.0,746900000.0,746900000.0,-245000000.0,0.0,0.296,740000000.0,613800000.0,1495400000.0,0.151,2.562,27.264,27.28,2249600000.0,0.0,103.12,4.239,4.238,3029800000.0,25163000000.0,2519500000.0,2519500000.0,147400000.0,,,,,26400000.0,592600000.0,1.0,700902703.0,702100000.0,711100000.0,3.589,14969200000.0,0.0,110600000.0,0.0,21.321,2252300000.0
12,DHR,MRQ,2018-09-30,2018-09-28,2018-09-28,2021-10-21,-2635700000.0,47719500000.0,,6830500000.0,40889000000.0,,39.455,-149400000.0,776200000.0,776200000.0,2162600000.0,663700000.0,1.53,0.724,10617800000.0,59800000.0,10558000000.0,10617800000.0,0.0,321500000.0,0.0,0.006,0.16,842600000.0,1164100000.0,0.24,1164100000.0,842600000.0,801300000.0,0.95,0.93,0.95,27673400000.0,,27673400000.0,86452061240.0,26.0,19.013,770100000.0,1.098,1.0,2690500000.0,0.554,37849400000.0,41300000.0,15246400000.0,,2029400000.0,0.0,0.0,0.0,20034300000.0,4465300000.0,15569000000.0,76035361240.0,-127800000.0,-105500000.0,27600000.0,-648000000.0,-111900000.0,-732700000.0,-286700000.0,-61100000.0,919500000.0,-27900000.0,663700000.0,663700000.0,663700000.0,0.0,0.0,0.137,1859800000.0,830700000.0,1569600000.0,0.168,2.748,27.542,27.509,2462300000.0,0.0,108.66,4.525,4.535,3323100000.0,24528700000.0,4853100000.0,4853100000.0,301200000.0,,,,,38200000.0,1558600000.0,1.0,699754843.0,701400000.0,710600000.0,6.919,9870100000.0,0.0,137600000.0,0.0,14.072,2365200000.0
13,DHR,MRQ,2018-06-30,2018-06-29,2018-06-29,2021-10-21,-2479200000.0,48055800000.0,,6913100000.0,41142700000.0,,38.864,-152800000.0,904000000.0,904000000.0,2163900000.0,673800000.0,1.501,0.766,11320700000.0,175100000.0,11145600000.0,11320700000.0,0.0,334600000.0,0.0,0.006,0.16,878300000.0,1212900000.0,0.244,1212900000.0,878300000.0,835100000.0,0.96,0.95,0.96,27212300000.0,,27212300000.0,78398856700.0,24.0,17.563,883200000.0,1.261,1.0,2817100000.0,0.566,38102400000.0,43200000.0,15764700000.0,,1980500000.0,0.0,0.0,0.0,20831400000.0,4605400000.0,16226000000.0,68935156700.0,-141700000.0,-2067800000.0,26500000.0,1262800000.0,-111800000.0,1172100000.0,-2242600000.0,200000.0,1036000000.0,-107200000.0,673800000.0,673800000.0,673800000.0,0.0,0.0,0.135,1949600000.0,867500000.0,1587000000.0,0.167,2.533,25.827,25.832,2492900000.0,0.0,98.68,4.183,4.193,3296600000.0,23977200000.0,4981000000.0,4981000000.0,311700000.0,,,,,40100000.0,1637900000.0,1.0,698572727.0,700200000.0,709500000.0,7.114,9953400000.0,0.0,161300000.0,0.0,14.215,2307700000.0
14,DHR,MRQ,2018-03-31,2018-03-30,2018-03-30,2021-10-21,-1844700000.0,47145200000.0,,7075100000.0,40070100000.0,,38.921,-137500000.0,1045700000.0,1045700000.0,2051800000.0,566600000.0,1.592,0.733,10509400000.0,98700000.0,10410700000.0,10509400000.0,0.0,320800000.0,0.0,0.006,0.16,752200000.0,1073000000.0,0.229,1073000000.0,752200000.0,713100000.0,0.81,0.8,0.81,27189900000.0,,27189900000.0,78190826808.0,25.0,18.443,691400000.0,0.99,1.0,2643600000.0,0.563,37018900000.0,39100000.0,15147100000.0,,1949100000.0,0.0,0.0,0.0,19943400000.0,4442900000.0,15500500000.0,68299026808.0,415400000.0,0.0,23200000.0,-236600000.0,-97500000.0,-321700000.0,-122700000.0,21900000.0,828900000.0,30900000.0,566600000.0,566600000.0,566600000.0,0.0,0.0,0.121,1900600000.0,743000000.0,1579000000.0,0.198,2.512,26.757,26.751,2475900000.0,0.0,97.91,4.266,4.273,3270700000.0,23415400000.0,4695400000.0,4695400000.0,298700000.0,,,,,33300000.0,1601900000.0,1.0,697569470.0,698600000.0,709500000.0,6.721,10126300000.0,0.0,146500000.0,0.0,14.495,2632200000.0
15,DHR,MRQ,2017-12-31,2017-12-31,2017-12-31,2021-10-21,-1994200000.0,46648600000.0,,6850000000.0,39798600000.0,,37.8,-124700000.0,630300000.0,630300000.0,1056900000.0,856600000.0,1.429,0.769,10522100000.0,194700000.0,10327400000.0,10522100000.0,0.0,196700000.0,0.0,0.006,0.14,900200000.0,1096900000.0,0.482,1096900000.0,900200000.0,881000000.0,1.23,1.21,1.23,26358200000.0,,26358200000.0,74826479955.0,25.0,18.161,710000000.0,1.018,1.0,1217900000.0,0.535,36805700000.0,19200000.0,14942400000.0,,1840800000.0,0.0,0.0,0.0,20280800000.0,4792300000.0,15488500000.0,64566079955.0,-18300000.0,-273800000.0,19800000.0,-467300000.0,-97300000.0,-553900000.0,-315500000.0,137900000.0,834700000.0,16400000.0,856600000.0,856600000.0,856600000.0,-297600000.0,0.0,0.377,698500000.0,519400000.0,1509900000.0,0.114,2.45,25.908,25.927,2454600000.0,0.0,92.82,4.161,4.162,3521800000.0,22806100000.0,2274800000.0,2274800000.0,126500000.0,,,,,22300000.0,572000000.0,1.0,695605257.0,697300000.0,707900000.0,3.262,9842900000.0,0.0,24400000.0,0.0,14.116,2057700000.0
16,DHR,MRQ,2017-09-30,2017-09-29,2017-09-29,2021-10-21,-2151800000.0,45851300000.0,,6260200000.0,39591100000.0,,36.448,-137000000.0,648600000.0,648600000.0,1991400000.0,572100000.0,1.427,0.807,10909000000.0,182200000.0,10726800000.0,10909000000.0,0.0,311400000.0,0.0,0.006,0.14,769700000.0,1081100000.0,0.239,1081100000.0,769700000.0,729800000.0,0.82,0.81,0.82,25375400000.0,,25375400000.0,70456098164.0,25.0,17.364,935400000.0,1.344,1.0,2536800000.0,0.56,36477100000.0,39900000.0,15247100000.0,,1892300000.0,0.0,0.0,0.0,20470700000.0,4387500000.0,16083200000.0,59590498164.0,-77800000.0,-18100000.0,13200000.0,-931600000.0,-97100000.0,-1028900000.0,-155000000.0,0.0,1072400000.0,33700000.0,572100000.0,572100000.0,572100000.0,0.0,0.0,0.126,1777600000.0,759200000.0,1501800000.0,0.171,2.348,25.012,25.082,2424900000.0,0.0,85.78,3.342,3.35,3254600000.0,22047100000.0,4528200000.0,4528200000.0,279200000.0,,,,,33400000.0,1498400000.0,1.0,694689883.0,696200000.0,705600000.0,6.504,9374200000.0,0.0,157700000.0,0.0,13.465,1872700000.0
17,DHR,MRQ,2017-06-30,2017-06-30,2017-06-30,2021-10-21,-2414500000.0,45646800000.0,,6256600000.0,39390200000.0,,35.361,-118600000.0,726400000.0,726400000.0,2027800000.0,557300000.0,1.489,0.856,11592000000.0,169500000.0,11422500000.0,11592000000.0,0.0,303200000.0,0.0,0.006,0.14,685500000.0,988700000.0,0.219,988700000.0,685500000.0,644800000.0,0.8,0.79,0.8,24590000000.0,,24590000000.0,69723212792.0,27.0,18.529,891900000.0,1.283,1.0,2482300000.0,0.55,36273500000.0,40700000.0,16036300000.0,,1791700000.0,0.0,0.0,0.0,21051600000.0,4202600000.0,16849000000.0,58576812792.0,-77500000.0,-93900000.0,15300000.0,-831000000.0,-97300000.0,-925000000.0,-209200000.0,0.0,1010500000.0,46200000.0,557300000.0,557300000.0,557300000.0,0.0,0.0,0.124,1805600000.0,676700000.0,1427000000.0,0.175,2.382,26.602,26.621,2422800000.0,0.0,84.39,3.36,3.366,3214800000.0,21572300000.0,4510100000.0,4510100000.0,283300000.0,,,,,37800000.0,1522300000.0,1.0,694120308.0,695400000.0,705400000.0,6.486,9373300000.0,0.0,87500000.0,0.0,13.479,2054000000.0
18,DHR,MRQ,2017-03-31,2017-03-31,2017-03-31,2021-10-21,-2705200000.0,45245100000.0,,6318900000.0,38926200000.0,,34.259,-157900000.0,803900000.0,803900000.0,1871400000.0,506100000.0,1.053,0.902,11950300000.0,2221000000.0,9729300000.0,11950300000.0,0.0,305600000.0,0.0,0.006,0.14,647800000.0,953400000.0,0.227,953400000.0,647800000.0,607500000.0,0.73,0.72,0.73,23785800000.0,,23785800000.0,70601562092.0,25.0,17.647,402300000.0,0.579,1.0,2334300000.0,0.555,35831800000.0,40300000.0,14556600000.0,,1764900000.0,0.0,0.0,0.0,21454000000.0,6003100000.0,15450900000.0,59296262092.0,-159800000.0,0.0,20500000.0,-434900000.0,-86600000.0,-590700000.0,-163700000.0,0.0,560200000.0,34400000.0,506100000.0,506100000.0,506100000.0,-22300000.0,0.0,0.12,1717300000.0,617000000.0,1402200000.0,0.192,2.493,25.765,25.762,2408700000.0,0.0,85.53,3.455,3.46,3034900000.0,21112400000.0,4205700000.0,4205700000.0,267400000.0,,,,,33600000.0,1449900000.0,1.0,693280277.0,694300000.0,705700000.0,6.057,9413300000.0,0.0,101400000.0,0.0,13.558,315800000.0
19,DHR,MRQ,2016-12-31,2016-12-31,2016-12-31,2021-10-21,-3021700000.0,45295300000.0,,6665100000.0,38630200000.0,,33.193,-164900000.0,963700000.0,963700000.0,2084300000.0,747000000.0,0.97,0.966,12269000000.0,2594800000.0,9674200000.0,12269000000.0,0.0,305600000.0,0.0,0.007,0.125,728700000.0,1034300000.0,0.226,1034300000.0,728700000.0,696400000.0,1.07,1.06,1.07,23002800000.0,,23002800000.0,61182892865.0,19.0,14.149,484100000.0,0.699,1.0,2500000000.0,0.545,35644900000.0,32300000.0,14081700000.0,,1709400000.0,0.0,0.0,0.0,22218500000.0,6874000000.0,15344500000.0,53842092865.0,-7700000.0,-4780500000.0,7900000.0,4425900000.0,-86500000.0,4347000000.0,-4923500000.0,0.0,649000000.0,-80200000.0,747000000.0,747000000.0,747000000.0,0.0,0.0,0.163,1787100000.0,712900000.0,1485000000.0,0.117,2.341,21.084,21.095,2354000000.0,0.0,77.84,3.189,3.187,3186100000.0,20703500000.0,4584300000.0,4584300000.0,268000000.0,,,,,33500000.0,1519100000.0,1.0,691702118.0,693000000.0,701900000.0,6.615,9650400000.0,0.0,-50600000.0,0.0,13.926,-208900000.0
20,DHR,MRQ,2016-09-30,2016-09-30,2016-09-30,2021-10-21,-2122300000.0,41297500000.0,,6493200000.0,34804300000.0,,33.504,-146600000.0,971400000.0,971400000.0,1846100000.0,391600000.0,1.363,0.778,8312200000.0,809100000.0,7503100000.0,8312200000.0,0.0,277200000.0,0.0,0.007,0.125,509400000.0,786600000.0,0.19,786600000.0,509400000.0,465700000.0,0.57,0.56,0.57,23191600000.0,,23191600000.0,64685907528.0,20.0,14.765,671600000.0,0.97,1.0,2286000000.0,0.553,31888800000.0,43700000.0,11986100000.0,,1712200000.0,0.0,0.0,0.0,18033100000.0,4763400000.0,13269700000.0,54131307528.0,-3126200000.0,-6900000.0,11800000.0,-3194400000.0,-110500000.0,-3778400000.0,-153600000.0,0.0,818200000.0,-12400000.0,391600000.0,391600000.0,391600000.0,11000000.0,0.0,0.095,1586900000.0,699100000.0,1354500000.0,0.219,2.334,21.693,21.595,2255100000.0,0.0,78.39,3.257,3.265,3081800000.0,20043100000.0,4132100000.0,4132100000.0,241100000.0,,,,,31400000.0,1345800000.0,1.0,690538430.0,692200000.0,701300000.0,5.97,9408700000.0,0.0,74100000.0,0.0,13.592,1729800000.0
21,DHR,MRQ,2016-06-30,2016-07-01,2016-07-01,2021-10-21,-2391200000.0,51503700000.0,,11231000000.0,40272700000.0,,36.25,-145700000.0,4097600000.0,4097600000.0,1860600000.0,656700000.0,1.399,1.053,14652200000.0,2644500000.0,12007700000.0,14652200000.0,0.0,277600000.0,0.0,0.007,0.16,948800000.0,1226400000.0,0.289,1226400000.0,948800000.0,893300000.0,0.95,0.94,0.95,25045100000.0,,25045100000.0,82194718546.0,19.0,15.665,1136100000.0,1.644,1.0,2381300000.0,0.561,36461800000.0,55500000.0,17570600000.0,,2240200000.0,0.0,0.0,0.0,26383400000.0,8025900000.0,18357500000.0,70467318546.0,3433300000.0,2000000.0,100900000.0,2373900000.0,-110100000.0,2364700000.0,-174200000.0,0.0,1281800000.0,-39000000.0,656700000.0,656700000.0,656700000.0,-238700000.0,0.0,0.155,1671200000.0,710100000.0,1993200000.0,0.168,2.814,20.093,20.063,2784800000.0,0.0,102.32,4.404,4.418,3994800000.0,22206800000.0,4241900000.0,4241900000.0,239900000.0,,,,,35300000.0,1431300000.0,1.0,688695451.0,690900000.0,698900000.0,6.14,15041900000.0,0.0,236600000.0,0.0,21.771,3205100000.0
22,DHR,MRQ,2016-03-31,2016-04-01,2016-04-01,2021-10-21,-2236500000.0,48385600000.0,,7747200000.0,40638400000.0,,35.586,-122600000.0,664300000.0,664300000.0,1756800000.0,758400000.0,1.456,0.972,12391700000.0,197000000.0,12194700000.0,12391700000.0,0.0,267700000.0,0.0,0.007,0.16,1009100000.0,1276800000.0,0.325,1276800000.0,1009100000.0,956200000.0,1.1,1.09,1.1,24504700000.0,,24504700000.0,77792186843.0,18.0,15.033,650200000.0,0.944,1.0,2167300000.0,0.552,36749200000.0,52900000.0,18042500000.0,,2237700000.0,0.0,0.0,0.0,23808500000.0,5321300000.0,18487200000.0,65712586843.0,-126500000.0,-94700000.0,43900000.0,-815100000.0,-92700000.0,-890600000.0,8300000.0,264800000.0,772800000.0,-17000000.0,758400000.0,758400000.0,758400000.0,-172600000.0,0.0,0.193,1554200000.0,613100000.0,1918800000.0,0.145,2.682,18.531,18.641,2872500000.0,0.0,95.63,3.93,3.939,3871200000.0,21660600000.0,3924100000.0,3924100000.0,226100000.0,,,,,29600000.0,1328100000.0,1.0,687154521.0,688600000.0,697100000.0,5.699,11636400000.0,0.0,197800000.0,0.0,16.899,2425900000.0
23,DHR,MRQ,2015-12-31,2015-12-31,2015-12-31,2021-10-21,-2311200000.0,48222200000.0,,7836700000.0,40385500000.0,,34.469,-100900000.0,790800000.0,790800000.0,2065800000.0,688600000.0,1.27,1.032,12870400000.0,845200000.0,12025200000.0,12870400000.0,0.0,272000000.0,0.0,0.007,0.135,819200000.0,1091200000.0,0.252,1091200000.0,819200000.0,768500000.0,1.01,0.99,1.01,23690300000.0,,23690300000.0,76827799964.0,20.0,16.449,1130700000.0,1.645,1.0,2257200000.0,0.522,31560200000.0,50700000.0,22571200000.0,,1573100000.0,0.0,0.0,0.0,24458200000.0,6170400000.0,18287800000.0,63649299964.0,-1042700000.0,-40700000.0,50900000.0,-1938100000.0,-92500000.0,-1979700000.0,-260400000.0,0.0,1231600000.0,-34200000.0,688600000.0,688600000.0,688600000.0,-167600000.0,0.0,0.159,1605600000.0,651600000.0,1391900000.0,0.134,2.687,18.958,19.31,2302700000.0,0.0,92.88,4.41,4.492,2985100000.0,21012300000.0,4323000000.0,4323000000.0,236100000.0,,,,,26900000.0,1369500000.0,1.0,685285314.0,687300000.0,697100000.0,6.29,16662000000.0,0.0,79900000.0,0.0,24.243,1666300000.0
24,DHR,MRQ,2015-09-30,2015-10-02,2015-10-02,2021-10-21,-2199000000.0,49707900000.0,,8931800000.0,40776100000.0,,33.57,-98400000.0,1833500000.0,1833500000.0,1618800000.0,1403300000.0,1.035,1.148,15012000000.0,3489300000.0,11522700000.0,15012000000.0,0.0,136300000.0,0.0,0.007,0.27,1516400000.0,1652700000.0,0.471,1652700000.0,1516400000.0,1477300000.0,2.04,2.01,2.04,23112700000.0,,23112700000.0,59051876493.0,16.0,13.381,854200000.0,1.241,1.0,1893400000.0,0.539,36819200000.0,39100000.0,17441600000.0,,2340600000.0,0.0,0.0,0.0,26524100000.0,8625600000.0,17898500000.0,59231076493.0,-1508500000.0,-13614300000.0,66600000.0,11358400000.0,-95700000.0,11329300000.0,-13753000000.0,43000000.0,952600000.0,-37400000.0,1403300000.0,1403300000.0,1403300000.0,-1023400000.0,0.0,0.4,1413400000.0,480000000.0,1819400000.0,0.132,2.563,17.784,18.168,2791600000.0,0.0,86.66,4.893,4.929,3906100000.0,20416400000.0,3512200000.0,3512200000.0,212200000.0,,,,,18400000.0,1201200000.0,1.0,683488074.0,688500000.0,698700000.0,5.101,12888700000.0,0.0,74000000.0,0.0,18.72,306200000.0
25,DHR,MRQ,2015-06-30,2015-07-03,2015-07-03,2021-10-21,-2032100000.0,36986800000.0,,9654500000.0,27332300000.0,,33.969,-136200000.0,3342000000.0,3342000000.0,2316200000.0,695700000.0,1.91,0.532,3162800000.0,110100000.0,3052700000.0,3162800000.0,0.0,237000000.0,0.0,0.005,0.135,916900000.0,1153900000.0,0.233,1153900000.0,916900000.0,887900000.0,0.98,0.97,0.98,24101200000.0,,24101200000.0,62079734666.0,20.0,16.033,957800000.0,1.35,1.0,2644000000.0,0.533,24032400000.0,29000000.0,7719600000.0,,1912200000.0,0.0,0.0,0.0,12814800000.0,5055600000.0,7759200000.0,61413234666.0,831000000.0,-110200000.0,69900000.0,-13000000.0,-95500000.0,-38600000.0,-246900000.0,0.0,1094000000.0,22500000.0,695700000.0,695700000.0,695700000.0,19800000.0,0.0,0.14,1709600000.0,934400000.0,1744100000.0,0.138,2.548,23.55,23.459,2161300000.0,0.0,86.8,4.618,4.631,3565200000.0,21397200000.0,4960200000.0,4960200000.0,304600000.0,,,,,28200000.0,1405000000.0,1.0,707525745.0,709500000.0,719600000.0,6.991,12954400000.0,0.0,192200000.0,0.0,18.258,4598900000.0
26,DHR,MRQ,2015-03-31,2015-04-03,2015-04-03,2021-10-21,-2107900000.0,36072300000.0,,8774400000.0,27297900000.0,,32.977,-117000000.0,2511000000.0,2511000000.0,2226500000.0,569800000.0,1.772,0.544,3177500000.0,123700000.0,3053800000.0,3177500000.0,0.0,235500000.0,0.0,0.005,0.135,769200000.0,1004700000.0,0.214,1004700000.0,769200000.0,739900000.0,0.81,0.79,0.81,23321000000.0,,23321000000.0,59887226415.0,19.0,15.492,406600000.0,0.575,1.0,2468200000.0,0.526,24069900000.0,29300000.0,7716200000.0,,1897200000.0,0.0,0.0,0.0,12681600000.0,4952700000.0,7728900000.0,59419426415.0,-494600000.0,-482600000.0,61600000.0,-248700000.0,-70400000.0,-260800000.0,-690700000.0,-87100000.0,523600000.0,-66700000.0,569800000.0,569800000.0,569800000.0,-11800000.0,0.0,0.121,1713100000.0,755100000.0,1732300000.0,0.167,2.548,22.955,22.878,2135900000.0,0.0,84.19,4.467,4.476,3446900000.0,20797300000.0,4694700000.0,4694700000.0,299400000.0,,,,,30300000.0,1413700000.0,1.0,705777722.0,707200000.0,718700000.0,6.638,12002400000.0,0.0,170100000.0,0.0,16.972,3821700000.0
27,DHR,MRQ,2014-12-31,2014-12-31,2014-12-31,2021-10-21,-1433700000.0,36991700000.0,,9431300000.0,27560400000.0,,33.165,-56100000.0,3005600000.0,3005600000.0,-682200000.0,661700000.0,1.748,0.579,3473400000.0,71900000.0,3401500000.0,3473400000.0,0.0,53600000.0,0.0,0.005,0.1,548100000.0,601700000.0,-0.566,601700000.0,548100000.0,546800000.0,0.94,0.92,0.94,23378100000.0,,23378100000.0,59238496607.0,19.0,15.352,1183300000.0,1.679,1.0,-380700000.0,0.358,22732700000.0,1300000.0,9330400000.0,,1782800000.0,0.0,0.0,0.0,13541900000.0,5396400000.0,8145500000.0,60227696607.0,-1019700000.0,-2207000000.0,57900000.0,313700000.0,-70300000.0,280400000.0,-2446100000.0,129700000.0,1239400000.0,-93400000.0,661700000.0,661700000.0,661700000.0,-916600000.0,0.0,-0.623,54100000.0,-434800000.0,1825000000.0,0.106,2.576,23.179,23.165,2171900000.0,0.0,85.71,4.681,4.678,3445800000.0,20323000000.0,-1062900000.0,-1062900000.0,-86900000.0,,,,,1700000.0,141000000.0,1.0,702691595.0,704900000.0,717600000.0,-1.508,14259000000.0,0.0,-114900000.0,0.0,20.228,4034900000.0
28,DHR,MRQ,2014-09-30,2014-09-26,2014-09-26,2021-10-21,-379800000.0,35535900000.0,,9989500000.0,25546400000.0,,33.79,-130700000.0,4025300000.0,4025300000.0,2254800000.0,680600000.0,2.234,0.494,3036100000.0,71400000.0,2964700000.0,3036100000.0,0.0,204400000.0,0.0,0.004,0.1,907300000.0,1111700000.0,0.236,1111700000.0,907300000.0,877700000.0,0.97,0.95,0.97,23740700000.0,,23740700000.0,52936828133.0,14.0,11.743,885400000.0,1.26,1.0,2452300000.0,0.521,22192600000.0,29600000.0,7883000000.0,,1874000000.0,0.0,0.0,0.0,11725800000.0,4471100000.0,7254700000.0,53188928133.0,704200000.0,-25700000.0,14100000.0,800000.0,-70000000.0,-55100000.0,-149100000.0,12400000.0,1016100000.0,-107700000.0,680600000.0,680600000.0,680600000.0,700000.0,0.0,0.145,1586100000.0,866200000.0,1684000000.0,0.103,2.24,19.512,19.514,2161600000.0,0.0,75.91,2.834,2.842,3498100000.0,19731700000.0,4707100000.0,4707100000.0,288100000.0,,,,,28000000.0,1298000000.0,1.0,700684075.0,702600000.0,716200000.0,6.7,13343300000.0,0.0,197100000.0,0.0,18.991,5518400000.0
29,DHR,MRQ,2014-06-30,2014-06-27,2014-06-27,2021-10-21,305800000.0,35652100000.0,,9507300000.0,26144800000.0,,33.828,-147700000.0,3321100000.0,3321100000.0,2343400000.0,676400000.0,2.157,0.5,3069000000.0,49000000.0,3020000000.0,3069000000.0,0.0,235400000.0,0.0,0.003,0.1,912200000.0,1147600000.0,0.231,1147600000.0,912200000.0,879000000.0,0.96,0.95,0.96,23720500000.0,,23720500000.0,55536461491.0,16.0,12.521,844000000.0,1.204,1.0,2620200000.0,0.528,22767500000.0,33200000.0,8225800000.0,,1894200000.0,0.0,0.0,0.0,11863200000.0,4406700000.0,7456500000.0,55395961491.0,-25400000.0,-443900000.0,30900000.0,-419100000.0,-70000000.0,-458200000.0,-564400000.0,25000000.0,991700000.0,5500000.0,676400000.0,676400000.0,676400000.0,0.0,0.0,0.136,1730900000.0,889300000.0,1734800000.0,0.104,2.335,20.964,20.95,2232100000.0,0.0,79.19,2.958,2.965,3631800000.0,19121400000.0,4963600000.0,4963600000.0,336400000.0,,,,,26000000.0,1394500000.0,1.0,699532283.0,701200000.0,715600000.0,7.079,12884600000.0,0.0,202600000.0,0.0,18.375,5100600000.0
30,DHR,MRQ,2014-03-31,2014-03-28,2014-03-28,2021-10-21,218600000.0,35042600000.0,,9404300000.0,25638300000.0,,32.798,-130900000.0,3346500000.0,3346500000.0,2209800000.0,579700000.0,2.185,0.523,3487000000.0,64100000.0,3422900000.0,3487000000.0,0.0,224700000.0,0.0,0.002,0.1,793800000.0,1018500000.0,0.218,1018500000.0,793800000.0,761300000.0,0.83,0.81,0.83,22961700000.0,,22961700000.0,51980679449.0,15.0,11.942,380300000.0,0.543,1.0,2452900000.0,0.526,22360900000.0,32500000.0,8517800000.0,,1871300000.0,0.0,0.0,0.0,12013800000.0,4304400000.0,7709400000.0,51596879449.0,231300000.0,-162800000.0,30000000.0,2100000.0,-17400000.0,14700000.0,-284700000.0,0.0,511200000.0,-9900000.0,579700000.0,579700000.0,579700000.0,0.0,0.0,0.124,1664000000.0,788900000.0,1685400000.0,0.12,2.247,19.977,19.911,2182600000.0,0.0,73.87,2.789,2.795,3467600000.0,18515100000.0,4662700000.0,4662700000.0,313400000.0,,,,,29000000.0,1350600000.0,1.0,698482191.0,700100000.0,714800000.0,6.66,12681700000.0,0.0,181600000.0,0.0,18.114,5099900000.0
31,DHR,MRQ,2013-12-31,2013-12-31,2013-12-31,2021-10-21,214500000.0,34672200000.0,,9113700000.0,25558500000.0,,32.025,-146300000.0,3115200000.0,3115200000.0,2335700000.0,789300000.0,2.013,0.546,3499000000.0,62300000.0,3436700000.0,3499000000.0,0.0,188900000.0,0.0,0.001,0.025,1041300000.0,1230200000.0,0.278,1230200000.0,1041300000.0,1013700000.0,1.13,1.11,1.13,22385300000.0,,22385300000.0,55330226876.0,15.0,12.262,931900000.0,1.333,1.0,2096100000.0,0.473,22285900000.0,27600000.0,8242700000.0,,1783500000.0,0.0,0.0,0.0,12220800000.0,4527400000.0,7693400000.0,53823826876.0,1119600000.0,944700000.0,28700000.0,3800000.0,-17400000.0,15100000.0,19500000.0,-692000000.0,1078200000.0,6800000.0,789300000.0,789300000.0,789300000.0,-104400000.0,0.0,0.178,1362500000.0,733600000.0,1778200000.0,0.022,2.404,19.972,19.948,2211300000.0,0.0,77.2,2.944,2.939,3451600000.0,18005300000.0,4431800000.0,4431800000.0,186700000.0,,,,,23900000.0,1175800000.0,1.0,697199830.0,699000000.0,713700000.0,6.34,12386300000.0,0.0,224400000.0,0.0,17.72,4586300000.0
32,DHR,MRQ,2013-09-30,2013-09-27,2013-09-27,2021-10-21,-25200000.0,33721200000.0,,8023700000.0,25697500000.0,,30.535,-139300000.0,1995600000.0,1995600000.0,2244400000.0,597000000.0,1.875,0.58,3502000000.0,56500000.0,3445500000.0,3502000000.0,0.0,225300000.0,0.0,0.001,0.025,813800000.0,1039100000.0,0.223,1039100000.0,813800000.0,778800000.0,0.86,0.84,0.86,21304600000.0,,21304600000.0,50429301209.0,14.0,11.551,832100000.0,1.193,1.0,2424700000.0,0.519,22368900000.0,35000000.0,8579300000.0,,1965700000.0,0.0,0.0,0.0,12350400000.0,4279400000.0,8071000000.0,48599401209.0,-329300000.0,-546000000.0,38700000.0,-656500000.0,-17400000.0,-635200000.0,-683000000.0,0.0,971400000.0,17500000.0,597000000.0,597000000.0,597000000.0,0.0,0.0,0.128,1612300000.0,812400000.0,1683600000.0,0.029,2.281,19.163,19.09,2179200000.0,0.0,69.87,2.581,2.589,3372700000.0,17233500000.0,4669100000.0,4669100000.0,309100000.0,,,,,29600000.0,1303200000.0,1.0,695568931.0,697700000.0,711900000.0,6.692,11352300000.0,0.0,181800000.0,0.0,16.271,3744300000.0
33,DHR,MRQ,2013-06-30,2013-06-28,2013-06-28,2021-10-21,-378600000.0,33109000000.0,,8231000000.0,24878000000.0,,29.195,-136200000.0,2324900000.0,2324900000.0,2242000000.0,616800000.0,1.992,0.628,4154800000.0,53900000.0,4100900000.0,4154800000.0,0.0,219600000.0,0.0,0.002,0.025,845200000.0,1064800000.0,0.225,1064800000.0,845200000.0,805800000.0,0.89,0.87,0.89,20296100000.0,,20296100000.0,46168957721.0,13.0,10.752,763000000.0,1.098,1.0,2495500000.0,0.527,21730700000.0,39400000.0,9075700000.0,,1911000000.0,0.0,0.0,0.0,12744400000.0,4132500000.0,8611900000.0,43848357721.0,174200000.0,-1002500000.0,55700000.0,-313600000.0,-17300000.0,-275200000.0,-443700000.0,692000000.0,899200000.0,-6100000.0,616800000.0,616800000.0,616800000.0,0.0,0.0,0.13,1651900000.0,843600000.0,1621400000.0,0.028,2.16,17.625,17.632,2148900000.0,0.0,63.3,2.361,2.369,3281400000.0,16653900000.0,4737500000.0,4737500000.0,312200000.0,,,,,28300000.0,1339700000.0,1.0,692707073.0,695200000.0,709800000.0,6.815,11378300000.0,0.0,189000000.0,0.0,16.367,4098500000.0
34,DHR,MRQ,2013-03-31,2013-03-29,2013-03-29,2021-10-21,-268000000.0,32469300000.0,,7910000000.0,24559300000.0,,28.441,-116300000.0,2150700000.0,2150700000.0,2119000000.0,691900000.0,2.015,0.646,4471300000.0,67000000.0,4404300000.0,4471300000.0,0.0,216800000.0,0.0,0.002,0.025,961600000.0,1178400000.0,0.265,1178400000.0,961600000.0,922400000.0,1.0,0.98,1.0,19681100000.0,,19681100000.0,46563198160.0,14.0,10.96,520200000.0,0.752,1.0,2325700000.0,0.523,21507800000.0,39200000.0,9355600000.0,,1866500000.0,0.0,0.0,0.0,12720100000.0,3926500000.0,8793600000.0,42898798160.0,472000000.0,679900000.0,54300000.0,-764800000.0,0.0,-710500000.0,554700000.0,0.0,636500000.0,-8700000.0,691900000.0,691900000.0,691900000.0,0.0,0.0,0.156,1594800000.0,730900000.0,1534500000.0,0.025,2.18,17.36,17.458,2109900000.0,0.0,62.15,2.333,2.339,3118300000.0,16054500000.0,4444700000.0,4444700000.0,296400000.0,,,,,27800000.0,1298400000.0,1.0,690246149.0,692000000.0,708400000.0,6.423,10961500000.0,0.0,230500000.0,0.0,15.84,3983500000.0
35,DHR,MRQ,2012-12-31,2012-12-31,2012-12-31,2021-10-21,-59200000.0,32941000000.0,,7587800000.0,25353200000.0,,27.508,-124900000.0,1678700000.0,1678700000.0,2429900000.0,630400000.0,1.804,0.729,5343100000.0,55500000.0,5287600000.0,5343100000.0,0.0,219400000.0,0.0,0.002,0.025,864200000.0,1083600000.0,0.218,1083600000.0,864200000.0,823400000.0,0.91,0.89,0.91,19016500000.0,,19016500000.0,41894142237.0,13.0,10.216,674800000.0,0.976,1.0,2545300000.0,0.512,21806000000.0,40800000.0,10593300000.0,,1813400000.0,548300000.0,0.0,548300000.0,13857100000.0,4206100000.0,9651000000.0,38721256237.0,137400000.0,-824000000.0,-321100000.0,632800000.0,-34400000.0,277300000.0,-942100000.0,0.0,799700000.0,2500000.0,630400000.0,630400000.0,630400000.0,0.0,0.0,0.127,1701200000.0,844100000.0,1546300000.0,0.027,2.036,16.186,16.203,2140900000.0,0.0,55.9,2.121,2.123,3267300000.0,15379900000.0,4975200000.0,4975200000.0,294700000.0,,,,,30500000.0,1406500000.0,1.0,692687947.0,691300000.0,709500000.0,7.197,11135000000.0,0.0,193000000.0,0.0,16.107,3381700000.0
36,DHR,MRQ,2012-09-30,2012-09-28,2012-09-28,2021-10-21,149874000.0,31585420000.0,,6908000000.0,24677420000.0,,27.166,-104900000.0,1541335000.0,1541335000.0,2137500000.0,548700000.0,1.756,0.669,4714221000.0,55063000.0,4659158000.0,4714221000.0,0.0,210600000.0,0.0,0.002,0.025,756500000.0,967100000.0,0.219,967100000.0,756500000.0,717100000.0,0.79,0.77,0.79,18886086000.0,,18886086000.0,42133641557.0,13.0,10.513,856300000.0,1.232,1.0,2278000000.0,0.516,21160677000.0,39400000.0,9662940000.0,,1882370000.0,560629000.0,0.0,560629000.0,12632654000.0,3934689000.0,8697965000.0,38348854557.0,423100000.0,-27700000.0,-219600000.0,-186200000.0,-17300000.0,-423100000.0,-123500000.0,0.0,961200000.0,8500000.0,548700000.0,548700000.0,548700000.0,0.0,0.0,0.124,1540700000.0,737300000.0,1492632000.0,0.032,2.031,16.441,16.365,2062952000.0,0.0,55.15,2.13,2.13,2984728000.0,14766627000.0,4415500000.0,4415500000.0,289500000.0,,,,,29000000.0,1251200000.0,1.0,695355477.0,695200000.0,713900000.0,6.351,10424743000.0,0.0,168400000.0,0.0,14.995,2973311000.0
37,DHR,MRQ,2012-06-30,2012-06-29,2012-06-29,2021-10-21,-74945000.0,31170583000.0,,6610495000.0,24560088000.0,,26.311,-110700000.0,1118240000.0,1118240000.0,2198000000.0,600200000.0,1.64,0.7,4903027000.0,55407000.0,4847620000.0,4903027000.0,0.0,207500000.0,0.0,0.002,0.025,812000000.0,1019500000.0,0.224,1019500000.0,812000000.0,774100000.0,0.86,0.84,0.86,18301916000.0,,18301916000.0,39961152394.0,13.0,10.334,898100000.0,1.291,1.0,2355500000.0,0.517,21104154000.0,37900000.0,9821515000.0,,1855811000.0,552540000.0,0.0,552540000.0,12802859000.0,4029701000.0,8773158000.0,36078611394.0,74900000.0,-889400000.0,33300000.0,52100000.0,-17400000.0,68000000.0,-988700000.0,0.0,1008800000.0,-13200000.0,600200000.0,600200000.0,600200000.0,0.0,0.0,0.132,1562200000.0,793300000.0,1511061000.0,0.029,1.971,15.637,15.593,2065451000.0,0.0,52.08,2.001,2.009,3094250000.0,14235198000.0,4553500000.0,4553500000.0,283600000.0,,,,,26700000.0,1278600000.0,1.0,692753675.0,695600000.0,714900000.0,6.546,10066429000.0,0.0,173900000.0,0.0,14.472,2580794000.0
38,DHR,MRQ,2012-03-31,2012-03-30,2012-03-30,2021-10-21,147436000.0,30420959000.0,,6543223000.0,23877736000.0,,25.775,-117800000.0,1043283000.0,1043283000.0,2080700000.0,612900000.0,1.672,0.703,4925824000.0,63108000.0,4862716000.0,4925824000.0,0.0,202300000.0,0.0,0.002,0.025,828500000.0,1030800000.0,0.239,1030800000.0,828500000.0,789100000.0,0.89,0.86,0.89,17823305000.0,,17823305000.0,43368693864.0,14.0,11.447,527500000.0,0.763,1.0,2235500000.0,0.518,20435158000.0,39400000.0,9955776000.0,,1889079000.0,549865000.0,0.0,549865000.0,12529757000.0,3912566000.0,8617191000.0,38600502864.0,506300000.0,281800000.0,71000000.0,-364300000.0,-17300000.0,-310600000.0,166700000.0,0.0,645300000.0,4900000.0,612900000.0,612900000.0,612900000.0,-92900000.0,0.0,0.142,1515000000.0,720500000.0,1465982000.0,0.028,2.166,16.385,16.232,2104811000.0,0.0,56.0,2.255,2.263,2996457000.0,13652469000.0,4316200000.0,4316200000.0,270100000.0,,,,,23700000.0,1244900000.0,1.0,689294694.0,691500000.0,714000000.0,6.242,9985801000.0,0.0,176200000.0,0.0,14.441,2630657000.0
39,DHR,MRQ,2011-12-31,2011-12-31,2011-12-31,2021-10-21,-36900000.0,29949500000.0,,6272400000.0,23677100000.0,,24.545,-129963000.0,537000000.0,537000000.0,2389527000.0,570750000.0,1.503,0.768,5305200000.0,98400000.0,5206800000.0,5305200000.0,0.0,203698000.0,0.0,0.002,0.025,786718000.0,990416000.0,0.21,990416000.0,786718000.0,749331000.0,0.83,0.81,0.83,16904800000.0,,16904800000.0,37697099698.0,13.0,10.891,697263000.0,1.012,1.0,2327117000.0,0.493,20314500000.0,37387000.0,10231200000.0,,1781400000.0,521900000.0,0.0,521900000.0,12977700000.0,4172000000.0,8805700000.0,32285777698.0,52612000.0,-136172000.0,52228000.0,-569862000.0,-17171000.0,-534805000.0,-243554000.0,0.0,827226000.0,3745000.0,570750000.0,570750000.0,570750000.0,-7183000.0,0.0,0.121,1569756000.0,757361000.0,1422400000.0,0.03,1.91,14.862,14.654,2101000000.0,0.0,47.04,2.007,1.977,3049900000.0,13056900000.0,4716644000.0,4716644000.0,282094000.0,,,,,23984000.0,1287662000.0,1.0,686347315.0,688734000.0,711469000.0,6.848,9635000000.0,0.0,178581000.0,0.0,13.989,2100400000.0
40,DHR,MRQ,2011-09-30,2011-09-30,2011-09-30,2021-10-21,185110000.0,30618424000.0,,6314538000.0,24303886000.0,,24.004,-102867000.0,484368000.0,484368000.0,2262706000.0,523428000.0,1.531,0.852,5895690000.0,82284000.0,5813406000.0,5895690000.0,0.0,207692000.0,0.0,0.002,0.025,618680000.0,826372000.0,0.186,826372000.0,618680000.0,576318000.0,0.76,0.74,0.76,16496791000.0,,16496791000.0,34773442273.0,13.0,10.949,597075000.0,0.869,1.0,2183081000.0,0.491,20470686000.0,42362000.0,11435365000.0,,1970896000.0,531179000.0,0.0,531179000.0,14056273000.0,4123695000.0,9932578000.0,28752162273.0,-67215000.0,-18354000.0,9950000.0,-638628000.0,-17156000.0,-645834000.0,-121388000.0,0.0,699942000.0,65000.0,523428000.0,523428000.0,523428000.0,-8020000.0,0.0,0.118,1555917000.0,627164000.0,1467349000.0,0.033,1.743,13.854,13.529,2151052000.0,0.0,41.94,1.969,1.973,3007192000.0,12503349000.0,4445787000.0,4445787000.0,287506000.0,,,,,25650000.0,1268411000.0,1.0,685554656.0,687259000.0,710403000.0,6.469,10147738000.0,0.0,52890000.0,0.0,14.766,2190843000.0
41,DHR,MRQ,2011-06-30,2011-07-01,2011-07-01,2021-10-21,737839000.0,31513376000.0,,6554800000.0,24958576000.0,,24.714,-57774000.0,551583000.0,551583000.0,1718319000.0,648764000.0,1.531,0.907,6572863000.0,47932000.0,6524931000.0,6572863000.0,0.0,119487000.0,0.0,0.001,0.02,821451000.0,940938000.0,0.259,940938000.0,821451000.0,790039000.0,0.97,0.94,0.97,16489496000.0,,16489496000.0,37337758727.0,13.0,11.301,604875000.0,0.907,1.0,1917552000.0,0.527,20951773000.0,31412000.0,12301587000.0,,2065049000.0,533136000.0,0.0,533136000.0,14957857000.0,4281296000.0,10676561000.0,36204356727.0,-1041976000.0,-4858754000.0,999842000.0,2230640000.0,-13705000.0,3216777000.0,-4917403000.0,0.0,662649000.0,-3999000.0,648764000.0,648764000.0,648764000.0,-209214000.0,0.0,0.178,1322055000.0,595497000.0,1515113000.0,0.021,2.196,16.468,16.372,2226119000.0,0.0,54.52,2.732,2.745,3099418000.0,11997077000.0,3635871000.0,3635871000.0,233670000.0,,,,,23190000.0,1088385000.0,1.0,664056433.0,667207000.0,694599000.0,5.449,10561603000.0,0.0,141275000.0,0.0,15.83,2273504000.0
42,DHR,MRQ,2011-03-31,2011-04-01,2011-04-01,2021-10-21,606862000.0,23034881000.0,,6131892000.0,16902989000.0,,22.157,-43896000.0,1593559000.0,1593559000.0,1543348000.0,429358000.0,1.845,0.567,2726961000.0,58922000.0,2668039000.0,2726961000.0,0.0,104123000.0,0.0,0.002,0.02,599551000.0,703674000.0,0.214,703674000.0,599551000.0,569112000.0,0.65,0.63,0.65,14659179000.0,,14659179000.0,35844850308.0,14.0,11.989,392587000.0,0.593,1.0,1748850000.0,0.531,14474397000.0,30439000.0,6370031000.0,,1284932000.0,523231000.0,0.0,523231000.0,8311192000.0,3323855000.0,4987337000.0,34653162308.0,-39421000.0,-517420000.0,50480000.0,15250000.0,-13268000.0,52462000.0,-564955000.0,0.0,436483000.0,36589000.0,429358000.0,429358000.0,429358000.0,-12583000.0,0.0,0.13,1178472000.0,570378000.0,1239137000.0,0.031,2.364,18.029,17.942,1177703000.0,0.0,52.57,2.7,2.71,2210224000.0,11362018000.0,3292198000.0,3292198000.0,215230000.0,,,,,22776000.0,963242000.0,1.0,659181326.0,661599000.0,688328000.0,4.976,8560484000.0,0.0,139754000.0,0.0,12.939,2808037000.0
43,DHR,MRQ,2010-12-31,2010-12-31,2010-12-31,2021-10-21,345386000.0,22217130000.0,,6065455000.0,16151675000.0,,20.875,-50030000.0,1632980000.0,1632980000.0,1513607000.0,473856000.0,1.827,0.616,2824668000.0,40761000.0,2783907000.0,2824668000.0,0.0,101699000.0,0.0,0.002,0.02,603199000.0,704898000.0,0.218,704898000.0,603199000.0,576335000.0,0.72,0.69,0.72,13711010000.0,,13711010000.0,32073723114.0,13.0,11.415,523301000.0,0.797,1.0,1718300000.0,0.532,13701475000.0,26864000.0,6386641000.0,,1165623000.0,511283000.0,0.0,511283000.0,8444364000.0,3320702000.0,5123662000.0,30847022114.0,-2021000.0,-550358000.0,61200000.0,-269000.0,-13113000.0,47818000.0,-621540000.0,0.0,573331000.0,-1630000.0,473856000.0,473856000.0,473856000.0,-44329000.0,0.0,0.147,1173374000.0,544926000.0,1124821000.0,0.028,2.25,17.204,17.215,1129781000.0,0.0,47.17,2.458,2.455,2097974000.0,10945928000.0,3231907000.0,3231907000.0,205528000.0,,,,,22146000.0,967846000.0,1.0,653954253.0,656815000.0,687308000.0,4.921,8515655000.0,0.0,102479000.0,0.0,12.965,2744753000.0
44,DHR,MRQ,2010-09-30,2010-10-01,2010-10-01,2021-10-21,371917000.0,21497835000.0,,5460623000.0,16037212000.0,,20.122,-50978000.0,1635041000.0,1635041000.0,1480901000.0,646435000.0,1.773,0.632,2861742000.0,39483000.0,2822259000.0,2861742000.0,0.0,95875000.0,0.0,0.002,0.02,858558000.0,954433000.0,0.309,954433000.0,858558000.0,827310000.0,0.99,0.95,0.99,13171933000.0,,13171933000.0,27957958998.0,13.0,11.0,528289000.0,0.807,1.0,1611935000.0,0.521,13547768000.0,31248000.0,6097341000.0,,1244895000.0,498500000.0,0.0,498500000.0,8325902000.0,3079427000.0,5246475000.0,26365964998.0,402105000.0,-124316000.0,24350000.0,-30674000.0,-13075000.0,-19399000.0,-177123000.0,0.0,579267000.0,19360000.0,646435000.0,646435000.0,646435000.0,-12631000.0,0.0,0.209,1069372000.0,542563000.0,1178865000.0,0.02,2.002,16.623,16.626,1153431000.0,0.0,40.4,2.238,2.244,2032661000.0,10485199000.0,3092836000.0,3092836000.0,196437000.0,,,,,25072000.0,872935000.0,1.0,652622896.0,654599000.0,683431000.0,4.725,7950067000.0,0.0,180875000.0,0.0,12.145,2381196000.0
45,DHR,MRQ,2010-06-30,2010-07-02,2010-07-02,2021-10-21,-58153000.0,20078957000.0,,5044931000.0,15034026000.0,,18.48,-51538000.0,1232936000.0,1232936000.0,1611875000.0,372476000.0,1.686,0.665,2824930000.0,69964000.0,2754966000.0,2824930000.0,0.0,97733000.0,0.0,0.002,0.02,529158000.0,626891000.0,0.195,626891000.0,529158000.0,500214000.0,0.57,0.55,0.57,12058010000.0,,12058010000.0,25616360225.0,14.0,11.976,486385000.0,0.745,1.0,1605553000.0,0.499,13133622000.0,28944000.0,5545428000.0,,1238693000.0,0.0,0.0,0.0,8020947000.0,2991901000.0,5029046000.0,23536879225.0,426568000.0,-135284000.0,62537000.0,31984000.0,-13050000.0,81471000.0,-188923000.0,0.0,537923000.0,-3903000.0,372476000.0,372476000.0,372476000.0,-10353000.0,0.0,0.116,1087787000.0,517766000.0,1223890000.0,0.035,1.952,18.231,18.216,1163335000.0,0.0,36.25,2.057,2.067,2025978000.0,9851839000.0,3217428000.0,3217428000.0,191199000.0,,,,,24400000.0,896588000.0,1.0,649293220.0,652478000.0,682338000.0,4.931,6945335000.0,0.0,127738000.0,0.0,10.645,2053030000.0
46,DHR,MRQ,2010-03-31,2010-04-02,2010-04-02,2021-10-21,231793000.0,19880646000.0,,4541077000.0,15339569000.0,,18.265,-36954000.0,806368000.0,806368000.0,1539117000.0,300233000.0,1.589,0.677,2885849000.0,63551000.0,2822298000.0,2885849000.0,0.0,92993000.0,0.0,0.002,0.02,430584000.0,523577000.0,0.174,523577000.0,430584000.0,400540000.0,0.46,0.45,0.46,11853178000.0,,11853178000.0,27293665559.0,17.0,14.047,356925000.0,0.55,1.0,1468712000.0,0.488,13306483000.0,30044000.0,5795838000.0,,1187893000.0,0.0,0.0,0.0,8027468000.0,2857806000.0,5169662000.0,26082376559.0,-915552000.0,-1263242000.0,30313000.0,-10441000.0,-12962000.0,6910000.0,-1301314000.0,0.0,393879000.0,-15027000.0,300233000.0,300233000.0,300233000.0,-7486000.0,0.0,0.1,1047167000.0,421545000.0,1161791000.0,0.043,2.2,21.481,21.444,1179094000.0,0.0,40.315,2.394,2.401,1981411000.0,9492413000.0,3007829000.0,3007829000.0,180836000.0,,,,,16482000.0,866331000.0,1.0,646964568.0,648968000.0,680122000.0,4.635,6574163000.0,0.0,100307000.0,0.0,10.13,1683271000.0
47,DHR,MRQ,2009-12-31,2009-12-31,2009-12-31,2021-10-21,346944000.0,19595420000.0,,5220628000.0,14374792000.0,,17.756,-58396000.0,1721920000.0,1721920000.0,1236373000.0,266935000.0,1.891,0.685,2933209000.0,44186000.0,2889023000.0,2933209000.0,0.0,79395000.0,0.0,0.002,0.02,357229000.0,436624000.0,0.177,436624000.0,357229000.0,325803000.0,0.41,0.4,0.41,11630176000.0,,11630176000.0,25470841246.0,17.0,13.834,436946000.0,0.667,1.0,1228262000.0,0.498,12473426000.0,31426000.0,5572323000.0,,993016000.0,0.0,0.0,0.0,7965244000.0,2760960000.0,5204284000.0,24156861246.0,85689000.0,-412347000.0,77642000.0,-5977000.0,-12941000.0,58724000.0,-498777000.0,-16000000.0,495342000.0,30400000.0,266935000.0,266935000.0,266935000.0,-64660000.0,0.0,0.108,937342000.0,290920000.0,1051487000.0,0.049,2.077,20.975,20.889,1143331000.0,0.0,37.6,2.297,2.294,1916831000.0,9205142000.0,2464635000.0,2464635000.0,121833000.0,,,,,20426000.0,815509000.0,1.0,642469714.0,655006000.0,677358000.0,3.763,7121994000.0,0.0,58868000.0,0.0,10.873,2459668000.0
48,DHR,MRQ,2009-09-30,2009-10-02,2009-10-02,2021-10-21,279359000.0,19161907000.0,,5198784000.0,13963123000.0,,17.457,-30250000.0,1636231000.0,1636231000.0,1429736000.0,351363000.0,1.941,0.709,2950211000.0,50714000.0,2899497000.0,2950211000.0,0.0,85651000.0,0.0,0.002,0.015,466191000.0,551842000.0,0.201,551842000.0,466191000.0,434349000.0,0.55,0.53,0.55,11210529000.0,,11210529000.0,22346233399.0,14.0,11.66,472898000.0,0.736,1.0,1320957000.0,0.48,12187361000.0,31842000.0,5610175000.0,,1071430000.0,0.0,0.0,0.0,7951378000.0,2678351000.0,5273027000.0,20699853399.0,377820000.0,-141001000.0,49830000.0,8109000.0,-9628000.0,48311000.0,-171251000.0,0.0,503148000.0,-2388000.0,351363000.0,351363000.0,351363000.0,0.0,0.0,0.128,856360000.0,464597000.0,973155000.0,0.027,1.846,17.388,17.45,1097424000.0,0.0,32.37,1.844,1.851,1836255000.0,8951148000.0,2750693000.0,2750693000.0,159040000.0,,,,,21234000.0,782438000.0,1.0,639476472.0,642186000.0,672536000.0,4.283,6974546000.0,0.0,82986000.0,0.0,10.861,2520433000.0
49,DHR,MRQ,2009-06-30,2009-07-03,2009-07-03,2021-10-21,84156000.0,18322397000.0,,4788672000.0,13533725000.0,,16.571,-45703000.0,1258411000.0,1258411000.0,1411340000.0,295694000.0,1.909,0.728,2904791000.0,41398000.0,2863393000.0,2904791000.0,0.0,85950000.0,0.0,0.002,0.015,345072000.0,431022000.0,0.161,431022000.0,345072000.0,313743000.0,0.46,0.44,0.46,10602527000.0,,10602527000.0,20936027155.0,13.0,10.615,439962000.0,0.688,1.0,1262269000.0,0.472,11893276000.0,31329000.0,5567375000.0,,1067075000.0,0.0,0.0,0.0,7719870000.0,2508126000.0,5211744000.0,18994002155.0,282466000.0,-140368000.0,29563000.0,-46204000.0,-9586000.0,-26227000.0,-202861000.0,-16790000.0,485665000.0,25889000.0,295694000.0,295694000.0,295694000.0,0.0,0.0,0.111,918323000.0,343946000.0,906542000.0,0.033,1.791,15.683,15.806,1096721000.0,0.0,29.795,1.625,1.631,1750114000.0,8609413000.0,2673609000.0,2673609000.0,158500000.0,,,,,21759000.0,759823000.0,1.0,637489584.0,639832000.0,669080000.0,4.179,6429121000.0,0.0,18049000.0,0.0,10.048,2280546000.0
50,DHR,MRQ,2009-03-31,2009-04-03,2009-04-03,2021-10-21,-177985000.0,17673114000.0,,4497281000.0,13175833000.0,,15.662,-36074000.0,975945000.0,975945000.0,1369135000.0,237712000.0,1.817,0.767,2917970000.0,77180000.0,2840790000.0,2917970000.0,0.0,80796000.0,0.0,0.002,0.015,340884000.0,421680000.0,0.16,421680000.0,340884000.0,316827000.0,0.37,0.36,0.37,10002956000.0,,10002956000.0,19385342547.0,11.0,9.073,280605000.0,0.439,1.0,1258609000.0,0.479,11597963000.0,24057000.0,5542421000.0,,1133800000.0,0.0,0.0,0.0,7670158000.0,2474755000.0,5195403000.0,17158867547.0,583091000.0,0.0,17198000.0,318788000.0,-9562000.0,326424000.0,-70052000.0,-33978000.0,316679000.0,10040000.0,237712000.0,237712000.0,237712000.0,0.0,0.0,0.09,918390000.0,340219000.0,930819000.0,0.041,1.715,13.418,13.494,1077692000.0,0.0,26.92,1.395,1.398,1707133000.0,8323305000.0,2627744000.0,2627744000.0,160895000.0,,,,,23931000.0,757495000.0,1.0,637402212.0,638672000.0,666962000.0,4.114,6075151000.0,0.0,79115000.0,0.0,9.512,2022526000.0
51,DHR,MRQ,2008-12-31,2008-12-31,2008-12-31,2021-10-21,-103100000.0,17490128000.0,,4187119000.0,13303009000.0,,15.349,-75431000.0,392854000.0,392854000.0,1724897000.0,305686000.0,1.525,0.783,2619329000.0,66159000.0,2553170000.0,2619329000.0,0.0,84231000.0,0.0,0.002,0.015,427651000.0,511882000.0,0.161,511882000.0,427651000.0,402218000.0,0.475,0.465,0.475,9808562000.0,,9808562000.0,20514257304.0,11.0,9.246,433925000.0,0.679,1.0,1451609000.0,0.457,11730003000.0,25433000.0,5241503000.0,,1142309000.0,0.0,0.0,0.0,7681566000.0,2745097000.0,4936469000.0,18093094304.0,106335000.0,-182015000.0,-63928000.0,-57371000.0,-9551000.0,-130850000.0,-257446000.0,0.0,509356000.0,-14725000.0,305686000.0,305686000.0,305686000.0,0.0,0.0,0.096,1027958000.0,423651000.0,1108961000.0,0.032,1.845,13.732,13.74,1108653000.0,0.0,28.305,1.425,1.424,1894585000.0,8095155000.0,3176506000.0,3176506000.0,167467000.0,,,,,21981000.0,860491000.0,1.0,639219018.0,639046000.0,667190000.0,4.971,5760125000.0,0.0,96532000.0,0.0,9.014,1442022000.0
52,DHR,MRQ,2008-09-30,2008-09-26,2008-09-26,2021-10-21,514763000.0,17620648000.0,,4121066000.0,13499582000.0,,15.9,-33896000.0,286519000.0,286519000.0,1697611000.0,371992000.0,1.368,0.732,2707682000.0,316380000.0,2391302000.0,2707682000.0,0.0,84526000.0,0.0,0.002,0.015,523210000.0,607736000.0,0.189,607736000.0,523210000.0,492992000.0,0.58,0.555,0.58,10172237000.0,,10172237000.0,25406924948.0,13.0,11.28,400847000.0,0.627,1.0,1510570000.0,0.471,11891348000.0,30218000.0,5138845000.0,,1274851000.0,0.0,0.0,0.0,7448411000.0,3011618000.0,4436793000.0,22638321948.0,2419000.0,-139643000.0,29290000.0,-280092000.0,-9588000.0,-260390000.0,-173539000.0,0.0,434743000.0,1605000.0,371992000.0,371992000.0,371992000.0,0.0,0.0,0.116,988430000.0,522140000.0,1148488000.0,0.026,2.226,16.994,16.94,1106313000.0,0.0,35.49,1.788,1.793,2100795000.0,7799020000.0,3208181000.0,3208181000.0,182006000.0,,,,,21620000.0,806424000.0,1.0,637878894.0,639774000.0,674668000.0,5.015,5729300000.0,0.0,121000000.0,0.0,8.955,1109448000.0
53,DHR,MRQ,2008-06-30,2008-06-27,2008-06-27,2021-10-21,830121000.0,17994614000.0,,4191727000.0,13802887000.0,,15.779,-44630000.0,284100000.0,284100000.0,1723596000.0,363448000.0,1.355,0.786,3052703000.0,312647000.0,2740056000.0,3052703000.0,0.0,83436000.0,0.0,0.002,0.015,511876000.0,595312000.0,0.181,595312000.0,511876000.0,478022000.0,0.57,0.545,0.57,10074281000.0,,10074281000.0,27749275252.0,14.0,11.953,537142000.0,0.841,1.0,1560299000.0,0.475,12161394000.0,33854000.0,5508302000.0,,1297456000.0,0.0,0.0,0.0,7920333000.0,3093521000.0,4826812000.0,24477828252.0,50281000.0,-38984000.0,15615000.0,-451620000.0,-9567000.0,-445572000.0,-83614000.0,0.0,581772000.0,-2305000.0,363448000.0,363448000.0,363448000.0,0.0,0.0,0.111,1049835000.0,510464000.0,1193576000.0,0.026,2.43,16.953,16.747,1131887000.0,0.0,38.435,2.009,2.014,2094317000.0,7436616000.0,3283895000.0,3283895000.0,189866000.0,,,,,21567000.0,859969000.0,1.0,636862970.0,638466000.0,673102000.0,5.143,5833220000.0,0.0,114574000.0,0.0,9.136,1098206000.0
54,DHR,MRQ,2008-03-31,2008-03-28,2008-03-28,2021-10-21,721498000.0,17853022000.0,,4155273000.0,13697749000.0,,15.016,-38738000.0,233819000.0,233819000.0,1611158000.0,276505000.0,1.394,0.865,3505266000.0,301122000.0,3204144000.0,3505266000.0,0.0,87094000.0,0.0,0.002,0.015,416744000.0,503838000.0,0.166,503838000.0,416744000.0,376075000.0,0.435,0.415,0.435,9574595000.0,,9574595000.0,27397832000.0,14.0,12.247,294420000.0,0.462,1.0,1417716000.0,0.468,12065881000.0,40669000.0,6077144000.0,,1292297000.0,0.0,0.0,0.0,8278427000.0,2981444000.0,5296983000.0,23910696000.0,-5289000.0,-14062000.0,27288000.0,-303176000.0,-9553000.0,-285441000.0,-52800000.0,0.0,333158000.0,-206000.0,276505000.0,276505000.0,276505000.0,0.0,0.0,0.091,1004494000.0,413222000.0,1144649000.0,0.034,2.497,17.182,16.843,1127735000.0,0.0,37.56,2.073,2.077,2099508000.0,7082735000.0,3028874000.0,3028874000.0,186104000.0,,,,,20832000.0,818390000.0,1.0,636600000.0,637606000.0,671948000.0,4.75,5787141000.0,0.0,99570000.0,0.0,9.076,1173829000.0
55,DHR,MRQ,2007-12-31,2007-12-31,2007-12-31,2021-10-21,542690000.0,17471935000.0,,4049767000.0,13422168000.0,,14.402,-60466000.0,239108000.0,239108000.0,1690647000.0,320225000.0,1.397,0.923,3726244000.0,330480000.0,3395764000.0,3726244000.0,0.0,78081000.0,0.0,0.001,0.015,467505000.0,545586000.0,0.174,545586000.0,467505000.0,434712000.0,0.51,0.485,0.51,9085688000.0,,9085688000.0,28972167256.0,15.0,13.344,510848000.0,0.81,1.0,1450530000.0,0.462,11805984000.0,32793000.0,6253234000.0,,1193615000.0,0.0,0.0,0.0,8386247000.0,2899853000.0,5486394000.0,27234242256.0,29827000.0,-2461467000.0,567762000.0,1741360000.0,-9540000.0,2299582000.0,-2844794000.0,-322861000.0,571314000.0,3725000.0,320225000.0,320225000.0,320225000.0,0.0,0.0,0.102,985760000.0,464770000.0,1125600000.0,0.029,2.997,19.88,19.941,1108634000.0,0.0,43.87,2.47,2.477,1984384000.0,6820756000.0,3141177000.0,3141177000.0,216582000.0,,,,,22558000.0,769178000.0,1.0,620794216.0,630874000.0,668026000.0,4.979,5665951000.0,0.0,114487000.0,0.0,8.981,1149914000.0
56,DHR,MRQ,2007-09-30,2007-09-28,2007-09-28,2021-10-21,413845000.0,13775038000.0,,3386053000.0,10388985000.0,,12.976,-28140000.0,209281000.0,209281000.0,1481940000.0,483721000.0,1.618,0.71,1947206000.0,20360000.0,1926846000.0,1947206000.0,0.0,63859000.0,0.0,0.001,0.015,612971000.0,676830000.0,0.248,676830000.0,612971000.0,587301000.0,0.78,0.74,0.78,8053351000.0,,8053351000.0,27473744640.0,15.0,12.863,354657000.0,0.571,1.0,1249211000.0,0.457,9180944000.0,25670000.0,4239601000.0,,1080832000.0,0.0,0.0,0.0,5721687000.0,2092418000.0,3629269000.0,25489312640.0,35136000.0,-440840000.0,103420000.0,-278723000.0,-9311000.0,-184614000.0,-169345000.0,299642000.0,382797000.0,6298000.0,483721000.0,483721000.0,483721000.0,-149220000.0,0.0,0.177,786277000.0,462934000.0,1016023000.0,0.019,3.165,18.559,18.628,902411000.0,0.0,41.355,2.425,2.442,1826709000.0,6510071000.0,2731151000.0,2731151000.0,131161000.0,,,,,15740000.0,655116000.0,1.0,616353830.0,620648000.0,656272000.0,4.4,4594094000.0,0.0,103580000.0,0.0,7.402,1293635000.0
57,DHR,MRQ,2007-06-30,2007-06-29,2007-06-29,2021-10-21,288122000.0,13146694000.0,,3279012000.0,9867682000.0,,11.849,-26998000.0,174145000.0,174145000.0,1430634000.0,311154000.0,1.616,0.793,2158577000.0,25373000.0,2133204000.0,2158577000.0,0.0,63504000.0,0.0,0.001,0.015,447338000.0,510842000.0,0.194,510842000.0,447338000.0,423390000.0,0.505,0.48,0.505,7334058000.0,,7334058000.0,25472380000.0,15.0,13.371,341768000.0,0.552,1.0,1201251000.0,0.456,8640163000.0,23948000.0,4462171000.0,,1048858000.0,0.0,0.0,0.0,5812636000.0,2028792000.0,3783844000.0,23344600000.0,-23419000.0,-75957000.0,-92397000.0,-186511000.0,-9242000.0,-288150000.0,-103398000.0,0.0,368766000.0,-637000.0,311154000.0,311154000.0,311154000.0,-3498000.0,0.0,0.118,758363000.0,442888000.0,987804000.0,0.03,3.183,20.164,20.133,887709000.0,0.0,37.75,2.291,2.294,1732186000.0,6035661000.0,2631885000.0,2631885000.0,130009000.0,,,,,17624000.0,642689000.0,1.0,618400000.0,618942000.0,655472000.0,4.252,4506531000.0,0.0,112236000.0,0.0,7.281,1250220000.0
58,DHR,MRQ,2007-03-31,2007-03-30,2007-03-30,2021-10-21,227946000.0,13088218000.0,,3306074000.0,9782144000.0,,11.378,-30930000.0,197564000.0,197564000.0,1381801000.0,254804000.0,1.575,0.857,2325344000.0,30510000.0,2294834000.0,2325344000.0,0.0,63048000.0,0.0,0.001,0.01,374893000.0,437941000.0,0.174,437941000.0,374893000.0,347602000.0,0.41,0.39,0.41,7046743000.0,,7046743000.0,24201101000.0,15.0,13.215,291968000.0,0.471,1.0,1139903000.0,0.452,8598090000.0,27291000.0,4519413000.0,,1050106000.0,0.0,0.0,0.0,6041475000.0,2098495000.0,3942980000.0,22085195000.0,-120246000.0,-297020000.0,36757000.0,-145223000.0,-6182000.0,-114648000.0,-328222000.0,0.0,322898000.0,-274000.0,254804000.0,254804000.0,254804000.0,-3188000.0,0.0,0.101,769786000.0,370117000.0,949344000.0,0.024,3.134,19.021,19.003,888708000.0,0.0,35.725,2.23,2.234,1682874000.0,5733749000.0,2521704000.0,2521704000.0,123961000.0,,,,,17425000.0,645825000.0,1.0,618200000.0,619336000.0,655900000.0,4.072,4490128000.0,0.0,92798000.0,0.0,7.25,1207579000.0
59,DHR,MRQ,2006-12-31,2006-12-31,2006-12-31,2021-10-21,191985000.0,12864151000.0,,3436739000.0,9427412000.0,,10.755,-35720000.0,317810000.0,317810000.0,1445567000.0,323717000.0,1.397,0.936,2433716000.0,10855000.0,2422861000.0,2433716000.0,0.0,63128000.0,0.0,0.001,0.01,447151000.0,510279000.0,0.194,510279000.0,447151000.0,421340000.0,0.525,0.5,0.525,6644660000.0,,6644660000.0,24308435000.0,16.0,13.997,427478000.0,0.692,1.0,1179827000.0,0.449,8258563000.0,25811000.0,4261780000.0,,988709000.0,0.0,0.0,0.0,6219491000.0,2459714000.0,3759777000.0,22297032000.0,53858000.0,-482855000.0,20141000.0,94360000.0,-6164000.0,108337000.0,-519153000.0,0.0,463198000.0,1476000.0,323717000.0,323717000.0,323717000.0,-3708000.0,0.0,0.123,737620000.0,442207000.0,932870000.0,0.019,3.356,19.872,19.901,868623000.0,0.0,36.22,2.355,2.357,1654725000.0,5421809000.0,2625394000.0,2625394000.0,109827000.0,,,,,17671000.0,627793000.0,1.0,615600000.0,617792000.0,654438000.0,4.25,4605588000.0,0.0,97623000.0,0.0,7.455,977025000.0
60,DHR,MRQ,2006-09-30,2006-09-29,2006-09-29,2021-10-21,54088000.0,12022568000.0,,3228291000.0,8794277000.0,,9.975,-34527000.0,263952000.0,263952000.0,1319391000.0,268071000.0,1.365,0.954,2275355000.0,13812000.0,2261543000.0,2275355000.0,0.0,54298000.0,0.0,0.001,0.01,391661000.0,445959000.0,0.185,445959000.0,391661000.0,365181000.0,0.435,0.415,0.435,6151397000.0,,6151397000.0,23480617000.0,16.0,14.495,397893000.0,0.645,1.0,1089104000.0,0.452,7741585000.0,26480000.0,3927709000.0,,1020982000.0,0.0,0.0,0.0,5871171000.0,2364677000.0,3506494000.0,21102291000.0,-20781000.0,-46257000.0,17867000.0,-383061000.0,-6155000.0,-371349000.0,-81501000.0,0.0,432420000.0,-351000.0,268071000.0,268071000.0,268071000.0,-4095000.0,0.0,0.111,702479000.0,386625000.0,844469000.0,0.023,3.43,20.097,20.138,846447000.0,0.0,34.335,2.331,2.339,1595579000.0,5104256000.0,2408495000.0,2408495000.0,118680000.0,,,,,19955000.0,584561000.0,1.0,614600000.0,616688000.0,651476000.0,3.906,4280983000.0,0.0,97110000.0,0.0,6.942,863614000.0
61,DHR,MRQ,2006-06-30,2006-06-30,2006-06-30,2021-10-21,61951000.0,11912261000.0,,3244221000.0,8668040000.0,,9.517,-29245000.0,284733000.0,284733000.0,1317653000.0,314522000.0,1.279,1.033,2663059000.0,280342000.0,2382717000.0,2663059000.0,0.0,51902000.0,0.0,0.001,0.01,385277000.0,437179000.0,0.186,437179000.0,385277000.0,367796000.0,0.51,0.49,0.51,5859522000.0,,5859522000.0,20317364000.0,15.0,13.192,285166000.0,0.463,1.0,1032111000.0,0.439,7636067000.0,17481000.0,4117426000.0,,1009847000.0,0.0,0.0,0.0,6052739000.0,2537094000.0,3515645000.0,19707648000.0,23910000.0,-1998803000.0,31953000.0,1610338000.0,-6147000.0,1636144000.0,-1929563000.0,98485000.0,314411000.0,2918000.0,314522000.0,314522000.0,314522000.0,0.0,0.0,0.134,650829000.0,381282000.0,820960000.0,0.02,3.363,19.498,19.61,855828000.0,0.0,32.16,2.289,2.3,1561321000.0,4842340000.0,2349764000.0,2349764000.0,0.0,,,,,15864000.0,666446000.0,1.0,612800000.0,615718000.0,648006000.0,3.816,4276194000.0,0.0,53274000.0,0.0,6.945,707127000.0
62,DHR,MRQ,2006-03-31,2006-03-31,2006-03-31,2021-10-21,-67048000.0,9354178000.0,,3001125000.0,6353053000.0,,8.758,-26931000.0,260823000.0,260823000.0,1226972000.0,215719000.0,1.392,0.741,870539000.0,6588000.0,863951000.0,870539000.0,0.0,46369000.0,0.0,0.001,0.01,298907000.0,345276000.0,0.161,345276000.0,298907000.0,289113000.0,0.35,0.335,0.35,5374331000.0,,5374331000.0,20147051000.0,15.0,13.649,310291000.0,0.506,1.0,916689000.0,0.428,5443411000.0,9794000.0,2365276000.0,,886581000.0,0.0,0.0,0.0,3979847000.0,2155207000.0,1824640000.0,19420880000.0,-54728000.0,-212222000.0,28454000.0,-176622000.0,-6123000.0,-154291000.0,-239153000.0,0.0,337222000.0,1494000.0,215719000.0,215719000.0,215719000.0,0.0,0.0,0.101,619618000.0,297071000.0,807254000.0,0.029,3.614,20.99,21.183,753140000.0,0.0,31.775,2.372,2.381,1388559000.0,4533965000.0,2143661000.0,2143661000.0,0.0,,,,,13701000.0,619618000.0,1.0,611200000.0,613676000.0,648090000.0,3.493,3910767000.0,0.0,73394000.0,0.0,6.373,845918000.0
63,DHR,MRQ,2005-12-31,2005-12-31,2005-12-31,2021-10-21,-109279000.0,9163109000.0,,2945019000.0,6218090000.0,,8.287,-29293000.0,315551000.0,315551000.0,1219011000.0,251703000.0,1.298,0.804,1041722000.0,183951000.0,857771000.0,1041722000.0,0.0,41615000.0,0.0,0.001,0.01,349884000.0,391499000.0,0.182,391499000.0,349884000.0,340850000.0,0.41,0.39,0.41,5080350000.0,,5080350000.0,17964654000.0,14.0,12.392,272056000.0,0.444,1.0,931537000.0,0.433,5309138000.0,9034000.0,2311556000.0,,825263000.0,0.0,0.0,0.0,4082759000.0,2268586000.0,1814173000.0,17185818000.0,39930000.0,-72793000.0,-138802000.0,-14325000.0,-6111000.0,-159238000.0,-103559000.0,0.0,301349000.0,1378000.0,251703000.0,251703000.0,251703000.0,-12191000.0,0.0,0.117,596502000.0,335035000.0,782854000.0,0.024,3.383,19.142,19.168,748172000.0,0.0,27.89,2.183,2.189,1407858000.0,4324369000.0,2150548000.0,2150548000.0,374307000.0,,,,,2262000.0,208265000.0,1.0,616200000.0,613022000.0,650380000.0,3.508,3853971000.0,0.0,89147000.0,0.0,6.287,676433000.0
64,DHR,MRQ,2005-09-30,2005-09-30,2005-09-30,2021-10-21,-86429000.0,9023075000.0,,2799939000.0,6223136000.0,,8.066,-23749000.0,275621000.0,275621000.0,1118504000.0,228821000.0,1.273,0.807,1054457000.0,118806000.0,935651000.0,1054457000.0,0.0,43499000.0,0.0,0.001,0.01,322732000.0,366231000.0,0.186,366231000.0,322732000.0,313529000.0,0.37,0.35,0.37,4994148000.0,,4994148000.0,17106480000.0,14.0,12.082,284114000.0,0.459,1.0,847871000.0,0.431,5327594000.0,9203000.0,2274753000.0,,878328000.0,0.0,0.0,0.0,4028927000.0,2199564000.0,1829363000.0,16611938000.0,-533034000.0,-516264000.0,-33614000.0,-268485000.0,-6175000.0,-308274000.0,-540013000.0,0.0,307863000.0,7390000.0,228821000.0,228821000.0,228821000.0,0.0,0.0,0.116,528189000.0,319682000.0,719825000.0,0.027,3.326,19.231,19.294,737922000.0,0.0,26.915,2.157,2.164,1364320000.0,4078777000.0,1966375000.0,1966375000.0,0.0,,,,,918000.0,523612000.0,1.0,617200000.0,619180000.0,657254000.0,3.176,3695481000.0,0.0,84708000.0,0.0,5.968,600375000.0
65,DHR,MRQ,2005-06-30,2005-07-01,2005-07-01,2021-10-21,-89287000.0,8666138000.0,,3040150000.0,5625988000.0,,7.753,-28333000.0,808655000.0,808655000.0,1079024000.0,229020000.0,1.362,0.805,1303197000.0,371715000.0,931482000.0,1303197000.0,0.0,44393000.0,0.0,0.001,0.007,328705000.0,373098000.0,0.193,373098000.0,328705000.0,315890000.0,0.37,0.35,0.37,4801340000.0,,4801340000.0,16985895000.0,14.0,12.263,254265000.0,0.411,1.0,849603000.0,0.441,4794776000.0,12815000.0,2133707000.0,,752706000.0,0.0,0.0,0.0,3864798000.0,2232197000.0,1632601000.0,16335036000.0,135583000.0,-82150000.0,-38432000.0,-561000.0,-4628000.0,-43621000.0,-88383000.0,22100000.0,282598000.0,-15011000.0,229020000.0,229020000.0,229020000.0,0.0,0.0,0.119,528582000.0,321021000.0,654376000.0,0.019,3.402,19.544,19.567,706344000.0,0.0,26.415,2.184,2.187,1176582000.0,3856131000.0,1928627000.0,1928627000.0,0.0,,,,,2270000.0,537158000.0,1.0,618400000.0,619278000.0,657448000.0,3.114,3871362000.0,0.0,86870000.0,0.0,6.251,807953000.0
66,DHR,MRQ,2005-03-31,2005-04-01,2005-04-01,2021-10-21,36531000.0,8622702000.0,,2916956000.0,5705746000.0,,7.646,-19575000.0,673072000.0,673072000.0,1050764000.0,188256000.0,1.322,0.82,1323931000.0,396395000.0,927536000.0,1323931000.0,0.0,45735000.0,0.0,0.001,0.007,273152000.0,318887000.0,0.175,318887000.0,273152000.0,259664000.0,0.305,0.29,0.305,4738928000.0,,4738928000.0,17005103000.0,15.0,12.85,292416000.0,0.472,1.0,775184000.0,0.425,4863457000.0,13488000.0,2203173000.0,,747168000.0,0.0,0.0,0.0,3883774000.0,2206931000.0,1676843000.0,16263920000.0,63957000.0,-213876000.0,13083000.0,-8871000.0,-4639000.0,-427000.0,-233451000.0,0.0,311991000.0,-14156000.0,188256000.0,188256000.0,188256000.0,0.0,0.0,0.103,503347000.0,271837000.0,647051000.0,0.023,3.432,20.613,20.627,730953000.0,0.0,26.3,2.268,2.273,1164672000.0,3631739000.0,1825948000.0,1825948000.0,0.0,,,,,2052000.0,508682000.0,1.0,618400000.0,619760000.0,658780000.0,2.946,3759245000.0,0.0,71408000.0,0.0,6.066,710025000.0
67,DHR,MRQ,2004-12-31,2004-12-31,2004-12-31,2021-10-21,116037000.0,8493893000.0,,2918690000.0,5575203000.0,,7.463,-34955000.0,609115000.0,609115000.0,1143878000.0,217730000.0,1.325,0.839,1350298000.0,424763000.0,925535000.0,1350298000.0,0.0,38890000.0,0.0,0.001,0.007,318715000.0,357605000.0,0.181,357605000.0,318715000.0,304516000.0,0.35,0.335,0.35,4619682000.0,,4619682000.0,18494244820.0,17.0,14.576,229165000.0,0.37,1.0,835702000.0,0.422,4730532000.0,14199000.0,2302258000.0,,703996000.0,0.0,0.0,0.0,3874211000.0,2202286000.0,1671925000.0,17717712820.0,77505000.0,-175372000.0,12019000.0,-3620000.0,-4634000.0,3765000.0,-210327000.0,0.0,264120000.0,19947000.0,217730000.0,217730000.0,217730000.0,0.0,0.0,0.11,519698000.0,316004000.0,612066000.0,0.02,3.835,23.75,23.822,752966000.0,0.0,28.705,2.572,2.575,1231065000.0,3448122000.0,1979580000.0,1979580000.0,0.0,,,,,8103000.0,521739000.0,1.0,617234378.0,618990000.0,658162000.0,3.198,3763361000.0,0.0,86786000.0,0.0,6.08,716404000.0
68,DHR,MRQ,2004-09-30,2004-10-01,2004-10-01,2021-10-21,-91466000.0,7922474000.0,,2689413000.0,5233061000.0,,6.769,-18146000.0,531610000.0,531610000.0,1005292000.0,200793000.0,1.294,0.893,1308142000.0,389752000.0,918390000.0,1308142000.0,0.0,41079000.0,0.0,0.001,0.007,294451000.0,335530000.0,0.192,335530000.0,294451000.0,280832000.0,0.325,0.31,0.325,4184682000.0,,4184682000.0,16907113689.0,16.0,14.004,252205000.0,0.408,1.0,739993000.0,0.424,4440461000.0,13619000.0,2180087000.0,,786724000.0,0.0,0.0,0.0,3737792000.0,2078458000.0,1659334000.0,15909772689.0,228325000.0,-29326000.0,10712000.0,-2098000.0,-4628000.0,3986000.0,-47472000.0,0.0,270351000.0,1460000.0,200793000.0,200793000.0,200793000.0,0.0,0.0,0.115,448072000.0,291921000.0,578613000.0,0.022,3.802,22.786,22.836,715302000.0,0.0,25.805,2.486,2.493,1110281000.0,3235026000.0,1745285000.0,1745285000.0,0.0,,,,,0.0,452126000.0,1.0,616538372.0,618252000.0,655934000.0,2.823,3482013000.0,0.0,80039000.0,0.0,5.632,610955000.0
69,DHR,MRQ,2004-06-30,2004-07-02,2004-07-02,2021-10-21,-83613000.0,7683206000.0,,2461641000.0,5221565000.0,,6.449,-19177000.0,303285000.0,303285000.0,935536000.0,182233000.0,1.445,0.929,1300626000.0,18317000.0,1282309000.0,1300626000.0,0.0,38250000.0,0.0,0.001,0.007,273050000.0,311300000.0,0.192,311300000.0,273050000.0,260334000.0,0.295,0.28,0.295,3983401000.0,,3983401000.0,16180827085.0,16.0,14.411,227692000.0,0.369,1.0,685709000.0,0.423,4413385000.0,12716000.0,2563484000.0,,783753000.0,0.0,0.0,0.0,3699805000.0,1703678000.0,1996127000.0,15481649085.0,-339201000.0,-529507000.0,11724000.0,-50188000.0,-4622000.0,-43086000.0,-548684000.0,0.0,246869000.0,5700000.0,182233000.0,182233000.0,182233000.0,0.0,0.0,0.112,413467000.0,272242000.0,586992000.0,0.024,3.887,24.341,24.403,727159000.0,0.0,25.135,2.596,2.604,1094029000.0,3038861000.0,1621245000.0,1621245000.0,0.0,,,,,0.0,414827000.0,1.0,615939888.0,617664000.0,654544000.0,2.625,3269821000.0,0.0,78101000.0,0.0,5.294,757963000.0
70,DHR,MRQ,2004-03-31,2004-04-02,2004-04-02,2021-10-21,-93512000.0,7285127000.0,,2516165000.0,4768962000.0,,6.132,-12734000.0,642486000.0,642486000.0,911930000.0,145244000.0,1.566,0.926,1341664000.0,67271000.0,1274393000.0,1341664000.0,0.0,37909000.0,0.0,0.001,0.006,226485000.0,264394000.0,0.171,264394000.0,226485000.0,212035000.0,0.235,0.225,0.235,3782234000.0,,3782234000.0,14609199000.0,16.0,13.926,239142000.0,0.388,1.0,631261000.0,0.409,4056876000.0,14450000.0,2320324000.0,,624406000.0,0.0,0.0,0.0,3502893000.0,1607105000.0,1895788000.0,14540472000.0,-587670000.0,-814414000.0,11502000.0,-10375000.0,-3847000.0,-2720000.0,-827148000.0,0.0,251876000.0,-9678000.0,145244000.0,145244000.0,145244000.0,0.0,0.0,0.094,406295000.0,224966000.0,559667000.0,0.026,3.844,25.115,25.128,638124000.0,0.0,23.62,2.578,2.583,951661000.0,2861250000.0,1543191000.0,1543191000.0,0.0,,,,,0.0,406981000.0,1.0,615600000.0,616804000.0,652968000.0,2.502,3228251000.0,0.0,66791000.0,0.0,5.234,909060000.0
71,DHR,MRQ,2003-12-31,2003-12-31,2003-12-31,2021-10-21,-74607000.0,6890050000.0,,2942151000.0,3947899000.0,,5.921,-23284000.0,1230156000.0,1230156000.0,884499000.0,169946000.0,2.132,0.889,1298883000.0,14385000.0,1284498000.0,1298883000.0,0.0,31155000.0,0.0,0.001,0.006,264967000.0,296122000.0,0.199,296122000.0,264967000.0,249921000.0,0.275,0.265,0.275,3646709000.0,,3646709000.0,14240366213.0,17.0,14.391,218901000.0,0.355,1.0,604279000.0,0.406,3341972000.0,15046000.0,2236802000.0,,536227000.0,0.0,0.0,0.0,3243341000.0,1380003000.0,1863338000.0,14088786213.0,125429000.0,-125966000.0,22743000.0,-3258000.0,-3842000.0,15643000.0,-149250000.0,0.0,242185000.0,16851000.0,169946000.0,169946000.0,169946000.0,0.0,0.0,0.114,364753000.0,239526000.0,472994000.0,0.022,3.863,26.244,26.214,573365000.0,0.0,22.938,2.661,2.659,868097000.0,2719853000.0,1488778000.0,1488778000.0,0.0,,,,,0.0,364670000.0,1.0,614225012.0,615936000.0,650564000.0,2.417,3548078000.0,0.0,79975000.0,0.0,5.76,1562148000.0
72,DHR,MRQ,2003-09-30,2003-09-26,2003-09-26,2021-10-21,-83297000.0,6590222000.0,,2780407000.0,3809815000.0,,5.634,-13318000.0,1104727000.0,1104727000.0,766948000.0,138618000.0,2.176,0.905,1256307000.0,10299000.0,1246008000.0,1256307000.0,0.0,32663000.0,0.0,0.001,0.006,218370000.0,251033000.0,0.192,251033000.0,218370000.0,203850000.0,0.225,0.22,0.225,3460164000.0,,3460164000.0,11642193026.0,14.0,12.067,156793000.0,0.255,1.0,542503000.0,0.414,3208042000.0,14520000.0,2256080000.0,,539788000.0,0.0,0.0,0.0,3130058000.0,1277680000.0,1852378000.0,11384244026.0,36617000.0,-63100000.0,13202000.0,-69021000.0,-3838000.0,-59657000.0,-76418000.0,0.0,170111000.0,2581000.0,138618000.0,138618000.0,138618000.0,0.0,0.0,0.106,326738000.0,215765000.0,439494000.0,0.027,3.29,21.537,21.408,570724000.0,0.0,18.582,2.241,2.247,836586000.0,2553749000.0,1309451000.0,1309451000.0,0.0,,,,,0.0,326831000.0,1.0,612632532.0,614152000.0,647084000.0,2.132,3382180000.0,0.0,65232000.0,0.0,5.507,1502727000.0
73,DHR,MRQ,2003-06-30,2003-06-27,2003-06-27,2021-10-21,-86845000.0,6464800000.0,,2669178000.0,3795622000.0,,5.344,-20901000.0,1068110000.0,1068110000.0,774546000.0,125144000.0,2.034,0.974,1326059000.0,76418000.0,1249641000.0,1326059000.0,0.0,34155000.0,0.0,0.001,0.006,203388000.0,237543000.0,0.183,237543000.0,203388000.0,188187000.0,0.205,0.195,0.205,3274716000.0,,3274716000.0,10903929260.0,14.0,11.622,214011000.0,0.349,1.0,524886000.0,0.404,3179551000.0,15201000.0,2230711000.0,,527052000.0,0.0,0.0,0.0,3190084000.0,1312487000.0,1877597000.0,10445574260.0,156477000.0,-470000.0,8218000.0,-74867000.0,-3828000.0,-70477000.0,-21371000.0,0.0,234912000.0,13413000.0,125144000.0,125144000.0,125144000.0,0.0,0.0,0.096,323675000.0,201211000.0,415088000.0,0.029,3.19,20.643,20.513,577498000.0,0.0,17.087,2.122,2.127,784062000.0,2418969000.0,1299432000.0,1299432000.0,0.0,,,,,0.0,323675000.0,1.0,611299152.0,612740000.0,644804000.0,2.121,3285249000.0,0.0,63043000.0,0.0,5.362,1356691000.0
74,DHR,MRQ,2003-03-31,2003-03-28,2003-03-28,2021-10-21,-104881000.0,6292712000.0,,2517860000.0,3774852000.0,,5.101,-9914000.0,911633000.0,911633000.0,728816000.0,103126000.0,1.839,1.017,1369988000.0,152480000.0,1217508000.0,1369988000.0,0.0,35463000.0,0.0,0.001,0.006,169171000.0,204634000.0,0.171,204634000.0,169171000.0,155077000.0,0.168,0.163,0.168,3119522000.0,,3119522000.0,10463176000.0,14.0,11.585,204422000.0,0.334,1.0,467399000.0,0.391,3145385000.0,14094000.0,2236856000.0,,527818000.0,0.0,0.0,0.0,3173190000.0,1368826000.0,1804364000.0,9963675000.0,101170000.0,-111099000.0,6334000.0,1637000.0,-3818000.0,4153000.0,-121013000.0,0.0,214336000.0,3694000.0,103126000.0,103126000.0,103126000.0,0.0,0.0,0.086,301181000.0,166218000.0,395177000.0,0.036,3.194,20.564,20.391,593632000.0,0.0,16.312,2.089,2.092,770339000.0,2297653000.0,1196215000.0,1196215000.0,0.0,,,,,0.0,301181000.0,1.0,610800000.0,611508000.0,642668000.0,1.956,3147327000.0,0.0,51951000.0,0.0,5.147,1149034000.0
75,DHR,MRQ,2002-12-31,2002-12-31,2002-12-31,2021-10-21,-105973000.0,6029145000.0,,2387266000.0,3641879000.0,,4.931,-13306000.0,810463000.0,810463000.0,769435000.0,161712000.0,1.887,1.003,1309964000.0,112542000.0,1197422000.0,1309964000.0,0.0,31356000.0,0.0,0.001,0.006,240242000.0,271598000.0,0.213,271598000.0,240242000.0,225745000.0,0.27,0.257,0.27,3009599000.0,,3009599000.0,10463519732.0,18.0,15.008,131612000.0,0.216,1.0,505543000.0,0.397,3007704000.0,14497000.0,2255630000.0,,485587000.0,0.0,0.0,0.0,3019546000.0,1265312000.0,1754234000.0,10013282732.0,7285000.0,-167817000.0,4685000.0,33741000.0,-4444000.0,33982000.0,-181123000.0,0.0,144918000.0,9508000.0,161712000.0,161712000.0,161712000.0,0.0,0.0,0.127,298647000.0,206896000.0,366587000.0,0.022,3.327,34.482,33.866,597379000.0,0.0,16.425,2.188,2.156,759028000.0,2198345000.0,1274978000.0,1274978000.0,0.0,,,,,0.0,305872000.0,1.0,609636696.0,610400000.0,641296000.0,2.089,3021441000.0,0.0,64033000.0,0.0,4.95,1121954000.0
76,DHR,MRQ,2002-09-30,2002-09-27,2002-09-27,2021-10-21,-67820000.0,5894801000.0,,2246588000.0,3648213000.0,,4.748,-9152000.0,803178000.0,803178000.0,691648000.0,116029000.0,1.636,1.044,1253415000.0,110192000.0,1143223000.0,1253415000.0,0.0,32525000.0,0.0,0.001,0.006,191931000.0,224456000.0,0.195,224456000.0,191931000.0,177143000.0,0.19,0.185,0.19,2884050000.0,,2884050000.0,9158385827.0,23.0,16.55,162831000.0,0.268,1.0,460073000.0,0.399,3023667000.0,14788000.0,1948383000.0,,486440000.0,0.0,0.0,0.0,3010751000.0,1372988000.0,1637763000.0,8641979827.0,98103000.0,-110468000.0,19596000.0,29051000.0,-3029000.0,45618000.0,-119620000.0,0.0,171983000.0,122000.0,116029000.0,116029000.0,116029000.0,0.0,0.0,0.101,272643000.0,187430000.0,358694000.0,0.032,2.996,53.414,54.532,558382000.0,0.0,14.287,2.047,2.056,757006000.0,2041077000.0,1151721000.0,1151721000.0,0.0,,,,,0.0,275317000.0,1.0,604862980.0,607368000.0,638444000.0,1.896,2871134000.0,0.0,61114000.0,0.0,4.727,873600000.0
77,DHR,MRQ,2002-06-30,2002-06-28,2002-06-28,2021-10-21,-54963000.0,5644801000.0,,2130983000.0,3513818000.0,,4.525,-6492000.0,705075000.0,705075000.0,701908000.0,103665000.0,1.616,1.062,1221481000.0,108832000.0,1112649000.0,1221481000.0,0.0,32907000.0,0.0,0.001,0.005,169575000.0,202482000.0,0.177,202482000.0,169575000.0,158267000.0,0.172,0.165,0.172,2737790000.0,,2737790000.0,10630661730.0,29.0,20.429,123707000.0,0.204,1.0,444418000.0,0.388,2869972000.0,11308000.0,1972929000.0,,476909000.0,0.0,0.0,0.0,2907011000.0,1318306000.0,1588705000.0,10017020730.0,133623000.0,-11541000.0,6132000.0,3943000.0,-3024000.0,7051000.0,-18033000.0,0.0,130199000.0,14406000.0,103665000.0,103665000.0,103665000.0,0.0,0.0,0.09,277374000.0,167044000.0,328117000.0,0.029,3.659,75.029,73.722,572555000.0,0.0,16.587,2.523,2.528,746405000.0,1928077000.0,1146326000.0,1146326000.0,0.0,,,,,0.0,277374000.0,1.0,603889720.0,605096000.0,640180000.0,1.894,2774829000.0,0.0,54602000.0,0.0,4.586,812677000.0
78,DHR,MRQ,2002-03-31,2002-03-29,2002-03-29,2021-10-21,-68381000.0,5433512000.0,,1933868000.0,3499644000.0,,4.508,-10014000.0,571452000.0,571452000.0,628184000.0,-91015000.0,1.557,1.076,1185093000.0,81249000.0,1103844000.0,1185093000.0,0.0,32777000.0,0.0,0.001,0.005,-36529000.0,-3752000.0,-0.004,-3752000.0,-36529000.0,-47437000.0,-0.158,-0.145,-0.158,2617599000.0,,2617599000.0,11202048000.0,32.0,21.667,253233000.0,0.436,1.0,376023000.0,0.374,2825389000.0,10908000.0,1979533000.0,,487076000.0,0.0,0.0,0.0,2815913000.0,1242231000.0,1573682000.0,10716918000.0,-135107000.0,-815741000.0,481692000.0,-49027000.0,-3019000.0,429646000.0,-825755000.0,0.0,263247000.0,-2245000.0,-91015000.0,-91015000.0,-91015000.0,0.0,0.0,-0.091,238802000.0,137221000.0,303252000.0,-0.032,4.094,86.376,82.581,600708000.0,0.0,17.755,2.834,2.727,721209000.0,1827436000.0,1004207000.0,1004207000.0,0.0,,,,,0.0,238802000.0,1.0,603600000.0,580692000.0,615768000.0,1.729,2608123000.0,0.0,43578000.0,0.0,4.491,691637000.0
79,DHR,MRQ,2001-12-31,2001-12-31,2001-12-31,2021-10-21,-69736000.0,4820483000.0,,1874615000.0,2945868000.0,,3.875,-23361000.0,706559000.0,706559000.0,580699000.0,33112000.0,1.843,1.163,1191689000.0,72356000.0,1119333000.0,1191689000.0,0.0,48436000.0,0.0,0.001,0.005,81740000.0,130176000.0,0.142,130176000.0,81740000.0,52978000.0,0.057,0.057,0.057,2228586000.0,,2228586000.0,9169275872.0,17.0,13.047,154781000.0,0.269,1.0,338233000.0,0.368,2292657000.0,28762000.0,1995662000.0,,408236000.0,0.0,0.0,0.0,2591897000.0,1017294000.0,1574603000.0,8619639872.0,60093000.0,-88477000.0,-6786000.0,4034000.0,-3129000.0,-5881000.0,-111838000.0,0.0,178142000.0,-330000.0,33112000.0,33112000.0,33112000.0,0.0,0.0,0.036,278893000.0,59340000.0,235501000.0,0.088,3.868,28.958,29.163,533572000.0,0.0,15.078,2.279,2.29,585318000.0,1921470000.0,918932000.0,918932000.0,0.0,,,,,0.0,254990000.0,1.0,571688932.0,575180000.0,608340000.0,1.598,2527826000.0,0.0,19866000.0,0.0,4.395,857321000.0
80,DHR,MRQ,2001-09-30,2001-09-28,2001-09-28,2021-10-21,-71717000.0,4715012000.0,,1870031000.0,2844981000.0,,3.83,-17806000.0,646466000.0,646466000.0,547630000.0,87746000.0,1.923,1.14,1196102000.0,74405000.0,1121697000.0,1196102000.0,0.0,43837000.0,0.0,0.005,0.005,147640000.0,191477000.0,0.212,191477000.0,147640000.0,140396000.0,0.152,0.147,0.152,2203408000.0,,2203408000.0,7257787290.0,12.0,9.498,101270000.0,0.176,1.0,353958000.0,0.393,2174949000.0,7244000.0,2117448000.0,,462776000.0,0.0,0.0,0.0,2511604000.0,972251000.0,1539353000.0,6759005290.0,-28844000.0,-124933000.0,-5793000.0,3410000.0,-2847000.0,-5230000.0,-142739000.0,0.0,119076000.0,49000.0,87746000.0,87746000.0,87746000.0,0.0,0.0,0.097,206318000.0,147640000.0,252410000.0,0.033,3.068,19.184,19.179,536991000.0,0.0,11.795,1.735,1.742,632811000.0,1891487000.0,901588000.0,901588000.0,0.0,,,,,0.0,190481000.0,1.0,573039872.0,575340000.0,608792000.0,1.567,2540063000.0,0.0,52650000.0,0.0,4.415,897780000.0
81,DHR,MRQ,2001-06-30,2001-06-29,2001-06-29,2021-10-21,-76418000.0,4619895000.0,,1889112000.0,2730783000.0,,3.679,-18314000.0,675310000.0,675310000.0,581300000.0,94230000.0,1.941,1.18,1174092000.0,72982000.0,1101110000.0,1174092000.0,0.0,42485000.0,0.0,0.004,0.005,156613000.0,199098000.0,0.208,199098000.0,156613000.0,150768000.0,0.163,0.158,0.163,2119601000.0,,2119601000.0,8494572520.0,14.0,11.194,119245000.0,0.207,1.0,375341000.0,0.392,2068854000.0,5845000.0,2076422000.0,,455333000.0,0.0,0.0,0.0,2500294000.0,973401000.0,1526893000.0,7981710520.0,6080000.0,-117598000.0,10334000.0,-3270000.0,-2850000.0,4214000.0,-135912000.0,0.0,137559000.0,219000.0,94230000.0,94230000.0,94230000.0,0.0,0.0,0.099,218728000.0,156613000.0,270735000.0,0.031,3.766,22.923,22.951,545448000.0,0.0,14.0,2.005,2.026,635295000.0,1806588000.0,956641000.0,956641000.0,0.0,,,,,0.0,203347000.0,1.0,570122180.0,576064000.0,610568000.0,1.661,2551041000.0,0.0,56538000.0,0.0,4.428,915711000.0
82,DHR,MRQ,2001-03-31,2001-03-30,2001-03-30,2021-10-21,-58208000.0,4509378000.0,,1870952000.0,2638426000.0,,3.563,-21104000.0,669230000.0,669230000.0,628398000.0,82577000.0,1.872,1.215,1182092000.0,75190000.0,1106902000.0,1182092000.0,0.0,43632000.0,0.0,0.004,0.005,138418000.0,182050000.0,0.181,182050000.0,138418000.0,132122000.0,0.145,0.14,0.145,2036097000.0,,2036097000.0,8393066000.0,15.0,11.478,152590000.0,0.267,1.0,376885000.0,0.375,1976349000.0,6296000.0,2046657000.0,,460867000.0,0.0,0.0,0.0,2473281000.0,999234000.0,1474047000.0,7774800000.0,492306000.0,-75980000.0,13115000.0,406342000.0,-2850000.0,416607000.0,-97084000.0,0.0,173694000.0,-911000.0,82577000.0,82577000.0,82577000.0,0.0,0.0,0.082,238467000.0,138418000.0,253868000.0,0.034,3.818,23.192,23.119,549571000.0,0.0,13.64,1.986,1.991,647774000.0,1715208000.0,1005283000.0,1005283000.0,0.0,,,,,0.0,223862000.0,1.0,570000000.0,571496000.0,601864000.0,1.759,2533029000.0,0.0,49545000.0,0.0,4.432,871718000.0
83,DHR,MRQ,2000-12-31,2000-12-31,2000-12-31,2021-10-21,-59130000.0,4031679000.0,,1474306000.0,2557373000.0,,3.407,-27456000.0,176924000.0,176924000.0,636774000.0,87764000.0,1.447,1.076,795190000.0,81633000.0,713557000.0,795190000.0,0.0,40495000.0,0.0,0.003,0.044,151011000.0,191506000.0,0.186,191506000.0,151011000.0,141555000.0,0.155,0.15,0.155,1942333000.0,,1942333000.0,10351685193.0,19.0,14.749,88064000.0,0.154,1.0,395595000.0,0.383,1863900000.0,9456000.0,1767505000.0,,460610000.0,0.0,0.0,0.0,2089346000.0,1018540000.0,1070806000.0,9700389193.0,23133000.0,-66101000.0,13749000.0,-9898000.0,-2840000.0,1011000.0,-93557000.0,0.0,115520000.0,159000.0,87764000.0,87764000.0,87764000.0,0.0,0.0,0.085,244584000.0,151011000.0,262095000.0,0.284,4.994,29.92,29.991,575531000.0,0.0,17.095,2.568,2.579,704214000.0,1635481000.0,1032369000.0,1032369000.0,0.0,,,,,0.0,278010000.0,1.0,567440140.0,570068000.0,584372000.0,1.811,2167779000.0,0.0,53791000.0,0.0,3.803,455766000.0
84,DHR,MRQ,2000-09-30,2000-09-29,2000-09-29,2021-10-21,-50151000.0,3889835000.0,,1374704000.0,2515131000.0,,3.253,-21238000.0,153791000.0,153791000.0,599814000.0,83625000.0,1.369,1.1,805087000.0,59844000.0,745243000.0,805087000.0,0.0,39379000.0,0.0,0.001,0.005,146844000.0,186223000.0,0.189,186223000.0,146844000.0,134879000.0,0.147,0.145,0.147,1852639000.0,,1852639000.0,7596919241.0,15.0,11.466,90411000.0,0.159,1.0,386972000.0,0.392,1840709000.0,11965000.0,1696019000.0,,479094000.0,0.0,0.0,0.0,2037196000.0,1004403000.0,1032793000.0,7052462241.0,-29922000.0,-194890000.0,723000.0,76918000.0,-2892000.0,74749000.0,-216128000.0,0.0,111649000.0,-192000.0,83625000.0,83625000.0,83625000.0,0.0,0.0,0.085,240128000.0,146844000.0,254456000.0,0.034,3.807,22.695,22.821,576702000.0,0.0,12.438,1.963,1.971,668594000.0,1550557000.0,986786000.0,986786000.0,0.0,,,,,0.0,227265000.0,1.0,567032140.0,569452000.0,581160000.0,1.733,2049126000.0,0.0,51254000.0,0.0,3.598,370301000.0
85,DHR,MRQ,2000-06-30,2000-06-30,2000-06-30,2021-10-21,-51858000.0,3710050000.0,,1318132000.0,2391918000.0,,3.11,-24773000.0,183713000.0,183713000.0,541185000.0,81267000.0,1.381,1.097,728170000.0,52670000.0,675500000.0,728170000.0,0.0,34805000.0,0.0,0.001,0.004,136665000.0,171470000.0,0.192,171470000.0,136665000.0,131074000.0,0.142,0.14,0.142,1769476000.0,,1769476000.0,7359168197.0,15.0,11.949,121238000.0,0.213,1.0,349590000.0,0.392,1727981000.0,5591000.0,1571809000.0,,440949000.0,0.0,0.0,0.0,1940574000.0,954717000.0,985857000.0,7004880197.0,91741000.0,-223301000.0,628000.0,195221000.0,-2158000.0,193691000.0,-248074000.0,0.0,146011000.0,113000.0,81267000.0,81267000.0,81267000.0,0.0,0.0,0.091,212925000.0,136665000.0,247177000.0,0.028,3.959,24.241,24.475,563232000.0,0.0,12.36,2.067,2.075,624709000.0,1469824000.0,890775000.0,890775000.0,0.0,,,,,0.0,202136000.0,1.0,566737880.0,568984000.0,580972000.0,1.566,1982069000.0,0.0,49807000.0,0.0,3.484,363415000.0
86,DHR,MRQ,2000-03-31,2000-03-31,2000-03-31,2021-10-21,-42001000.0,3205557000.0,,1133121000.0,2072436000.0,,2.977,-15036000.0,91972000.0,91972000.0,537958000.0,71557000.0,1.395,0.886,446260000.0,43764000.0,402496000.0,446260000.0,0.0,35042000.0,0.0,0.001,0.004,117629000.0,152671000.0,0.176,152671000.0,117629000.0,115416000.0,0.125,0.122,0.125,1699596000.0,,1699596000.0,7320653000.0,16.0,12.383,124029000.0,0.217,1.0,329889000.0,0.38,1461449000.0,2213000.0,1286334000.0,,382288000.0,0.0,0.0,0.0,1505961000.0,812062000.0,693899000.0,7206300000.0,-168309000.0,-222502000.0,-70694000.0,3849000.0,-2125000.0,-68970000.0,-237538000.0,0.0,139065000.0,-866000.0,71557000.0,71557000.0,71557000.0,0.0,0.0,0.082,212260000.0,117629000.0,228658000.0,0.032,4.24,26.295,26.562,532788000.0,0.0,12.75,2.202,2.225,577299000.0,1390715000.0,867847000.0,867847000.0,0.0,,,,,0.0,202486000.0,1.0,565200000.0,571004000.0,581480000.0,1.52,1744108000.0,0.0,43859000.0,0.0,3.054,321059000.0
87,DHR,MRQ,1999-12-31,1999-12-31,1999-12-31,2021-10-21,-34105000.0,3047071000.0,,1202117000.0,1844954000.0,,2.988,-27401000.0,260281000.0,260281000.0,520260000.0,74303000.0,1.696,0.783,374634000.0,33597000.0,341037000.0,374634000.0,0.0,29959000.0,0.0,0.001,0.004,122253000.0,152212000.0,0.179,152212000.0,122253000.0,120819000.0,0.13,0.128,0.13,1708754000.0,,1708754000.0,7004406523.0,16.0,12.232,26204000.0,0.046,1.0,327934000.0,0.387,1292289000.0,1434000.0,1160349000.0,,324673000.0,0.0,0.0,0.0,1338317000.0,708786000.0,629531000.0,6868203523.0,-19857000.0,-4454000.0,2524000.0,-41707000.0,-2139000.0,-41322000.0,-31855000.0,0.0,53605000.0,-285000.0,74303000.0,74303000.0,74303000.0,0.0,0.0,0.088,217459000.0,110475000.0,213209000.0,0.031,4.019,26.252,26.223,500189000.0,0.0,12.062,2.148,2.14,544738000.0,1321283000.0,848194000.0,848194000.0,0.0,,,,,0.0,233129000.0,1.0,569384748.0,571828000.0,587200000.0,1.483,1754782000.0,0.0,46516000.0,0.0,3.069,493331000.0
88,DHR,MRQ,1999-09-30,1999-10-01,1999-10-01,2021-10-21,-20331000.0,3080724000.0,,1208551000.0,1872173000.0,,2.891,-22510000.0,280138000.0,280138000.0,470799000.0,61846000.0,1.507,0.87,416341000.0,74847000.0,341494000.0,416341000.0,0.0,32107000.0,0.0,0.001,0.004,107438000.0,139545000.0,0.178,139545000.0,107438000.0,104718000.0,0.107,0.105,0.107,1647840000.0,,1647840000.0,7593667236.0,18.0,13.625,143715000.0,0.252,1.0,311068000.0,0.398,1286533000.0,2720000.0,1128409000.0,,349449000.0,0.0,0.0,0.0,1432884000.0,801985000.0,630899000.0,7321859236.0,139683000.0,-60380000.0,72337000.0,-14479000.0,-2463000.0,55395000.0,-82890000.0,0.0,166225000.0,953000.0,61846000.0,61846000.0,61846000.0,0.0,0.0,0.079,191852000.0,119216000.0,195179000.0,0.037,4.443,29.499,29.395,508732000.0,0.0,12.875,2.299,2.304,514522000.0,1249119000.0,781867000.0,781867000.0,0.0,,,,,0.0,182515000.0,1.0,568688096.0,569976000.0,587140000.0,1.372,1794191000.0,0.0,42872000.0,0.0,3.148,406566000.0
89,DHR,MRQ,1999-06-30,1999-07-02,1999-07-02,2021-10-21,-31124000.0,2752192000.0,,950008000.0,1802184000.0,,2.568,-26070000.0,128008000.0,128008000.0,472203000.0,66353000.0,1.361,0.899,399816000.0,58534000.0,341282000.0,399816000.0,0.0,32895000.0,0.0,0.001,0.004,113857000.0,146752000.0,0.19,146752000.0,113857000.0,107892000.0,0.117,0.115,0.117,1449267000.0,,1449267000.0,8322303124.0,22.0,16.195,62056000.0,0.11,1.0,301930000.0,0.39,1246479000.0,5965000.0,1079328000.0,,329832000.0,0.0,0.0,0.0,1302925000.0,698193000.0,604732000.0,7989074124.0,61688000.0,0.0,7468000.0,-2578000.0,-2682000.0,2208000.0,-26070000.0,0.0,88126000.0,-2576000.0,66353000.0,66353000.0,66353000.0,0.0,0.0,0.086,188073000.0,113857000.0,179908000.0,0.034,5.512,36.752,38.312,460214000.0,0.0,14.75,2.527,2.633,433698000.0,1092759000.0,774133000.0,774133000.0,0.0,,,,,0.0,179159000.0,1.0,541632144.0,564332000.0,582728000.0,1.372,1505713000.0,0.0,41539000.0,0.0,2.668,251815000.0
90,DHR,MRQ,1999-03-31,1999-04-02,1999-04-02,2021-10-21,-21802000.0,2746164000.0,,889986000.0,1856178000.0,,2.471,-12928000.0,68176000.0,68176000.0,497560000.0,59122000.0,1.229,0.974,401405000.0,53925000.0,347480000.0,401405000.0,0.0,31458000.0,0.0,0.001,0.004,102681000.0,134139000.0,0.169,134139000.0,102681000.0,96133000.0,0.105,0.102,0.105,1391436000.0,,1391436000.0,7483823000.0,21.0,15.384,98223000.0,0.174,1.0,295484000.0,0.373,1261741000.0,6548000.0,1093382000.0,,325085000.0,0.0,0.0,0.0,1354728000.0,724270000.0,630458000.0,7053189000.0,30969000.0,0.0,5657000.0,-71087000.0,-2628000.0,-68058000.0,-12928000.0,0.0,111151000.0,804000.0,59122000.0,59122000.0,59122000.0,0.0,0.0,0.075,192803000.0,102681000.0,173701000.0,0.038,5.069,34.705,35.705,462802000.0,0.0,13.033,2.258,2.35,442119000.0,1031789000.0,793044000.0,793044000.0,0.0,,,,,0.0,183606000.0,1.0,541200000.0,563176000.0,580352000.0,1.408,1484423000.0,0.0,37011000.0,0.0,2.636,165716000.0
91,DHR,MRQ,1998-12-31,1998-12-31,1998-12-31,2021-10-21,-2373000.0,2840859000.0,,931696000.0,1909163000.0,,2.491,-24933000.0,47798000.0,47798000.0,515685000.0,60890000.0,1.329,1.028,503639000.0,59721000.0,443918000.0,503639000.0,0.0,30458000.0,0.0,0.001,0.004,106447000.0,136905000.0,0.164,136905000.0,106447000.0,98753000.0,0.108,0.105,0.108,1400788000.0,,1400788000.0,7837536220.0,23.0,17.118,69270000.0,0.123,1.0,319914000.0,0.383,1287762000.0,7694000.0,1307692000.0,,337481000.0,0.0,0.0,0.0,1440071000.0,701246000.0,738825000.0,7330738220.0,2525000.0,8227000.0,3523000.0,-76334000.0,-3079000.0,-75890000.0,-16706000.0,0.0,94203000.0,918000.0,60890000.0,60890000.0,60890000.0,0.0,0.0,0.073,254263000.0,65651000.0,161782000.0,0.037,5.233,38.144,39.585,510198000.0,0.0,13.578,2.406,2.492,485543000.0,1069571000.0,835599000.0,835599000.0,0.0,,,,,0.0,235445000.0,1.0,539918116.0,562324000.0,578324000.0,1.486,1553097000.0,0.0,37863000.0,0.0,2.762,230450000.0
92,DHR,MRQ,1998-09-30,1998-09-25,1998-09-25,2021-10-21,-9148000.0,2771185000.0,,929625000.0,1841560000.0,,2.29,-37642000.0,39286000.0,39286000.0,457646000.0,31010000.0,1.086,1.153,546084000.0,215831000.0,330253000.0,546084000.0,0.0,33386000.0,0.0,0.002,0.004,62693000.0,96079000.0,0.127,96079000.0,62693000.0,54889000.0,0.055,0.052,0.055,1286912000.0,,1286912000.0,4510408350.0,14.0,10.086,30737000.0,0.055,1.0,300607000.0,0.396,1296346000.0,7804000.0,1125705000.0,,361320000.0,0.0,0.0,0.0,1484273000.0,855932000.0,628341000.0,4057615350.0,-41068000.0,-148904000.0,21190000.0,57835000.0,-3630000.0,75395000.0,-186546000.0,0.0,68379000.0,1704000.0,31010000.0,31010000.0,31010000.0,0.0,0.0,0.041,197118000.0,103489000.0,172499000.0,0.073,3.153,21.34,25.614,473329000.0,0.0,8.658,1.379,1.653,459837000.0,853615000.0,758253000.0,758253000.0,0.0,,,,,0.0,189332000.0,1.0,468682108.0,561928000.0,577952000.0,1.349,1474839000.0,0.0,23879000.0,0.0,2.625,73693000.0
93,DHR,MRQ,1998-06-30,1998-06-26,1998-06-26,2021-10-21,-7123000.0,2371275000.0,,722724000.0,1648551000.0,,1.865,-22134000.0,32916000.0,32916000.0,462983000.0,52208000.0,0.933,1.369,485709000.0,162310000.0,323399000.0,485709000.0,0.0,27478000.0,0.0,0.001,0.003,91874000.0,119352000.0,0.162,119352000.0,91874000.0,84891000.0,0.098,0.095,0.098,1000946000.0,,1000946000.0,4794004361.0,14.0,10.337,46775000.0,0.087,1.0,273445000.0,0.371,1201664000.0,6983000.0,847941000.0,,287313000.0,0.0,0.0,0.0,1370329000.0,774463000.0,595866000.0,4296756361.0,1174000.0,0.0,1155000.0,-42576000.0,-3055000.0,-44476000.0,-22134000.0,0.0,68909000.0,-1125000.0,52208000.0,52208000.0,52208000.0,0.0,0.0,0.071,181571000.0,91874000.0,158144000.0,0.031,4.293,20.619,24.46,382907000.0,0.0,9.172,1.528,1.75,359589000.0,736992000.0,736428000.0,736428000.0,0.0,,,,,0.0,173471000.0,1.0,468438960.0,536568000.0,554204000.0,1.372,1169611000.0,0.0,32683000.0,0.0,2.18,-51739000.0
94,DHR,MRQ,1998-03-31,1998-03-27,1998-03-27,2021-10-21,-4205000.0,2370725000.0,,721994000.0,1648731000.0,,1.787,-16905000.0,30357000.0,30357000.0,418094000.0,44203000.0,0.898,1.475,527605000.0,213888000.0,313717000.0,527605000.0,0.0,23205000.0,0.0,0.001,0.003,74014000.0,97219000.0,0.15,97219000.0,74014000.0,70817000.0,0.083,0.08,0.083,957983000.0,,957983000.0,4522432468.0,14.0,10.524,104286000.0,0.195,1.0,228146000.0,0.353,1208234000.0,3197000.0,855472000.0,,269290000.0,0.0,0.0,0.0,1412742000.0,804267000.0,608475000.0,4357502468.0,4589000.0,-375441000.0,2611000.0,275980000.0,-3076000.0,275515000.0,-392346000.0,0.0,121191000.0,229000.0,44203000.0,44203000.0,44203000.0,0.0,0.0,0.068,154132000.0,74014000.0,167993000.0,0.036,4.549,22.41,25.847,379328000.0,0.0,9.305,1.69,1.935,366653000.0,692266000.0,646240000.0,646240000.0,0.0,,,,,0.0,147733000.0,1.0,468296880.0,536128000.0,552988000.0,1.205,1162491000.0,0.0,26614000.0,0.0,2.168,-82273000.0
95,DHR,MRQ,1997-12-31,1997-12-31,1997-12-31,2021-10-21,-13259000.0,2183875000.0,,832053000.0,1351822000.0,,1.816,-43127000.0,70821000.0,70821000.0,498762000.0,62724000.0,1.434,0.917,199019000.0,35910000.0,163109000.0,199019000.0,0.0,30492000.0,0.0,0.002,0.003,104068000.0,134560000.0,0.168,134560000.0,104068000.0,101146000.0,0.103,0.1,0.103,1139219000.0,,1139219000.0,3886844356.0,12.0,9.306,58130000.0,0.093,1.0,303654000.0,0.378,863352000.0,2922000.0,868424000.0,,265122000.0,0.0,0.0,0.0,1044656000.0,580297000.0,464359000.0,3690084356.0,4605000.0,0.0,-52750000.0,5542000.0,-5671000.0,-52879000.0,-43127000.0,0.0,101257000.0,-646000.0,62724000.0,62724000.0,62724000.0,0.0,0.0,0.078,199586000.0,104068000.0,152066000.0,0.029,3.239,19.568,23.347,403488000.0,0.0,7.891,1.409,1.684,403858000.0,806171000.0,802416000.0,802416000.0,0.0,,,,,0.0,217099000.0,1.0,467617216.0,627252000.0,643408000.0,1.279,1320523000.0,0.0,38422000.0,0.0,2.105,251756000.0
96,DHR,MRQ,1997-09-30,1997-09-26,1997-09-26,2021-10-21,-9789000.0,1914811000.0,,622978000.0,1291833000.0,,1.626,-27843000.0,22764000.0,22764000.0,393970000.0,49258000.0,1.083,1.2,219524000.0,19122000.0,200402000.0,219524000.0,0.0,29573000.0,0.0,0.002,0.003,83084000.0,112657000.0,0.18,112657000.0,83084000.0,80174000.0,0.092,0.09,0.092,870359000.0,,870359000.0,3598521114.0,12.0,8.839,78213000.0,0.146,1.0,232815000.0,0.371,858233000.0,2910000.0,678319000.0,,226088000.0,0.0,0.0,0.0,1044452000.0,575019000.0,469433000.0,3417847114.0,-12138000.0,-88276000.0,415000.0,4262000.0,-5916000.0,-1239000.0,-116119000.0,0.0,106056000.0,-836000.0,49258000.0,49258000.0,49258000.0,0.0,0.0,0.079,149731000.0,83084000.0,130374000.0,0.033,3.927,18.948,,331790000.0,0.0,7.312,1.36,1.557,322066000.0,613934000.0,626785000.0,626785000.0,0.0,,,,,0.0,143831000.0,1.0,467397896.0,535272000.0,551648000.0,1.171,1056578000.0,0.0,30916000.0,0.0,1.974,47959000.0
97,DHR,MRQ,1997-06-30,1997-06-27,1997-06-27,2021-10-21,-4113000.0,1819164000.0,,585749000.0,1233415000.0,,1.78,-18289000.0,35048000.0,35048000.0,338725000.0,38258000.0,1.121,1.178,215722000.0,24837000.0,190885000.0,215722000.0,0.0,19343000.0,0.0,0.002,0.003,65942000.0,85285000.0,0.17,85285000.0,65942000.0,62706000.0,0.083,0.08,0.083,835332000.0,,835332000.0,3175837967.0,11.0,8.513,36176000.0,0.077,1.0,164064000.0,0.326,811223000.0,3236000.0,666147000.0,,215746000.0,0.0,0.0,0.0,983832000.0,522468000.0,461364000.0,3005027967.0,-3506000.0,-25651000.0,-19624000.0,6358000.0,-1468000.0,-14734000.0,-43940000.0,0.0,54465000.0,703000.0,38258000.0,38258000.0,38258000.0,0.0,0.0,0.076,98122000.0,65942000.0,123634000.0,0.036,3.597,18.246,,327580000.0,0.0,6.375,1.274,1.269,290528000.0,573628000.0,502789000.0,502789000.0,0.0,,,,,0.0,92266000.0,1.0,471376936.0,469256000.0,480232000.0,1.071,1007941000.0,0.0,24448000.0,0.0,2.148,63281000.0
98,DHR,MRQ,1997-03-31,1997-03-28,1997-03-28,2021-10-21,-4816000.0,1794658000.0,,578286000.0,1216372000.0,,1.728,-7687000.0,38554000.0,38554000.0,318961000.0,31535000.0,1.118,1.195,209364000.0,18464000.0,190900000.0,209364000.0,0.0,18930000.0,0.0,0.002,0.003,55457000.0,74387000.0,0.159,74387000.0,55457000.0,51593000.0,0.066,0.065,0.066,817463000.0,,817463000.0,2699311178.0,10.0,7.492,73717000.0,0.156,1.0,147480000.0,0.316,791179000.0,3864000.0,657206000.0,,218637000.0,0.0,0.0,0.0,977195000.0,517083000.0,460112000.0,2489428178.0,12110000.0,-33311000.0,811000.0,-26963000.0,-1470000.0,-27622000.0,-40998000.0,0.0,81404000.0,-674000.0,31535000.0,31535000.0,31535000.0,0.0,0.0,0.068,92023000.0,55457000.0,119458000.0,0.045,3.045,15.66,,324850000.0,0.0,5.281,1.087,1.091,280991000.0,536838000.0,466441000.0,466441000.0,0.0,,,,,0.0,86266000.0,1.0,471371016.0,472935792.0,483027344.0,0.986,1003479000.0,0.0,20058000.0,0.0,2.122,61203000.0
99,DHR,MRQ,1996-12-31,1996-12-31,1996-12-31,2021-10-21,8858000.0,1765074000.0,,546741000.0,1218333000.0,,1.505,-25250000.0,26444000.0,26444000.0,505754000.0,61327000.0,1.152,1.206,236327000.0,16757000.0,219570000.0,236327000.0,0.0,31099000.0,0.0,0.002,0.003,103683000.0,134782000.0,0.147,134782000.0,103683000.0,98082000.0,,,,800261000.0,,800261000.0,,,,81838000.0,0.154,1.0,412198000.0,0.449,792824000.0,5601000.0,707560000.0,,204236000.0,0.0,0.0,0.0,964813000.0,474573000.0,490240000.0,2746914596.0,14446000.0,-10924000.0,7097000.0,-55905000.0,-7443000.0,-56241000.0,-36174000.0,0.0,107088000.0,-217000.0,61327000.0,61327000.0,61327000.0,0.0,0.0,0.067,308515000.0,103683000.0,110194000.0,,3.433,11.731,13.244,319606000.0,0.0,5.827,1.23,1.388,266668000.0,506773000.0,917952000.0,917952000.0,0.0,,,,,0.0,323022000.0,1.0,471371016.0,531800000.0,544492000.0,1.726,972250000.0,0.0,36755000.0,0.0,1.828,72168000.0
100,DHR,MRQ,1996-09-30,1996-09-27,1996-09-27,2021-10-21,,,,,,,,-17601000.0,,,321766000.0,33577000.0,,,,,,,,18292000.0,,0.002,0.003,60293000.0,78585000.0,0.167,78585000.0,60293000.0,55045000.0,,,,,,,,,,66670000.0,,1.0,149021000.0,0.317,,5248000.0,,,,,,,,,,,12780000.0,-197802000.0,326000.0,145079000.0,-1439000.0,143956000.0,-215403000.0,0.0,84271000.0,-54000.0,33577000.0,33577000.0,33577000.0,0.0,0.0,0.071,88728000.0,60293000.0,,,,,,,0.0,5.172,,,,,470787000.0,470787000.0,0.0,,,,,0.0,83266000.0,1.0,,,480366456.0,,,,21468000.0,,,
101,DHR,MRQ,1996-06-30,1996-06-28,1996-06-28,2021-10-21,,,,,,,,-9023000.0,,,296909000.0,32525000.0,,,,,,,,16215000.0,,0.002,0.003,56302000.0,72517000.0,0.167,72517000.0,56302000.0,53321000.0,,,,,,,,,,19062000.0,,1.0,137988000.0,0.317,,2981000.0,,,,,,,,,,,-6698000.0,-12628000.0,744000.0,-12703000.0,-1170000.0,-13129000.0,-21651000.0,0.0,28085000.0,-3000.0,32525000.0,32525000.0,32525000.0,0.0,0.0,0.075,81686000.0,56302000.0,,,,,,,0.0,5.109,,,,,434897000.0,434897000.0,0.0,,,,,0.0,76934000.0,1.0,,,479458440.0,,,,20796000.0,,,
102,DHR,MRQ,1996-03-31,1996-03-29,1996-03-29,2021-10-21,,,,,,,,-12107000.0,,,285264000.0,106739000.0,,,,,,,,16818000.0,,0.002,0.003,126939000.0,143757000.0,0.351,143757000.0,126939000.0,123956000.0,,,,,,,,,,22416000.0,,1.0,124293000.0,0.303,,2983000.0,,,,,,,,,,,7929000.0,129927000.0,-11384000.0,-131842000.0,-1163000.0,-144389000.0,117820000.0,0.0,34523000.0,-25000.0,106739000.0,106739000.0,106739000.0,-79811000.0,0.0,0.261,77165000.0,47128000.0,,,,,,,0.0,4.625,,,,,409557000.0,409557000.0,0.0,,,,,0.0,72872000.0,1.0,,,477443248.0,,,,17217000.0,,,
103,DHR,MRQ,1995-12-31,1995-12-31,1995-12-31,2021-10-21,3598000.0,1485991000.0,,466470000.0,1019521000.0,,1.249,,7938000.0,7938000.0,,,1.154,1.534,283587000.0,14970000.0,268617000.0,283587000.0,0.0,,0.0,0.003,0.003,,,,,,,,,,586311000.0,,586311000.0,,,,,,1.0,,,608140000.0,,749362000.0,,201890000.0,0.0,0.0,0.0,899680000.0,404138000.0,495542000.0,,,,,,,,,,,,,,,,,,,,92290000.0,,,,17.181,291937000.0,,3.969,,1.253,224652000.0,304363000.0,,,,,,,,,,1.0,,469294792.0,,,877851000.0,0.0,,0.0,1.871,62332000.0
0,DHR,MRT,2021-09-30,2021-10-01,2021-10-01,2021-10-21,-1061000000.0,82498000000.0,78028000000.0,10776000000.0,71722000000.0,0.36,60.762,-1176200000.0,2552000000.0,2552000000.0,11102200000.0,5885100000.0,1.485,0.898,23598000000.0,7000000.0,23591000000.0,23598000000.0,0.0,2089600000.0,0.0,0.003,0.81,7394800000.0,9484400000.0,0.338,9484400000.0,7394800000.0,7140500000.0,8.02,7.9,8.02,43451000000.0,41598000000.0,43451000000.0,228927116491.0,31.0,24.137,7070100000.0,9.887,1.0,16963100000.0,0.604,64612000000.0,254300000.0,31675000000.0,28593250000.0,2737000000.0,0.0,0.0,0.0,39037000000.0,7257000000.0,31780000000.0,215826116491.0,-3135400000.0,-10754400000.0,91300000.0,1939000000.0,-720600000.0,1297300000.0,-12689300000.0,-794100000.0,8246300000.0,10300000.0,5885100000.0,5721400000.0,5721400000.0,-86000000.0,0.0,0.204,10050800000.0,6912300000.0,2133000000.0,0.101,4.967,37.723,37.696,3640000000.0,163700000.0,302.32,7.69,7.703,4194000000.0,31231000000.0,28065300000.0,28065300000.0,1642800000.0,0.073,0.138,0.259,0.263,208900000.0,7861000000.0,1.0,713899565.0,715100000.0,727000000.0,39.247,17886000000.0,0.0,1255400000.0,0.0,25.012,3519000000.0
1,DHR,MRT,2021-06-30,2021-07-02,2021-07-02,2021-10-21,-675000000.0,78027000000.0,75626175000.0,15392000000.0,62635000000.0,0.353,59.84,-1045200000.0,7322000000.0,7322000000.0,10890200000.0,5610100000.0,2.255,0.825,20423000000.0,23000000.0,20400000000.0,20423000000.0,0.0,2027600000.0,0.0,0.003,0.78,7044800000.0,9072400000.0,0.34,9072400000.0,7044800000.0,6774500000.0,7.64,7.52,7.64,42756000000.0,40225500000.0,42756000000.0,209406807650.0,30.0,23.082,6890100000.0,9.643,1.0,15830100000.0,0.592,56107000000.0,270300000.0,28196000000.0,27641125000.0,2547000000.0,0.0,0.0,0.0,35261000000.0,6825000000.0,28436000000.0,195459807650.0,1783600000.0,-1258400000.0,109300000.0,-2756000000.0,-691600000.0,-3326700000.0,-2970300000.0,-697100000.0,7935300000.0,145300000.0,5610100000.0,5446400000.0,5446400000.0,-86000000.0,0.0,0.204,9138800000.0,6691300000.0,1967000000.0,0.102,4.572,35.888,35.868,3410000000.0,163700000.0,274.03,7.315,7.328,4103000000.0,30264000000.0,26720300000.0,26720300000.0,1543800000.0,0.072,0.135,0.255,0.264,201900000.0,7595000000.0,1.0,713278866.0,714500000.0,736000000.0,37.397,21920000000.0,0.0,1164400000.0,0.0,30.679,8567000000.0
2,DHR,MRT,2021-03-31,2021-04-02,2021-04-02,2021-10-21,-1322000000.0,75426000000.0,73936525000.0,14012000000.0,61414000000.0,0.335,56.673,-896200000.0,6330000000.0,6330000000.0,10514200000.0,4752100000.0,2.053,0.866,20277000000.0,10000000.0,20267000000.0,20277000000.0,0.0,1980600000.0,0.0,0.003,0.75,6152800000.0,8133400000.0,0.328,8133400000.0,6152800000.0,5866500000.0,6.47,6.36,6.47,40419000000.0,38601925000.0,40419000000.0,175471920886.0,29.0,21.574,6364100000.0,8.923,1.0,14285100000.0,0.576,55273000000.0,286300000.0,27276000000.0,27803325000.0,2424000000.0,0.0,0.0,0.0,34996000000.0,6824000000.0,28172000000.0,160302920886.0,1962600000.0,196600000.0,1860300000.0,-6968000000.0,-645600000.0,-4076700000.0,-1364300000.0,-669100000.0,7260300000.0,143300000.0,4752100000.0,4594400000.0,4594400000.0,0.0,0.0,0.185,8754800000.0,5530300000.0,1989000000.0,0.116,3.966,34.891,34.788,3266000000.0,157700000.0,225.08,6.464,6.473,3949000000.0,28670000000.0,24799300000.0,24799300000.0,1440800000.0,0.062,0.119,0.221,0.248,195900000.0,7314000000.0,1.0,712204198.0,713200000.0,735100000.0,34.772,20153000000.0,0.0,1114400000.0,0.0,28.257,7188000000.0
3,DHR,MRT,2020-12-31,2020-12-31,2020-12-31,2021-10-21,-368000000.0,76161000000.0,72312600000.0,13802000000.0,62359000000.0,0.308,56.31,-789000000.0,6035000000.0,6035000000.0,9809000000.0,3646000000.0,1.865,0.915,21204000000.0,11000000.0,21193000000.0,21204000000.0,0.0,1775000000.0,0.0,0.003,0.72,4770000000.0,6545000000.0,0.294,6545000000.0,4770000000.0,4495000000.0,4.97,4.89,4.97,39766000000.0,36260950000.0,39766000000.0,173941350519.0,36.0,26.576,5419000000.0,7.673,1.0,12475000000.0,0.56,56702000000.0,275000000.0,27226000000.0,28441925000.0,2292000000.0,0.0,0.0,0.0,36384000000.0,7402000000.0,28982000000.0,157803250519.0,-13877000000.0,-20145000000.0,1882000000.0,-1926000000.0,-615000000.0,1006000000.0,-21239000000.0,-329000000.0,6208000000.0,148000000.0,3646000000.0,3510000000.0,3510000000.0,0.0,0.0,0.158,8244000000.0,4231000000.0,2049000000.0,0.145,3.968,44.958,44.696,3262000000.0,136000000.0,222.14,7.081,7.04,4045000000.0,27159000000.0,22284000000.0,22284000000.0,1348000000.0,0.049,0.097,0.168,0.214,187000000.0,6896000000.0,1.0,710377467.0,706200000.0,718700000.0,31.555,19459000000.0,0.0,849000000.0,0.0,27.555,6400000000.0
4,DHR,MRT,2020-09-30,2020-10-02,2020-10-02,2021-10-21,-1021100000.0,72890700000.0,68792850000.0,12541200000.0,60349500000.0,0.296,53.399,-653000000.0,5687700000.0,5687700000.0,9167400000.0,3679900000.0,2.077,0.92,21825800000.0,19700000.0,21806100000.0,21825800000.0,0.0,1566200000.0,0.0,0.003,0.71,4657300000.0,6223500000.0,0.305,6223500000.0,4657300000.0,4410500000.0,5.03,4.94,5.03,37961000000.0,33887200000.0,37961000000.0,167597277862.0,36.0,26.93,4445600000.0,6.253,1.0,11224900000.0,0.55,55123900000.0,246800000.0,27866500000.0,28261425000.0,2421700000.0,0.0,0.0,0.0,34918200000.0,6038400000.0,28879800000.0,150749377862.0,-8564300000.0,-19992900000.0,1868800000.0,4494700000.0,-587000000.0,7180500000.0,-20924000000.0,-292600000.0,5098600000.0,80600000.0,3679900000.0,3565700000.0,3565700000.0,-482300000.0,0.0,0.175,7633600000.0,3591300000.0,1678300000.0,0.141,3.971,42.278,42.247,3052300000.0,114200000.0,212.5,7.392,7.408,3495700000.0,26087800000.0,20392300000.0,20392300000.0,1245800000.0,0.052,0.105,0.165,0.228,178500000.0,6387800000.0,1.0,709408837.0,710900000.0,724300000.0,28.685,17766800000.0,0.0,730600000.0,0.0,24.992,6502800000.0
5,DHR,MRT,2020-06-30,2020-07-03,2020-07-03,2021-10-21,-1863100000.0,71268400000.0,65952950000.0,12343800000.0,58924600000.0,0.286,51.428,-627300000.0,5539300000.0,5539300000.0,8446000000.0,3464900000.0,2.204,0.965,22387200000.0,17200000.0,22370000000.0,22387200000.0,0.0,1369600000.0,0.0,0.004,0.7,4406200000.0,5775800000.0,0.306,5775800000.0,4406200000.0,4213400000.0,4.75,4.67,4.75,36261700000.0,32522525000.0,36261700000.0,146932609721.0,33.0,25.439,3713900000.0,5.267,1.0,10440300000.0,0.553,53671600000.0,192800000.0,28844800000.0,26814575000.0,2592900000.0,0.0,0.0,0.0,34995500000.0,5599900000.0,29395600000.0,125328809721.0,105200000.0,-19930400000.0,1844800000.0,13311300000.0,-576100000.0,16627200000.0,-20839600000.0,-276700000.0,4341200000.0,-23600000.0,3464900000.0,3372100000.0,3372100000.0,-519600000.0,0.0,0.179,7160700000.0,3279600000.0,1598600000.0,0.147,3.456,37.166,37.827,2972900000.0,92800000.0,179.68,6.636,6.708,3378400000.0,25373500000.0,18886300000.0,18886300000.0,1186400000.0,0.051,0.104,0.164,0.233,174500000.0,5974300000.0,1.0,697511185.0,705100000.0,718200000.0,26.785,17596800000.0,0.0,748500000.0,0.0,24.956,6743900000.0
6,DHR,MRT,2020-03-31,2020-04-03,2020-04-03,2021-10-21,-2791300000.0,68930300000.0,61466350000.0,11142600000.0,57787700000.0,0.293,44.543,-615400000.0,4367700000.0,4367700000.0,7961700000.0,3269200000.0,1.316,1.219,25971500000.0,3234300000.0,22737200000.0,25971500000.0,0.0,1189900000.0,0.0,0.005,0.69,4005000000.0,5194900000.0,0.288,5194900000.0,4005000000.0,3870500000.0,4.47,4.4,4.47,31055100000.0,31507400000.0,31055100000.0,95913245822.0,24.0,18.463,3452300000.0,4.952,1.0,10072100000.0,0.559,52238100000.0,134500000.0,29830400000.0,23523350000.0,2575000000.0,0.0,0.0,0.0,37863900000.0,8465600000.0,29398300000.0,94096445822.0,457800000.0,-20757800000.0,102500000.0,18191100000.0,-552800000.0,18121200000.0,-21607500000.0,-234800000.0,4067700000.0,-123600000.0,3269200000.0,3188700000.0,3188700000.0,-574500000.0,0.0,0.177,6824800000.0,3247300000.0,1748300000.0,0.154,3.03,29.509,30.235,2988500000.0,80500000.0,135.15,5.218,5.225,3433300000.0,24608600000.0,18033800000.0,18033800000.0,1145500000.0,0.052,0.101,0.17,0.222,168900000.0,5679300000.0,1.0,696237113.0,697200000.0,707900000.0,25.866,16692200000.0,0.0,601300000.0,0.0,23.942,2677000000.0
7,DHR,MRT,2019-12-31,2019-12-31,2019-12-31,2021-10-21,-3068000000.0,62082000000.0,57177375000.0,25596000000.0,36486000000.0,0.313,42.337,-623000000.0,19912000000.0,19912000000.0,7927000000.0,3008000000.0,5.19,1.051,21729000000.0,212000000.0,21517000000.0,21729000000.0,0.0,1189000000.0,0.0,0.004,0.68,3989000000.0,5178000000.0,0.289,5178000000.0,3989000000.0,3881000000.0,4.11,4.05,4.11,30271000000.0,31632775000.0,30271000000.0,113594494586.0,28.0,21.938,3329000000.0,4.656,1.0,9984000000.0,0.557,32463000000.0,108000000.0,26504000000.0,19861525000.0,1628000000.0,0.0,0.0,0.0,31800000000.0,4932000000.0,26868000000.0,110241794586.0,19124000000.0,-331000000.0,1573000000.0,13343000000.0,-527000000.0,16365000000.0,-1238000000.0,-241000000.0,3952000000.0,45000000.0,3008000000.0,2940000000.0,2940000000.0,-576000000.0,0.0,0.164,6715000000.0,3269000000.0,1515000000.0,0.165,3.642,37.497,37.343,2302000000.0,68000000.0,153.48,6.155,6.127,3191000000.0,24166000000.0,17911000000.0,17911000000.0,1126000000.0,0.051,0.093,0.201,0.223,159000000.0,5589000000.0,1.0,718281174.0,715000000.0,725500000.0,25.05,29619000000.0,0.0,873000000.0,0.0,41.425,20664000000.0
8,DHR,MRT,2019-09-30,2019-09-27,2019-09-27,2021-10-21,-3088300000.0,61531100000.0,53615000000.0,20353700000.0,41177400000.0,0.29,45.217,-582300000.0,14252100000.0,14252100000.0,6928300000.0,2480000000.0,3.43,0.872,17604800000.0,1068600000.0,16536200000.0,17604800000.0,0.0,1090900000.0,0.0,0.005,0.67,3358600000.0,4449500000.0,0.286,4449500000.0,3358600000.0,3281000000.0,3.41,3.38,3.41,32502300000.0,31118625000.0,32502300000.0,106415057314.0,32.0,23.916,3495700000.0,4.863,1.0,8633900000.0,0.555,36870700000.0,77600000.0,22079100000.0,18005575000.0,2023700000.0,0.0,0.0,0.0,28335500000.0,5934000000.0,22401500000.0,101550557314.0,13476400000.0,-330800000.0,1576900000.0,7380100000.0,-496800000.0,10695800000.0,-1269000000.0,-248400000.0,4078000000.0,-28400000.0,2480000000.0,2431200000.0,2431200000.0,-338700000.0,0.0,0.156,5712400000.0,2921500000.0,1606800000.0,0.196,3.124,41.77,41.513,2519600000.0,48800000.0,141.56,6.525,6.538,3467100000.0,26481200000.0,15562200000.0,15562200000.0,979600000.0,0.045,0.078,0.187,0.216,143900000.0,4732800000.0,1.0,717367599.0,718800000.0,729300000.0,21.65,24660400000.0,0.0,801000000.0,0.0,34.308,14419700000.0
9,DHR,MRT,2019-06-30,2019-06-28,2019-06-28,2021-10-21,-2844300000.0,53322000000.0,50162100000.0,11603700000.0,41718300000.0,0.32,44.873,-570400000.0,5433600000.0,5433600000.0,7154300000.0,2475700000.0,2.317,0.656,10298100000.0,153700000.0,10144400000.0,10298100000.0,0.0,1117000000.0,0.0,0.005,0.66,3353300000.0,4470300000.0,0.279,4470300000.0,3353300000.0,3258400000.0,3.46,3.42,3.46,32201200000.0,29911400000.0,32201200000.0,107906037115.0,32.0,24.138,3461500000.0,4.824,1.0,8883000000.0,0.554,37498600000.0,94900000.0,15679900000.0,16297400000.0,2055900000.0,0.0,0.0,0.0,21108800000.0,5008000000.0,16100800000.0,102321237115.0,4530100000.0,-431800000.0,1572500000.0,-872500000.0,-457600000.0,1835400000.0,-1311100000.0,-238400000.0,4031900000.0,-26100000.0,2475700000.0,2446500000.0,2446500000.0,-301400000.0,0.0,0.153,5907100000.0,2975900000.0,1664100000.0,0.191,3.178,41.824,41.306,2541600000.0,29200000.0,142.92,6.38,6.395,3481600000.0,25955000000.0,16037300000.0,16037300000.0,998200000.0,0.049,0.082,0.206,0.209,141100000.0,4908900000.0,1.0,715933649.0,717600000.0,727900000.0,22.349,15823400000.0,0.0,782700000.0,0.0,22.05,6595700000.0
10,DHR,MRT,2019-03-31,2019-03-29,2019-03-29,2021-10-21,-2796100000.0,51774400000.0,48845550000.0,10080400000.0,41694000000.0,0.339,44.597,-580100000.0,3910000000.0,3910000000.0,7357500000.0,2418200000.0,2.176,0.64,9494800000.0,36600000.0,9458200000.0,9494800000.0,0.0,1153300000.0,0.0,0.005,0.65,3333800000.0,4487100000.0,0.271,4487100000.0,3333800000.0,3215400000.0,3.43,3.4,3.43,31556600000.0,28664175000.0,31556600000.0,101614082387.0,30.0,22.646,3316300000.0,4.687,1.0,9216300000.0,0.556,37543300000.0,118400000.0,15183100000.0,16318600000.0,2027900000.0,0.0,0.0,0.0,20205700000.0,4632800000.0,15572900000.0,92661582387.0,2864800000.0,-2481200000.0,1553300000.0,-291500000.0,-447700000.0,2402500000.0,-3324800000.0,-189100000.0,3896400000.0,-109300000.0,2418200000.0,2411700000.0,2411700000.0,-246500000.0,0.0,0.146,6184600000.0,3031700000.0,1676200000.0,0.19,2.936,38.422,38.49,2504300000.0,6500000.0,132.02,5.591,5.636,3409200000.0,25368500000.0,16573800000.0,16573800000.0,1027800000.0,0.049,0.084,0.204,0.201,139800000.0,5156800000.0,1.0,701875340.0,707600000.0,718500000.0,23.423,14231100000.0,0.0,797200000.0,0.0,20.112,5447600000.0
11,DHR,MRT,2018-12-31,2018-12-31,2018-12-31,2021-10-21,-2791100000.0,47832500000.0,47688250000.0,7093800000.0,40738700000.0,0.358,40.272,-578000000.0,787800000.0,787800000.0,7544000000.0,2651000000.0,1.465,0.695,9740300000.0,51800000.0,9688500000.0,9740300000.0,0.0,1178000000.0,0.0,0.006,0.64,3344000000.0,4522000000.0,0.265,4522000000.0,3344000000.0,3207000000.0,3.78,3.74,3.78,28214400000.0,27572500000.0,28214400000.0,82118686733.0,25.0,18.16,3444000000.0,4.916,1.0,9505000000.0,0.558,32863300000.0,137000000.0,19080200000.0,16309600000.0,1631400000.0,0.0,0.0,0.0,19605800000.0,4841500000.0,14764300000.0,72277086733.0,158000000.0,-2173000000.0,96000000.0,-442000000.0,-433000000.0,-797000000.0,-2949000000.0,-124000000.0,4022000000.0,-118000000.0,2651000000.0,2651000000.0,2651000000.0,-245000000.0,0.0,0.155,6450000000.0,3055000000.0,1495400000.0,0.169,2.562,27.264,27.28,2249600000.0,0.0,103.12,4.239,4.238,3029800000.0,25163000000.0,17049000000.0,17049000000.0,1059000000.0,0.056,0.096,0.205,0.196,138000000.0,5391000000.0,1.0,700902703.0,700600000.0,710200000.0,24.335,14969200000.0,0.0,556000000.0,0.0,21.366,2252300000.0
12,DHR,MRT,2018-09-30,2018-09-28,2018-09-28,2021-10-21,-2635700000.0,47719500000.0,47392275000.0,6830500000.0,40889000000.0,0.355,39.455,-564400000.0,776200000.0,776200000.0,7435200000.0,2760700000.0,1.53,0.724,10617800000.0,59800000.0,10558000000.0,10617800000.0,0.0,1173600000.0,0.0,0.006,0.62,3373300000.0,4546900000.0,0.271,4546900000.0,3373300000.0,3230500000.0,3.95,3.89,3.95,27673400000.0,27108450000.0,27673400000.0,86452061240.0,26.0,19.013,3054700000.0,4.355,1.0,9369100000.0,0.558,37849400000.0,142800000.0,15246400000.0,15275150000.0,2029400000.0,0.0,0.0,0.0,20034300000.0,4465300000.0,15569000000.0,76035361240.0,127600000.0,-2447100000.0,97100000.0,-89100000.0,-418500000.0,-436200000.0,-2967500000.0,98900000.0,3619100000.0,-87800000.0,2760700000.0,2760700000.0,2760700000.0,-297600000.0,0.0,0.164,6408500000.0,2960600000.0,1569600000.0,0.157,2.748,27.542,27.509,2462300000.0,0.0,108.66,4.525,4.535,3323100000.0,24528700000.0,16804300000.0,16804300000.0,1038100000.0,0.058,0.102,0.221,0.201,133900000.0,5370400000.0,1.0,699754843.0,701400000.0,710600000.0,23.958,9870100000.0,0.0,469800000.0,0.0,14.072,2365200000.0
13,DHR,MRT,2018-06-30,2018-06-29,2018-06-29,2021-10-21,-2479200000.0,48055800000.0,46925225000.0,6913100000.0,41142700000.0,0.351,38.864,-552000000.0,904000000.0,904000000.0,7264000000.0,2669100000.0,1.501,0.766,11320700000.0,175100000.0,11145600000.0,11320700000.0,0.0,1163500000.0,0.0,0.006,0.6,3300400000.0,4463900000.0,0.271,4463900000.0,3300400000.0,3159000000.0,3.82,3.77,3.82,27212300000.0,26533950000.0,27212300000.0,78398856700.0,24.0,17.563,3220000000.0,4.599,1.0,9215400000.0,0.559,38102400000.0,141400000.0,15764700000.0,15275325000.0,1980500000.0,0.0,0.0,0.0,20831400000.0,4605400000.0,16226000000.0,68935156700.0,177600000.0,-2359700000.0,82700000.0,-372700000.0,-403700000.0,-732400000.0,-2835800000.0,160000000.0,3772000000.0,-26200000.0,2669100000.0,2669100000.0,2669100000.0,-297600000.0,0.0,0.162,6326300000.0,2889100000.0,1587000000.0,0.157,2.533,25.827,25.832,2492900000.0,0.0,98.68,4.183,4.193,3296600000.0,23977200000.0,16479400000.0,16479400000.0,1016100000.0,0.057,0.101,0.216,0.2,129100000.0,5310200000.0,1.0,698572727.0,700200000.0,709500000.0,23.535,9953400000.0,0.0,489900000.0,0.0,14.215,2307700000.0
14,DHR,MRT,2018-03-31,2018-03-30,2018-03-30,2021-10-21,-1844700000.0,47145200000.0,46322975000.0,7075100000.0,40070100000.0,0.346,38.921,-517800000.0,1045700000.0,1045700000.0,7127900000.0,2552600000.0,1.592,0.733,10509400000.0,98700000.0,10410700000.0,10509400000.0,0.0,1132100000.0,0.0,0.006,0.58,3107600000.0,4239700000.0,0.265,4239700000.0,3107600000.0,2968700000.0,3.66,3.61,3.66,27189900000.0,25878375000.0,27189900000.0,78190826808.0,25.0,18.443,3228700000.0,4.622,1.0,8880600000.0,0.555,37018900000.0,138900000.0,15147100000.0,15343225000.0,1949100000.0,0.0,0.0,0.0,19943400000.0,4442900000.0,15500500000.0,68299026808.0,241800000.0,-385800000.0,71500000.0,-2466500000.0,-389200000.0,-2829500000.0,-802400000.0,159800000.0,3746500000.0,127200000.0,2552600000.0,2552600000.0,2552600000.0,-297600000.0,0.0,0.159,6182300000.0,2698300000.0,1579000000.0,0.158,2.512,26.757,26.751,2475900000.0,0.0,97.91,4.266,4.273,3270700000.0,23415400000.0,16008500000.0,16008500000.0,987700000.0,0.055,0.099,0.203,0.194,126800000.0,5194600000.0,1.0,697569470.0,698600000.0,709500000.0,22.915,10126300000.0,0.0,416100000.0,0.0,14.495,2632200000.0
15,DHR,MRT,2017-12-31,2017-12-31,2017-12-31,2021-10-21,-1994200000.0,46648600000.0,45847950000.0,6850000000.0,39798600000.0,0.338,37.882,-538200000.0,630300000.0,630300000.0,6947500000.0,2492100000.0,1.429,0.769,10522100000.0,194700000.0,10327400000.0,10522100000.0,0.0,1116900000.0,0.0,0.006,0.56,3003200000.0,4120100000.0,0.265,4120100000.0,3003200000.0,2863100000.0,3.58,3.53,3.58,26358200000.0,25027350000.0,26358200000.0,74826479955.0,25.0,18.161,2939600000.0,4.225,1.0,8571300000.0,0.552,36805700000.0,140100000.0,14942400000.0,15195600000.0,1840800000.0,0.0,0.0,0.0,20280800000.0,4792300000.0,15488500000.0,64566079955.0,-333400000.0,-385800000.0,68800000.0,-2664800000.0,-378300000.0,-3098500000.0,-843400000.0,137900000.0,3477800000.0,130700000.0,2492100000.0,2492100000.0,2492100000.0,-319900000.0,0.0,0.161,5999000000.0,2572300000.0,1509900000.0,0.156,2.45,25.908,25.927,2454600000.0,0.0,92.82,4.161,4.162,3521800000.0,22806100000.0,15518800000.0,15518800000.0,956400000.0,0.054,0.1,0.198,0.194,127100000.0,5042600000.0,1.0,695605257.0,695800000.0,706100000.0,22.304,9842900000.0,0.0,371000000.0,0.0,14.146,2057700000.0
16,DHR,MRT,2017-09-30,2017-09-29,2017-09-29,2021-10-21,-2151800000.0,45851300000.0,45509625000.0,6260200000.0,39591100000.0,0.392,36.448,-578400000.0,648600000.0,648600000.0,7974900000.0,2382500000.0,1.427,0.807,10909000000.0,182200000.0,10726800000.0,10909000000.0,0.0,1225800000.0,0.0,0.006,0.545,2831700000.0,4057500000.0,0.228,4057500000.0,2831700000.0,2678500000.0,3.42,3.38,3.42,25375400000.0,24188500000.0,25375400000.0,70456098164.0,25.0,17.364,2713700000.0,3.898,1.0,9853400000.0,0.553,36477100000.0,153200000.0,15247100000.0,14980425000.0,1892300000.0,0.0,0.0,0.0,20470700000.0,4387500000.0,16083200000.0,59590498164.0,-322800000.0,-4892500000.0,56900000.0,2228400000.0,-367500000.0,1802400000.0,-5451400000.0,0.0,3292100000.0,34100000.0,2382500000.0,2382500000.0,2382500000.0,-22300000.0,0.0,0.134,7087600000.0,2765800000.0,1501800000.0,0.159,2.348,25.012,25.082,2424900000.0,0.0,85.78,3.342,3.35,3254600000.0,22047100000.0,17828300000.0,17828300000.0,1097900000.0,0.052,0.098,0.189,0.159,138300000.0,5989700000.0,1.0,694689883.0,696200000.0,705600000.0,25.608,9374200000.0,0.0,296000000.0,0.0,13.465,1872700000.0
17,DHR,MRT,2017-06-30,2017-06-30,2017-06-30,2021-10-21,-2414500000.0,45646800000.0,44371175000.0,6256600000.0,39390200000.0,0.393,35.361,-588000000.0,726400000.0,726400000.0,7829600000.0,2202000000.0,1.489,0.856,11592000000.0,169500000.0,11422500000.0,11592000000.0,0.0,1191600000.0,0.0,0.006,0.53,2571400000.0,3763000000.0,0.216,3763000000.0,2571400000.0,2414400000.0,3.17,3.13,3.17,24590000000.0,23642550000.0,24590000000.0,69723212792.0,27.0,18.529,2449900000.0,3.523,1.0,9602600000.0,0.551,36273500000.0,157000000.0,16036300000.0,14165175000.0,1791700000.0,0.0,0.0,0.0,21051600000.0,4202600000.0,16849000000.0,58576812792.0,-3371200000.0,-4881300000.0,55500000.0,-34400000.0,-380900000.0,-947100000.0,-5450000000.0,0.0,3037900000.0,-12000000.0,2202000000.0,2202000000.0,2202000000.0,-11300000.0,0.0,0.126,6896900000.0,2705700000.0,1427000000.0,0.167,2.382,26.602,26.621,2422800000.0,0.0,84.39,3.36,3.366,3214800000.0,21572300000.0,17432200000.0,17432200000.0,1059800000.0,0.05,0.093,0.182,0.148,136300000.0,5837100000.0,1.0,694120308.0,695400000.0,705400000.0,25.068,9373300000.0,0.0,212400000.0,0.0,13.479,2054000000.0
18,DHR,MRT,2017-03-31,2017-03-31,2017-03-31,2021-10-21,-2705200000.0,45245100000.0,45835400000.0,6318900000.0,38926200000.0,0.374,34.259,-615100000.0,803900000.0,803900000.0,7662400000.0,2301400000.0,1.053,0.902,11950300000.0,2221000000.0,9729300000.0,11950300000.0,0.0,1166000000.0,0.0,0.006,0.55,2834700000.0,4000700000.0,0.233,4000700000.0,2834700000.0,2662900000.0,3.32,3.28,3.32,23785800000.0,23756325000.0,23785800000.0,70601562092.0,25.0,17.647,2694100000.0,3.88,1.0,9501600000.0,0.554,35831800000.0,171800000.0,14556600000.0,14548750000.0,1764900000.0,0.0,0.0,0.0,21454000000.0,6003100000.0,15450900000.0,59296262092.0,139600000.0,-4785400000.0,141100000.0,3170500000.0,-393700000.0,2342600000.0,-5415000000.0,0.0,3309200000.0,-97200000.0,2301400000.0,2301400000.0,2301400000.0,-250000000.0,0.0,0.134,6762500000.0,2739100000.0,1402200000.0,0.166,2.493,25.765,25.762,2408700000.0,0.0,85.53,3.455,3.46,3034900000.0,21112400000.0,17164000000.0,17164000000.0,1016400000.0,0.05,0.097,0.195,0.165,133800000.0,5746100000.0,1.0,693280277.0,694300000.0,705700000.0,24.721,9413300000.0,0.0,361500000.0,0.0,13.558,315800000.0
19,DHR,MRT,2016-12-31,2016-12-31,2016-12-31,2021-10-21,-3021700000.0,45295300000.0,46620525000.0,6665100000.0,38630200000.0,0.362,33.28,-579800000.0,963700000.0,963700000.0,7547800000.0,2553700000.0,0.97,0.966,12269000000.0,2594800000.0,9674200000.0,12269000000.0,0.0,1128100000.0,0.0,0.007,0.57,3196000000.0,4324100000.0,0.256,4324100000.0,3196000000.0,3011600000.0,3.69,3.65,3.69,23002800000.0,23936050000.0,23002800000.0,61182892865.0,19.0,14.149,2942000000.0,4.256,1.0,9334600000.0,0.553,35644900000.0,184400000.0,14081700000.0,15420225000.0,1709400000.0,0.0,0.0,0.0,22218500000.0,6874000000.0,15344500000.0,53842092865.0,172900000.0,-4880100000.0,164500000.0,2790300000.0,-399800000.0,2042700000.0,-5243000000.0,264800000.0,3521800000.0,-148600000.0,2553700000.0,2553700000.0,2553700000.0,-400300000.0,0.0,0.151,6599400000.0,2735200000.0,1485000000.0,0.154,2.341,21.084,21.095,2354000000.0,0.0,77.84,3.189,3.187,3186100000.0,20703500000.0,16882400000.0,16882400000.0,975100000.0,0.055,0.107,0.207,0.189,129800000.0,5624300000.0,1.0,691702118.0,691200000.0,699800000.0,24.425,9650400000.0,0.0,457900000.0,0.0,13.962,-208900000.0
20,DHR,MRT,2016-09-30,2016-09-30,2016-09-30,2021-10-21,-2122300000.0,41297500000.0,47352250000.0,6493200000.0,34804300000.0,0.351,33.504,-515800000.0,971400000.0,971400000.0,7529300000.0,2495300000.0,1.363,0.778,8312200000.0,809100000.0,7503100000.0,8312200000.0,0.0,1094500000.0,0.0,0.007,0.58,3286500000.0,4381000000.0,0.264,4381000000.0,3286500000.0,3083700000.0,3.63,3.58,3.63,23191600000.0,24107925000.0,23191600000.0,64685907528.0,20.0,14.765,3588600000.0,5.184,1.0,9091800000.0,0.547,31888800000.0,202800000.0,11986100000.0,17542600000.0,1712200000.0,0.0,0.0,0.0,18033100000.0,4763400000.0,13269700000.0,54131307528.0,-862100000.0,-140300000.0,207500000.0,-3573700000.0,-405800000.0,-4284000000.0,-579900000.0,264800000.0,4104400000.0,-102600000.0,2495300000.0,2495300000.0,2495300000.0,-567900000.0,0.0,0.15,6417900000.0,2673900000.0,1354500000.0,0.16,2.334,21.693,21.595,2255100000.0,0.0,78.39,3.257,3.265,3081800000.0,20043100000.0,16621100000.0,16621100000.0,943200000.0,0.053,0.104,0.187,0.198,123200000.0,5474700000.0,1.0,690538430.0,692200000.0,701300000.0,24.012,9408700000.0,0.0,588400000.0,0.0,13.592,1729800000.0
21,DHR,MRT,2016-06-30,2016-07-01,2016-07-01,2021-10-21,-2391200000.0,51503700000.0,49454850000.0,11231000000.0,40272700000.0,0.324,36.25,-467600000.0,4097600000.0,4097600000.0,7302000000.0,3507000000.0,1.399,1.053,14652200000.0,2644500000.0,12007700000.0,14652200000.0,0.0,953600000.0,0.0,0.007,0.725,4293500000.0,5247100000.0,0.328,5247100000.0,4293500000.0,4095300000.0,5.1,5.03,5.1,25045100000.0,24088200000.0,25045100000.0,82194718546.0,19.0,15.665,3771200000.0,5.458,1.0,8699200000.0,0.544,36461800000.0,198200000.0,17570600000.0,18906475000.0,2240200000.0,0.0,0.0,0.0,26383400000.0,8025900000.0,18357500000.0,70467318546.0,755600000.0,-13747700000.0,262300000.0,10979100000.0,-391000000.0,10823700000.0,-14179300000.0,307800000.0,4238800000.0,-127600000.0,3507000000.0,3507000000.0,3507000000.0,-1602300000.0,0.0,0.219,6244400000.0,2454800000.0,1993200000.0,0.142,2.814,20.093,20.063,2784800000.0,0.0,102.32,4.404,4.418,3994800000.0,22206800000.0,16001200000.0,16001200000.0,914300000.0,0.071,0.146,0.227,0.268,110200000.0,5330100000.0,1.0,688695451.0,690900000.0,698900000.0,23.16,15041900000.0,0.0,588300000.0,0.0,21.771,3205100000.0
22,DHR,MRT,2016-03-31,2016-04-01,2016-04-01,2021-10-21,-2236500000.0,48385600000.0,45825625000.0,7747200000.0,40638400000.0,0.365,35.586,-458100000.0,664300000.0,664300000.0,7757600000.0,3546000000.0,1.456,0.972,12391700000.0,197000000.0,12194700000.0,12391700000.0,0.0,913000000.0,0.0,0.007,0.7,4261600000.0,5174600000.0,0.309,5174600000.0,4261600000.0,4089900000.0,5.13,5.06,5.13,24504700000.0,23852225000.0,24504700000.0,77792186843.0,18.0,15.033,3592900000.0,5.218,1.0,8961900000.0,0.536,36749200000.0,171700000.0,18042500000.0,16443725000.0,2237700000.0,0.0,0.0,0.0,23808500000.0,5321300000.0,18487200000.0,65712586843.0,-1846700000.0,-13859900000.0,231300000.0,8592200000.0,-376400000.0,8420400000.0,-14252000000.0,307800000.0,4051000000.0,-66100000.0,3546000000.0,3546000000.0,3546000000.0,-1343800000.0,0.0,0.212,6282800000.0,2679100000.0,1918800000.0,0.136,2.682,18.531,18.641,2872500000.0,0.0,95.63,3.93,3.939,3871200000.0,21660600000.0,16719500000.0,16719500000.0,979000000.0,0.077,0.149,0.259,0.255,103100000.0,5303800000.0,1.0,687154521.0,688600000.0,697100000.0,24.28,11636400000.0,0.0,543900000.0,0.0,16.899,2425900000.0
23,DHR,MRT,2015-12-31,2015-12-31,2015-12-31,2021-10-21,-2311200000.0,48222200000.0,42747300000.0,7836700000.0,40385500000.0,0.338,33.935,-452500000.0,790800000.0,790800000.0,6662600000.0,3357400000.0,1.27,1.032,12870400000.0,845200000.0,12025200000.0,12870400000.0,0.0,880800000.0,0.0,0.007,0.675,3789900000.0,4670700000.0,0.324,4670700000.0,3789900000.0,3650100000.0,4.81,4.74,4.81,23690300000.0,23556300000.0,23690300000.0,76827799964.0,20.0,16.449,3349300000.0,4.798,1.0,7771100000.0,0.538,31560200000.0,139800000.0,22571200000.0,13862150000.0,1573100000.0,0.0,0.0,0.0,24458200000.0,6170400000.0,18287800000.0,63649299964.0,-2214800000.0,-14247800000.0,249000000.0,9158600000.0,-354100000.0,9050200000.0,-14951000000.0,-44100000.0,3801800000.0,-115800000.0,3357400000.0,3357400000.0,3357400000.0,-1610700000.0,0.0,0.233,5608900000.0,2162200000.0,1391900000.0,0.14,2.687,18.958,19.31,2302700000.0,0.0,92.88,4.41,4.492,2985100000.0,21012300000.0,14433700000.0,14433700000.0,861400000.0,0.079,0.143,0.273,0.263,103800000.0,4747500000.0,1.0,685285314.0,698100000.0,708500000.0,20.676,16662000000.0,0.0,292700000.0,0.0,23.868,1666300000.0
24,DHR,MRT,2015-09-30,2015-10-02,2015-10-02,2021-10-21,-2199000000.0,49707900000.0,39939675000.0,8931800000.0,40776100000.0,0.303,33.57,-407700000.0,1833500000.0,1833500000.0,5479300000.0,3330500000.0,1.035,1.148,15012000000.0,3489300000.0,11522700000.0,15012000000.0,0.0,662400000.0,0.0,0.007,0.64,3750600000.0,4413000000.0,0.365,4413000000.0,3750600000.0,3651900000.0,4.77,4.69,4.77,23112700000.0,23478250000.0,23112700000.0,59051876493.0,16.0,13.381,3401900000.0,4.941,1.0,6624900000.0,0.547,36819200000.0,98700000.0,17441600000.0,10551950000.0,2340600000.0,0.0,0.0,0.0,26524100000.0,8625600000.0,17898500000.0,59231076493.0,-2191800000.0,-16414100000.0,256000000.0,11410400000.0,-331900000.0,11310300000.0,-17136700000.0,85600000.0,3809600000.0,-175000000.0,3330500000.0,3330500000.0,3330500000.0,-1932000000.0,0.0,0.275,4890200000.0,1734700000.0,1819400000.0,0.134,2.563,17.784,18.168,2791600000.0,0.0,86.66,4.893,4.929,3906100000.0,20416400000.0,12104200000.0,12104200000.0,729300000.0,0.083,0.142,0.355,0.31,78600000.0,4160900000.0,1.0,683488074.0,688500000.0,698700000.0,17.581,12888700000.0,0.0,321400000.0,0.0,18.72,306200000.0
25,DHR,MRT,2015-06-30,2015-07-03,2015-07-03,2021-10-21,-2032100000.0,36986800000.0,36396675000.0,9654500000.0,27332300000.0,0.365,33.969,-440000000.0,3342000000.0,3342000000.0,6115300000.0,2607800000.0,1.91,0.532,3162800000.0,110100000.0,3052700000.0,3162800000.0,0.0,730500000.0,0.0,0.005,0.47,3141500000.0,3872000000.0,0.291,3872000000.0,3141500000.0,3052300000.0,3.7,3.63,3.7,24101200000.0,23635250000.0,24101200000.0,62079734666.0,20.0,16.033,3433100000.0,4.839,1.0,7183800000.0,0.54,24032400000.0,89200000.0,7719600000.0,8162300000.0,1912200000.0,0.0,0.0,0.0,12814800000.0,5055600000.0,7759200000.0,61413234666.0,20900000.0,-2825500000.0,203500000.0,52800000.0,-306200000.0,-74100000.0,-3532800000.0,55000000.0,3873100000.0,-245300000.0,2607800000.0,2607800000.0,2607800000.0,-907900000.0,0.0,0.196,5062900000.0,2120900000.0,1744100000.0,0.127,2.548,23.55,23.459,2161300000.0,0.0,86.8,4.618,4.631,3565200000.0,21397200000.0,13299100000.0,13299100000.0,805200000.0,0.072,0.11,0.385,0.236,88200000.0,4257700000.0,1.0,707525745.0,709500000.0,719600000.0,18.744,12954400000.0,0.0,444500000.0,0.0,18.258,4598900000.0
26,DHR,MRT,2015-03-31,2015-04-03,2015-04-03,2021-10-21,-2107900000.0,36072300000.0,36063000000.0,8774400000.0,27297900000.0,0.369,32.977,-451500000.0,2511000000.0,2511000000.0,6142500000.0,2588500000.0,1.772,0.544,3177500000.0,123700000.0,3053800000.0,3177500000.0,0.0,728900000.0,0.0,0.005,0.435,3136800000.0,3865700000.0,0.291,3865700000.0,3136800000.0,3043400000.0,3.68,3.61,3.68,23321000000.0,23540075000.0,23321000000.0,59887226415.0,19.0,15.492,3319300000.0,4.694,1.0,7160000000.0,0.538,24069900000.0,93400000.0,7716200000.0,8288850000.0,1897200000.0,0.0,0.0,0.0,12681600000.0,4952700000.0,7728900000.0,59419426415.0,-835500000.0,-3159200000.0,164500000.0,-353300000.0,-280700000.0,-493700000.0,-3850300000.0,80000000.0,3770800000.0,-262300000.0,2588500000.0,2588500000.0,2588500000.0,-927700000.0,0.0,0.195,5084200000.0,2075800000.0,1732300000.0,0.118,2.548,22.955,22.878,2135900000.0,0.0,84.19,4.467,4.476,3446900000.0,20797300000.0,13302500000.0,13302500000.0,837000000.0,0.072,0.11,0.378,0.236,86000000.0,4247200000.0,1.0,705777722.0,707200000.0,718700000.0,18.81,12002400000.0,0.0,454900000.0,0.0,16.972,3821700000.0
27,DHR,MRT,2014-12-31,2014-12-31,2014-12-31,2021-10-21,-1433700000.0,36991700000.0,35805575000.0,9431300000.0,27560400000.0,0.359,33.293,-465400000.0,3005600000.0,3005600000.0,6017400000.0,2598400000.0,1.748,0.579,3473400000.0,71900000.0,3401500000.0,3473400000.0,0.0,718100000.0,0.0,0.005,0.4,3140600000.0,3858700000.0,0.3,3858700000.0,3140600000.0,3045900000.0,3.7,3.63,3.7,23378100000.0,23450250000.0,23378100000.0,59238496607.0,19.0,15.352,3293000000.0,4.69,1.0,6849500000.0,0.532,22732700000.0,94700000.0,9330400000.0,8489250000.0,1782800000.0,0.0,0.0,0.0,13541900000.0,5396400000.0,8145500000.0,60227696607.0,-109600000.0,-2839400000.0,132900000.0,-102500000.0,-227700000.0,-218200000.0,-3444300000.0,167100000.0,3758400000.0,-205500000.0,2598400000.0,2598400000.0,2598400000.0,-959700000.0,0.0,0.202,4804500000.0,2045000000.0,1825000000.0,0.108,2.576,23.179,23.165,2171900000.0,0.0,85.71,4.681,4.678,3445800000.0,20323000000.0,12866900000.0,12866900000.0,769400000.0,0.073,0.111,0.37,0.244,84700000.0,4035100000.0,1.0,702691595.0,702200000.0,716100000.0,18.324,14259000000.0,0.0,447500000.0,0.0,20.306,4034900000.0
28,DHR,MRT,2014-09-30,2014-09-26,2014-09-26,2021-10-21,-379800000.0,35535900000.0,35225700000.0,9989500000.0,25546400000.0,0.533,33.79,-555600000.0,4025300000.0,4025300000.0,9143700000.0,2726000000.0,2.234,0.494,3036100000.0,71400000.0,2964700000.0,3036100000.0,0.0,853400000.0,0.0,0.004,0.325,3654600000.0,4508000000.0,0.24,4508000000.0,3654600000.0,3531700000.0,3.89,3.82,3.89,23740700000.0,23202050000.0,23740700000.0,52936828133.0,14.0,11.743,3041600000.0,4.329,1.0,9621500000.0,0.513,22192600000.0,122900000.0,7883000000.0,8217325000.0,1874000000.0,0.0,0.0,0.0,11725800000.0,4471100000.0,7254700000.0,53188928133.0,2029700000.0,312300000.0,103700000.0,-412400000.0,-174800000.0,-483500000.0,-978700000.0,-654600000.0,3597200000.0,-105300000.0,2726000000.0,2726000000.0,2726000000.0,-103700000.0,0.0,0.145,6343500000.0,3278000000.0,1684000000.0,0.084,2.24,19.512,19.514,2161600000.0,0.0,75.91,2.834,2.842,3498100000.0,19731700000.0,18765200000.0,18765200000.0,1124600000.0,0.077,0.117,0.445,0.195,106900000.0,5218900000.0,1.0,700684075.0,702600000.0,716200000.0,26.708,13343300000.0,0.0,805700000.0,0.0,18.991,5518400000.0
29,DHR,MRT,2014-06-30,2014-06-27,2014-06-27,2021-10-21,305800000.0,35652100000.0,34772025000.0,9507300000.0,26144800000.0,0.539,33.828,-564200000.0,3321100000.0,3321100000.0,9133300000.0,2642400000.0,2.157,0.5,3069000000.0,49000000.0,3020000000.0,3069000000.0,0.0,874300000.0,0.0,0.003,0.25,3561100000.0,4435400000.0,0.237,4435400000.0,3561100000.0,3432800000.0,3.78,3.71,3.78,23720500000.0,22593025000.0,23720500000.0,55536461491.0,16.0,12.521,2988300000.0,4.262,1.0,9593900000.0,0.512,22767500000.0,128300000.0,8225800000.0,8391400000.0,1894200000.0,0.0,0.0,0.0,11863200000.0,4406700000.0,7456500000.0,55395961491.0,996200000.0,-208000000.0,128300000.0,-1069700000.0,-122200000.0,-1063600000.0,-1512600000.0,-667000000.0,3552500000.0,19900000.0,2642400000.0,2642400000.0,2642400000.0,-104400000.0,0.0,0.141,6369700000.0,3224200000.0,1734800000.0,0.066,2.335,20.964,20.95,2232100000.0,0.0,79.19,2.958,2.965,3631800000.0,19121400000.0,18727200000.0,18727200000.0,1145600000.0,0.076,0.117,0.424,0.19,108500000.0,5224100000.0,1.0,699532283.0,701200000.0,715600000.0,26.707,12884600000.0,0.0,790400000.0,0.0,18.375,5100600000.0
30,DHR,MRT,2014-03-31,2014-03-28,2014-03-28,2021-10-21,218600000.0,35042600000.0,34136250000.0,9404300000.0,25638300000.0,0.542,32.798,-552700000.0,3346500000.0,3346500000.0,9031900000.0,2582800000.0,2.185,0.523,3487000000.0,64100000.0,3422900000.0,3487000000.0,0.0,858500000.0,0.0,0.002,0.175,3494100000.0,4352600000.0,0.235,4352600000.0,3494100000.0,3359600000.0,3.71,3.63,3.71,22961700000.0,21736925000.0,22961700000.0,51980679449.0,15.0,11.942,2907300000.0,4.153,1.0,9469200000.0,0.512,22360900000.0,134500000.0,8517800000.0,8603875000.0,1871300000.0,0.0,0.0,0.0,12013800000.0,4304400000.0,7709400000.0,51596879449.0,1195800000.0,-766600000.0,153100000.0,-964200000.0,-69500000.0,-880600000.0,-1391900000.0,0.0,3460000000.0,8300000.0,2582800000.0,2582800000.0,2582800000.0,-104400000.0,0.0,0.14,6290700000.0,3178500000.0,1685400000.0,0.047,2.247,19.977,19.911,2182600000.0,0.0,73.87,2.789,2.795,3467600000.0,18515100000.0,18501100000.0,18501100000.0,1121400000.0,0.076,0.119,0.406,0.189,110800000.0,5169300000.0,1.0,698482191.0,700100000.0,714800000.0,26.426,12681700000.0,0.0,776800000.0,0.0,18.114,5099900000.0
31,DHR,MRT,2013-12-31,2013-12-31,2013-12-31,2021-10-21,214500000.0,34672200000.0,33492925000.0,9113700000.0,25558500000.0,0.546,32.163,-538100000.0,3115200000.0,3115200000.0,8941100000.0,2695000000.0,2.013,0.546,3499000000.0,62300000.0,3436700000.0,3499000000.0,0.0,850600000.0,0.0,0.001,0.1,3661900000.0,4512500000.0,0.247,4512500000.0,3661900000.0,3520700000.0,3.87,3.8,3.87,22385300000.0,20916775000.0,22385300000.0,55330226876.0,15.0,12.262,3047200000.0,4.378,1.0,9342000000.0,0.511,22285900000.0,141200000.0,8242700000.0,8813325000.0,1783500000.0,0.0,0.0,0.0,12220800000.0,4527400000.0,7693400000.0,53823826876.0,1436500000.0,76100000.0,177400000.0,-1731100000.0,-52100000.0,-1605800000.0,-552500000.0,0.0,3585300000.0,9500000.0,2695000000.0,2695000000.0,2695000000.0,-104400000.0,0.0,0.147,6221500000.0,3120500000.0,1778200000.0,0.026,2.404,19.972,19.948,2211300000.0,0.0,77.2,2.944,2.939,3451600000.0,18005300000.0,18283100000.0,18283100000.0,1104400000.0,0.08,0.129,0.415,0.2,109600000.0,5117100000.0,1.0,697199830.0,696000000.0,711000000.0,26.269,12386300000.0,0.0,825700000.0,0.0,17.796,4586300000.0
32,DHR,MRT,2013-09-30,2013-09-27,2013-09-27,2021-10-21,-25200000.0,33721200000.0,33060125000.0,8023700000.0,25697500000.0,0.569,30.535,-516700000.0,1995600000.0,1995600000.0,9035300000.0,2536100000.0,1.875,0.58,3502000000.0,56500000.0,3445500000.0,3502000000.0,0.0,881100000.0,0.0,0.001,0.1,3484800000.0,4365900000.0,0.232,4365900000.0,3484800000.0,3330400000.0,3.66,3.58,3.66,21304600000.0,20074575000.0,21304600000.0,50429301209.0,14.0,11.551,2790100000.0,3.999,1.0,9791200000.0,0.52,22368900000.0,154400000.0,8579300000.0,9400975000.0,1965700000.0,0.0,0.0,0.0,12350400000.0,4279400000.0,8071000000.0,48599401209.0,454300000.0,-1692600000.0,-172400000.0,-1102100000.0,-69100000.0,-1343600000.0,-1514100000.0,692000000.0,3306800000.0,5200000.0,2536100000.0,2536100000.0,2536100000.0,0.0,0.0,0.135,6560200000.0,3231000000.0,1683600000.0,0.027,2.281,19.163,19.09,2179200000.0,0.0,69.87,2.581,2.589,3372700000.0,17233500000.0,18826500000.0,18826500000.0,1212400000.0,0.077,0.126,0.371,0.185,116200000.0,5347800000.0,1.0,695568931.0,697700000.0,711900000.0,26.984,11352300000.0,0.0,794300000.0,0.0,16.271,3744300000.0
33,DHR,MRT,2013-06-30,2013-06-28,2013-06-28,2021-10-21,-378600000.0,33109000000.0,32526180000.0,8231000000.0,24878000000.0,0.571,29.195,-482300000.0,2324900000.0,2324900000.0,8928400000.0,2487800000.0,1.992,0.628,4154800000.0,53900000.0,4100900000.0,4154800000.0,0.0,866400000.0,0.0,0.002,0.1,3427500000.0,4293900000.0,0.231,4293900000.0,3427500000.0,3268700000.0,3.59,3.51,3.59,20296100000.0,19469946500.0,20296100000.0,46168957721.0,13.0,10.752,2814300000.0,4.048,1.0,9644500000.0,0.519,21730700000.0,158800000.0,9075700000.0,9671885000.0,1911000000.0,0.0,0.0,0.0,12744400000.0,4132500000.0,8611900000.0,43848357721.0,1206700000.0,-1174300000.0,-430700000.0,-631800000.0,-69000000.0,-1131500000.0,-954600000.0,692000000.0,3296600000.0,-3800000.0,2487800000.0,2487800000.0,2487800000.0,0.0,0.0,0.134,6488600000.0,3155900000.0,1621400000.0,0.028,2.16,17.625,17.632,2148900000.0,0.0,63.3,2.361,2.369,3281400000.0,16653900000.0,18572900000.0,18572900000.0,1192800000.0,0.076,0.128,0.354,0.185,115600000.0,5295800000.0,1.0,692707073.0,695200000.0,709800000.0,26.716,11378300000.0,0.0,780900000.0,0.0,16.367,4098500000.0
34,DHR,MRT,2013-03-31,2013-03-29,2013-03-29,2021-10-21,-268000000.0,32469300000.0,32041575750.0,7910000000.0,24559300000.0,0.574,28.441,-456800000.0,2150700000.0,2150700000.0,8884400000.0,2471200000.0,2.015,0.646,4471300000.0,67000000.0,4404300000.0,4471300000.0,0.0,854300000.0,0.0,0.002,0.1,3394300000.0,4248600000.0,0.231,4248600000.0,3394300000.0,3237000000.0,3.56,3.48,3.56,19681100000.0,18971400500.0,19681100000.0,46563198160.0,14.0,10.96,2949400000.0,4.262,1.0,9504500000.0,0.517,21507800000.0,157300000.0,9355600000.0,9858338750.0,1866500000.0,0.0,0.0,0.0,12720100000.0,3926500000.0,8793600000.0,42898798160.0,1107400000.0,-1061200000.0,-453100000.0,-266100000.0,-69100000.0,-788300000.0,-1499600000.0,0.0,3406200000.0,-10900000.0,2471200000.0,2471200000.0,2471200000.0,0.0,0.0,0.134,6398900000.0,3105600000.0,1534500000.0,0.028,2.18,17.36,17.458,2109900000.0,0.0,62.15,2.333,2.339,3118300000.0,16054500000.0,18388900000.0,18388900000.0,1164200000.0,0.077,0.13,0.344,0.185,114000000.0,5234700000.0,1.0,690246149.0,692000000.0,708400000.0,26.574,10961500000.0,0.0,765800000.0,0.0,15.84,3983500000.0
35,DHR,MRT,2012-12-31,2012-12-31,2012-12-31,2021-10-21,-59200000.0,32941000000.0,31529490500.0,7587800000.0,25353200000.0,0.579,27.425,-458300000.0,1678700000.0,1678700000.0,8846100000.0,2392200000.0,1.804,0.729,5343100000.0,55500000.0,5287600000.0,5343100000.0,0.0,839800000.0,0.0,0.002,0.1,3261200000.0,4101000000.0,0.225,4101000000.0,3261200000.0,3103700000.0,3.45,3.36,3.45,19016500000.0,18506951750.0,19016500000.0,41894142237.0,13.0,10.216,2956700000.0,4.264,1.0,9414300000.0,0.516,21806000000.0,157500000.0,10593300000.0,10008382750.0,1813400000.0,548300000.0,0.0,548300000.0,13857100000.0,4206100000.0,9651000000.0,38721256237.0,1141700000.0,-1459300000.0,-436400000.0,134400000.0,-86400000.0,-388400000.0,-1887600000.0,0.0,3415000000.0,2700000.0,2392200000.0,2392200000.0,2392200000.0,-92900000.0,0.0,0.131,6319100000.0,3095200000.0,1546300000.0,0.029,2.036,16.186,16.203,2140900000.0,0.0,55.9,2.121,2.123,3267300000.0,15379900000.0,18260400000.0,18260400000.0,1137900000.0,0.076,0.129,0.326,0.179,109900000.0,5181200000.0,1.0,692687947.0,693400000.0,713100000.0,26.335,11135000000.0,0.0,711500000.0,0.0,16.059,3381700000.0
36,DHR,MRT,2012-09-30,2012-09-28,2012-09-28,2021-10-21,149874000.0,31585420000.0,30781615500.0,6908000000.0,24677420000.0,0.585,27.166,-463363000.0,1541335000.0,1541335000.0,8805727000.0,2332550000.0,1.756,0.669,4714221000.0,55063000.0,4659158000.0,4714221000.0,0.0,824098000.0,0.0,0.002,0.1,3183718000.0,4007816000.0,0.223,4007816000.0,3183718000.0,3029631000.0,3.37,3.28,3.37,18886086000.0,17979026750.0,18886086000.0,42133641557.0,13.0,10.513,2979163000.0,4.285,1.0,9196117000.0,0.511,21160677000.0,154087000.0,9662940000.0,9917857750.0,1882370000.0,560629000.0,0.0,560629000.0,12632654000.0,3934689000.0,8697965000.0,38348854557.0,1056912000.0,-771472000.0,-63072000.0,-1068262000.0,-69171000.0,-1200505000.0,-1189054000.0,0.0,3442526000.0,3945000.0,2332550000.0,2332550000.0,2332550000.0,-100083000.0,0.0,0.13,6187656000.0,3008461000.0,1492632000.0,0.03,2.031,16.441,16.365,2062952000.0,0.0,55.15,2.13,2.13,2984728000.0,14766627000.0,18001844000.0,18001844000.0,1125294000.0,0.076,0.13,0.321,0.177,103384000.0,5062362000.0,1.0,695355477.0,695200000.0,713900000.0,25.894,10424743000.0,0.0,697081000.0,0.0,14.995,2973311000.0
37,DHR,MRT,2012-06-30,2012-06-29,2012-06-29,2021-10-21,-74945000.0,31170583000.0,30539866500.0,6610495000.0,24560088000.0,0.59,26.311,-461330000.0,1118240000.0,1118240000.0,8930933000.0,2307278000.0,1.64,0.7,4903027000.0,55407000.0,4847620000.0,4903027000.0,0.0,821190000.0,0.0,0.002,0.1,3045898000.0,3867088000.0,0.214,3867088000.0,3045898000.0,2888849000.0,3.34,3.25,3.34,18301916000.0,17381703000.0,18301916000.0,39961152394.0,13.0,10.334,2719938000.0,3.91,1.0,9101198000.0,0.505,21104154000.0,157049000.0,9821515000.0,10360964000.0,1855811000.0,552540000.0,0.0,552540000.0,12802859000.0,4029701000.0,8773158000.0,36078611394.0,566597000.0,-762126000.0,166478000.0,-1520690000.0,-69027000.0,-1423239000.0,-1186942000.0,0.0,3181268000.0,-4490000.0,2307278000.0,2307278000.0,2307278000.0,-108103000.0,0.0,0.128,6202873000.0,2898325000.0,1511061000.0,0.03,1.971,15.637,15.593,2065451000.0,0.0,52.08,2.001,2.009,3094250000.0,14235198000.0,18032131000.0,18032131000.0,1123300000.0,0.076,0.133,0.294,0.169,100034000.0,5079573000.0,1.0,692753675.0,695600000.0,714900000.0,25.923,10066429000.0,0.0,581571000.0,0.0,14.472,2580794000.0
38,DHR,MRT,2012-03-31,2012-03-30,2012-03-30,2021-10-21,147436000.0,30420959000.0,30625564750.0,6543223000.0,23877736000.0,0.559,25.775,-408404000.0,1043283000.0,1043283000.0,8451252000.0,2355842000.0,1.672,0.703,4925824000.0,63108000.0,4862716000.0,4925824000.0,0.0,733177000.0,0.0,0.002,0.095,3055349000.0,3788526000.0,0.221,3788526000.0,3055349000.0,2904788000.0,3.45,3.35,3.45,17823305000.0,16928598000.0,17823305000.0,43368693864.0,14.0,11.447,2426713000.0,3.509,1.0,8663250000.0,0.506,20435158000.0,150561000.0,9955776000.0,10980982000.0,1889079000.0,549865000.0,0.0,549865000.0,12529757000.0,3912566000.0,8617191000.0,38600502864.0,-550279000.0,-4731480000.0,1133020000.0,657850000.0,-65332000.0,1725538000.0,-5115645000.0,0.0,2835117000.0,4711000.0,2355842000.0,2355842000.0,2355842000.0,-317317000.0,0.0,0.138,5962728000.0,2700522000.0,1465982000.0,0.028,2.166,16.385,16.232,2104811000.0,0.0,56.0,2.255,2.263,2996457000.0,13652469000.0,17114502000.0,17114502000.0,1073370000.0,0.077,0.139,0.278,0.179,96524000.0,4889358000.0,1.0,689294694.0,691500000.0,714000000.0,24.75,9985801000.0,0.0,548946000.0,0.0,14.441,2630657000.0
39,DHR,MRT,2011-12-31,2011-12-31,2011-12-31,2021-10-21,-36900000.0,29949500000.0,28779045250.0,6272400000.0,23677100000.0,0.559,25.0,-334500000.0,537000000.0,537000000.0,7913900000.0,2172300000.0,1.503,0.768,5305200000.0,98400000.0,5206800000.0,5305200000.0,0.0,635000000.0,0.0,0.002,0.09,2826400000.0,3461400000.0,0.215,3461400000.0,2826400000.0,2684800000.0,3.21,3.11,3.21,16904800000.0,16137566500.0,16904800000.0,37697099698.0,13.0,10.891,2291800000.0,3.389,1.0,8176600000.0,0.508,20314500000.0,141600000.0,10231200000.0,10084545750.0,1781400000.0,521900000.0,0.0,521900000.0,12977700000.0,4172000000.0,8805700000.0,32285777698.0,-1096000000.0,-5530700000.0,1112500000.0,1037400000.0,-61300000.0,2088600000.0,-5847300000.0,0.0,2626300000.0,36400000.0,2172300000.0,2172300000.0,2172300000.0,-237000000.0,0.0,0.135,5626200000.0,2550400000.0,1422400000.0,0.028,1.91,14.862,14.654,2101000000.0,0.0,47.04,2.007,1.977,3049900000.0,13056900000.0,16090500000.0,16090500000.0,1018500000.0,0.075,0.135,0.28,0.176,95600000.0,4607700000.0,1.0,686347315.0,676200000.0,701200000.0,23.795,9635000000.0,0.0,512500000.0,0.0,14.249,2100400000.0
40,DHR,MRT,2011-09-30,2011-09-30,2011-09-30,2021-10-21,185110000.0,30618424000.0,26845952750.0,6314538000.0,24303886000.0,0.544,24.004,-254567000.0,484368000.0,484368000.0,7037980000.0,2075406000.0,1.531,0.852,5895690000.0,82284000.0,5813406000.0,5895690000.0,0.0,533001000.0,0.0,0.002,0.085,2642881000.0,3175882000.0,0.217,3175882000.0,2642881000.0,2511804000.0,3.1,3.0,3.1,16496791000.0,15339119000.0,16496791000.0,34773442273.0,13.0,10.949,2117838000.0,3.082,1.0,7567783000.0,0.518,20470686000.0,131077000.0,11435365000.0,9123406000.0,1970896000.0,531179000.0,0.0,531179000.0,14056273000.0,4123695000.0,9932578000.0,28752162273.0,-1150633000.0,-5944886000.0,1121472000.0,1606993000.0,-57242000.0,2671223000.0,-6225286000.0,0.0,2372405000.0,31025000.0,2075406000.0,2075406000.0,2075406000.0,-274146000.0,0.0,0.142,5229818000.0,2337965000.0,1467349000.0,0.027,1.743,13.854,13.529,2151052000.0,0.0,41.94,1.969,1.973,3007192000.0,12503349000.0,14605763000.0,14605763000.0,941934000.0,0.077,0.135,0.29,0.181,93762000.0,4287884000.0,1.0,685554656.0,687259000.0,710403000.0,21.252,10147738000.0,0.0,436398000.0,0.0,14.766,2190843000.0
41,DHR,MRT,2011-06-30,2011-07-01,2011-07-01,2021-10-21,737839000.0,31513376000.0,24565805500.0,6554800000.0,24958576000.0,0.539,24.714,-202678000.0,551583000.0,551583000.0,6256175000.0,2198413000.0,1.531,0.907,6572863000.0,47932000.0,6524931000.0,6572863000.0,0.0,421184000.0,0.0,0.001,0.08,2882759000.0,3303943000.0,0.249,3303943000.0,2882759000.0,2762796000.0,3.33,3.21,3.33,16489496000.0,14507904500.0,16489496000.0,37337758727.0,13.0,11.301,2049052000.0,3.071,1.0,6996637000.0,0.528,20951773000.0,119963000.0,12301587000.0,7788900000.0,2065049000.0,533136000.0,0.0,533136000.0,14957857000.0,4281296000.0,10676561000.0,36204356727.0,-681313000.0,-6050848000.0,1135872000.0,2214947000.0,-53161000.0,3297658000.0,-6281021000.0,0.0,2251730000.0,50320000.0,2198413000.0,2198413000.0,2198413000.0,-278757000.0,0.0,0.166,4743273000.0,2253364000.0,1515113000.0,0.024,2.196,16.468,16.372,2226119000.0,0.0,54.52,2.732,2.745,3099418000.0,11997077000.0,13252812000.0,13252812000.0,850865000.0,0.089,0.152,0.37,0.218,93184000.0,3892408000.0,1.0,664056433.0,667207000.0,694599000.0,19.863,10561603000.0,0.0,564383000.0,0.0,15.83,2273504000.0
42,DHR,MRT,2011-03-31,2011-04-01,2011-04-01,2021-10-21,606862000.0,23034881000.0,21707200750.0,6131892000.0,16902989000.0,0.591,22.157,-196442000.0,1593559000.0,1593559000.0,6149731000.0,1922125000.0,1.845,0.567,2726961000.0,58922000.0,2668039000.0,2726961000.0,0.0,399430000.0,0.0,0.002,0.08,2590466000.0,2989896000.0,0.233,2989896000.0,2590466000.0,2472971000.0,2.93,2.82,2.93,14659179000.0,13400033000.0,14659179000.0,35844850308.0,14.0,11.989,1930562000.0,2.918,1.0,6684638000.0,0.521,14474397000.0,117495000.0,6370031000.0,6099860250.0,1284932000.0,523231000.0,0.0,523231000.0,8311192000.0,3323855000.0,4987337000.0,34653162308.0,787231000.0,-1327378000.0,198567000.0,16291000.0,-52506000.0,162352000.0,-1552541000.0,0.0,2127004000.0,50416000.0,1922125000.0,1922125000.0,1922125000.0,-79896000.0,0.0,0.15,4509005000.0,2175633000.0,1239137000.0,0.027,2.364,18.029,17.942,1177703000.0,0.0,52.57,2.7,2.71,2210224000.0,11362018000.0,12834369000.0,12834369000.0,808394000.0,0.089,0.143,0.425,0.202,94394000.0,3700611000.0,1.0,659181326.0,661599000.0,688328000.0,19.399,8560484000.0,0.0,550846000.0,0.0,12.939,2808037000.0
43,DHR,MRT,2010-12-31,2010-12-31,2010-12-31,2021-10-21,345386000.0,22217130000.0,20918642000.0,6065455000.0,16151675000.0,0.6,20.991,-189500000.0,1632980000.0,1632980000.0,6145500000.0,1793000000.0,1.827,0.616,2824668000.0,40761000.0,2783907000.0,2824668000.0,0.0,388300000.0,0.0,0.002,0.08,2421500000.0,2809800000.0,0.224,2809800000.0,2421500000.0,2304400000.0,2.74,2.64,2.74,13711010000.0,12698532750.0,13711010000.0,32073723114.0,13.0,11.415,1894900000.0,2.901,1.0,6404500000.0,0.51,13701475000.0,117100000.0,6386641000.0,5956312000.0,1165623000.0,511283000.0,0.0,511283000.0,8444364000.0,3320702000.0,5123662000.0,30847022114.0,-88900000.0,-2073200000.0,178400000.0,-9400000.0,-52200000.0,116800000.0,-2288900000.0,0.0,2084400000.0,-1200000.0,1793000000.0,1793000000.0,1793000000.0,-74800000.0,0.0,0.143,4377700000.0,2026800000.0,1124821000.0,0.029,2.25,17.204,17.215,1129781000.0,0.0,47.17,2.458,2.455,2097974000.0,10945928000.0,12550000000.0,12550000000.0,774000000.0,0.086,0.141,0.407,0.193,88100000.0,3603700000.0,1.0,653954253.0,653200000.0,683300000.0,19.213,8515655000.0,0.0,511400000.0,0.0,13.037,2744753000.0
44,DHR,MRT,2010-09-30,2010-10-01,2010-10-01,2021-10-21,371917000.0,21497835000.0,20263214500.0,5460623000.0,16037212000.0,0.581,20.122,-197866000.0,1635041000.0,1635041000.0,5868266000.0,1586079000.0,1.773,0.632,2861742000.0,39483000.0,2822259000.0,2861742000.0,0.0,365996000.0,0.0,0.002,0.08,2175529000.0,2541525000.0,0.216,2541525000.0,2175529000.0,2053867000.0,2.43,2.35,2.43,13171933000.0,12178324250.0,13171933000.0,27957958998.0,13.0,11.0,1808545000.0,2.763,1.0,5914462000.0,0.502,13547768000.0,121662000.0,6097341000.0,5752732500.0,1244895000.0,498500000.0,0.0,498500000.0,8325902000.0,3079427000.0,5246475000.0,26365964998.0,-1190000.0,-1935189000.0,194842000.0,-15108000.0,-52028000.0,127706000.0,-2166137000.0,-16000000.0,2006411000.0,30830000.0,1586079000.0,1586079000.0,1586079000.0,-95130000.0,0.0,0.135,4141668000.0,1772794000.0,1178865000.0,0.033,2.002,16.623,16.626,1153431000.0,0.0,40.4,2.238,2.244,2032661000.0,10485199000.0,11782728000.0,11782728000.0,690305000.0,0.078,0.13,0.378,0.185,86380000.0,3451363000.0,1.0,652622896.0,654599000.0,683431000.0,18.0,7950067000.0,0.0,467788000.0,0.0,12.145,2381196000.0
45,DHR,MRT,2010-06-30,2010-07-02,2010-07-02,2021-10-21,-58153000.0,20078957000.0,19679232500.0,5044931000.0,15034026000.0,0.581,18.48,-177138000.0,1232936000.0,1232936000.0,5817101000.0,1291007000.0,1.686,0.665,2824930000.0,69964000.0,2754966000.0,2824930000.0,0.0,355772000.0,0.0,0.002,0.075,1783162000.0,2138934000.0,0.187,2138934000.0,1783162000.0,1660906000.0,1.99,1.93,1.99,12058010000.0,11687973250.0,12058010000.0,25616360225.0,14.0,11.976,1753154000.0,2.687,1.0,5623484000.0,0.492,13133622000.0,122256000.0,5545428000.0,5630941000.0,1238693000.0,0.0,0.0,0.0,8020947000.0,2991901000.0,5029046000.0,23536879225.0,-25475000.0,-1951874000.0,220322000.0,23675000.0,-48581000.0,195416000.0,-2160265000.0,-16000000.0,1930292000.0,9082000.0,1291007000.0,1291007000.0,1291007000.0,-82499000.0,0.0,0.113,3928656000.0,1694828000.0,1223890000.0,0.038,1.952,18.231,18.216,1163335000.0,0.0,36.25,2.057,2.067,2025978000.0,9851839000.0,11440585000.0,11440585000.0,652908000.0,0.066,0.11,0.317,0.156,82542000.0,3360866000.0,1.0,649293220.0,652478000.0,682338000.0,17.534,6945335000.0,0.0,369899000.0,0.0,10.645,2053030000.0
46,DHR,MRT,2010-03-31,2010-04-02,2010-04-02,2021-10-21,231793000.0,19880646000.0,19240092500.0,4541077000.0,15339569000.0,0.566,18.265,-171303000.0,806368000.0,806368000.0,5616566000.0,1214225000.0,1.589,0.677,2885849000.0,63551000.0,2822298000.0,2885849000.0,0.0,343989000.0,0.0,0.002,0.07,1599076000.0,1943065000.0,0.178,1943065000.0,1599076000.0,1474435000.0,1.88,1.82,1.88,11853178000.0,11324102500.0,11853178000.0,27293665559.0,17.0,14.047,1706731000.0,2.63,1.0,5280200000.0,0.485,13306483000.0,124641000.0,5795838000.0,5636427750.0,1187893000.0,0.0,0.0,0.0,8027468000.0,2857806000.0,5169662000.0,26082376559.0,-169577000.0,-1956958000.0,187348000.0,-54513000.0,-45117000.0,87718000.0,-2174203000.0,-32790000.0,1878034000.0,38874000.0,1214225000.0,1214225000.0,1214225000.0,-72146000.0,0.0,0.111,3759192000.0,1521008000.0,1161791000.0,0.037,2.2,21.481,21.444,1179094000.0,0.0,40.315,2.394,2.401,1981411000.0,9492413000.0,10896766000.0,10896766000.0,620209000.0,0.063,0.107,0.284,0.147,79901000.0,3224101000.0,1.0,646964568.0,648968000.0,680122000.0,16.791,6574163000.0,0.0,260210000.0,0.0,10.13,1683271000.0
47,DHR,MRT,2009-12-31,2009-12-31,2009-12-31,2021-10-21,346944000.0,19595420000.0,18688209500.0,5220628000.0,14374792000.0,0.563,18.129,-170423000.0,1721920000.0,1721920000.0,5446584000.0,1151704000.0,1.891,0.685,2933209000.0,44186000.0,2889023000.0,2933209000.0,0.0,331792000.0,0.0,0.002,0.065,1509376000.0,1841168000.0,0.175,1841168000.0,1509376000.0,1390722000.0,1.8,1.73,1.8,11630176000.0,10861547000.0,11630176000.0,25470841246.0,17.0,13.834,1630411000.0,2.541,1.0,5070097000.0,0.482,12473426000.0,118654000.0,5572323000.0,5573073500.0,993016000.0,0.0,0.0,0.0,7965244000.0,2760960000.0,5204284000.0,24156861246.0,1329066000.0,-693716000.0,174233000.0,274716000.0,-41717000.0,407232000.0,-942941000.0,-66768000.0,1800834000.0,63941000.0,1151704000.0,1151704000.0,1151704000.0,-64660000.0,0.0,0.11,3630415000.0,1439682000.0,1051487000.0,0.036,2.077,20.975,20.889,1143331000.0,0.0,37.6,2.297,2.294,1916831000.0,9205142000.0,10516681000.0,10516681000.0,600268000.0,0.062,0.106,0.271,0.144,87350000.0,3115265000.0,1.0,642469714.0,641530000.0,671484000.0,16.393,7121994000.0,0.0,239018000.0,0.0,11.102,2459668000.0
48,DHR,MRT,2009-09-30,2009-10-02,2009-10-02,2021-10-21,279359000.0,19161907000.0,18161886500.0,5198784000.0,13963123000.0,0.618,17.457,-187458000.0,1636231000.0,1636231000.0,5935108000.0,1190455000.0,1.941,0.709,2950211000.0,50714000.0,2899497000.0,2950211000.0,0.0,336628000.0,0.0,0.002,0.06,1579798000.0,1916426000.0,0.171,1916426000.0,1579798000.0,1467137000.0,1.855,1.795,1.855,11210529000.0,10406143500.0,11210529000.0,22346233399.0,14.0,11.66,1627390000.0,2.534,1.0,5293444000.0,0.471,12187361000.0,112661000.0,5610175000.0,5490368500.0,1071430000.0,0.0,0.0,0.0,7951378000.0,2678351000.0,5273027000.0,20699853399.0,1349712000.0,-463384000.0,32663000.0,223322000.0,-38327000.0,217658000.0,-701610000.0,-50768000.0,1814848000.0,18816000.0,1190455000.0,1190455000.0,1190455000.0,0.0,0.0,0.106,3721031000.0,1572413000.0,973155000.0,0.032,1.846,17.388,17.45,1097424000.0,0.0,32.37,1.844,1.851,1836255000.0,8951148000.0,11228552000.0,11228552000.0,645902000.0,0.066,0.114,0.288,0.141,88905000.0,3160247000.0,1.0,639476472.0,642186000.0,672536000.0,17.485,6974546000.0,0.0,276682000.0,0.0,10.861,2520433000.0
49,DHR,MRT,2009-06-30,2009-07-03,2009-07-03,2021-10-21,84156000.0,18322397000.0,17776571750.0,4788672000.0,13533725000.0,0.657,16.571,-191104000.0,1258411000.0,1258411000.0,6202983000.0,1211084000.0,1.909,0.728,2904791000.0,41398000.0,2863393000.0,2904791000.0,0.0,335503000.0,0.0,0.002,0.06,1636817000.0,1972320000.0,0.169,1972320000.0,1636817000.0,1525780000.0,1.885,1.82,1.885,10602527000.0,10146570500.0,10602527000.0,20936027155.0,13.0,10.615,1555339000.0,2.431,1.0,5483057000.0,0.469,11893276000.0,111037000.0,5567375000.0,5372536000.0,1067075000.0,0.0,0.0,0.0,7719870000.0,2508126000.0,5211744000.0,18994002155.0,974311000.0,-462026000.0,12123000.0,-64879000.0,-38287000.0,-91043000.0,-703898000.0,-50768000.0,1746443000.0,22809000.0,1211084000.0,1211084000.0,1211084000.0,0.0,0.0,0.104,3853101000.0,1629956000.0,906542000.0,0.032,1.791,15.683,15.806,1096721000.0,0.0,29.795,1.625,1.631,1750114000.0,8609413000.0,11686040000.0,11686040000.0,668868000.0,0.068,0.119,0.305,0.14,89291000.0,3184233000.0,1.0,637489584.0,639832000.0,669080000.0,18.264,6429121000.0,0.0,314696000.0,0.0,10.048,2280546000.0
50,DHR,MRT,2009-03-31,2009-04-03,2009-04-03,2021-10-21,-177985000.0,17673114000.0,17694626000.0,4497281000.0,13175833000.0,0.695,15.662,-190031000.0,975945000.0,975945000.0,6515239000.0,1278838000.0,1.817,0.767,2917970000.0,77180000.0,2840790000.0,2917970000.0,0.0,332989000.0,0.0,0.002,0.06,1803621000.0,2136610000.0,0.174,2136610000.0,1803621000.0,1690059000.0,1.995,1.925,1.995,10002956000.0,10014509000.0,10002956000.0,19385342547.0,11.0,9.073,1652519000.0,2.587,1.0,5781087000.0,0.47,11597963000.0,113562000.0,5542421000.0,5357767750.0,1133800000.0,0.0,0.0,0.0,7670158000.0,2474755000.0,5195403000.0,17158867547.0,742126000.0,-360642000.0,-1825000.0,-470295000.0,-38268000.0,-510388000.0,-584651000.0,-33978000.0,1842550000.0,-5385000.0,1278838000.0,1278838000.0,1278838000.0,0.0,0.0,0.104,3984613000.0,1796474000.0,930819000.0,0.03,1.715,13.418,13.494,1077692000.0,0.0,26.92,1.395,1.398,1707133000.0,8323305000.0,12296326000.0,12296326000.0,700234000.0,0.072,0.128,0.337,0.147,89099000.0,3284379000.0,1.0,637402212.0,638672000.0,666962000.0,19.253,6075151000.0,0.0,411221000.0,0.0,9.512,2022526000.0
51,DHR,MRT,2008-12-31,2008-12-31,2008-12-31,2021-10-21,-103100000.0,17490128000.0,17739603000.0,4187119000.0,13303009000.0,0.716,15.357,-192695000.0,392854000.0,392854000.0,6757262000.0,1317631000.0,1.525,0.783,2619329000.0,66159000.0,2553170000.0,2619329000.0,0.0,339287000.0,0.0,0.002,0.06,1879481000.0,2218768000.0,0.175,2218768000.0,1879481000.0,1749307000.0,2.06,1.98,2.06,9808562000.0,9907418750.0,9808562000.0,20514257304.0,11.0,9.246,1666334000.0,2.609,1.0,5940194000.0,0.468,11730003000.0,130174000.0,5241503000.0,5491448500.0,1142309000.0,0.0,0.0,0.0,7681566000.0,2745097000.0,4936469000.0,18093094304.0,153746000.0,-374704000.0,8265000.0,-1092259000.0,-38259000.0,-1122253000.0,-567399000.0,0.0,1859029000.0,-15631000.0,1317631000.0,1317631000.0,1317631000.0,0.0,0.0,0.104,4070717000.0,1869477000.0,1108961000.0,0.029,1.845,13.732,13.74,1108653000.0,0.0,28.305,1.425,1.424,1894585000.0,8095155000.0,12697456000.0,12697456000.0,725443000.0,0.074,0.133,0.342,0.148,86000000.0,3345274000.0,1.0,639219018.0,638722000.0,671726000.0,19.879,5760125000.0,0.0,431676000.0,0.0,9.018,1442022000.0
52,DHR,MRT,2008-09-30,2008-09-26,2008-09-26,2021-10-21,514763000.0,17620648000.0,17735054750.0,4121066000.0,13499582000.0,0.714,15.9,-177730000.0,286519000.0,286519000.0,6723012000.0,1332170000.0,1.368,0.732,2707682000.0,316380000.0,2391302000.0,2707682000.0,0.0,333137000.0,0.0,0.002,0.06,1919335000.0,2252472000.0,0.178,2252472000.0,1919335000.0,1781801000.0,2.095,2.0,2.095,10172237000.0,9726700250.0,10172237000.0,25406924948.0,13.0,11.28,1743257000.0,2.725,1.0,5939115000.0,0.469,11891348000.0,137534000.0,5138845000.0,5744381250.0,1274851000.0,0.0,0.0,0.0,7448411000.0,3011618000.0,4436793000.0,22638321948.0,77238000.0,-2654156000.0,639955000.0,706472000.0,-38248000.0,1308179000.0,-3154747000.0,-322861000.0,1920987000.0,2819000.0,1332170000.0,1332170000.0,1332170000.0,0.0,0.0,0.105,4028519000.0,1910596000.0,1148488000.0,0.029,2.226,16.994,16.94,1106313000.0,0.0,35.49,1.788,1.793,2100795000.0,7799020000.0,12662127000.0,12662127000.0,774558000.0,0.075,0.137,0.334,0.152,86577000.0,3253961000.0,1.0,637878894.0,639774000.0,674668000.0,19.792,5729300000.0,0.0,449631000.0,0.0,8.955,1109448000.0
53,DHR,MRT,2008-06-30,2008-06-27,2008-06-27,2021-10-21,830121000.0,17994614000.0,16773652250.0,4191727000.0,13802887000.0,0.726,15.779,-171974000.0,284100000.0,284100000.0,6507341000.0,1443899000.0,1.355,0.786,3052703000.0,312647000.0,2740056000.0,3052703000.0,0.0,312470000.0,0.0,0.002,0.06,2009096000.0,2321566000.0,0.191,2321566000.0,2009096000.0,1876110000.0,2.295,2.185,2.295,10074281000.0,9196978750.0,10074281000.0,27749275252.0,14.0,11.953,1697067000.0,2.658,1.0,5677756000.0,0.466,12161394000.0,132986000.0,5508302000.0,5519570250.0,1297456000.0,0.0,0.0,0.0,7920333000.0,3093521000.0,4826812000.0,24477828252.0,109955000.0,-2955353000.0,714085000.0,707841000.0,-37971000.0,1383955000.0,-3150553000.0,-23219000.0,1869041000.0,7512000.0,1443899000.0,1443899000.0,1443899000.0,-149220000.0,0.0,0.118,3826366000.0,1851390000.0,1193576000.0,0.026,2.43,16.953,16.747,1131887000.0,0.0,38.435,2.009,2.014,2094317000.0,7436616000.0,12185097000.0,12185097000.0,723713000.0,0.086,0.157,0.364,0.165,80697000.0,3102653000.0,1.0,636862970.0,638466000.0,673102000.0,19.085,5833220000.0,0.0,432211000.0,0.0,9.136,1098206000.0
54,DHR,MRT,2008-03-31,2008-03-28,2008-03-28,2021-10-21,721498000.0,17853022000.0,15561672250.0,4155273000.0,13697749000.0,0.741,15.016,-154342000.0,233819000.0,233819000.0,6214379000.0,1391605000.0,1.394,0.865,3505266000.0,301122000.0,3204144000.0,3505266000.0,0.0,292538000.0,0.0,0.002,0.06,1944558000.0,2237096000.0,0.194,2237096000.0,1944558000.0,1821478000.0,2.23,2.12,2.23,9574595000.0,8511923000.0,9574595000.0,27397832000.0,14.0,12.247,1501693000.0,2.355,1.0,5318708000.0,0.461,12065881000.0,123080000.0,6077144000.0,5258037500.0,1292297000.0,0.0,0.0,0.0,8278427000.0,2981444000.0,5296983000.0,23910696000.0,36255000.0,-2992326000.0,606073000.0,972950000.0,-37646000.0,1541377000.0,-3170337000.0,-23219000.0,1656035000.0,9180000.0,1391605000.0,1391605000.0,1391605000.0,-152718000.0,0.0,0.121,3534894000.0,1783814000.0,1144649000.0,0.027,2.497,17.182,16.843,1127735000.0,0.0,37.56,2.073,2.077,2099508000.0,7082735000.0,11533087000.0,11533087000.0,663856000.0,0.089,0.163,0.37,0.169,76754000.0,2885373000.0,1.0,636600000.0,637606000.0,671948000.0,18.088,5787141000.0,0.0,429873000.0,0.0,9.076,1173829000.0
55,DHR,MRT,2007-12-31,2007-12-31,2007-12-31,2021-10-21,542690000.0,17471935000.0,14370471250.0,4049767000.0,13422168000.0,0.767,14.597,-146534000.0,239108000.0,239108000.0,5985022000.0,1369904000.0,1.397,0.923,3726244000.0,330480000.0,3395764000.0,3726244000.0,0.0,268492000.0,0.0,0.001,0.055,1902707000.0,2171199000.0,0.197,2171199000.0,1902707000.0,1793005000.0,2.2,2.095,2.2,9085688000.0,7879960000.0,9085688000.0,28972167256.0,15.0,13.344,1499241000.0,2.409,1.0,5040895000.0,0.457,11805984000.0,109702000.0,6253234000.0,4868604750.0,1193615000.0,0.0,0.0,0.0,8386247000.0,2899853000.0,5486394000.0,27234242256.0,-78702000.0,-3275284000.0,615542000.0,1130903000.0,-34275000.0,1712170000.0,-3445759000.0,-23219000.0,1645775000.0,9112000.0,1369904000.0,1369904000.0,1369904000.0,-155906000.0,0.0,0.124,3300186000.0,1740709000.0,1125600000.0,0.025,2.997,19.88,19.941,1108634000.0,0.0,43.87,2.47,2.477,1984384000.0,6820756000.0,11025917000.0,11025917000.0,601424000.0,0.095,0.174,0.391,0.173,73347000.0,2713097000.0,1.0,620794216.0,622450000.0,658918000.0,17.714,5665951000.0,0.0,423101000.0,0.0,9.103,1149914000.0
56,DHR,MRT,2007-09-30,2007-09-28,2007-09-28,2021-10-21,413845000.0,13775038000.0,13218525250.0,3386053000.0,10388985000.0,0.795,12.976,-121788000.0,209281000.0,209281000.0,5739942000.0,1373396000.0,1.618,0.71,1947206000.0,20360000.0,1926846000.0,1947206000.0,0.0,253539000.0,0.0,0.001,0.05,1882353000.0,2135892000.0,0.203,2135892000.0,1882353000.0,1779633000.0,2.22,2.11,2.22,8053351000.0,7269703000.0,8053351000.0,27473744640.0,15.0,12.863,1415871000.0,2.281,1.0,4770192000.0,0.454,9180944000.0,102720000.0,4239601000.0,4370741250.0,1080832000.0,0.0,0.0,0.0,5721687000.0,2092418000.0,3629269000.0,25489312640.0,-54671000.0,-1296672000.0,67921000.0,-516097000.0,-30899000.0,-479075000.0,-1120118000.0,299642000.0,1537659000.0,6863000.0,1373396000.0,1373396000.0,1373396000.0,-159614000.0,0.0,0.131,3052046000.0,1718146000.0,1016023000.0,0.023,3.165,18.559,18.628,902411000.0,0.0,41.355,2.425,2.442,1826709000.0,6510071000.0,10510134000.0,10510134000.0,494958000.0,0.104,0.189,0.431,0.179,68460000.0,2571423000.0,1.0,616353830.0,620648000.0,656272000.0,16.934,4594094000.0,0.0,406237000.0,0.0,7.402,1293635000.0
57,DHR,MRT,2007-06-30,2007-06-29,2007-06-29,2021-10-21,288122000.0,13146694000.0,12780407750.0,3279012000.0,9867682000.0,0.797,11.849,-128175000.0,174145000.0,174145000.0,5577393000.0,1157746000.0,1.616,0.793,2158577000.0,25373000.0,2133204000.0,2158577000.0,0.0,243978000.0,0.0,0.001,0.045,1661043000.0,1905021000.0,0.187,1905021000.0,1661043000.0,1557513000.0,1.875,1.785,1.875,7334058000.0,6794214500.0,7334058000.0,25472380000.0,15.0,13.371,1459107000.0,2.357,1.0,4610085000.0,0.453,8640163000.0,103530000.0,4462171000.0,4292768250.0,1048858000.0,0.0,0.0,0.0,5812636000.0,2028792000.0,3783844000.0,23344600000.0,-110588000.0,-902089000.0,-17632000.0,-620435000.0,-27743000.0,-665810000.0,-1032274000.0,0.0,1587282000.0,214000.0,1157746000.0,1157746000.0,1157746000.0,-14489000.0,0.0,0.114,2968248000.0,1641837000.0,987804000.0,0.024,3.183,20.164,20.133,887709000.0,0.0,37.75,2.291,2.294,1732186000.0,6035661000.0,10187478000.0,10187478000.0,482477000.0,0.091,0.17,0.387,0.163,72675000.0,2500868000.0,1.0,618400000.0,618942000.0,655472000.0,16.46,4506531000.0,0.0,399767000.0,0.0,7.281,1250220000.0
58,DHR,MRT,2007-03-31,2007-03-30,2007-03-30,2021-10-21,227946000.0,13088218000.0,12471799500.0,3306074000.0,9782144000.0,0.794,11.378,-130422000.0,197564000.0,197564000.0,5464412000.0,1161114000.0,1.575,0.857,2325344000.0,30510000.0,2294834000.0,2325344000.0,0.0,232376000.0,0.0,0.001,0.04,1598982000.0,1831358000.0,0.185,1831358000.0,1598982000.0,1501919000.0,1.88,1.795,1.88,7046743000.0,6425580500.0,7046743000.0,24201101000.0,15.0,13.215,1402505000.0,2.265,1.0,4440945000.0,0.448,8598090000.0,97063000.0,4519413000.0,4206582000.0,1050106000.0,0.0,0.0,0.0,6041475000.0,2098495000.0,3942980000.0,22085195000.0,-63259000.0,-2824935000.0,106718000.0,1176414000.0,-24648000.0,1258484000.0,-2858439000.0,98485000.0,1532927000.0,3769000.0,1161114000.0,1161114000.0,1161114000.0,-10991000.0,0.0,0.117,2860714000.0,1580231000.0,949344000.0,0.021,3.134,19.021,19.003,888708000.0,0.0,35.725,2.23,2.234,1682874000.0,5733749000.0,9905357000.0,9905357000.0,352468000.0,0.093,0.181,0.38,0.161,70915000.0,2524625000.0,1.0,618200000.0,619336000.0,655900000.0,15.994,4490128000.0,0.0,340805000.0,0.0,7.25,1207579000.0
59,DHR,MRT,2006-12-31,2006-12-31,2006-12-31,2021-10-21,191985000.0,12864151000.0,11538289500.0,3436739000.0,9427412000.0,0.82,10.787,-126423000.0,317810000.0,317810000.0,5268996000.0,1122029000.0,1.397,0.936,2433716000.0,10855000.0,2422861000.0,2433716000.0,0.0,215697000.0,0.0,0.001,0.04,1521041000.0,1736738000.0,0.183,1736738000.0,1521041000.0,1441666000.0,1.82,1.74,1.82,6644660000.0,6007477500.0,6644660000.0,24308435000.0,16.0,13.997,1420828000.0,2.307,1.0,4197060000.0,0.443,8258563000.0,79375000.0,4261780000.0,3668047750.0,988709000.0,0.0,0.0,0.0,6219491000.0,2459714000.0,3759777000.0,22297032000.0,2259000.0,-2740137000.0,98415000.0,1145015000.0,-24589000.0,1218841000.0,-2769370000.0,98485000.0,1547251000.0,5537000.0,1122029000.0,1122029000.0,1122029000.0,-12823000.0,0.0,0.119,2696850000.0,1500210000.0,932870000.0,0.022,3.356,19.872,19.901,868623000.0,0.0,36.22,2.355,2.357,1654725000.0,5421809000.0,9466056000.0,9466056000.0,440002000.0,0.097,0.187,0.415,0.161,67191000.0,2273227000.0,1.0,615600000.0,615968000.0,650502000.0,15.368,4605588000.0,0.0,319637000.0,0.0,7.477,977025000.0
60,DHR,MRT,2006-09-30,2006-09-29,2006-09-29,2021-10-21,54088000.0,12022568000.0,10613029000.0,3228291000.0,8794277000.0,0.853,9.975,-119996000.0,263952000.0,263952000.0,5083027000.0,1050015000.0,1.365,0.954,2275355000.0,13812000.0,2261543000.0,2275355000.0,0.0,194184000.0,0.0,0.001,0.04,1425729000.0,1619913000.0,0.179,1619913000.0,1425729000.0,1362940000.0,1.705,1.63,1.705,6151397000.0,5616400000.0,6151397000.0,23480617000.0,16.0,14.495,1265406000.0,2.052,1.0,3969441000.0,0.438,7741585000.0,62789000.0,3927709000.0,3180491750.0,1020982000.0,0.0,0.0,0.0,5871171000.0,2364677000.0,3506494000.0,21102291000.0,-11669000.0,-2330075000.0,-60528000.0,1036330000.0,-24536000.0,951266000.0,-2353776000.0,98485000.0,1385402000.0,5439000.0,1050015000.0,1050015000.0,1050015000.0,-16286000.0,0.0,0.116,2569428000.0,1400013000.0,844469000.0,0.023,3.43,20.097,20.138,846447000.0,0.0,34.335,2.331,2.339,1595579000.0,5104256000.0,9052468000.0,9052468000.0,492987000.0,0.099,0.187,0.448,0.157,51782000.0,2078890000.0,1.0,614600000.0,616688000.0,651476000.0,14.679,4280983000.0,0.0,312925000.0,0.0,6.942,863614000.0
61,DHR,MRT,2006-06-30,2006-06-30,2006-06-30,2021-10-21,61951000.0,11912261000.0,9863155750.0,3244221000.0,8668040000.0,0.873,9.517,-109218000.0,284733000.0,284733000.0,4882140000.0,1010765000.0,1.279,1.033,2663059000.0,280342000.0,2382717000.0,2663059000.0,0.0,183385000.0,0.0,0.001,0.04,1356800000.0,1540185000.0,0.179,1540185000.0,1356800000.0,1311288000.0,1.64,1.565,1.64,5859522000.0,5327087750.0,5859522000.0,20317364000.0,15.0,13.192,1151627000.0,1.87,1.0,3728208000.0,0.433,7636067000.0,45512000.0,4117426000.0,2767252750.0,1009847000.0,0.0,0.0,0.0,6052739000.0,2537094000.0,3515645000.0,19707648000.0,-523922000.0,-2800082000.0,-112009000.0,1150906000.0,-24556000.0,1014341000.0,-2812288000.0,98485000.0,1260845000.0,13180000.0,1010765000.0,1010765000.0,1010765000.0,-12191000.0,0.0,0.117,2395138000.0,1333070000.0,820960000.0,0.024,3.363,19.498,19.61,855828000.0,0.0,32.16,2.289,2.3,1561321000.0,4842340000.0,8610348000.0,8610348000.0,374307000.0,0.102,0.19,0.49,0.158,32745000.0,2017941000.0,1.0,612800000.0,615718000.0,648006000.0,13.984,4276194000.0,0.0,300523000.0,0.0,6.945,707127000.0
62,DHR,MRT,2006-03-31,2006-03-31,2006-03-31,2021-10-21,-67048000.0,9354178000.0,9051625000.0,3001125000.0,6353053000.0,0.905,8.758,-108306000.0,260823000.0,260823000.0,4643511000.0,925263000.0,1.392,0.741,870539000.0,6588000.0,863951000.0,870539000.0,0.0,175876000.0,0.0,0.001,0.037,1300228000.0,1476104000.0,0.18,1476104000.0,1300228000.0,1259382000.0,1.5,1.425,1.5,5374331000.0,5062542250.0,5374331000.0,20147051000.0,15.0,13.649,1120726000.0,1.826,1.0,3545700000.0,0.433,5443411000.0,40846000.0,2365276000.0,2271323000.0,886581000.0,0.0,0.0,0.0,3979847000.0,2155207000.0,1824640000.0,19420880000.0,-412249000.0,-883429000.0,-182394000.0,-459993000.0,-23037000.0,-665424000.0,-971108000.0,22100000.0,1229032000.0,-4749000.0,925263000.0,925263000.0,925263000.0,-12191000.0,0.0,0.113,2272891000.0,1272809000.0,807254000.0,0.025,3.614,20.99,21.183,753140000.0,0.0,31.775,2.372,2.381,1388559000.0,4533965000.0,8189211000.0,8189211000.0,374307000.0,0.102,0.183,0.572,0.159,19151000.0,1888653000.0,1.0,611200000.0,613676000.0,648090000.0,13.345,3910767000.0,0.0,334119000.0,0.0,6.373,845918000.0
63,DHR,MRT,2005-12-31,2005-12-31,2005-12-31,2021-10-21,-109279000.0,9163109000.0,8868756000.0,2945019000.0,6218090000.0,0.888,8.223,-100950000.0,315551000.0,315551000.0,4467303000.0,897800000.0,1.298,0.804,1041722000.0,183951000.0,857771000.0,1041722000.0,0.0,175242000.0,0.0,0.001,0.035,1274473000.0,1449715000.0,0.184,1449715000.0,1274473000.0,1229933000.0,1.455,1.38,1.455,5080350000.0,4903691500.0,5080350000.0,17964654000.0,14.0,12.392,1102851000.0,1.785,1.0,3404195000.0,0.432,5309138000.0,44540000.0,2311556000.0,2230797250.0,825263000.0,0.0,0.0,0.0,4082759000.0,2268586000.0,1814173000.0,17185818000.0,-293564000.0,-885083000.0,-197765000.0,-292242000.0,-21553000.0,-511560000.0,-965406000.0,22100000.0,1203801000.0,-20399000.0,897800000.0,897800000.0,897800000.0,-12191000.0,0.0,0.114,2156620000.0,1247575000.0,782854000.0,0.024,3.383,19.142,19.168,748172000.0,0.0,27.89,2.183,2.189,1407858000.0,4324369000.0,7871498000.0,7871498000.0,374307000.0,0.101,0.183,0.571,0.162,7502000.0,1777717000.0,1.0,616200000.0,617810000.0,655966000.0,12.741,3853971000.0,0.0,332133000.0,0.0,6.238,676433000.0
64,DHR,MRT,2005-09-30,2005-09-30,2005-09-30,2021-10-21,-86429000.0,9023075000.0,8701452000.0,2799939000.0,6223136000.0,0.885,8.066,-106612000.0,275621000.0,275621000.0,4392170000.0,863827000.0,1.273,0.807,1054457000.0,118806000.0,935651000.0,1054457000.0,0.0,172517000.0,0.0,0.001,0.033,1243304000.0,1415821000.0,0.184,1415821000.0,1243304000.0,1193599000.0,1.395,1.325,1.395,4994148000.0,4788524500.0,4994148000.0,17106480000.0,14.0,12.082,1059960000.0,1.712,1.0,3308360000.0,0.43,5327594000.0,49705000.0,2274753000.0,2228472750.0,878328000.0,0.0,0.0,0.0,4028927000.0,2199564000.0,1829363000.0,16611938000.0,-255989000.0,-987662000.0,-46944000.0,-281537000.0,-20076000.0,-348557000.0,-1072174000.0,22100000.0,1166572000.0,-1830000.0,863827000.0,863827000.0,863827000.0,0.0,0.0,0.112,2079816000.0,1228544000.0,719825000.0,0.024,3.326,19.231,19.294,737922000.0,0.0,26.915,2.157,2.164,1364320000.0,4078777000.0,7700530000.0,7700530000.0,0.0,0.099,0.18,0.558,0.161,13343000.0,2091191000.0,1.0,617200000.0,619180000.0,657254000.0,12.437,3695481000.0,0.0,329772000.0,0.0,5.968,600375000.0
65,DHR,MRT,2005-06-30,2005-07-01,2005-07-01,2021-10-21,-89287000.0,8666138000.0,8426301750.0,3040150000.0,5625988000.0,0.888,7.753,-101009000.0,808655000.0,808655000.0,4278958000.0,835799000.0,1.362,0.805,1303197000.0,371715000.0,931482000.0,1303197000.0,0.0,170097000.0,0.0,0.001,0.03,1215023000.0,1385120000.0,0.185,1385120000.0,1215023000.0,1160902000.0,1.35,1.285,1.35,4801340000.0,4586158000.0,4801340000.0,16985895000.0,14.0,12.263,1028051000.0,1.66,1.0,3200482000.0,0.428,4794776000.0,54121000.0,2133707000.0,2204806250.0,752706000.0,0.0,0.0,0.0,3864798000.0,2232197000.0,1632601000.0,16335036000.0,505370000.0,-500724000.0,-2618000.0,-15150000.0,-18529000.0,-36297000.0,-579633000.0,22100000.0,1129060000.0,-7760000.0,835799000.0,835799000.0,835799000.0,0.0,0.0,0.112,1999699000.0,1200783000.0,654376000.0,0.022,3.402,19.544,19.567,706344000.0,0.0,26.415,2.184,2.187,1176582000.0,3856131000.0,7479440000.0,7479440000.0,0.0,0.099,0.182,0.551,0.162,12425000.0,2019705000.0,1.0,618400000.0,619278000.0,657448000.0,12.078,3871362000.0,0.0,325103000.0,0.0,6.251,807953000.0
66,DHR,MRT,2005-03-31,2005-04-01,2005-04-01,2021-10-21,36531000.0,8622702000.0,8180568750.0,2916956000.0,5705746000.0,0.877,7.646,-91853000.0,673072000.0,673072000.0,4135470000.0,789012000.0,1.322,0.82,1323931000.0,396395000.0,927536000.0,1323931000.0,0.0,163954000.0,0.0,0.001,0.03,1159368000.0,1323322000.0,0.185,1323322000.0,1159368000.0,1105346000.0,1.275,1.215,1.275,4738928000.0,4381673250.0,4738928000.0,17005103000.0,15.0,12.85,1001478000.0,1.616,1.0,3036588000.0,0.423,4863457000.0,54022000.0,2203173000.0,2312250500.0,747168000.0,0.0,0.0,0.0,3883774000.0,2206931000.0,1676843000.0,16263920000.0,30586000.0,-948081000.0,47538000.0,-64777000.0,-18523000.0,-35762000.0,-1039934000.0,0.0,1093331000.0,12951000.0,789012000.0,789012000.0,789012000.0,0.0,0.0,0.11,1884584000.0,1152004000.0,647051000.0,0.024,3.432,20.613,20.627,730953000.0,0.0,26.3,2.268,2.273,1164672000.0,3631739000.0,7172058000.0,7172058000.0,0.0,0.096,0.18,0.501,0.162,10155000.0,1897374000.0,1.0,618400000.0,619760000.0,658780000.0,11.572,3759245000.0,0.0,316334000.0,0.0,6.066,710025000.0
67,DHR,MRT,2004-12-31,2004-12-31,2004-12-31,2021-10-21,116037000.0,8493893000.0,7846175000.0,2918690000.0,5575203000.0,0.878,7.476,-85012000.0,609115000.0,609115000.0,3996636000.0,746000000.0,1.325,0.839,1350298000.0,424763000.0,925535000.0,1350298000.0,0.0,156128000.0,0.0,0.001,0.029,1112701000.0,1268829000.0,0.184,1268829000.0,1112701000.0,1057717000.0,1.205,1.15,1.205,4619682000.0,4142499750.0,4619682000.0,18494244820.0,17.0,14.576,948204000.0,1.534,1.0,2892665000.0,0.42,4730532000.0,54984000.0,2302258000.0,2341538250.0,703996000.0,0.0,0.0,0.0,3874211000.0,2202286000.0,1671925000.0,17717712820.0,-621041000.0,-1548619000.0,45957000.0,-66281000.0,-17731000.0,-38055000.0,-1633631000.0,0.0,1033216000.0,17429000.0,746000000.0,746000000.0,746000000.0,0.0,0.0,0.108,1787532000.0,1105133000.0,612066000.0,0.024,3.835,23.75,23.822,752966000.0,0.0,28.705,2.572,2.575,1231065000.0,3448122000.0,6889301000.0,6889301000.0,0.0,0.095,0.18,0.475,0.162,8103000.0,1795673000.0,1.0,617234378.0,617928000.0,655402000.0,11.149,3763361000.0,0.0,311717000.0,0.0,6.09,716404000.0
68,DHR,MRT,2004-09-30,2004-10-01,2004-10-01,2021-10-21,-91466000.0,7922474000.0,7445214250.0,2689413000.0,5233061000.0,0.859,6.769,-73341000.0,531610000.0,531610000.0,3737257000.0,698216000.0,1.294,0.893,1308142000.0,389752000.0,918390000.0,1308142000.0,0.0,148393000.0,0.0,0.001,0.027,1058953000.0,1207346000.0,0.189,1207346000.0,1058953000.0,1003122000.0,1.13,1.08,1.13,4184682000.0,3899256500.0,4184682000.0,16907113689.0,16.0,14.004,937940000.0,1.517,1.0,2661242000.0,0.416,4440461000.0,55831000.0,2180087000.0,2325174250.0,786724000.0,0.0,0.0,0.0,3737792000.0,2078458000.0,1659334000.0,15909772689.0,-573117000.0,-1499213000.0,56681000.0,-65919000.0,-16939000.0,-26177000.0,-1572554000.0,0.0,1011281000.0,14333000.0,698216000.0,698216000.0,698216000.0,0.0,0.0,0.109,1632587000.0,1028655000.0,578613000.0,0.024,3.802,22.786,22.836,715302000.0,0.0,25.805,2.486,2.493,1110281000.0,3235026000.0,6398499000.0,6398499000.0,0.0,0.094,0.179,0.455,0.166,0.0,1638604000.0,1.0,616538372.0,618252000.0,655934000.0,10.349,3482013000.0,0.0,304906000.0,0.0,5.632,610955000.0
69,DHR,MRT,2004-06-30,2004-07-02,2004-07-02,2021-10-21,-83613000.0,7683206000.0,7112151250.0,2461641000.0,5221565000.0,0.838,6.449,-68513000.0,303285000.0,303285000.0,3498913000.0,636041000.0,1.445,0.929,1300626000.0,18317000.0,1282309000.0,1300626000.0,0.0,139977000.0,0.0,0.001,0.026,982872000.0,1122849000.0,0.188,1122849000.0,982872000.0,926140000.0,1.03,0.99,1.03,3983401000.0,3718127000.0,3983401000.0,16180827085.0,16.0,14.411,842528000.0,1.364,1.0,2463752000.0,0.413,4413385000.0,56732000.0,2563484000.0,2344172500.0,783753000.0,0.0,0.0,0.0,3699805000.0,1703678000.0,1996127000.0,15481649085.0,-764825000.0,-1532987000.0,59171000.0,-132842000.0,-16149000.0,-89820000.0,-1601500000.0,0.0,911041000.0,15454000.0,636041000.0,636041000.0,636041000.0,0.0,0.0,0.107,1511253000.0,952499000.0,586992000.0,0.025,3.887,24.341,24.403,727159000.0,0.0,25.135,2.596,2.604,1094029000.0,3038861000.0,5962665000.0,5962665000.0,0.0,0.089,0.171,0.419,0.165,0.0,1513309000.0,1.0,615939888.0,617664000.0,654544000.0,9.654,3269821000.0,0.0,290099000.0,0.0,5.294,757963000.0
70,DHR,MRT,2004-03-31,2004-04-02,2004-04-02,2021-10-21,-93512000.0,7285127000.0,6807549750.0,2516165000.0,4768962000.0,0.829,6.132,-70237000.0,642486000.0,642486000.0,3337923000.0,578952000.0,1.566,0.926,1341664000.0,67271000.0,1274393000.0,1341664000.0,0.0,135882000.0,0.0,0.001,0.025,913210000.0,1049092000.0,0.186,1049092000.0,913210000.0,853993000.0,0.94,0.905,0.94,3782234000.0,3540955750.0,3782234000.0,14609199000.0,16.0,13.926,828847000.0,1.344,1.0,2302929000.0,0.408,4056876000.0,59217000.0,2320324000.0,2260979250.0,624406000.0,0.0,0.0,0.0,3502893000.0,1607105000.0,1895788000.0,14540472000.0,-269147000.0,-1003950000.0,55665000.0,-157521000.0,-15355000.0,-117211000.0,-1074187000.0,0.0,899084000.0,23167000.0,578952000.0,578952000.0,578952000.0,0.0,0.0,0.103,1421461000.0,881468000.0,559667000.0,0.027,3.844,25.115,25.128,638124000.0,0.0,23.62,2.578,2.583,951661000.0,2861250000.0,5640852000.0,5640852000.0,0.0,0.085,0.164,0.404,0.162,0.0,1422157000.0,1.0,615600000.0,616804000.0,652968000.0,9.145,3228251000.0,0.0,275041000.0,0.0,5.234,909060000.0
71,DHR,MRT,2003-12-31,2003-12-31,2003-12-31,2021-10-21,-74607000.0,6890050000.0,6559446000.0,2942151000.0,3947899000.0,0.807,5.943,-67417000.0,1230156000.0,1230156000.0,3154809000.0,536834000.0,2.132,0.889,1298883000.0,14385000.0,1284498000.0,1298883000.0,0.0,133436000.0,0.0,0.001,0.025,856084000.0,989520000.0,0.187,989520000.0,856084000.0,797035000.0,0.875,0.845,0.875,3646709000.0,3375277750.0,3646709000.0,14240366213.0,17.0,14.391,794127000.0,1.294,1.0,2139067000.0,0.404,3341972000.0,59049000.0,2236802000.0,2240112250.0,536227000.0,0.0,0.0,0.0,3243341000.0,1380003000.0,1863338000.0,14088786213.0,419693000.0,-300635000.0,50497000.0,-145509000.0,-15326000.0,-110338000.0,-368052000.0,0.0,861544000.0,36539000.0,536834000.0,536834000.0,536834000.0,0.0,0.0,0.101,1315572000.0,823495000.0,472994000.0,0.029,3.863,26.244,26.214,573365000.0,0.0,22.938,2.661,2.659,868097000.0,2719853000.0,5293876000.0,5293876000.0,0.0,0.082,0.159,0.382,0.162,0.0,1316357000.0,1.0,614225012.0,613584000.0,646280000.0,8.628,3548078000.0,0.0,260201000.0,0.0,5.783,1562148000.0
72,DHR,MRT,2003-09-30,2003-09-26,2003-09-26,2021-10-21,-83297000.0,6590222000.0,6344219750.0,2780407000.0,3809815000.0,0.801,5.634,-57439000.0,1104727000.0,1104727000.0,3039745000.0,528600000.0,2.176,0.905,1256307000.0,10299000.0,1246008000.0,1256307000.0,0.0,133637000.0,0.0,0.001,0.025,831171000.0,964808000.0,0.19,964808000.0,831171000.0,772859000.0,0.868,0.835,0.868,3460164000.0,3216000250.0,3460164000.0,11642193026.0,14.0,12.067,706838000.0,1.151,1.0,2040331000.0,0.402,3208042000.0,58312000.0,2256080000.0,2244819250.0,539788000.0,0.0,0.0,0.0,3130058000.0,1277680000.0,1852378000.0,11384244026.0,301549000.0,-342486000.0,32439000.0,-108510000.0,-15928000.0,-91999000.0,-399925000.0,0.0,764277000.0,29196000.0,528600000.0,528600000.0,528600000.0,0.0,0.0,0.104,1250241000.0,790090000.0,439494000.0,0.029,3.29,21.537,21.408,570724000.0,0.0,18.582,2.241,2.247,836586000.0,2553749000.0,5080076000.0,5080076000.0,0.0,0.083,0.164,0.37,0.164,0.0,1257559000.0,1.0,612632532.0,614152000.0,647084000.0,8.272,3382180000.0,0.0,244259000.0,0.0,5.507,1502727000.0
73,DHR,MRT,2003-06-30,2003-06-27,2003-06-27,2021-10-21,-86845000.0,6464800000.0,6170364500.0,2669178000.0,3795622000.0,0.798,5.344,-53273000.0,1068110000.0,1068110000.0,2964445000.0,506011000.0,2.034,0.974,1326059000.0,76418000.0,1249641000.0,1326059000.0,0.0,133499000.0,0.0,0.001,0.025,804732000.0,938231000.0,0.191,938231000.0,804732000.0,746152000.0,0.833,0.8,0.833,3274716000.0,3071971750.0,3274716000.0,10903929260.0,14.0,11.622,712876000.0,1.163,1.0,1957901000.0,0.398,3179551000.0,58580000.0,2230711000.0,2167895000.0,527052000.0,0.0,0.0,0.0,3190084000.0,1312487000.0,1877597000.0,10445574260.0,363035000.0,-389854000.0,38833000.0,-10438000.0,-15119000.0,13276000.0,-443127000.0,0.0,766149000.0,26737000.0,506011000.0,506011000.0,506011000.0,0.0,0.0,0.103,1196146000.0,761755000.0,415088000.0,0.03,3.19,20.643,20.513,577498000.0,0.0,17.087,2.122,2.127,784062000.0,2418969000.0,4922346000.0,4922346000.0,0.0,0.082,0.165,0.371,0.163,0.0,1206045000.0,1.0,611299152.0,612740000.0,644804000.0,8.033,3285249000.0,0.0,240141000.0,0.0,5.362,1356691000.0
74,DHR,MRT,2003-03-31,2003-03-28,2003-03-28,2021-10-21,-104881000.0,6292712000.0,5965364750.0,2517860000.0,3774852000.0,0.799,5.101,-38864000.0,911633000.0,911633000.0,2891807000.0,484532000.0,1.839,1.017,1369988000.0,152480000.0,1217508000.0,1369988000.0,0.0,132251000.0,0.0,0.001,0.024,770919000.0,903170000.0,0.189,903170000.0,770919000.0,716232000.0,0.8,0.77,0.8,3119522000.0,2937740250.0,3119522000.0,10463176000.0,14.0,11.585,622572000.0,1.018,1.0,1877433000.0,0.394,3145385000.0,54687000.0,2236856000.0,2103449500.0,527818000.0,0.0,0.0,0.0,3173190000.0,1368826000.0,1804364000.0,9963675000.0,340181000.0,-400925000.0,36747000.0,68372000.0,-14315000.0,90804000.0,-439789000.0,0.0,661436000.0,27730000.0,484532000.0,484532000.0,484532000.0,0.0,0.0,0.102,1149845000.0,727588000.0,395177000.0,0.03,3.194,20.564,20.391,593632000.0,0.0,16.312,2.089,2.092,770339000.0,2297653000.0,4769240000.0,4769240000.0,0.0,0.081,0.165,0.367,0.162,0.0,1159744000.0,1.0,610800000.0,611508000.0,642668000.0,7.799,3147327000.0,0.0,231700000.0,0.0,5.147,1149034000.0
75,DHR,MRT,2002-12-31,2002-12-31,2002-12-31,2021-10-21,-105973000.0,6029145000.0,5750564750.0,2387266000.0,3641879000.0,0.796,5.009,-38964000.0,810463000.0,810463000.0,2791175000.0,290391000.0,1.887,1.003,1309964000.0,112542000.0,1197422000.0,1309964000.0,0.0,129565000.0,0.0,0.001,0.023,567644000.0,697209000.0,0.152,697209000.0,567644000.0,513718000.0,0.485,0.47,0.485,3009599000.0,2812259500.0,3009599000.0,10463519732.0,18.0,15.008,671383000.0,1.117,1.0,1786057000.0,0.39,3007704000.0,53926000.0,2255630000.0,2039118750.0,485587000.0,0.0,0.0,0.0,3019546000.0,1265312000.0,1754234000.0,10013282732.0,103904000.0,-1105567000.0,512105000.0,17708000.0,-13516000.0,516297000.0,-1144531000.0,0.0,710347000.0,21791000.0,290391000.0,290391000.0,290391000.0,0.0,0.0,0.063,1084935000.0,701122000.0,366587000.0,0.047,3.327,34.482,33.866,597379000.0,0.0,16.425,2.188,2.156,759028000.0,2198345000.0,4577232000.0,4577232000.0,0.0,0.05,0.103,0.278,0.124,0.0,1097365000.0,1.0,609636696.0,600896000.0,633928000.0,7.617,3021441000.0,0.0,223327000.0,0.0,5.028,1121954000.0
76,DHR,MRT,2002-09-30,2002-09-27,2002-09-27,2021-10-21,-67820000.0,5894801000.0,5448399250.0,2246588000.0,3648213000.0,0.775,4.748,-49019000.0,803178000.0,803178000.0,2602439000.0,161791000.0,1.636,1.044,1253415000.0,110192000.0,1143223000.0,1253415000.0,0.0,146645000.0,0.0,0.001,0.021,406717000.0,553362000.0,0.131,553362000.0,406717000.0,340951000.0,0.262,0.262,0.262,2884050000.0,2617006250.0,2884050000.0,9158385827.0,23.0,16.55,694552000.0,1.144,1.0,1618747000.0,0.383,3023667000.0,65766000.0,1948383000.0,1974126750.0,486440000.0,0.0,0.0,0.0,3010751000.0,1372988000.0,1637763000.0,8641979827.0,156712000.0,-1026227000.0,500634000.0,-11999000.0,-12201000.0,476434000.0,-1075246000.0,0.0,743571000.0,11953000.0,161791000.0,161791000.0,161791000.0,0.0,0.0,0.038,1067712000.0,551035000.0,358694000.0,0.08,2.996,53.414,54.532,558382000.0,0.0,14.287,2.047,2.056,757006000.0,2041077000.0,4221186000.0,4221186000.0,0.0,0.03,0.062,0.206,0.096,0.0,1046483000.0,1.0,604862980.0,607368000.0,638444000.0,6.95,2871134000.0,0.0,179160000.0,0.0,4.727,873600000.0
77,DHR,MRT,2002-06-30,2002-06-28,2002-06-28,2021-10-21,-54963000.0,5644801000.0,5153452000.0,2130983000.0,3513818000.0,0.771,4.525,-57673000.0,705075000.0,705075000.0,2458421000.0,133508000.0,1.616,1.062,1221481000.0,108832000.0,1112649000.0,1221481000.0,0.0,157957000.0,0.0,0.001,0.02,362426000.0,520383000.0,0.131,520383000.0,362426000.0,304204000.0,0.225,0.225,0.225,2737790000.0,2446845750.0,2737790000.0,10630661730.0,29.0,20.429,632991000.0,1.046,1.0,1512632000.0,0.381,2869972000.0,58222000.0,1972929000.0,2016393000.0,476909000.0,0.0,0.0,0.0,2907011000.0,1318306000.0,1588705000.0,10017020730.0,29765000.0,-1040692000.0,475245000.0,-37640000.0,-12019000.0,425586000.0,-1098365000.0,0.0,690664000.0,11880000.0,133508000.0,133508000.0,133508000.0,0.0,0.0,0.034,1001387000.0,511245000.0,328117000.0,0.089,3.659,75.029,73.722,572555000.0,0.0,16.587,2.523,2.528,746405000.0,1928077000.0,3971053000.0,3971053000.0,0.0,0.026,0.055,0.18,0.091,0.0,961647000.0,1.0,603889720.0,605096000.0,640180000.0,6.563,2774829000.0,0.0,170696000.0,0.0,4.586,812677000.0
78,DHR,MRT,2002-03-31,2002-03-29,2002-03-29,2021-10-21,-68381000.0,5433512000.0,4897225500.0,1933868000.0,3499644000.0,0.772,4.508,-69495000.0,571452000.0,571452000.0,2337813000.0,124073000.0,1.557,1.076,1185093000.0,81249000.0,1103844000.0,1185093000.0,0.0,167535000.0,0.0,0.001,0.02,349464000.0,516999000.0,0.137,516999000.0,349464000.0,296705000.0,0.215,0.217,0.215,2617599000.0,2292298500.0,2617599000.0,11202048000.0,32.0,21.667,628529000.0,1.082,1.0,1443555000.0,0.382,2825389000.0,52759000.0,1979533000.0,2042266250.0,487076000.0,0.0,0.0,0.0,2815913000.0,1242231000.0,1573682000.0,10716918000.0,-97778000.0,-1146749000.0,479447000.0,-44853000.0,-11845000.0,422749000.0,-1216244000.0,0.0,698024000.0,-2307000.0,124073000.0,124073000.0,124073000.0,0.0,0.0,0.033,942741000.0,500814000.0,303252000.0,0.093,4.094,86.376,82.581,600708000.0,0.0,17.755,2.834,2.727,721209000.0,1827436000.0,3781368000.0,3781368000.0,0.0,0.025,0.054,0.171,0.092,0.0,887620000.0,1.0,603600000.0,580692000.0,615768000.0,6.512,2608123000.0,0.0,172632000.0,0.0,4.491,691637000.0
79,DHR,MRT,2001-12-31,2001-12-31,2001-12-31,2021-10-21,-69736000.0,4820483000.0,4666192000.0,1874615000.0,2945868000.0,0.811,3.879,-80585000.0,706559000.0,706559000.0,2338027000.0,297665000.0,1.843,1.163,1191689000.0,72356000.0,1119333000.0,1191689000.0,0.0,178390000.0,0.0,0.001,0.02,524411000.0,702801000.0,0.186,702801000.0,524411000.0,476264000.0,0.517,0.502,0.517,2228586000.0,2146923000.0,2228586000.0,9169275872.0,17.0,13.047,527886000.0,0.919,1.0,1444417000.0,0.382,2292657000.0,48147000.0,1995662000.0,2059047250.0,408236000.0,0.0,0.0,0.0,2591897000.0,1017294000.0,1574603000.0,8619639872.0,529635000.0,-406988000.0,10870000.0,410516000.0,-11676000.0,409710000.0,-487573000.0,0.0,608471000.0,-973000.0,297665000.0,297665000.0,297665000.0,0.0,0.0,0.079,942406000.0,502011000.0,235501000.0,0.039,3.868,28.958,29.163,533572000.0,0.0,15.078,2.279,2.29,585318000.0,1921470000.0,3782444000.0,3782444000.0,0.0,0.064,0.139,0.255,0.139,0.0,872680000.0,1.0,571688932.0,574520000.0,607392000.0,6.584,2527826000.0,0.0,178599000.0,0.0,4.4,857321000.0
80,DHR,MRT,2001-09-30,2001-09-28,2001-09-28,2021-10-21,-71717000.0,4715012000.0,4468991000.0,1870031000.0,2844981000.0,0.872,3.83,-84680000.0,646466000.0,646466000.0,2394102000.0,352317000.0,1.923,1.14,1196102000.0,74405000.0,1121697000.0,1196102000.0,0.0,170449000.0,0.0,0.005,0.059,593682000.0,764131000.0,0.196,764131000.0,593682000.0,564841000.0,0.615,0.595,0.615,2203408000.0,2075359750.0,2203408000.0,7257787290.0,12.0,9.498,461169000.0,0.802,1.0,1501779000.0,0.385,2174949000.0,28841000.0,2117448000.0,2002008000.0,462776000.0,0.0,0.0,0.0,2511604000.0,972251000.0,1539353000.0,6759005290.0,492675000.0,-384612000.0,31405000.0,396584000.0,-11387000.0,416602000.0,-469292000.0,0.0,545849000.0,-484000.0,352317000.0,352317000.0,352317000.0,0.0,0.0,0.09,908097000.0,593682000.0,252410000.0,0.096,3.068,19.184,19.179,536991000.0,0.0,11.795,1.735,1.742,632811000.0,1891487000.0,3895881000.0,3895881000.0,0.0,0.079,0.17,0.297,0.152,0.0,895700000.0,1.0,573039872.0,575340000.0,608792000.0,6.771,2540063000.0,0.0,212524000.0,0.0,4.415,897780000.0
81,DHR,MRT,2001-06-30,2001-06-29,2001-06-29,2021-10-21,-76418000.0,4619895000.0,4262696750.0,1889112000.0,2730783000.0,0.934,3.679,-88112000.0,675310000.0,675310000.0,2446286000.0,348196000.0,1.941,1.18,1174092000.0,72982000.0,1101110000.0,1174092000.0,0.0,165991000.0,0.0,0.004,0.059,592886000.0,758877000.0,0.191,758877000.0,592886000.0,559324000.0,0.61,0.593,0.61,2119601000.0,1987667500.0,2119601000.0,8494572520.0,14.0,11.194,450310000.0,0.782,1.0,1534793000.0,0.386,2068854000.0,33562000.0,2076422000.0,1896650750.0,455333000.0,0.0,0.0,0.0,2500294000.0,973401000.0,1526893000.0,7981710520.0,491597000.0,-454569000.0,37921000.0,470092000.0,-11432000.0,496581000.0,-542681000.0,0.0,538422000.0,-725000.0,348196000.0,348196000.0,348196000.0,0.0,0.0,0.087,941907000.0,592886000.0,270735000.0,0.097,3.766,22.923,22.951,545448000.0,0.0,14.0,2.005,2.026,635295000.0,1806588000.0,3981079000.0,3981079000.0,0.0,0.082,0.175,0.313,0.149,0.0,932484000.0,1.0,570122180.0,576064000.0,610568000.0,6.911,2551041000.0,0.0,211128000.0,0.0,4.428,915711000.0
82,DHR,MRT,2001-03-31,2001-03-30,2001-03-30,2021-10-21,-58208000.0,4509378000.0,4035235500.0,1870952000.0,2638426000.0,0.97,3.563,-94571000.0,669230000.0,669230000.0,2406171000.0,335233000.0,1.872,1.215,1182092000.0,75190000.0,1106902000.0,1182092000.0,0.0,158311000.0,0.0,0.004,0.058,572938000.0,731249000.0,0.187,731249000.0,572938000.0,539630000.0,0.59,0.575,0.59,2036097000.0,1900136250.0,2036097000.0,8393066000.0,15.0,11.478,452303000.0,0.791,1.0,1509042000.0,0.385,1976349000.0,33308000.0,2046657000.0,1770497500.0,460867000.0,0.0,0.0,0.0,2473281000.0,999234000.0,1474047000.0,7774800000.0,577258000.0,-560272000.0,28215000.0,668583000.0,-10740000.0,686058000.0,-654843000.0,0.0,546874000.0,-831000.0,335233000.0,335233000.0,335233000.0,0.0,0.0,0.086,936104000.0,572938000.0,253868000.0,0.098,3.818,23.192,23.119,549571000.0,0.0,13.64,1.986,1.991,647774000.0,1715208000.0,3915213000.0,3915213000.0,0.0,0.083,0.176,0.324,0.146,0.0,931273000.0,1.0,570000000.0,571496000.0,601864000.0,6.851,2533029000.0,0.0,204397000.0,0.0,4.432,871718000.0
83,DHR,MRT,2000-12-31,2000-12-31,2000-12-31,2021-10-21,-59130000.0,4031679000.0,3709280250.0,1474306000.0,2557373000.0,1.018,3.408,-88503000.0,176924000.0,176924000.0,2315731000.0,324213000.0,1.447,1.076,795190000.0,81633000.0,713557000.0,795190000.0,0.0,149721000.0,0.0,0.003,0.056,552149000.0,701870000.0,0.186,701870000.0,552149000.0,522924000.0,0.57,0.557,0.57,1942333000.0,1816011000.0,1942333000.0,10351685193.0,19.0,14.749,423742000.0,0.744,1.0,1462046000.0,0.387,1863900000.0,29225000.0,1767505000.0,1580416750.0,460610000.0,0.0,0.0,0.0,2089346000.0,1018540000.0,1070806000.0,9700389193.0,-83357000.0,-706794000.0,-55594000.0,266090000.0,-10015000.0,200481000.0,-795297000.0,0.0,512245000.0,-786000.0,324213000.0,324213000.0,324213000.0,0.0,0.0,0.086,909897000.0,552149000.0,262095000.0,0.098,4.994,29.92,29.991,575531000.0,0.0,17.095,2.568,2.579,704214000.0,1635481000.0,3777777000.0,3777777000.0,0.0,0.087,0.179,0.349,0.146,0.0,909897000.0,1.0,567440140.0,569876000.0,581996000.0,6.629,2167779000.0,0.0,198711000.0,0.0,3.804,455766000.0
84,DHR,MRT,2000-09-30,2000-09-29,2000-09-29,2021-10-21,-50151000.0,3889835000.0,3463128250.0,1374704000.0,2515131000.0,1.038,3.253,-88448000.0,153791000.0,153791000.0,2199217000.0,310752000.0,1.369,1.1,805087000.0,59844000.0,745243000.0,805087000.0,0.0,139185000.0,0.0,0.001,0.016,523391000.0,662576000.0,0.184,662576000.0,523391000.0,502188000.0,0.545,0.535,0.545,1852639000.0,1757616250.0,1852639000.0,7596919241.0,15.0,11.466,361882000.0,0.635,1.0,1394385000.0,0.388,1840709000.0,21203000.0,1696019000.0,1428627750.0,479094000.0,0.0,0.0,0.0,2037196000.0,1004403000.0,1032793000.0,7052462241.0,-126347000.0,-645147000.0,-66819000.0,234281000.0,-9314000.0,158148000.0,-733595000.0,0.0,450330000.0,-1230000.0,310752000.0,310752000.0,310752000.0,0.0,0.0,0.086,882772000.0,511613000.0,254456000.0,0.029,3.807,22.695,22.821,576702000.0,0.0,12.438,1.963,1.971,668594000.0,1550557000.0,3593602000.0,3593602000.0,0.0,0.09,0.177,0.366,0.146,0.0,865016000.0,1.0,567032140.0,569452000.0,581160000.0,6.311,2049126000.0,0.0,191436000.0,0.0,3.598,370301000.0
85,DHR,MRT,2000-06-30,2000-06-30,2000-06-30,2021-10-21,-51858000.0,3710050000.0,3260850500.0,1318132000.0,2391918000.0,1.039,3.11,-89720000.0,183713000.0,183713000.0,2070202000.0,288973000.0,1.381,1.097,728170000.0,52670000.0,675500000.0,728170000.0,0.0,131913000.0,0.0,0.001,0.015,483985000.0,615898000.0,0.182,615898000.0,483985000.0,472027000.0,0.505,0.495,0.505,1769476000.0,1706416500.0,1769476000.0,7359168197.0,15.0,11.949,415186000.0,0.73,1.0,1318481000.0,0.389,1727981000.0,11958000.0,1571809000.0,1286725250.0,440949000.0,0.0,0.0,0.0,1940574000.0,954717000.0,985857000.0,7004880197.0,43258000.0,-510637000.0,4795000.0,142884000.0,-8885000.0,138794000.0,-600357000.0,0.0,504906000.0,-85000.0,288973000.0,288973000.0,288973000.0,0.0,0.0,0.085,834496000.0,483985000.0,247177000.0,0.03,3.959,24.241,24.475,563232000.0,0.0,12.36,2.067,2.075,624709000.0,1469824000.0,3388683000.0,3388683000.0,0.0,0.089,0.169,0.376,0.143,0.0,820266000.0,1.0,566737880.0,568984000.0,580972000.0,5.956,1982069000.0,0.0,183054000.0,0.0,3.484,363415000.0
86,DHR,MRT,2000-03-31,2000-03-31,2000-03-31,2021-10-21,-42001000.0,3205557000.0,3021386000.0,1133121000.0,2072436000.0,1.083,2.977,-91017000.0,91972000.0,91972000.0,2001220000.0,274059000.0,1.395,0.886,446260000.0,43764000.0,402496000.0,446260000.0,0.0,130003000.0,0.0,0.001,0.015,461177000.0,591180000.0,0.181,591180000.0,461177000.0,448845000.0,0.48,0.47,0.48,1699596000.0,1626364250.0,1699596000.0,7320653000.0,16.0,12.383,356004000.0,0.623,1.0,1270821000.0,0.388,1461449000.0,12332000.0,1286334000.0,1163605000.0,382288000.0,0.0,0.0,0.0,1505961000.0,812062000.0,693899000.0,7206300000.0,13205000.0,-287336000.0,11635000.0,-54915000.0,-9409000.0,-52689000.0,-378353000.0,0.0,447021000.0,-2774000.0,274059000.0,274059000.0,274059000.0,0.0,0.0,0.084,809644000.0,461177000.0,228658000.0,0.031,4.24,26.295,26.562,532788000.0,0.0,12.75,2.202,2.225,577299000.0,1390715000.0,3272041000.0,3272041000.0,0.0,0.091,0.169,0.396,0.141,0.0,797289000.0,1.0,565200000.0,571004000.0,581480000.0,5.73,1744108000.0,0.0,174786000.0,0.0,3.054,321059000.0
87,DHR,MRT,1999-12-31,1999-12-31,1999-12-31,2021-10-21,-34105000.0,3047071000.0,2906537750.0,1202117000.0,1844954000.0,1.1,3.012,-88909000.0,260281000.0,260281000.0,1960822000.0,261624000.0,1.696,0.783,374634000.0,33597000.0,341037000.0,374634000.0,0.0,126419000.0,0.0,0.001,0.015,446229000.0,572648000.0,0.179,572648000.0,446229000.0,429562000.0,0.46,0.448,0.46,1708754000.0,1549324250.0,1708754000.0,7004406523.0,16.0,12.232,330198000.0,0.582,1.0,1236416000.0,0.387,1292289000.0,16667000.0,1160349000.0,1115367000.0,324673000.0,0.0,0.0,0.0,1338317000.0,708786000.0,629531000.0,6868203523.0,212483000.0,-64834000.0,87986000.0,-129851000.0,-9912000.0,-51777000.0,-153743000.0,0.0,419107000.0,-1104000.0,261624000.0,261624000.0,261624000.0,0.0,0.0,0.082,790187000.0,446229000.0,213209000.0,0.033,4.019,26.252,26.223,500189000.0,0.0,12.062,2.148,2.14,544738000.0,1321283000.0,3197238000.0,3197238000.0,0.0,0.09,0.169,0.4,0.14,0.0,778409000.0,1.0,569384748.0,567328000.0,584356000.0,5.636,1754782000.0,0.0,167938000.0,0.0,3.093,493331000.0
88,DHR,MRT,1999-09-30,1999-10-01,1999-10-01,2021-10-21,-20331000.0,3080724000.0,2854984750.0,1208551000.0,1872173000.0,1.115,2.891,-86441000.0,280138000.0,280138000.0,1956247000.0,248211000.0,1.507,0.87,416341000.0,74847000.0,341494000.0,416341000.0,0.0,126918000.0,0.0,0.001,0.015,430423000.0,557341000.0,0.175,557341000.0,430423000.0,407496000.0,0.438,0.427,0.438,1647840000.0,1472332750.0,1647840000.0,7593667236.0,18.0,13.625,373264000.0,0.655,1.0,1228396000.0,0.386,1286533000.0,22927000.0,1128409000.0,1152202750.0,349449000.0,0.0,0.0,0.0,1432884000.0,801985000.0,630899000.0,7321859236.0,234865000.0,-52153000.0,88985000.0,-164478000.0,-10852000.0,-86345000.0,-138594000.0,0.0,459705000.0,99000.0,248211000.0,248211000.0,248211000.0,0.0,0.0,0.078,826991000.0,401405000.0,195179000.0,0.034,4.443,29.499,29.395,508732000.0,0.0,12.875,2.299,2.304,514522000.0,1249119000.0,3184643000.0,3184643000.0,0.0,0.087,0.169,0.374,0.135,0.0,780725000.0,1.0,568688096.0,569976000.0,587140000.0,5.587,1794191000.0,0.0,159285000.0,0.0,3.148,406566000.0
89,DHR,MRT,1999-06-30,1999-07-02,1999-07-02,2021-10-21,-31124000.0,2752192000.0,2777600000.0,950008000.0,1802184000.0,1.138,2.568,-101573000.0,128008000.0,128008000.0,1943094000.0,217375000.0,1.361,0.899,399816000.0,58534000.0,341282000.0,399816000.0,0.0,128197000.0,0.0,0.001,0.015,385678000.0,513875000.0,0.163,513875000.0,385678000.0,357667000.0,0.385,0.375,0.385,1449267000.0,1382100750.0,1449267000.0,8322303124.0,22.0,16.195,260286000.0,0.461,1.0,1217935000.0,0.385,1246479000.0,28011000.0,1079328000.0,1151526750.0,329832000.0,0.0,0.0,0.0,1302925000.0,698193000.0,604732000.0,7989074124.0,54114000.0,-140677000.0,37838000.0,-92164000.0,-12019000.0,-66345000.0,-242250000.0,0.0,361859000.0,850000.0,217375000.0,217375000.0,217375000.0,0.0,0.0,0.069,832257000.0,385678000.0,179908000.0,0.039,5.512,36.752,38.312,460214000.0,0.0,14.75,2.527,2.633,433698000.0,1092759000.0,3161029000.0,3161029000.0,0.0,0.078,0.157,0.335,0.122,0.0,787542000.0,1.0,541632144.0,564332000.0,582728000.0,5.601,1505713000.0,0.0,140292000.0,0.0,2.668,251815000.0
90,DHR,MRT,1999-03-31,1999-04-02,1999-04-02,2021-10-21,-21802000.0,2746164000.0,2682370750.0,889986000.0,1856178000.0,1.164,2.471,-97637000.0,68176000.0,68176000.0,1933874000.0,203230000.0,1.229,0.974,401405000.0,53925000.0,347480000.0,401405000.0,0.0,122780000.0,0.0,0.001,0.014,363695000.0,486475000.0,0.156,486475000.0,363695000.0,334666000.0,0.365,0.355,0.365,1391436000.0,1270020500.0,1391436000.0,7483823000.0,21.0,15.384,245005000.0,0.435,1.0,1189450000.0,0.381,1261741000.0,29029000.0,1093382000.0,1093680000.0,325085000.0,0.0,0.0,0.0,1354728000.0,724270000.0,630458000.0,7053189000.0,-6400000.0,-140677000.0,31525000.0,-132162000.0,-12392000.0,-113029000.0,-238314000.0,0.0,342642000.0,2301000.0,203230000.0,203230000.0,203230000.0,0.0,0.0,0.065,825755000.0,363695000.0,173701000.0,0.038,5.069,34.705,35.705,462802000.0,0.0,13.033,2.258,2.35,442119000.0,1031789000.0,3123324000.0,3123324000.0,0.0,0.076,0.16,0.333,0.116,0.0,781854000.0,1.0,541200000.0,563176000.0,580352000.0,5.546,1484423000.0,0.0,131436000.0,0.0,2.636,165716000.0
91,DHR,MRT,1998-12-31,1998-12-31,1998-12-31,2021-10-21,-2373000.0,2840859000.0,2588511000.0,931696000.0,1909163000.0,1.177,2.505,-101614000.0,47798000.0,47798000.0,1889229000.0,192186000.0,1.329,1.028,503639000.0,59721000.0,443918000.0,503639000.0,0.0,114527000.0,0.0,0.001,0.014,343316000.0,457843000.0,0.15,457843000.0,343316000.0,317009000.0,0.343,0.333,0.343,1400788000.0,1161657250.0,1400788000.0,7837536220.0,23.0,17.118,251068000.0,0.449,1.0,1157832000.0,0.38,1287762000.0,26307000.0,1307692000.0,1034202500.0,337481000.0,0.0,0.0,0.0,1440071000.0,701246000.0,738825000.0,7330738220.0,-32780000.0,-516118000.0,28479000.0,214905000.0,-12840000.0,230544000.0,-617732000.0,0.0,352682000.0,1726000.0,192186000.0,192186000.0,192186000.0,0.0,0.0,0.063,814516000.0,343316000.0,161782000.0,0.041,5.233,38.144,39.585,510198000.0,0.0,13.578,2.406,2.492,485543000.0,1069571000.0,3047061000.0,3047061000.0,0.0,0.074,0.165,0.332,0.113,0.0,773720000.0,1.0,539918116.0,559264000.0,575948000.0,5.448,1553097000.0,0.0,124823000.0,0.0,2.777,230450000.0
92,DHR,MRT,1998-09-30,1998-09-25,1998-09-25,2021-10-21,-9148000.0,2771185000.0,2424265000.0,929625000.0,1841560000.0,1.214,2.29,-119808000.0,39286000.0,39286000.0,1837485000.0,190145000.0,1.086,1.153,546084000.0,215831000.0,330253000.0,546084000.0,0.0,114561000.0,0.0,0.002,0.013,332649000.0,447210000.0,0.152,447210000.0,332649000.0,311743000.0,0.338,0.328,0.338,1286912000.0,1096265000.0,1286912000.0,4510408350.0,14.0,10.086,239928000.0,0.427,1.0,1105852000.0,0.376,1296346000.0,20906000.0,1125705000.0,924385500.0,361320000.0,0.0,0.0,0.0,1484273000.0,855932000.0,628341000.0,4057615350.0,-30700000.0,-524345000.0,-27794000.0,296781000.0,-15432000.0,253555000.0,-644153000.0,0.0,359736000.0,162000.0,190145000.0,190145000.0,190145000.0,0.0,0.0,0.065,732407000.0,373445000.0,172499000.0,0.038,3.153,21.34,25.614,473329000.0,0.0,8.658,1.379,1.653,459837000.0,853615000.0,2943337000.0,2943337000.0,0.0,0.078,0.173,0.36,0.113,0.0,727635000.0,1.0,468682108.0,561928000.0,577952000.0,5.238,1474839000.0,0.0,121598000.0,0.0,2.625,73693000.0
93,DHR,MRT,1998-06-30,1998-06-26,1998-06-26,2021-10-21,-7123000.0,2371275000.0,2210171500.0,722724000.0,1648551000.0,1.272,1.865,-110009000.0,32916000.0,32916000.0,1773809000.0,208393000.0,0.933,1.369,485709000.0,162310000.0,323399000.0,485709000.0,0.0,110748000.0,0.0,0.001,0.013,353040000.0,463788000.0,0.165,463788000.0,353040000.0,337028000.0,0.375,0.365,0.375,1000946000.0,992126750.0,1000946000.0,4794004361.0,14.0,10.337,287404000.0,0.536,1.0,1038060000.0,0.369,1201664000.0,16012000.0,847941000.0,812539000.0,287313000.0,0.0,0.0,0.0,1370329000.0,774463000.0,595866000.0,4296756361.0,-1770000.0,-463717000.0,-48569000.0,243208000.0,-17718000.0,176921000.0,-573726000.0,0.0,397413000.0,-2378000.0,208393000.0,208393000.0,208393000.0,0.0,0.0,0.074,685020000.0,353040000.0,158144000.0,0.035,4.293,20.619,24.46,382907000.0,0.0,9.172,1.528,1.75,359589000.0,736992000.0,2811869000.0,2811869000.0,0.0,0.094,0.21,0.434,0.126,0.0,682134000.0,1.0,468438960.0,536568000.0,554204000.0,5.24,1169611000.0,0.0,128635000.0,0.0,2.18,-51739000.0
94,DHR,MRT,1998-03-31,1998-03-27,1998-03-27,2021-10-21,-4205000.0,2370725000.0,2072143750.0,721994000.0,1648731000.0,1.244,1.787,-106164000.0,30357000.0,30357000.0,1649551000.0,194443000.0,0.898,1.475,527605000.0,213888000.0,313717000.0,527605000.0,0.0,102613000.0,0.0,0.001,0.013,327108000.0,429721000.0,0.167,429721000.0,327108000.0,314843000.0,0.36,0.35,0.36,957983000.0,950723250.0,957983000.0,4522432468.0,14.0,10.524,276805000.0,0.516,1.0,928679000.0,0.36,1208234000.0,12265000.0,855472000.0,767090500.0,269290000.0,0.0,0.0,0.0,1412742000.0,804267000.0,608475000.0,4357502468.0,-6450000.0,-489368000.0,-69348000.0,292142000.0,-16131000.0,206663000.0,-595532000.0,0.0,382969000.0,-550000.0,194443000.0,194443000.0,194443000.0,0.0,0.0,0.075,601571000.0,327108000.0,167993000.0,0.036,4.549,22.41,25.847,379328000.0,0.0,9.305,1.69,1.935,366653000.0,692266000.0,2578230000.0,2578230000.0,0.0,0.094,0.205,0.426,0.127,0.0,600929000.0,1.0,468296880.0,536128000.0,552988000.0,4.809,1162491000.0,0.0,120400000.0,0.0,2.168,-82273000.0
95,DHR,MRT,1997-12-31,1997-12-31,1997-12-31,2021-10-21,-13259000.0,2183875000.0,1928127000.0,832053000.0,1351822000.0,1.358,2.038,-96946000.0,70821000.0,70821000.0,1663491000.0,188576000.0,1.434,0.917,199019000.0,35910000.0,163109000.0,199019000.0,0.0,98338000.0,0.0,0.002,0.013,319346000.0,417684000.0,0.159,417684000.0,319346000.0,306353000.0,0.338,0.328,0.338,1139219000.0,915593250.0,1139219000.0,3886844356.0,12.0,9.306,246236000.0,0.441,1.0,955609000.0,0.365,863352000.0,12993000.0,868424000.0,717524000.0,265122000.0,0.0,0.0,0.0,1044656000.0,580297000.0,464359000.0,3690084356.0,1071000.0,-147238000.0,-71148000.0,-10801000.0,-14525000.0,-96474000.0,-244184000.0,0.0,343182000.0,-1453000.0,188576000.0,188576000.0,188576000.0,0.0,0.0,0.072,636263000.0,319346000.0,152066000.0,0.038,3.239,19.568,23.347,403488000.0,0.0,7.891,1.409,1.684,403858000.0,806171000.0,2619100000.0,2619100000.0,0.0,0.098,0.206,0.445,0.122,0.0,636263000.0,1.0,467617216.0,558900000.0,573916000.0,4.686,1320523000.0,0.0,117777000.0,0.0,2.363,251756000.0
96,DHR,MRT,1997-09-30,1997-09-26,1997-09-26,2021-10-21,-9789000.0,1914811000.0,1823426750.0,622978000.0,1291833000.0,1.379,1.626,-79069000.0,22764000.0,22764000.0,1557410000.0,180378000.0,1.083,1.2,219524000.0,19122000.0,200402000.0,219524000.0,0.0,98945000.0,0.0,0.002,0.013,308166000.0,407111000.0,0.162,407111000.0,308166000.0,292555000.0,,,,870359000.0,830853750.0,870359000.0,3598521114.0,12.0,8.839,269944000.0,0.504,1.0,956557000.0,0.38,858233000.0,15611000.0,678319000.0,677308000.0,226088000.0,0.0,0.0,0.0,1044452000.0,575019000.0,469433000.0,3417847114.0,10912000.0,-158162000.0,-11301000.0,-72248000.0,-16297000.0,-99836000.0,-237231000.0,0.0,349013000.0,-1024000.0,180378000.0,180378000.0,180378000.0,0.0,0.0,0.072,648391000.0,308166000.0,130374000.0,,3.927,18.948,,331790000.0,0.0,7.312,1.36,1.557,322066000.0,613934000.0,2513967000.0,2513967000.0,0.0,0.099,0.217,0.455,0.123,0.0,645385000.0,1.0,467397896.0,535272000.0,551648000.0,4.697,1056578000.0,0.0,112177000.0,0.0,1.974,47959000.0
97,DHR,MRT,1997-06-30,1997-06-27,1997-06-27,2021-10-21,-4113000.0,1819164000.0,,585749000.0,1233415000.0,,1.78,-68827000.0,35048000.0,35048000.0,1485206000.0,164697000.0,1.121,1.178,215722000.0,24837000.0,190885000.0,215722000.0,0.0,87664000.0,0.0,0.002,0.013,285375000.0,373039000.0,0.158,373039000.0,285375000.0,267426000.0,,,,835332000.0,,835332000.0,3175837967.0,11.0,8.513,258401000.0,0.551,1.0,872763000.0,0.37,811223000.0,17949000.0,666147000.0,,215746000.0,0.0,0.0,0.0,983832000.0,522468000.0,461364000.0,3005027967.0,35830000.0,-267688000.0,-11390000.0,68569000.0,-11820000.0,45359000.0,-336515000.0,0.0,327228000.0,-242000.0,164697000.0,164697000.0,164697000.0,0.0,0.0,0.07,587388000.0,285375000.0,123634000.0,,3.597,18.246,,327580000.0,0.0,6.375,1.274,1.269,290528000.0,573628000.0,2357969000.0,2357969000.0,0.0,,,,0.121,0.0,584820000.0,1.0,471376936.0,469256000.0,480232000.0,5.025,1007941000.0,0.0,102729000.0,0.0,2.148,63281000.0
98,DHR,MRT,1997-03-31,1997-03-28,1997-03-28,2021-10-21,-4816000.0,1794658000.0,,578286000.0,1216372000.0,,1.728,-59561000.0,38554000.0,38554000.0,1443390000.0,158964000.0,1.118,1.195,209364000.0,18464000.0,190900000.0,209364000.0,0.0,84536000.0,0.0,0.002,0.012,275735000.0,360271000.0,0.157,360271000.0,275735000.0,258041000.0,,,,817463000.0,,817463000.0,2699311178.0,10.0,7.492,241287000.0,0.51,1.0,846687000.0,0.37,791179000.0,17694000.0,657206000.0,,218637000.0,0.0,0.0,0.0,977195000.0,517083000.0,460112000.0,2489428178.0,32638000.0,-254665000.0,8978000.0,49508000.0,-11522000.0,46964000.0,-314226000.0,0.0,300848000.0,-948000.0,158964000.0,158964000.0,158964000.0,0.0,0.0,0.069,570952000.0,275735000.0,119458000.0,,3.045,15.66,,324850000.0,0.0,5.281,1.087,1.091,280991000.0,536838000.0,2290077000.0,2290077000.0,0.0,,,,0.12,0.0,569488000.0,1.0,471371016.0,472935792.0,483027344.0,4.842,1003479000.0,0.0,99077000.0,0.0,2.122,61203000.0
99,DHR,MRT,1996-12-31,1996-12-31,1996-12-31,2021-10-21,8858000.0,1765074000.0,1625532500.0,546741000.0,1218333000.0,1.374,1.505,-63981000.0,26444000.0,26444000.0,1409693000.0,234168000.0,1.152,1.206,236327000.0,16757000.0,219570000.0,236327000.0,0.0,82424000.0,0.0,0.002,0.011,347217000.0,429641000.0,0.192,429641000.0,347217000.0,330404000.0,0.44,0.43,0.44,800261000.0,693286000.0,800261000.0,,,,189986000.0,0.357,1.0,823500000.0,0.369,792824000.0,16813000.0,707560000.0,728461000.0,204236000.0,0.0,0.0,0.0,964813000.0,474573000.0,490240000.0,2746914596.0,28457000.0,-91427000.0,-3217000.0,-55371000.0,-11215000.0,-69803000.0,-155408000.0,0.0,253967000.0,-299000.0,234168000.0,234168000.0,234168000.0,-79811000.0,0.0,0.105,556094000.0,267406000.0,110194000.0,0.025,3.433,11.731,13.244,319606000.0,0.0,5.827,1.23,1.388,266668000.0,506773000.0,2233193000.0,2233193000.0,0.0,0.144,0.338,0.477,0.155,0.0,556094000.0,1.0,471371016.0,531800000.0,544492000.0,4.199,972250000.0,0.0,96236000.0,0.0,1.828,72168000.0
100,DHR,MRT,1996-09-30,1996-09-27,1996-09-27,2021-10-21,,,,,,,,,,,,,,,,,,,,,,0.002,0.011,,,,,,,,,,,,,,,,,,1.0,,,,,,,,,,,,,,,,,,,,,,,,,,,,,,,,,,,,,,,,5.172,,,,,,,,,,,,,,1.0,,,,,,,,,,
101,DHR,MRT,1996-06-30,1996-06-28,1996-06-28,2021-10-21,,,,,,,,,,,,,,,,,,,,,,0.002,0.01,,,,,,,,,,,,,,,,,,1.0,,,,,,,,,,,,,,,,,,,,,,,,,,,,,,,,,,,,,,,,5.109,,,,,,,,,,,,,,1.0,,,,,,,,,,
102,DHR,MRT,1996-03-31,1996-03-29,1996-03-29,2021-10-21,,,,,,,,,,,,,,,,,,,,,,0.002,0.01,,,,,,,,,,,,,,,,,,1.0,,,,,,,,,,,,,,,,,,,,,,,,,,,,,,,,,,,,,,,,4.625,,,,,,,,,,,,,,1.0,,,,,,,,,,
103,DHR,MRT,1995-12-31,1995-12-31,1995-12-31,2021-10-21,3598000.0,1485991000.0,,466470000.0,1019521000.0,,1.249,-59172000.0,7938000.0,7938000.0,1039622000.0,108316000.0,1.154,1.534,283587000.0,14970000.0,268617000.0,283587000.0,0.0,58527000.0,0.0,0.003,0.01,182807000.0,241334000.0,0.162,241334000.0,182807000.0,175609000.0,0.231,0.226,0.231,586311000.0,,586311000.0,,,,114984000.0,0.245,1.0,447147000.0,0.301,608140000.0,7198000.0,749362000.0,,201890000.0,0.0,0.0,0.0,899680000.0,404138000.0,495542000.0,,4339000.0,-207941000.0,3559000.0,98301000.0,-4672000.0,97188000.0,-267113000.0,0.0,174156000.0,108000.0,108316000.0,108316000.0,108316000.0,-2550000.0,0.0,0.073,266890000.0,180257000.0,92290000.0,0.043,,,17.181,291937000.0,0.0,3.969,,1.253,224652000.0,304363000.0,1486769000.0,1486769000.0,0.0,,,,0.123,0.0,266890000.0,1.0,,469294792.0,478901384.0,3.168,877851000.0,0.0,67293000.0,0.0,1.871,62332000.0
104,DHR,MRT,1994-12-31,1994-12-31,1994-12-31,2021-10-21,,,,,,,,-34811000.0,,,791874000.0,81650000.0,,,,,,,,42554000.0,,0.002,0.008,133758000.0,176312000.0,0.158,176312000.0,133758000.0,130557000.0,,,,,,,,,,105543000.0,,1.0,322099000.0,0.289,,3201000.0,,,,,,,,,,,-3002000.0,-136055000.0,992000.0,51701000.0,-3420000.0,49273000.0,-192898000.0,-22032000.0,140354000.0,269000.0,81650000.0,81650000.0,81650000.0,-9331000.0,0.0,0.073,197672000.0,124427000.0,,,,,,,0.0,3.266,,,,,1113973000.0,1113973000.0,0.0,,,,0.12,0.0,197672000.0,1.0,,,466612576.0,,,,48907000.0,,,
