None,ticker,dimension,calendardate,datekey,reportperiod,lastupdated,accoci,assets,assetsavg,assetsc,assetsnc,assetturnover,bvps,capex,cashneq,cashnequsd,cor,consolinc,currentratio,de,debt,debtc,debtnc,debtusd,deferredrev,depamor,deposits,divyield,dps,ebit,ebitda,ebitdamargin,ebitdausd,ebitusd,ebt,eps,epsdil,epsusd,equity,equityavg,equityusd,ev,evebit,evebitda,fcf,fcfps,fxusd,gp,grossmargin,intangibles,intexp,invcap,invcapavg,inventory,investments,investmentsc,investmentsnc,liabilities,liabilitiesc,liabilitiesnc,marketcap,ncf,ncfbus,ncfcommon,ncfdebt,ncfdiv,ncff,ncfi,ncfinv,ncfo,ncfx,netinc,netinccmn,netinccmnusd,netincdis,netincnci,netmargin,opex,opinc,payables,payoutratio,pb,pe,pe1,ppnenet,prefdivis,price,ps,ps1,receivables,retearn,revenue,revenueusd,rnd,roa,roe,roic,ros,sbcomp,sgna,sharefactor,sharesbas,shareswa,shareswadil,sps,tangibles,taxassets,taxexp,taxliabilities,tbvps,workingcapital
0,SNV,MRY,2020-12-31,2020-12-31,2020-12-31,2021-09-07,158635000.0,54394159000.0,53044067750.0,,,0.031,35.012,-30102000.0,4252917000.0,4252917000.0,0.0,373695000.0,,9.539,1438133000.0,,,1438133000.0,0.0,106107000.0,46691571000.0,0.041,1.32,484665000.0,590772000.0,0.355,590772000.0,484665000.0,484665000.0,2.31,2.3,2.31,5161334000.0,5086012250.0,5161334000.0,5029854960.0,10.0,8.514,-13070000.0,-0.089,1.0,1664239000.0,1.0,497502000.0,0.0,51081873000.0,52902451000.0,0.0,46369809000.0,,,49232825000.0,,,4784488960.0,3065999000.0,0.0,-10839000.0,-2647058000.0,-189967000.0,5401940000.0,-2352973000.0,-2126405000.0,17032000.0,0.0,373695000.0,340532000.0,340532000.0,0.0,0.0,0.205,1179574000.0,484665000.0,0.0,0.571,0.927,14.05,14.013,463959000.0,33163000.0,32.37,2.875,2.867,0.0,1178019000.0,1664239000.0,1664239000.0,0.0,0.006,0.067,0.009,0.291,18641000.0,859158000.0,1.0,147806270.0,147415000,148210000.0,11.289,53896657000.0,0.0,110970000.0,0.0,365.612,
1,SNV,MRY,2019-12-31,2019-12-31,2019-12-31,2021-09-07,65641000.0,48203282000.0,47453173000.0,,,0.039,32.02,-61208000.0,1186918000.0,1186918000.0,0.0,563780000.0,,8.754,4073147000.0,,,4073147000.0,0.0,8079000.0,38405504000.0,0.031,1.2,765015000.0,773094000.0,0.415,773094000.0,765015000.0,765015000.0,3.5,3.47,3.5,4941690000.0,4790524250.0,4941690000.0,9146697611.0,12.0,11.831,559842000.0,3.628,1.0,1863983000.0,1.0,552938000.0,0.0,50536573000.0,49663467250.0,0.0,43774891000.0,,,43261592000.0,,,5744555611.0,43354000.0,201100000.0,-718077000.0,1342237000.0,-167923000.0,1576166000.0,-2153862000.0,-2330298000.0,621050000.0,0.0,563780000.0,540899000.0,540899000.0,0.0,0.0,0.29,1098968000.0,765015000.0,0.0,0.343,1.162,10.62,11.2,493940000.0,22881000.0,39.2,3.082,3.246,0.0,1068327000.0,1863983000.0,1863983000.0,0.0,0.011,0.113,0.015,0.41,24487000.0,788613000.0,1.0,146544786.0,154331000,156058000.0,12.078,47650344000.0,0.0,201235000.0,0.0,308.754,
2,SNV,MRY,2018-12-31,2018-12-31,2018-12-31,2021-09-07,-94420000.0,32669192000.0,31996411250.0,,,0.043,26.636,-53159000.0,1143564000.0,1143564000.0,0.0,428476000.0,,9.425,2544849000.0,,,2544849000.0,0.0,55172000.0,26720322000.0,0.031,1.0,547354000.0,602526000.0,0.438,602526000.0,547354000.0,547354000.0,3.49,3.47,3.49,3133602000.0,3074466000.0,3133602000.0,5037530488.0,9.0,8.361,484893000.0,4.122,1.0,1376809000.0,1.0,67190000.0,0.0,34003287000.0,33046606750.0,0.0,29724779000.0,,,29535590000.0,,,3722869488.0,210631000.0,0.0,-181437000.0,676450000.0,-106224000.0,1010628000.0,-1338049000.0,-1300156000.0,538052000.0,0.0,428476000.0,410478000.0,410478000.0,0.0,0.0,0.298,829455000.0,547354000.0,0.0,0.287,1.188,9.07,9.166,434307000.0,17998000.0,31.99,2.704,2.733,0.0,843767000.0,1376809000.0,1376809000.0,0.0,0.013,0.134,0.017,0.398,16643000.0,631520000.0,1.0,116376039.0,117644000,118378000.0,11.703,32602002000.0,0.0,118878000.0,0.0,277.124,
3,SNV,MRY,2017-12-31,2017-12-31,2017-12-31,2021-09-07,-54754000.0,31221837000.0,31057878750.0,,,0.042,24.443,-51106000.0,932933000.0,932933000.0,0.0,275474000.0,,9.542,1867328000.0,,,1867328000.0,0.0,59121000.0,26147900000.0,0.013,0.6,480138000.0,539259000.0,0.414,539259000.0,480138000.0,480138000.0,2.19,2.17,2.19,2961566000.0,2979679500.0,2961566000.0,6063599902.0,13.0,11.244,580098000.0,4.788,1.0,1301451000.0,1.0,68569000.0,0.0,32087663000.0,31977710250.0,0.0,28573289000.0,,,28260271000.0,,,5729540902.0,-66112000.0,0.0,-171639000.0,-477065000.0,-54670000.0,776588000.0,-1473904000.0,-1292168000.0,631204000.0,0.0,275474000.0,265236000.0,265236000.0,0.0,0.0,0.204,798153000.0,503298000.0,0.0,0.274,1.935,21.602,21.89,426813000.0,10238000.0,47.94,4.402,4.463,0.0,544207000.0,1301451000.0,1301451000.0,0.0,0.009,0.089,0.015,0.369,14179000.0,602465000.0,1.0,119514829.0,121162000,122012000.0,10.741,31153268000.0,165788000.0,204664000.0,0.0,257.121,
4,SNV,MRY,2016-12-31,2016-12-31,2016-12-31,2021-09-07,-55659000.0,30104002000.0,29615511500.0,,,0.039,23.538,-34317000.0,940985000.0,940985000.0,0.0,246784000.0,,9.282,2320580000.0,,,2320580000.0,0.0,58228000.0,24648060000.0,0.012,0.48,388451000.0,446679000.0,0.39,446679000.0,388451000.0,388451000.0,1.9,1.89,1.9,2927924000.0,2934877500.0,2927924000.0,6008539503.0,15.0,13.452,431570000.0,3.47,1.0,1144374000.0,1.0,72901000.0,0.0,31410696000.0,30759831250.0,0.0,27441747000.0,,,27176078000.0,,,5024022503.0,-285138000.0,6146000.0,-257929000.0,-406014000.0,-59425000.0,665911000.0,-1416936000.0,-1404473000.0,465887000.0,0.0,246784000.0,236546000.0,236546000.0,0.0,0.0,0.207,751188000.0,393186000.0,0.0,0.253,1.716,21.239,21.621,417485000.0,10238000.0,41.08,4.39,4.465,0.0,351767000.0,1144374000.0,1144374000.0,0.0,0.008,0.081,0.013,0.339,13615000.0,558335000.0,1.0,122298503.0,124389000,125078000.0,9.2,30031101000.0,395356000.0,141667000.0,0.0,241.429,
5,SNV,MRY,2015-12-31,2015-12-31,2015-12-31,2021-09-07,-29819000.0,28792653000.0,28200033500.0,,,0.038,22.656,-28381000.0,1214366000.0,1214366000.0,0.0,226082000.0,,8.597,2363918000.0,,,2363918000.0,0.0,56741000.0,23242661000.0,0.013,0.42,358573000.0,415314000.0,0.386,415314000.0,358573000.0,358573000.0,1.63,1.62,1.63,3000196000.0,3013526000.0,3000196000.0,5214828502.0,15.0,12.556,416605000.0,3.146,1.0,1076228000.0,1.0,24902000.0,0.0,29917303000.0,29027812000.0,0.0,25899078000.0,,,25792457000.0,,,4228841502.0,-118397000.0,0.0,-193578000.0,97854000.0,-55354000.0,1543334000.0,-2106717000.0,-2083029000.0,444986000.0,0.0,226082000.0,215844000.0,215844000.0,0.0,0.0,0.201,714658000.0,361570000.0,0.0,0.258,1.41,19.592,19.865,445155000.0,10238000.0,32.38,3.929,3.984,0.0,174973000.0,1076228000.0,1076228000.0,0.0,0.008,0.072,0.012,0.333,12556000.0,530507000.0,1.0,130600417.0,132423000,133201000.0,8.127,28767751000.0,511948000.0,132491000.0,0.0,217.241,
6,SNV,MRY,2014-12-31,2014-12-31,2014-12-31,2021-09-07,-12605000.0,27050237000.0,26658015750.0,,,0.039,21.959,-38680000.0,1218661000.0,1218661000.0,0.0,195249000.0,,7.894,2266241000.0,,,2266241000.0,0.0,54952000.0,21531700000.0,0.011,0.31,302559000.0,357511000.0,0.341,357511000.0,302559000.0,302559000.0,1.34,1.33,1.34,3041270000.0,3042340500.0,3041270000.0,4787354824.0,16.0,13.391,348538000.0,2.517,1.0,1047557000.0,1.0,24431000.0,0.0,28073386000.0,27668208750.0,0.0,24028090000.0,,,24008967000.0,,,3699720824.0,15859000.0,-90571000.0,-85065000.0,88003000.0,-42805000.0,795415000.0,-1166774000.0,-1101291000.0,387218000.0,0.0,195249000.0,185011000.0,185011000.0,0.0,0.0,0.177,741957000.0,305600000.0,0.0,0.231,1.217,19.997,20.216,455235000.0,10238000.0,27.09,3.532,3.582,0.0,14894000.0,1047557000.0,1047557000.0,0.0,0.007,0.061,0.011,0.289,10233000.0,528187000.0,1.0,136571459.0,138495000,139154000.0,7.564,27025806000.0,622464000.0,107310000.0,0.0,195.139,
7,SNV,MRY,2013-12-31,2013-12-31,2013-12-31,2021-09-07,-41258000.0,26201604000.0,26299004250.0,,,0.038,23.13,-28470000.0,1138483000.0,1138483000.0,0.0,159383000.0,,7.885,2181273000.0,,,2181273000.0,0.0,59310000.0,20876790000.0,0.011,0.28,252628000.0,311938000.0,0.314,311938000.0,252628000.0,252628000.0,0.93,0.88,0.93,2948985000.0,3256788750.0,2948985000.0,4084670489.0,16.0,13.094,576631000.0,4.523,1.0,994165000.0,1.0,24431000.0,0.0,27219963000.0,26759151750.0,0.0,23092753000.0,,,23252619000.0,,,3500189489.0,-145000000.0,56328000.0,176218000.0,256818000.0,-36427000.0,-722515000.0,-27586000.0,-156246000.0,605101000.0,0.0,159383000.0,118553000.0,118553000.0,0.0,0.0,0.119,741537000.0,252628000.0,0.0,0.301,1.187,29.524,27.097,468871000.0,40830000.0,25.2,3.521,3.232,0.0,-137512000.0,994165000.0,994165000.0,0.0,0.005,0.036,0.009,0.254,7465000.0,519238000.0,1.0,138896408.0,127495000,134226000.0,7.798,26177173000.0,744646000.0,93245000.0,0.0,205.319,
8,SNV,MRY,2012-12-31,2012-12-31,2012-12-31,2021-09-07,4101000.0,26760012000.0,26470889500.0,,,0.032,31.77,-27106000.0,2136462000.0,2136462000.0,0.0,830209000.0,,6.497,1927698000.0,,,1927698000.0,0.0,64401000.0,21057044000.0,0.016,0.28,31477000.0,95878000.0,0.113,95878000.0,31477000.0,31477000.0,6.87,5.93,6.87,3569431000.0,3030070750.0,3569431000.0,2450797556.0,78.0,25.562,445025000.0,3.961,1.0,847714000.0,1.0,29580000.0,0.0,26521668000.0,26319318500.0,0.0,22497369000.0,,,23190581000.0,,,1927148556.0,104207000.0,0.0,0.0,256437000.0,-31462000.0,-1185980000.0,818056000.0,709345000.0,472131000.0,0.0,830209000.0,771506000.0,771506000.0,0.0,0.0,0.91,811556000.0,36158000.0,0.0,0.041,0.54,2.498,2.496,479546000.0,58703000.0,17.15,2.273,2.273,0.0,-259968000.0,847714000.0,847714000.0,0.0,0.029,0.255,0.001,0.037,9399000.0,529368000.0,1.0,112370178.0,112352000,130015000.0,7.545,26730432000.0,806406000.0,-798732000.0,0.0,237.917,
9,SNV,MRY,2011-12-31,2011-12-31,2011-12-31,2021-09-07,21093000.0,27162845000.0,28102220500.0,,,0.03,25.204,-11056000.0,2091019000.0,2091019000.0,0.0,-60844000.0,,8.607,1678484000.0,,,1678484000.0,0.0,47626000.0,22411752000.0,0.028,0.28,-59312000.0,-11686000.0,-0.014,-11686000.0,-59312000.0,-59312000.0,-1.05,-1.05,-1.05,2827452000.0,2847610750.0,2827452000.0,-266139665.0,4.0,22.774,634651000.0,5.657,1.0,844233000.0,1.0,32956000.0,0.0,26717354000.0,27230213000.0,0.0,23600891000.0,,,24335393000.0,,,1107267335.0,121402000.0,0.0,0.0,-621884000.0,-31412000.0,-2790242000.0,2265937000.0,2105721000.0,645707000.0,0.0,-60624000.0,-118712000.0,-118712000.0,0.0,-220000.0,-0.141,866474000.0,-22241000.0,0.0,-0.267,0.392,-9.327,-9.4,486923000.0,58088000.0,9.87,1.312,1.312,0.0,-1058642000.0,844233000.0,844233000.0,0.0,-0.004,-0.042,-0.002,-0.07,6029000.0,526168000.0,1.0,112185140.0,112183958,112183958.0,7.525,27129889000.0,2138000.0,1312000.0,0.0,241.834,
10,SNV,MRY,2010-12-31,2010-12-31,2010-12-31,2021-09-07,57158000.0,30093148000.0,31467421750.0,,,0.005,30.627,-18614000.0,3509363000.0,3509363000.0,0.0,-790857000.0,,9.029,2307387000.0,,,2307387000.0,0.0,46421000.0,24500304000.0,0.015,0.28,-805829000.0,-759408000.0,-4.734,-759408000.0,-805829000.0,-805829000.0,-8.68,-8.68,-8.68,2997918000.0,3063664750.0,2997918000.0,704793907.0,-1.0,-0.928,892146000.0,9.114,1.0,160406000.0,1.0,36865000.0,0.0,28854307000.0,30035531000.0,0.0,24865484000.0,,,27068601000.0,,,2072736907.0,-175461000.0,69466000.0,1034657000.0,85731000.0,-25502000.0,-1886737000.0,800516000.0,498536000.0,910760000.0,0.0,-790678000.0,-848188000.0,-848188000.0,-43162000.0,-179000.0,-5.288,1013618000.0,-853212000.0,0.0,-0.032,0.691,-2.444,-2.129,544971000.0,57510000.0,18.48,12.922,11.277,0.0,-966607000.0,160406000.0,160406000.0,0.0,-0.027,-0.277,-0.027,-5.024,7158000.0,631707000.0,1.0,112161088.0,97885672,97885672.0,1.639,30056283000.0,0.0,-15151000.0,0.0,307.055,
11,SNV,MRY,2009-12-31,2009-12-31,2009-12-31,2021-09-07,84806000.0,32831418000.0,34084750000.0,,,-0.011,53.512,-32741000.0,2478863000.0,2478863000.0,0.0,-1429341000.0,,10.508,2226654000.0,,,2226654000.0,0.0,37350000.0,27433533000.0,0.02,0.28,-1603682000.0,-1566332000.0,4.072,-1566332000.0,-1603682000.0,-1603682000.0,-27.929,-27.929,-27.929,2851041000.0,3161010250.0,2851041000.0,741341449.0,0.0,-0.473,391468000.0,7.348,1.0,-384619000.0,1.0,41080000.0,0.0,32538129000.0,34851134000.0,0.0,28021279000.0,,,29959917000.0,,,984811449.0,40155000.0,60251000.0,571188000.0,-555467000.0,-29745000.0,-1241481000.0,857427000.0,484955000.0,424209000.0,0.0,-1431705000.0,-1488671000.0,-1488671000.0,-4590000.0,2364000.0,3.871,1221289000.0,-1605908000.0,0.0,-0.01,0.345,-0.662,-0.514,580375000.0,56966000.0,14.35,-2.56,-1.988,0.0,-148428000.0,-384619000.0,-384619000.0,0.0,-0.044,-0.471,-0.046,4.17,8349000.0,632208000.0,1.0,68627976.0,53278637,53278637.0,-7.219,32790338000.0,0.0,-171977000.0,0.0,615.45,
12,SNV,MRY,2008-12-31,2008-12-31,2008-12-31,2021-09-07,129253000.0,35786269000.0,34528150250.0,,,0.023,80.498,-110581000.0,1741300000.0,1741300000.0,0.0,-574726000.0,,8.441,2833042000.0,,,2833042000.0,0.0,70615000.0,28617179000.0,1.711,99.404,-662868000.0,-592253000.0,-0.745,-592253000.0,-662868000.0,-662868000.0,-12.39,-12.39,-12.39,3787158000.0,3531207000.0,3787158000.0,5036494912.0,-8.0,-8.504,548757000.0,11.664,1.0,795251000.0,1.0,60787000.0,0.0,36817224000.0,36774090000.0,0.0,31641772000.0,,,31966762000.0,,,2741711912.0,-158256000.0,54728000.0,2829000.0,-1415032000.0,-199722000.0,3014178000.0,-3831772000.0,-3951333000.0,659338000.0,0.0,-582438000.0,-584495000.0,-584495000.0,-5650000.0,7712000.0,-0.735,1446148000.0,-650897000.0,0.0,-8.023,0.724,-4.691,-4.689,605019000.0,2057000.0,58.1,3.448,3.437,0.0,1350501000.0,795251000.0,795251000.0,0.0,-0.017,-0.166,-0.018,-0.834,12846000.0,656048000.0,1.0,47189534.0,47046512,47046512.0,16.904,35725482000.0,0.0,-80430000.0,0.0,759.365,
13,SNV,MRY,2007-12-31,2007-12-31,2007-12-31,2021-09-07,31439000.0,33064481000.0,33142158500.0,,,0.041,73.706,-218579000.0,693533000.0,693533000.0,0.0,526305000.0,,8.607,4209647000.0,,,4209647000.0,0.0,208270000.0,24959816000.0,0.015,2.52,708371000.0,916641000.0,0.679,916641000.0,708371000.0,708371000.0,11.27,11.2,11.27,3441590000.0,3814338250.0,3441590000.0,11289849911.0,16.0,12.317,416191000.0,8.913,1.0,1350378000.0,1.0,547145000.0,0.0,36033450000.0,35384000750.0,0.0,30045272000.0,,,29622891000.0,,,7909461911.0,3126000.0,-343484000.0,63850000.0,1529735000.0,-264930000.0,2012468000.0,-2649082000.0,-2299489000.0,634770000.0,4970000.0,526305000.0,526305000.0,526305000.0,-188336000.0,0.0,0.39,830343000.0,520035000.0,0.0,0.224,2.298,15.028,14.957,547437000.0,0.0,168.56,5.857,5.829,0.0,2087357000.0,1350378000.0,1350378000.0,0.0,0.016,0.138,0.02,0.525,22443000.0,630164000.0,1.0,46923718.0,46693648,47124228.0,28.92,32517336000.0,0.0,182066000.0,0.0,696.397,
14,SNV,MRY,2006-12-31,2006-12-31,2006-12-31,2021-09-07,-2129000.0,31966180000.0,30749831750.0,,,0.046,80.812,-171219000.0,732368000.0,732368000.0,0.0,616917000.0,,7.619,2925845000.0,,,2925845000.0,0.0,231288000.0,24528463000.0,0.018,3.885,847352000.0,1078640000.0,0.765,1078640000.0,847352000.0,847352000.0,13.44,13.3,13.44,3708650000.0,3462034250.0,3708650000.0,12156913984.0,14.0,11.271,618242000.0,13.472,1.0,1410071000.0,1.0,551412000.0,0.0,33608245000.0,32491729000.0,0.0,27983849000.0,,,28257530000.0,,,10019403984.0,9089000.0,-60948000.0,65510000.0,-272333000.0,-244654000.0,2245759000.0,-3025702000.0,-2754234000.0,789461000.0,-429000.0,616917000.0,616917000.0,616917000.0,-201814000.0,0.0,0.438,764533000.0,645538000.0,0.0,0.289,2.702,16.241,16.057,481415000.0,0.0,215.81,7.106,7.024,0.0,2460454000.0,1410071000.0,1410071000.0,0.0,0.02,0.178,0.026,0.601,16703000.0,570644000.0,1.0,46426968.0,45892489,46319784.0,30.726,31414768000.0,0.0,230435000.0,0.0,684.53,
15,SNV,MRY,2005-12-31,2005-12-31,2005-12-31,2021-09-07,-29536000.0,27620672000.0,26815360250.0,,,0.045,66.277,-140443000.0,883866000.0,883866000.0,0.0,516446000.0,,8.298,3092307000.0,,,3092307000.0,0.0,193152000.0,20784365000.0,0.022,4.218,720736000.0,913888000.0,0.755,913888000.0,720736000.0,720736000.0,11.62,11.48,11.62,2949329000.0,2829229500.0,2949329000.0,10690259623.0,15.0,11.698,486765000.0,10.938,1.0,1210097000.0,1.0,503249000.0,0.0,29325864000.0,28637555500.0,0.0,24300443000.0,,,24474370000.0,,,8435614623.0,197851000.0,-64487000.0,43125000.0,6078000.0,-224303000.0,2031797000.0,-2456902000.0,-2232504000.0,627208000.0,-4252000.0,516446000.0,516446000.0,516446000.0,-157396000.0,0.0,0.427,646757000.0,563340000.0,0.0,0.363,2.86,16.334,16.271,669425000.0,0.0,189.07,6.971,6.953,0.0,2091187000.0,1210097000.0,1210097000.0,0.0,0.019,0.183,0.025,0.596,1999000.0,460772000.0,1.0,44616357.0,44500176,44974471.0,27.193,27117423000.0,0.0,204290000.0,0.0,609.378,
16,SNV,MRY,2004-12-31,2004-12-31,2004-12-31,2021-09-07,8903000.0,25050178000.0,23821558500.0,,,0.097,60.172,-170861000.0,687188000.0,687188000.0,0.0,437033000.0,,8.421,3087663000.0,,,3087663000.0,0.0,161062000.0,18577468000.0,0.02,4.083,689281000.0,850343000.0,0.369,850343000.0,689281000.0,689281000.0,9.94,9.87,9.94,2641289000.0,2515631000.0,2641289000.0,11499820232.0,17.0,13.524,625417000.0,14.248,1.0,2306371000.0,1.0,457911000.0,0.0,26992742000.0,25883187500.0,0.0,22165901000.0,,,22241605000.0,,,8849998232.0,-12995000.0,-12103000.0,23461000.0,63808000.0,-209883000.0,2069508000.0,-2882734000.0,-2670620000.0,796278000.0,3953000.0,437033000.0,437033000.0,437033000.0,0.0,0.0,0.189,1588366000.0,718005000.0,0.0,0.411,3.351,20.25,20.127,638407000.0,0.0,200.06,3.837,3.808,0.0,1802404000.0,2306371000.0,2306371000.0,0.0,0.018,0.174,0.027,0.299,55000.0,1053268000.0,1.0,44236720.0,43895449,44333744.0,52.542,24592267000.0,0.0,252248000.0,0.0,560.246,
17,SNV,MRY,2003-12-31,2003-12-31,2003-12-31,2021-09-07,29509000.0,21632629000.0,21081077750.0,,,0.098,52.035,-246546000.0,700453000.0,700453000.0,0.0,388925000.0,,8.573,2930664000.0,,,2930664000.0,17573000.0,112012000.0,15941609000.0,0.015,3.115,611501000.0,723513000.0,0.351,723513000.0,611501000.0,611501000.0,9.03,8.96,9.03,2245039000.0,2185261250.0,2245039000.0,10817420896.0,18.0,14.951,475640000.0,11.024,1.0,2060616000.0,1.0,282838000.0,0.0,23580002000.0,22882498250.0,0.0,19074340000.0,,,19245752000.0,,,8727093896.0,-45062000.0,-66204000.0,-84585000.0,254005000.0,-194177000.0,1297798000.0,-2067905000.0,-1737026000.0,722186000.0,2859000.0,388925000.0,388925000.0,388925000.0,0.0,0.0,0.189,1422143000.0,638473000.0,0.0,0.345,3.887,22.439,22.419,578710000.0,0.0,202.44,4.235,4.239,0.0,1579057000.0,2060616000.0,2060616000.0,0.0,0.018,0.178,0.027,0.297,0.0,953936000.0,1.0,43109533.0,43145149,43562014.0,47.76,21349791000.0,0.0,222576000.0,0.0,494.836,
18,SNV,MRY,2002-12-31,2002-12-31,2002-12-31,2021-09-07,46113000.0,19036246000.0,17896994250.0,,,0.105,48.047,-200314000.0,746147000.0,746147000.0,0.0,365347000.0,,8.27,2611284000.0,,,2611284000.0,0.0,97011000.0,13928834000.0,0.02,2.712,563880000.0,660891000.0,0.35,660891000.0,563880000.0,563880000.0,8.61,8.47,8.61,2040853000.0,1885600250.0,2040853000.0,7570180971.0,13.0,11.455,540840000.0,12.733,1.0,1886999000.0,1.0,115977000.0,0.0,20785406000.0,19560091250.0,0.0,16840360000.0,,,16878294000.0,,,5817207971.0,92913000.0,25742000.0,19047000.0,114995000.0,-169107000.0,1511933000.0,-2160174000.0,-1941558000.0,741154000.0,0.0,365347000.0,365347000.0,365347000.0,0.0,0.0,0.194,1299470000.0,587529000.0,0.0,0.315,2.85,15.922,15.772,616355000.0,0.0,135.8,3.083,3.057,0.0,1389880000.0,1886999000.0,1886999000.0,0.0,0.02,0.194,0.029,0.299,0.0,852041000.0,1.0,42836583.0,42475849,43029003.0,44.425,18920269000.0,0.0,198533000.0,0.0,445.436,
19,SNV,MRY,2001-12-31,2001-12-31,2001-12-31,2021-09-07,29338000.0,16654891000.0,15817989500.0,,,0.11,40.869,-150773000.0,652063000.0,652063000.0,0.0,311616000.0,,8.768,2398765000.0,,,2398765000.0,0.0,87200000.0,12146198000.0,0.015,2.572,489993000.0,577193000.0,0.331,577193000.0,489993000.0,489993000.0,7.49,7.35,7.49,1694946000.0,1591305000.0,1694946000.0,8864006674.0,18.0,15.357,43101000.0,1.039,1.0,1742335000.0,1.0,34744000.0,0.0,18366849000.0,17256025750.0,0.0,14757048000.0,,,14861307000.0,,,7297090674.0,90125000.0,6869000.0,26546000.0,-111516000.0,-142083000.0,963747000.0,-1067496000.0,-859580000.0,193874000.0,0.0,311616000.0,311616000.0,311616000.0,0.0,0.0,0.179,1232483000.0,509852000.0,0.0,0.343,4.305,23.417,23.411,572618000.0,0.0,175.35,4.188,4.174,0.0,1200869000.0,1742335000.0,1742335000.0,0.0,0.02,0.196,0.028,0.281,0.0,801736000.0,1.0,41614432.0,41472829,42265131.0,42.011,16620147000.0,0.0,178377000.0,0.0,400.748,
20,SNV,MRY,2000-12-31,2000-12-31,2000-12-31,2021-09-07,5936000.0,14908092000.0,13936854250.0,,,0.114,34.985,-239163000.0,561860000.0,561860000.0,0.0,262557000.0,,9.463,1880759000.0,,,1880759000.0,0.0,80502000.0,11161710000.0,0.012,2.17,411735000.0,492237000.0,0.311,492237000.0,411735000.0,411735000.0,6.51,6.44,6.51,1417171000.0,1327876250.0,1417171000.0,9075722237.0,22.0,18.438,215162000.0,5.312,1.0,1583406000.0,1.0,0.0,0.0,16226991000.0,15275174500.0,0.0,13165947000.0,,,13410031000.0,,,7658184237.0,91511000.0,-93258000.0,10007000.0,300433000.0,-119012000.0,2063285000.0,-2426099000.0,-2072101000.0,454325000.0,0.0,262557000.0,262557000.0,262557000.0,0.0,0.0,0.166,1155176000.0,428230000.0,0.0,0.333,5.404,29.168,28.968,526988000.0,0.0,188.58,4.837,4.824,0.0,1020431000.0,1583406000.0,1583406000.0,0.0,0.019,0.198,0.027,0.26,0.0,721152000.0,1.0,40609737.0,40508239,40983963.0,39.088,14908092000.0,0.0,149178000.0,0.0,368.026,
21,SNV,MRY,1999-12-31,1999-12-31,1999-12-31,2021-09-07,-30134000.0,12547001000.0,11580349250.0,,,0.105,30.664,-170336000.0,560564000.0,560564000.0,0.0,225307000.0,,9.176,1580011000.0,,,1580011000.0,0.0,72475000.0,9440087000.0,0.013,1.75,349315000.0,421790000.0,0.346,421790000.0,349315000.0,349315000.0,5.6,5.6,5.6,1226669000.0,1154756500.0,1226669000.0,6325189378.0,18.0,14.996,282960000.0,7.073,1.0,1219052000.0,1.0,0.0,0.0,13566448000.0,12254845250.0,0.0,11017783000.0,,,11256047000.0,,,5562653378.0,93167000.0,-48002000.0,6702000.0,942923000.0,-98837000.0,1456620000.0,-1816749000.0,-1591119000.0,453296000.0,0.0,225307000.0,225307000.0,225307000.0,0.0,0.0,0.185,856549000.0,362503000.0,0.0,0.312,4.535,24.689,24.85,437309000.0,0.0,139.16,4.563,4.567,0.0,898002000.0,1219052000.0,1219052000.0,0.0,0.019,0.195,0.029,0.287,0.0,665938000.0,1.0,39973077.0,40003086,40480095.0,30.474,12547001000.0,0.0,124008000.0,0.0,313.651,
22,SNV,MRY,1998-12-31,1998-12-31,1998-12-31,2021-09-07,10475000.0,10811592000.0,9849826500.0,,,0.103,28.571,-156389000.0,452151000.0,452151000.0,0.0,196465000.0,,8.677,635089000.0,,,635089000.0,0.0,61019000.0,8797412000.0,0.01,1.657,304025000.0,365044000.0,0.361,365044000.0,304025000.0,304025000.0,5.04,4.97,5.04,1111917000.0,1002376500.0,1111917000.0,6599076792.0,22.0,18.077,7662000.0,0.197,1.0,1010396000.0,1.0,0.0,0.0,10994530000.0,9893791250.0,0.0,9523200000.0,,,9647582000.0,,,6415353792.0,-32719000.0,22230000.0,5428000.0,183221000.0,-76665000.0,449295000.0,-646065000.0,-502493000.0,164051000.0,0.0,196465000.0,196465000.0,196465000.0,0.0,0.0,0.194,695812000.0,314584000.0,0.0,0.329,5.77,32.654,33.333,381385000.0,0.0,168.0,6.349,6.471,0.0,770622000.0,1010396000.0,1010396000.0,0.0,0.02,0.196,0.031,0.301,0.0,548360000.0,1.0,38186630.0,38917350,39604078.0,25.963,10811592000.0,0.0,107560000.0,0.0,277.809,
23,SNV,MRY,1997-12-31,1997-12-31,1997-12-31,2021-09-07,5700000.0,9260331000.0,8969630750.0,,,0.1,23.49,-79872000.0,482798000.0,482798000.0,0.0,170829000.0,,9.2,432042000.0,,,432042000.0,0.0,50255000.0,7707927000.0,0.008,1.167,267013000.0,317268000.0,0.355,317268000.0,267013000.0,267013000.0,4.41,4.41,4.41,903656000.0,848731500.0,903656000.0,5875968061.0,22.0,18.521,181821000.0,4.726,1.0,894847000.0,1.0,0.0,0.0,9209575000.0,9051095250.0,0.0,8161995000.0,,,8314034000.0,,,5732423061.0,-13995000.0,0.0,5763000.0,-7493000.0,-61984000.0,468765000.0,-744453000.0,-655362000.0,261693000.0,0.0,170829000.0,170829000.0,170829000.0,0.0,0.0,0.191,618691000.0,276156000.0,0.0,0.265,6.344,33.556,34.656,297227000.0,0.0,152.833,6.406,6.57,0.0,622215000.0,894847000.0,894847000.0,0.0,0.019,0.201,0.03,0.298,0.0,484112000.0,1.0,37507675.0,38470055,39022495.0,23.261,9260331000.0,0.0,96184000.0,0.0,240.715,
24,SNV,MRY,1996-12-31,1996-12-31,1996-12-31,2021-09-07,-112000.0,8612344000.0,8269969500.0,,,0.093,20.996,-73002000.0,445241000.0,445241000.0,0.0,139604000.0,,9.945,436483000.0,,,436483000.0,0.0,43280000.0,7203035000.0,0.01,0.954,219312000.0,262592000.0,0.342,262592000.0,219312000.0,219312000.0,3.71,3.71,3.71,783750000.0,738652500.0,783750000.0,,,,133124000.0,3.566,1.0,768486000.0,1.0,0.0,0.0,8603586000.0,8179926000.0,0.0,7609638000.0,,,7794159000.0,,,3739012002.0,22256000.0,30113000.0,2604000.0,100191000.0,-48745000.0,482766000.0,-666636000.0,-625695000.0,206126000.0,0.0,139604000.0,139604000.0,139604000.0,0.0,0.0,0.182,541582000.0,226904000.0,0.0,0.257,4.771,26.783,26.943,247191000.0,0.0,99.96,4.865,4.856,0.0,575544000.0,768486000.0,768486000.0,0.0,0.017,0.189,0.027,0.285,0.0,414674000.0,1.0,37405082.0,37329175,37691325.0,20.587,8612344000.0,0.0,79708000.0,0.0,230.713,
25,SNV,MRY,1995-12-31,1995-12-31,1995-12-31,2021-09-07,5774000.0,7927595000.0,,,,,18.77,-56342000.0,507621000.0,507621000.0,0.0,114583000.0,,10.39,336292000.0,,,336292000.0,0.0,38617000.0,6727879000.0,0.011,0.653,179469000.0,218086000.0,0.332,218086000.0,179469000.0,179469000.0,3.08,3.08,3.08,693555000.0,,693555000.0,,,,111575000.0,3.02,1.0,656922000.0,1.0,0.0,0.0,7756266000.0,,0.0,6917862000.0,,,7206250000.0,,,,38059000.0,4431000.0,1265000.0,-214729000.0,-42042000.0,467054000.0,-596912000.0,-548966000.0,167917000.0,0.0,114583000.0,114583000.0,114583000.0,0.0,0.0,0.174,472120000.0,184802000.0,0.0,0.212,,,19.192,220197000.0,0.0,59.111,,3.325,0.0,487164000.0,656922000.0,656922000.0,0.0,,,,0.273,0.0,352108000.0,1.0,,36950453,37171172.0,17.778,7927595000.0,0.0,64886000.0,0.0,214.547,
26,SNV,MRY,1994-12-31,1994-12-31,1994-12-31,2021-09-07,,,,,,,,-52562000.0,,,0.0,89452000.0,,,,,,,,38409000.0,,0.011,0.415,138926000.0,177335000.0,0.322,177335000.0,138926000.0,138926000.0,2.458,,2.458,,,,,,,115351000.0,3.183,1.0,550176000.0,1.0,,0.0,,,,,,,,,,,-10875000.0,9056000.0,-4743000.0,122927000.0,-33006000.0,307946000.0,-486734000.0,-453313000.0,167913000.0,0.0,89452000.0,89452000.0,89452000.0,0.0,0.0,0.163,406925000.0,143251000.0,,0.169,,,15.29,,0.0,37.582,,2.476,,,550176000.0,550176000.0,0.0,,,,0.253,0.0,294950000.0,1.0,,36241796,,15.181,,,49474000.0,,,
0,SNV,MRQ,2021-06-30,2021-06-30,2021-06-30,2021-09-07,45726000.0,54938659000.0,,,,,35.363,-8392000.0,3262676000.0,3262676000.0,0.0,186200000.0,,9.489,1398079000.0,,,1398079000.0,0.0,31696000.0,47171962000.0,0.03,0.33,243014000.0,274710000.0,0.535,274710000.0,243014000.0,243014000.0,1.2,1.19,1.2,5237714000.0,,5237714000.0,4688781831.0,6.0,4.999,407904000.0,2.754,1.0,513545000.0,1.0,492744000.0,0.0,52581318000.0,,0.0,47912396000.0,,,49700945000.0,,,6520563831.0,-65590000.0,0.0,-90575000.0,-98872000.0,-49093000.0,-443819000.0,-38067000.0,-35049000.0,416296000.0,0.0,186200000.0,177909000.0,177909000.0,0.0,0.0,0.346,270531000.0,243014000.0,0.0,0.275,1.245,11.202,11.165,446447000.0,8291000.0,43.88,3.336,3.325,0.0,1436983000.0,513545000.0,513545000.0,0.0,,,,,5467000.0,210339000.0,1.0,148599905.0,148113000,149747000.0,3.467,54445915000.0,0.0,56814000.0,0.0,367.597,
1,SNV,MRQ,2021-03-31,2021-03-31,2021-03-31,2021-09-07,15278000.0,55159011000.0,,,,,34.767,-4027000.0,3328266000.0,3328266000.0,0.0,187093000.0,,9.686,1496484000.0,,,1496484000.0,0.0,52395000.0,47368951000.0,0.029,0.33,236254000.0,288649000.0,0.573,288649000.0,236254000.0,236254000.0,1.2,1.19,1.2,5161717000.0,,5161717000.0,3985701097.0,6.0,4.899,16203000.0,0.109,1.0,503388000.0,1.0,495123000.0,0.0,52832106000.0,,0.0,48061531000.0,,,49997294000.0,,,6800485097.0,-924651000.0,0.0,6368000.0,58020000.0,-48834000.0,684643000.0,-1629524000.0,-1630528000.0,20230000.0,0.0,187093000.0,178802000.0,178802000.0,0.0,0.0,0.355,267134000.0,236254000.0,0.0,0.275,1.317,13.904,13.822,454911000.0,8291000.0,45.75,3.677,3.673,0.0,1307725000.0,503388000.0,503388000.0,0.0,,,,,7664000.0,211695000.0,1.0,148644483.0,148467000,149780000.0,3.391,54663888000.0,0.0,49161000.0,0.0,368.189,
2,SNV,MRQ,2020-12-31,2020-12-31,2020-12-31,2021-09-07,158635000.0,54394159000.0,,,,,34.933,-7316000.0,4252917000.0,4252917000.0,0.0,150409000.0,,9.539,1438133000.0,,,1438133000.0,0.0,28722000.0,46691571000.0,0.041,0.33,187129000.0,215851000.0,0.441,215851000.0,187129000.0,187129000.0,0.96,0.96,0.96,5161334000.0,,5161334000.0,5029854960.0,10.0,8.514,218076000.0,1.476,1.0,489627000.0,1.0,497502000.0,0.0,51081873000.0,,0.0,46369809000.0,,,49232825000.0,,,4784488960.0,2267554000.0,0.0,-1104000.0,-801681000.0,-48614000.0,1171597000.0,870565000.0,844528000.0,225392000.0,0.0,150409000.0,142118000.0,142118000.0,0.0,0.0,0.29,302498000.0,187129000.0,0.0,0.344,0.927,14.05,14.013,463959000.0,8291000.0,32.37,2.875,2.867,0.0,1178019000.0,489627000.0,489627000.0,0.0,,,,,4768000.0,230057000.0,1.0,147806270.0,147748000,148729000.0,3.314,53896657000.0,0.0,36720000.0,0.0,364.788,
3,SNV,MRQ,2020-09-30,2020-09-30,2020-09-30,2021-09-07,174914000.0,53040538000.0,,,,,34.379,-2600000.0,1985363000.0,1985363000.0,0.0,91574000.0,,9.473,2230729000.0,,,2230729000.0,0.0,27464000.0,44665904000.0,0.061,0.33,131363000.0,158827000.0,0.355,158827000.0,131363000.0,131363000.0,0.57,0.56,0.57,5064542000.0,,5064542000.0,4400886876.0,9.0,7.579,672030000.0,4.562,1.0,448018000.0,1.0,500142000.0,0.0,52785762000.0,,0.0,47257732000.0,,,47975996000.0,,,3118614876.0,414138000.0,0.0,32000.0,-623385000.0,-48612000.0,-209361000.0,-51131000.0,-57612000.0,674630000.0,0.0,91574000.0,83283000.0,83283000.0,0.0,0.0,0.186,316655000.0,131363000.0,0.0,0.579,0.616,9.124,9.086,471208000.0,8291000.0,21.17,1.893,1.893,0.0,1084736000.0,448018000.0,448018000.0,0.0,,,,,4953000.0,209925000.0,1.0,147312937.0,147314000,147976000.0,3.041,52540396000.0,0.0,39789000.0,0.0,356.656,
4,SNV,MRQ,2020-06-30,2020-06-30,2020-06-30,2021-09-07,202970000.0,54121989000.0,,,,,34.307,-13245000.0,1571225000.0,1571225000.0,0.0,93192000.0,,9.711,2853497000.0,,,2853497000.0,0.0,26272000.0,44194580000.0,0.061,0.33,124058000.0,150330000.0,0.368,150330000.0,124058000.0,124058000.0,0.58,0.57,0.58,5052968000.0,,5052968000.0,5840060116.0,10.0,9.632,-915996000.0,-6.219,1.0,408199000.0,1.0,547659000.0,0.0,54856602000.0,,0.0,47424078000.0,,,49069021000.0,,,3023779116.0,-252609000.0,0.0,65000.0,-1787055000.0,-48592000.0,2518517000.0,-1868375000.0,-1880766000.0,-902751000.0,0.0,93192000.0,84901000.0,84901000.0,0.0,0.0,0.208,284141000.0,124058000.0,922952000.0,0.569,0.598,7.834,7.896,481716000.0,8291000.0,20.53,1.819,1.819,1289116000.0,1050527000.0,408199000.0,408199000.0,0.0,,,,,5350000.0,216629000.0,1.0,147285880.0,147288000,147733000.0,2.771,53574330000.0,0.0,30866000.0,0.0,363.739,
5,SNV,MRQ,2020-03-31,2020-03-31,2020-03-31,2021-09-07,256911000.0,50619585000.0,,,,,34.384,-6941000.0,1823834000.0,1823834000.0,0.0,38521000.0,,8.994,4640115000.0,,,4640115000.0,0.0,23649000.0,39826585000.0,0.07,0.33,42116000.0,65765000.0,0.207,65765000.0,42116000.0,42116000.0,0.21,0.2,0.21,5065205000.0,,5065205000.0,5472047890.0,8.0,8.152,12820000.0,0.087,1.0,318395000.0,1.0,550299000.0,0.0,52885567000.0,,0.0,44821653000.0,,,45554380000.0,,,2585818890.0,636916000.0,0.0,-17236000.0,565063000.0,-44149000.0,1921187000.0,-1304032000.0,-1055696000.0,19761000.0,0.0,38521000.0,30230000.0,30230000.0,0.0,0.0,0.095,276279000.0,42116000.0,0.0,1.571,0.511,5.694,5.873,482462000.0,8291000.0,17.56,1.495,1.496,0.0,1014238000.0,318395000.0,318395000.0,0.0,,,,,3570000.0,202547000.0,1.0,147256201.0,147311000,148401000.0,2.161,50069286000.0,0.0,3595000.0,0.0,339.888,
6,SNV,MRQ,2019-12-31,2019-12-31,2019-12-31,2021-09-07,65641000.0,48203282000.0,,,,,33.647,-21013000.0,1186918000.0,1186918000.0,0.0,151684000.0,,8.754,4073147000.0,,,4073147000.0,0.0,-890000.0,38405504000.0,0.031,0.3,206632000.0,205742000.0,0.435,205742000.0,206632000.0,206632000.0,0.97,0.96,0.97,4941690000.0,,4941690000.0,9146697611.0,12.0,11.831,235926000.0,1.606,1.0,472753000.0,1.0,552938000.0,0.0,50536573000.0,,0.0,43774891000.0,,,43261592000.0,,,5744555611.0,4448000.0,0.0,-40379000.0,-510170000.0,-44477000.0,387046000.0,-639537000.0,-624001000.0,256939000.0,0.0,151684000.0,143394000.0,143394000.0,0.0,0.0,0.303,266121000.0,206632000.0,0.0,0.309,1.162,10.62,11.2,493940000.0,8290000.0,39.2,3.082,3.246,0.0,1068327000.0,472753000.0,472753000.0,0.0,,,,,3091000.0,219020000.0,1.0,146544786.0,146867000,148447000.0,3.219,47650344000.0,0.0,54948000.0,0.0,324.446,
7,SNV,MRQ,2019-09-30,2019-09-30,2019-09-30,2021-09-07,75933000.0,47661182000.0,,,,,31.982,-8428000.0,1182470000.0,1182470000.0,0.0,135726000.0,,8.789,4584612000.0,,,4584612000.0,0.0,-2477000.0,37433070000.0,0.032,0.3,186985000.0,184508000.0,0.398,184508000.0,186985000.0,186985000.0,0.84,0.83,0.84,4868838000.0,,4868838000.0,8276732508.0,12.0,11.422,99847000.0,0.656,1.0,463295000.0,1.0,546437000.0,0.0,50516887000.0,,0.0,43174390000.0,,,42792344000.0,,,5518500508.0,31149000.0,0.0,-341064000.0,668712000.0,-47243000.0,95653000.0,-172779000.0,-186507000.0,108275000.0,0.0,135726000.0,127435000.0,127435000.0,0.0,0.0,0.275,276310000.0,186985000.0,0.0,0.357,1.133,11.05,10.456,487053000.0,8291000.0,35.76,3.162,3.12,0.0,969077000.0,463295000.0,463295000.0,0.0,,,,,5171000.0,193252000.0,1.0,154320484.0,152238000,154043000.0,3.043,47114745000.0,0.0,51259000.0,0.0,309.481,
8,SNV,MRQ,2019-06-30,2019-06-30,2019-06-30,2021-09-07,49289000.0,47318203000.0,,,,,30.204,-22558000.0,1151321000.0,1151321000.0,0.0,156184000.0,,8.954,3909553000.0,,,3909553000.0,0.0,4446000.0,37966722000.0,0.031,0.3,210824000.0,215270000.0,0.453,215270000.0,210824000.0,210824000.0,0.97,0.96,0.97,4753816000.0,,4753816000.0,7520032555.0,12.0,11.039,90770000.0,0.577,1.0,474950000.0,1.0,553863000.0,0.0,49522572000.0,,0.0,42970052000.0,,,42564387000.0,,,5512537555.0,-114604000.0,0.0,-23116000.0,636098000.0,-47237000.0,465239000.0,-693171000.0,-672595000.0,113328000.0,0.0,156184000.0,153034000.0,153034000.0,0.0,0.0,0.322,264126000.0,210824000.0,0.0,0.309,1.16,11.696,10.204,490644000.0,3150000.0,35.0,3.382,3.379,0.0,886460000.0,474950000.0,474950000.0,0.0,,,,,5981000.0,192172000.0,1.0,157501073.0,157389000,159077000.0,3.018,46764340000.0,0.0,54640000.0,0.0,297.126,
9,SNV,MRQ,2019-03-31,2019-03-31,2019-03-31,2021-09-07,-18342000.0,46630025000.0,,,,,28.57,-9209000.0,1265925000.0,1265925000.0,0.0,120186000.0,,9.142,3273420000.0,,,3273420000.0,0.0,7000000.0,38075190000.0,0.031,0.3,160574000.0,167574000.0,0.37,167574000.0,160574000.0,160574000.0,0.73,0.72,0.73,4597753000.0,,4597753000.0,6869532592.0,12.0,11.046,133299000.0,0.828,1.0,452984000.0,1.0,559683000.0,0.0,48077837000.0,,0.0,42241626000.0,,,42032272000.0,,,5468247592.0,122361000.0,201100000.0,-313518000.0,547597000.0,-28966000.0,628228000.0,-648375000.0,-847195000.0,142508000.0,0.0,120186000.0,117036000.0,117036000.0,0.0,0.0,0.258,292410000.0,160574000.0,0.0,0.411,1.189,12.809,10.166,479965000.0,3150000.0,34.36,3.642,3.683,0.0,780662000.0,452984000.0,452984000.0,0.0,,,,,10244000.0,189292000.0,1.0,159145739.0,160927000,162760000.0,2.815,46070342000.0,0.0,40388000.0,0.0,286.281,
10,SNV,MRQ,2018-12-31,2018-12-31,2018-12-31,2021-09-07,-94420000.0,32669192000.0,,,,,26.947,-14125000.0,1143564000.0,1143564000.0,0.0,105069000.0,,9.425,2544849000.0,,,2544849000.0,0.0,13456000.0,26720322000.0,0.031,0.25,143852000.0,157308000.0,0.445,157308000.0,143852000.0,143852000.0,0.88,0.87,0.88,3133602000.0,,3133602000.0,5037530488.0,9.0,8.361,132937000.0,1.143,1.0,353776000.0,1.0,67190000.0,0.0,34003287000.0,,0.0,29724779000.0,,,29535590000.0,,,3722869488.0,131631000.0,0.0,-48710000.0,218007000.0,-29204000.0,430691000.0,-446122000.0,-436804000.0,147062000.0,0.0,105069000.0,101919000.0,101919000.0,0.0,0.0,0.288,209924000.0,143852000.0,0.0,0.284,1.188,9.07,9.166,434307000.0,3150000.0,31.99,2.704,2.733,0.0,843767000.0,353776000.0,353776000.0,0.0,,,,,4139000.0,163241000.0,1.0,116376039.0,116288000,116971000.0,3.042,32602002000.0,0.0,38783000.0,0.0,280.356,
11,SNV,MRQ,2018-09-30,2018-09-30,2018-09-30,2021-09-07,-143720000.0,32075120000.0,,,,,25.93,-12254000.0,1011933000.0,1011933000.0,0.0,109059000.0,,9.551,2326594000.0,,,2326594000.0,0.0,13055000.0,26433658000.0,0.02,0.25,128008000.0,141063000.0,0.405,141063000.0,128008000.0,128008000.0,0.85,0.84,0.85,3040073000.0,,3040073000.0,6145823198.0,12.0,10.906,147763000.0,1.26,1.0,348305000.0,1.0,67481000.0,0.0,33322300000.0,,0.0,29246516000.0,,,29035047000.0,,,5373384198.0,-79855000.0,0.0,-57813000.0,462105000.0,-29510000.0,229768000.0,-469640000.0,-459325000.0,160017000.0,0.0,109059000.0,99330000.0,99330000.0,0.0,0.0,0.285,220297000.0,128008000.0,0.0,0.294,1.768,16.011,16.067,431012000.0,9729000.0,45.79,3.97,3.966,0.0,770807000.0,348305000.0,348305000.0,0.0,,,,,4184000.0,156462000.0,1.0,117348421.0,117241000,118095000.0,2.971,32007639000.0,185116000.0,18949000.0,0.0,273.007,
12,SNV,MRQ,2018-06-30,2018-06-30,2018-06-30,2021-09-07,-125720000.0,31740305000.0,,,,,26.755,-17568000.0,1091788000.0,1091788000.0,0.0,111181000.0,,9.02,1864227000.0,,,1864227000.0,0.0,13838000.0,26442688000.0,0.015,0.25,142117000.0,155955000.0,0.451,155955000.0,142117000.0,142117000.0,0.92,0.91,0.92,3167694000.0,,3167694000.0,7250673683.0,14.0,12.277,131574000.0,1.111,1.0,346174000.0,1.0,67773000.0,0.0,32444971000.0,,0.0,28865966000.0,,,28572611000.0,,,6267767683.0,32771000.0,0.0,-49421000.0,-177973000.0,-29675000.0,124471000.0,-240842000.0,-228181000.0,149142000.0,0.0,111181000.0,108622000.0,108622000.0,0.0,0.0,0.314,204057000.0,142117000.0,0.0,0.272,1.979,18.895,18.935,428633000.0,2559000.0,52.83,4.597,4.587,0.0,700688000.0,346174000.0,346174000.0,0.0,,,,,4365000.0,156021000.0,1.0,118640312.0,118397000,119139000.0,2.924,31672532000.0,182983000.0,30936000.0,0.0,267.511,
13,SNV,MRQ,2018-03-31,2018-03-31,2018-03-31,2021-09-07,-107777000.0,31501028000.0,,,,,24.914,-9212000.0,1059017000.0,1059017000.0,0.0,103166000.0,,9.655,2041923000.0,,,2041923000.0,0.0,14823000.0,26253507000.0,0.014,0.25,133375000.0,148198000.0,0.451,148198000.0,133375000.0,133375000.0,0.85,0.84,0.85,2956495000.0,,2956495000.0,6909182925.0,14.0,12.18,72619000.0,0.612,1.0,328554000.0,1.0,68065000.0,0.0,32415869000.0,,0.0,28666690000.0,,,28544533000.0,,,5926941925.0,126084000.0,0.0,-25493000.0,174311000.0,-17835000.0,225698000.0,-181445000.0,-175846000.0,81831000.0,0.0,103166000.0,100607000.0,100607000.0,0.0,0.0,0.306,195179000.0,133375000.0,0.0,0.294,2.005,19.987,20.219,424342000.0,2559000.0,49.94,4.467,4.466,0.0,621925000.0,328554000.0,328554000.0,0.0,,,,,3955000.0,155797000.0,1.0,118681256.0,118666000,119321000.0,2.769,31432963000.0,179343000.0,30209000.0,0.0,264.886,
14,SNV,MRQ,2017-12-31,2017-12-31,2017-12-31,2021-09-07,-54754000.0,31221837000.0,,,,,24.833,-16389000.0,932933000.0,932933000.0,0.0,29606000.0,,9.542,1867328000.0,,,1867328000.0,0.0,14335000.0,26147900000.0,0.013,0.15,103967000.0,118302000.0,0.358,118302000.0,103967000.0,103967000.0,0.23,0.23,0.23,2961566000.0,,2961566000.0,6063599902.0,13.0,11.244,129434000.0,1.085,1.0,330500000.0,1.0,68569000.0,0.0,32087663000.0,,0.0,28573289000.0,,,28260271000.0,,,5729540902.0,-805974000.0,0.0,-38597000.0,-180292000.0,-17989000.0,-279640000.0,-672157000.0,-663621000.0,145823000.0,0.0,29606000.0,27046000.0,27046000.0,0.0,0.0,0.082,203373000.0,127127000.0,0.0,0.652,1.935,21.602,21.89,426813000.0,2560000.0,47.94,4.402,4.463,0.0,544207000.0,330500000.0,330500000.0,0.0,,,,,3603000.0,155633000.0,1.0,119514829.0,119260000,120164000.0,2.771,31153268000.0,165788000.0,74361000.0,0.0,261.221,
15,SNV,MRQ,2017-09-30,2017-09-30,2017-09-30,2021-09-07,-39596000.0,31642123000.0,,,,,24.79,-19331000.0,1690087000.0,1690087000.0,0.0,98007000.0,,9.558,2024146000.0,,,2024146000.0,0.0,15452000.0,26186228000.0,0.012,0.15,152675000.0,168127000.0,0.469,168127000.0,152675000.0,152675000.0,0.79,0.78,0.79,2997078000.0,,2997078000.0,7002616446.0,14.0,12.881,222339000.0,1.839,1.0,358321000.0,1.0,68863000.0,0.0,31907319000.0,,0.0,28209594000.0,,,28645045000.0,,,5596365446.0,840687000.0,0.0,-90197000.0,-233862000.0,-18332000.0,622885000.0,-23868000.0,69486000.0,241670000.0,0.0,98007000.0,95448000.0,95448000.0,0.0,0.0,0.266,205646000.0,152675000.0,0.0,0.19,1.867,18.398,18.424,423245000.0,2559000.0,46.06,4.399,4.377,0.0,534996000.0,358321000.0,358321000.0,0.0,,,,,3738000.0,150999000.0,1.0,121501638.0,120900000,121814000.0,2.964,31573260000.0,272052000.0,54668000.0,0.0,261.152,
16,SNV,MRQ,2017-06-30,2017-06-30,2017-06-30,2021-09-07,-47865000.0,30687966000.0,,,,,24.533,-9889000.0,851373000.0,851373000.0,0.0,76003000.0,,9.236,2257624000.0,,,2257624000.0,0.0,14855000.0,25218816000.0,0.012,0.15,117791000.0,132646000.0,0.429,132646000.0,117791000.0,117791000.0,0.6,0.6,0.6,2997947000.0,,2997947000.0,6693208282.0,15.0,13.57,99126000.0,0.811,1.0,309538000.0,1.0,68935000.0,0.0,32025282000.0,,0.0,28121260000.0,,,27690019000.0,,,5413073282.0,-178995000.0,0.0,-29613000.0,-49692000.0,-2000.0,31012000.0,-319022000.0,-313682000.0,109015000.0,0.0,76003000.0,73444000.0,73444000.0,0.0,0.0,0.237,190040000.0,119498000.0,0.0,0.25,1.806,19.944,19.928,416364000.0,2559000.0,44.24,4.502,4.496,0.0,457523000.0,309538000.0,309538000.0,0.0,,,,,3478000.0,148043000.0,1.0,122356991.0,122203000,123027000.0,2.533,30619031000.0,320403000.0,41788000.0,0.0,250.559,
17,SNV,MRQ,2017-03-31,2017-03-31,2017-03-31,2021-09-07,-54751000.0,30679589000.0,,,,,24.22,-5497000.0,1027212000.0,1027212000.0,0.0,71857000.0,,9.357,2307347000.0,,,2307347000.0,0.0,14479000.0,25105712000.0,0.012,0.15,105704000.0,120183000.0,0.397,120183000.0,105704000.0,105704000.0,0.57,0.56,0.57,2962127000.0,,2962127000.0,6398382442.0,16.0,13.633,129199000.0,1.056,1.0,303092000.0,1.0,69147000.0,0.0,31890577000.0,,0.0,27897363000.0,,,27717462000.0,,,5018787442.0,78170000.0,0.0,-13232000.0,-13219000.0,-18347000.0,402331000.0,-458857000.0,-384351000.0,134696000.0,0.0,71857000.0,69298000.0,69298000.0,0.0,0.0,0.229,197388000.0,105704000.0,0.0,0.263,1.694,19.614,19.721,412725000.0,2559000.0,41.02,4.269,4.268,0.0,402428000.0,303092000.0,303092000.0,0.0,,,,,3360000.0,147789000.0,1.0,122349767.0,122300000,123059000.0,2.478,30610442000.0,359121000.0,33847000.0,0.0,250.29,
18,SNV,MRQ,2016-12-31,2016-12-31,2016-12-31,2021-09-07,-55659000.0,30104002000.0,,,,,23.935,-9826000.0,940985000.0,940985000.0,0.0,68551000.0,,9.282,2320580000.0,,,2320580000.0,0.0,14613000.0,24648060000.0,0.012,0.12,108070000.0,122683000.0,0.407,122683000.0,108070000.0,108070000.0,0.54,0.53,0.54,2927924000.0,,2927924000.0,6008539503.0,15.0,13.452,127719000.0,1.044,1.0,301277000.0,1.0,72901000.0,0.0,31410696000.0,,0.0,27441747000.0,,,27176078000.0,,,5024022503.0,-285388000.0,6146000.0,2174000.0,-393908000.0,-14688000.0,46492000.0,-469425000.0,-450365000.0,137545000.0,0.0,68551000.0,65991000.0,65991000.0,0.0,0.0,0.219,194286000.0,106991000.0,0.0,0.222,1.716,21.239,21.621,417485000.0,2560000.0,41.08,4.39,4.465,0.0,351767000.0,301277000.0,301277000.0,0.0,,,,,3402000.0,141339000.0,1.0,122298503.0,122328000,123176000.0,2.463,30031101000.0,395356000.0,39519000.0,0.0,245.497,
19,SNV,MRQ,2016-09-30,2016-09-30,2016-09-30,2021-09-07,5165000.0,29727096000.0,,,,,23.646,-7722000.0,1371493000.0,1371493000.0,0.0,65245000.0,,9.227,2356010000.0,,,2356010000.0,0.0,15109000.0,24192003000.0,0.015,0.12,102620000.0,117729000.0,0.408,117729000.0,102620000.0,102620000.0,0.51,0.51,0.51,2906659000.0,,2906659000.0,5075775670.0,14.0,11.838,119944000.0,0.976,1.0,288491000.0,1.0,24431000.0,0.0,30687182000.0,,0.0,26787054000.0,,,26820437000.0,,,3998985670.0,-9992000.0,0.0,-90591000.0,-27193000.0,-14722000.0,130775000.0,-268433000.0,-275221000.0,127666000.0,0.0,65245000.0,62686000.0,62686000.0,0.0,0.0,0.217,185511000.0,102980000.0,0.0,0.235,1.376,17.664,18.173,418091000.0,2559000.0,32.53,3.581,3.58,0.0,300702000.0,288491000.0,288491000.0,0.0,,,,,3364000.0,142148000.0,1.0,122932237.0,122924000,123604000.0,2.347,29702665000.0,395795000.0,37375000.0,0.0,241.634,
20,SNV,MRQ,2016-06-30,2016-06-30,2016-06-30,2021-09-07,11005000.0,29459691000.0,,,,,23.594,-8939000.0,1306281000.0,1306281000.0,0.0,60457000.0,,8.981,2383071000.0,,,2383071000.0,0.0,14721000.0,23925922000.0,0.016,0.12,94031000.0,108752000.0,0.385,108752000.0,94031000.0,94031000.0,0.46,0.46,0.46,2951659000.0,,2951659000.0,4920824697.0,14.0,11.728,101238000.0,0.809,1.0,282642000.0,1.0,24431000.0,0.0,30512050000.0,,0.0,26552701000.0,,,26508032000.0,,,3638253697.0,25274000.0,0.0,-58983000.0,-181800000.0,-14946000.0,215683000.0,-300586000.0,-297427000.0,110177000.0,0.0,60457000.0,57898000.0,57898000.0,0.0,0.0,0.205,188251000.0,94391000.0,0.0,0.261,1.233,16.607,17.053,424967000.0,2559000.0,28.99,3.307,3.296,0.0,252739000.0,282642000.0,282642000.0,0.0,,,,,3512000.0,138133000.0,1.0,125500300.0,125100000,125699000.0,2.259,29435260000.0,425160000.0,33574000.0,0.0,235.294,
21,SNV,MRQ,2016-03-31,2016-03-31,2016-03-31,2021-09-07,-740000.0,29171257000.0,,,,,23.213,-7830000.0,1282273000.0,1282273000.0,0.0,52531000.0,,8.878,2564844000.0,,,2564844000.0,0.0,13785000.0,23449928000.0,0.015,0.12,83730000.0,97515000.0,0.359,97515000.0,83730000.0,83730000.0,0.39,0.39,0.39,2953268000.0,,2953268000.0,4801558054.0,13.0,11.62,82669000.0,0.65,1.0,271963000.0,1.0,24431000.0,0.0,30429397000.0,,0.0,26229899000.0,,,26217989000.0,,,3652006054.0,-15032000.0,0.0,-110529000.0,196887000.0,-15069000.0,272961000.0,-378492000.0,-381460000.0,90499000.0,0.0,52531000.0,49972000.0,49972000.0,0.0,0.0,0.184,183138000.0,88825000.0,0.0,0.308,1.237,17.033,17.628,439122000.0,2559000.0,28.91,3.371,3.395,0.0,209876000.0,271963000.0,271963000.0,0.0,,,,,3337000.0,136714000.0,1.0,126323281.0,127227000,127857000.0,2.138,29146826000.0,464242000.0,31199000.0,0.0,229.093,
22,SNV,MRQ,2015-12-31,2015-12-31,2015-12-31,2021-09-07,-29819000.0,28792653000.0,,,,,23.02,-6714000.0,1214366000.0,1214366000.0,0.0,58398000.0,,8.597,2363918000.0,,,2363918000.0,0.0,14016000.0,23242661000.0,0.013,0.12,90740000.0,104756000.0,0.383,104756000.0,90740000.0,90740000.0,0.43,0.42,0.43,3000196000.0,,3000196000.0,5214828502.0,15.0,12.556,122281000.0,0.938,1.0,273774000.0,1.0,24902000.0,0.0,29917303000.0,,0.0,25899078000.0,,,25792457000.0,,,4228841502.0,37696000.0,0.0,-36337000.0,189295000.0,-15618000.0,598178000.0,-689477000.0,-700028000.0,128995000.0,0.0,58398000.0,55838000.0,55838000.0,0.0,0.0,0.204,180037000.0,93737000.0,0.0,0.279,1.41,19.592,19.865,445155000.0,2560000.0,32.38,3.929,3.984,0.0,174973000.0,273774000.0,273774000.0,0.0,,,,,3094000.0,135284000.0,1.0,130600417.0,130332000,131176000.0,2.101,28767751000.0,511948000.0,32342000.0,0.0,220.727,
23,SNV,MRQ,2015-09-30,2015-09-30,2015-09-30,2021-09-07,-6092000.0,28167827000.0,,,,,22.941,-12862000.0,1188207000.0,1188207000.0,0.0,57928000.0,,8.336,2174194000.0,,,2174194000.0,0.0,14556000.0,22777413000.0,0.014,0.1,93986000.0,108542000.0,0.399,108542000.0,93986000.0,93986000.0,0.42,0.42,0.42,3017116000.0,,3017116000.0,4565768849.0,13.0,11.276,187928000.0,1.429,1.0,271893000.0,1.0,24431000.0,0.0,29129383000.0,,0.0,25249940000.0,,,25150711000.0,,,3906995849.0,-31436000.0,0.0,-50942000.0,-152732000.0,-13072000.0,-91133000.0,-141093000.0,-95960000.0,200790000.0,0.0,57928000.0,55369000.0,55369000.0,0.0,0.0,0.204,177907000.0,93986000.0,0.0,0.238,1.295,18.55,18.854,449078000.0,2559000.0,29.6,3.664,3.651,0.0,134797000.0,271893000.0,271893000.0,0.0,,,,,3191000.0,133137000.0,1.0,131993103.0,131516000,132297000.0,2.067,28143396000.0,526492000.0,36058000.0,0.0,213.992,
24,SNV,MRQ,2015-06-30,2015-06-30,2015-06-30,2021-09-07,-22323000.0,28205870000.0,,,,,22.612,-3584000.0,1668731000.0,1668731000.0,0.0,55792000.0,,8.383,2327504000.0,,,2327504000.0,0.0,14370000.0,22649181000.0,0.012,0.1,88034000.0,102404000.0,0.385,102404000.0,88034000.0,88034000.0,0.4,0.4,0.4,3006157000.0,,3006157000.0,4720327915.0,15.0,12.35,71036000.0,0.534,1.0,265840000.0,1.0,24431000.0,0.0,28840212000.0,,0.0,24777502000.0,,,25199713000.0,,,4105330915.0,-68506000.0,0.0,-48878000.0,12923000.0,-13230000.0,489578000.0,-632704000.0,-639683000.0,74620000.0,0.0,55792000.0,53233000.0,53233000.0,0.0,0.0,0.2,177806000.0,88034000.0,0.0,0.25,1.366,20.58,20.966,445579000.0,2559000.0,30.82,3.87,3.863,0.0,92500000.0,265840000.0,265840000.0,0.0,,,,,3037000.0,130388000.0,1.0,133203469.0,132947000,133625000.0,2.0,28181439000.0,571402000.0,32242000.0,0.0,211.975,
25,SNV,MRQ,2015-03-31,2015-03-31,2015-03-31,2021-09-07,-3651000.0,27633784000.0,,,,,22.46,-5221000.0,1700095000.0,1700095000.0,0.0,53963000.0,,8.118,2315092000.0,,,2315092000.0,0.0,13799000.0,22107849000.0,0.012,0.1,85812000.0,99611000.0,0.376,99611000.0,85812000.0,85812000.0,0.38,0.38,0.38,3030635000.0,,3030635000.0,4827742917.0,16.0,13.127,35360000.0,0.262,1.0,264720000.0,1.0,24431000.0,0.0,28224350000.0,,0.0,24172902000.0,,,24603149000.0,,,3779168917.0,-56151000.0,0.0,-57421000.0,48368000.0,-13434000.0,546711000.0,-643443000.0,-647358000.0,40581000.0,0.0,53963000.0,51404000.0,51404000.0,0.0,0.0,0.194,178908000.0,85812000.0,0.0,0.263,1.247,19.832,20.151,451843000.0,2559000.0,28.01,3.595,3.596,0.0,52497000.0,264720000.0,264720000.0,0.0,,,,,3234000.0,131697000.0,1.0,134922132.0,134933000,135744000.0,1.962,27609353000.0,589190000.0,31849000.0,0.0,204.615,
26,SNV,MRQ,2014-12-31,2014-12-31,2014-12-31,2021-09-07,-12605000.0,27050237000.0,,,,,22.197,-7459000.0,1218661000.0,1218661000.0,0.0,53172000.0,,7.894,2266241000.0,,,2266241000.0,0.0,15428000.0,21531700000.0,0.011,0.1,78928000.0,94356000.0,0.358,94356000.0,78928000.0,78928000.0,0.37,0.37,0.37,3041270000.0,,3041270000.0,4787354824.0,16.0,13.391,84864000.0,0.619,1.0,263811000.0,1.0,24431000.0,0.0,28073386000.0,,0.0,24028090000.0,,,24008967000.0,,,3699720824.0,99087000.0,0.0,-87050000.0,29642000.0,-13611000.0,467844000.0,-461080000.0,-467128000.0,92323000.0,0.0,53172000.0,50612000.0,50612000.0,0.0,0.0,0.192,181842000.0,81969000.0,0.0,0.27,1.217,19.997,20.216,455235000.0,2560000.0,27.09,3.532,3.582,0.0,14894000.0,263811000.0,263811000.0,0.0,,,,,2780000.0,134534000.0,1.0,136571459.0,137013000,137816000.0,1.925,27025806000.0,622464000.0,25756000.0,0.0,197.25,
27,SNV,MRQ,2014-09-30,2014-09-30,2014-09-30,2021-09-07,-24827000.0,26519110000.0,,,,,22.127,-7283000.0,1150460000.0,1150460000.0,0.0,46788000.0,,7.62,2238094000.0,,,2238094000.0,0.0,13182000.0,20989781000.0,0.012,0.07,72656000.0,85838000.0,0.322,85838000.0,72656000.0,72656000.0,0.32,0.32,0.32,3076545000.0,,3076545000.0,4377732183.0,15.0,13.042,133397000.0,0.959,1.0,266405000.0,1.0,25902000.0,0.0,27580842000.0,,0.0,23525741000.0,,,23442565000.0,,,3286844183.0,-210023000.0,0.0,681000.0,-145680000.0,-9734000.0,-160978000.0,-189725000.0,-204315000.0,140680000.0,0.0,46788000.0,44229000.0,44229000.0,0.0,0.0,0.166,193749000.0,72656000.0,0.0,0.219,1.068,19.306,19.22,456633000.0,2559000.0,23.64,3.178,3.178,0.0,-24629000.0,266405000.0,266405000.0,0.0,,,,,2755000.0,130529000.0,1.0,139037402.0,139043000,139726000.0,1.916,26493208000.0,656151000.0,25868000.0,0.0,190.54,
28,SNV,MRQ,2014-06-30,2014-06-30,2014-06-30,2021-09-07,-13716000.0,26627290000.0,,,,,21.966,-15983000.0,1293370000.0,1293370000.0,0.0,46872000.0,,7.722,2384258000.0,,,2384258000.0,0.0,14030000.0,20993467000.0,0.011,0.07,73950000.0,87980000.0,0.343,87980000.0,73950000.0,73950000.0,0.32,0.32,0.32,3053051000.0,,3053051000.0,4305867418.0,15.0,12.767,50962000.0,0.367,1.0,256155000.0,1.0,26109000.0,0.0,27692069000.0,,0.0,23436757000.0,,,23574239000.0,,,3388441418.0,135807000.0,0.0,765000.0,112842000.0,-9732000.0,143905000.0,-75043000.0,-77207000.0,66945000.0,0.0,46872000.0,44313000.0,44313000.0,0.0,0.0,0.173,182205000.0,73950000.0,0.0,0.219,1.11,20.762,20.661,461610000.0,2559000.0,24.38,3.294,3.294,0.0,-61683000.0,256155000.0,256155000.0,0.0,,,,,2470000.0,133470000.0,1.0,138984472.0,138991000,139567000.0,1.843,26601181000.0,677513000.0,27078000.0,0.0,191.388,
29,SNV,MRQ,2014-03-31,2014-03-31,2014-03-31,2021-09-07,-30463000.0,26435426000.0,,,,,21.582,-7955000.0,1354500000.0,1354500000.0,0.0,48416000.0,,7.816,2271926000.0,,,2271926000.0,0.0,12312000.0,20950891000.0,0.012,0.07,77024000.0,89336000.0,0.342,89336000.0,77024000.0,77024000.0,0.33,0.33,0.33,2998496000.0,,2998496000.0,4339331077.0,15.0,12.873,79315000.0,0.571,1.0,261185000.0,1.0,26314000.0,0.0,27326538000.0,,0.0,23137950000.0,,,23436930000.0,,,3296541077.0,-9012000.0,-90571000.0,539000.0,91199000.0,-9728000.0,344644000.0,-440926000.0,-352641000.0,87270000.0,0.0,48416000.0,45857000.0,45857000.0,0.0,0.0,0.176,184161000.0,77024000.0,0.0,0.212,1.099,22.034,21.378,467375000.0,2559000.0,23.73,3.211,3.212,0.0,-98824000.0,261185000.0,261185000.0,0.0,,,,,2228000.0,129655000.0,1.0,138918714.0,138932000,139504000.0,1.88,26409112000.0,712130000.0,28608000.0,0.0,190.087,
30,SNV,MRQ,2013-12-31,2013-12-31,2013-12-31,2021-09-07,-41258000.0,26201604000.0,,,,,21.212,-6671000.0,1138483000.0,1138483000.0,0.0,38579000.0,,7.885,2181273000.0,,,2181273000.0,0.0,12797000.0,20876790000.0,0.011,0.07,59710000.0,72507000.0,0.29,72507000.0,59710000.0,59710000.0,0.26,0.26,0.26,2948985000.0,,2948985000.0,4084670489.0,16.0,13.094,117469000.0,0.845,1.0,250448000.0,1.0,24431000.0,0.0,27219963000.0,,0.0,23092753000.0,,,23252619000.0,,,3500189489.0,-45064000.0,0.0,665000.0,102379000.0,-9724000.0,-6606000.0,-162598000.0,-178476000.0,124140000.0,0.0,38579000.0,35849000.0,35849000.0,0.0,0.0,0.143,191225000.0,59223000.0,0.0,0.269,1.187,29.524,27.097,468871000.0,2730000.0,25.2,3.521,3.232,0.0,-137512000.0,250448000.0,250448000.0,0.0,,,,,1125000.0,130588000.0,1.0,138896408.0,139024000,139476000.0,1.801,26177173000.0,744646000.0,21131000.0,0.0,188.292,
31,SNV,MRQ,2013-09-30,2013-09-30,2013-09-30,2021-09-07,-29514000.0,26218360000.0,,,,,21.452,-6022000.0,1495189000.0,1495189000.0,0.0,45694000.0,,7.943,2079670000.0,,,2079670000.0,0.0,13993000.0,20973856000.0,0.012,0.07,73459000.0,87452000.0,0.335,87452000.0,73459000.0,73459000.0,0.27,0.27,0.27,2931860000.0,,2931860000.0,3427199026.0,28.0,18.566,175297000.0,1.283,1.0,260787000.0,1.0,28214000.0,0.0,26774627000.0,,0.0,22712465000.0,,,23286500000.0,,,3228380026.0,86207000.0,0.0,175419000.0,-28176000.0,-9722000.0,-452831000.0,357719000.0,335941000.0,181319000.0,0.0,45694000.0,37188000.0,37188000.0,0.0,0.0,0.143,186920000.0,73867000.0,0.0,0.259,1.101,4.076,3.314,476088000.0,8506000.0,23.1,3.649,3.568,0.0,-166367000.0,260787000.0,260787000.0,0.0,,,,,2990000.0,133793000.0,1.0,139756711.0,136671000,137097000.0,1.908,26190146000.0,763050000.0,27765000.0,0.0,191.629,
32,SNV,MRQ,2013-06-30,2013-06-30,2013-06-30,2021-09-07,-33060000.0,26563174000.0,,,,,29.347,-9407000.0,1909803000.0,1909803000.0,0.0,45535000.0,,6.444,2108622000.0,,,2108622000.0,0.0,14898000.0,20710703000.0,0.014,0.07,72906000.0,87804000.0,0.346,87804000.0,72906000.0,72906000.0,0.25,0.24,0.25,3568204000.0,,3568204000.0,2441327462.0,31.0,16.68,116003000.0,0.954,1.0,254092000.0,1.0,28587000.0,0.0,26733406000.0,,0.0,22587658000.0,,,22994970000.0,,,2316581462.0,16182000.0,56328000.0,83000.0,217944000.0,-9105000.0,289433000.0,-398661000.0,-478056000.0,125410000.0,0.0,45535000.0,30717000.0,30717000.0,0.0,0.0,0.121,170906000.0,83186000.0,0.0,0.28,0.649,3.005,2.988,477948000.0,14818000.0,20.44,2.738,2.938,0.0,-201976000.0,254092000.0,254092000.0,0.0,,,,,1458000.0,128099000.0,1.0,113335688.0,121585000,130134000.0,2.09,26534587000.0,789525000.0,27371000.0,0.0,218.239,
33,SNV,MRQ,2013-03-31,2013-03-31,2013-03-31,2021-09-07,2787000.0,26212879000.0,,,,,31.823,-6370000.0,1766707000.0,1766707000.0,0.0,29574000.0,,6.326,1891453000.0,,,1891453000.0,0.0,17622000.0,20561193000.0,0.014,0.07,46553000.0,64175000.0,0.28,64175000.0,46553000.0,46553000.0,0.14,0.14,0.14,3578106000.0,,3578106000.0,1972249379.0,47.0,17.57,167862000.0,1.493,1.0,228839000.0,1.0,29014000.0,0.0,26308611000.0,,0.0,22350747000.0,,,22634773000.0,,,2181013379.0,-202325000.0,0.0,51000.0,-35329000.0,-7876000.0,-552511000.0,175954000.0,164345000.0,174232000.0,0.0,29574000.0,14798000.0,14798000.0,0.0,0.0,0.065,172192000.0,56647000.0,0.0,0.5,0.61,2.851,2.851,477132000.0,14776000.0,19.39,2.604,2.603,0.0,-238407000.0,228839000.0,228839000.0,0.0,,,,,1892000.0,125179000.0,1.0,112481350.0,112436963,130121888.0,2.035,26183865000.0,792736000.0,16979000.0,0.0,232.876,
34,SNV,MRQ,2012-12-31,2012-12-31,2012-12-31,2021-09-07,4101000.0,26760012000.0,,,,,31.768,-12880000.0,2136462000.0,2136462000.0,0.0,724039000.0,,6.497,1927698000.0,,,1927698000.0,0.0,17461000.0,21057044000.0,0.016,0.07,-72300000.0,-54839000.0,-0.389,-54839000.0,-72300000.0,-72300000.0,6.31,5.44,6.31,3569431000.0,,3569431000.0,2450797556.0,78.0,25.562,318288000.0,2.833,1.0,141047000.0,1.0,29580000.0,0.0,26521668000.0,,0.0,22497369000.0,,,23190581000.0,,,1927148556.0,160602000.0,0.0,0.0,108669000.0,-7865000.0,291065000.0,-461631000.0,-483373000.0,331168000.0,0.0,724039000.0,709304000.0,709304000.0,0.0,0.0,5.029,241137000.0,-100090000.0,0.0,0.011,0.54,2.498,2.496,479546000.0,14735000.0,17.15,2.273,2.273,0.0,-259968000.0,141047000.0,141047000.0,0.0,,,,,2492000.0,139614000.0,1.0,112370178.0,112360259,130173487.0,1.255,26730432000.0,806406000.0,-796339000.0,0.0,237.899,
35,SNV,MRQ,2012-09-30,2012-09-30,2012-09-30,2021-09-07,16156000.0,25764644000.0,,,,,25.591,-7968000.0,1296399000.0,1296399000.0,0.0,30725000.0,,7.959,1820048000.0,,,1820048000.0,0.0,18706000.0,20846830000.0,0.017,0.07,30514000.0,49220000.0,0.222,49220000.0,30514000.0,30514000.0,0.14,0.14,0.14,2875700000.0,,2875700000.0,1676461257.0,13.0,8.804,-172065000.0,-1.531,1.0,222006000.0,1.0,30326000.0,0.0,26257967000.0,,0.0,22920650000.0,,,22888944000.0,,,1864221257.0,-69274000.0,0.0,0.0,168313000.0,-7867000.0,-569886000.0,664709000.0,643718000.0,-164097000.0,0.0,30725000.0,16030000.0,16030000.0,0.0,0.0,0.072,177959000.0,44047000.0,0.0,0.5,0.648,24.863,23.7,475222000.0,14695000.0,16.59,1.957,1.957,0.0,-976142000.0,222006000.0,222006000.0,0.0,,,,,2397000.0,129898000.0,1.0,112370178.0,112370247,130059173.0,1.976,25734318000.0,0.0,-211000.0,0.0,229.014,
36,SNV,MRQ,2012-06-30,2012-06-30,2012-06-30,2021-09-07,7003000.0,26294110000.0,,,,,25.393,-6066000.0,1840549000.0,1840549000.0,0.0,39452000.0,,8.215,1652789000.0,,,1652789000.0,0.0,16351000.0,21565065000.0,0.02,0.07,37347000.0,53698000.0,0.219,53698000.0,37347000.0,37347000.0,0.21,0.21,0.21,2853389000.0,,2853389000.0,947091670.0,7.0,4.99,-48125000.0,-0.428,1.0,245611000.0,1.0,31124000.0,0.0,26075226000.0,,0.0,23080185000.0,,,23440721000.0,,,1557450670.0,38228000.0,0.0,0.0,-13835000.0,-7869000.0,-606440000.0,686727000.0,654133000.0,-42059000.0,0.0,39452000.0,24803000.0,24803000.0,0.0,0.0,0.101,199422000.0,46189000.0,0.0,0.333,0.546,20.873,19.8,475944000.0,14649000.0,13.86,1.573,1.573,0.0,-999001000.0,245611000.0,245611000.0,0.0,,,,,2933000.0,131261000.0,1.0,112370178.0,112370247,129968456.0,2.186,26262986000.0,0.0,-2105000.0,0.0,233.718,
37,SNV,MRQ,2012-03-31,2012-03-31,2012-03-31,2021-09-07,-2195000.0,27064792000.0,,,,,25.125,-192000.0,2278039000.0,2278039000.0,0.0,35993000.0,,8.591,1667680000.0,,,1667680000.0,0.0,11883000.0,22137702000.0,0.02,0.07,35916000.0,47799000.0,0.2,47799000.0,35916000.0,35916000.0,0.21,0.14,0.21,2821763000.0,,2821763000.0,1211619404.0,22.0,11.614,346927000.0,3.089,1.0,239049000.0,1.0,32020000.0,0.0,26422413000.0,,0.0,23305428000.0,,,24243029000.0,,,1624154404.0,-25349000.0,0.0,0.0,-6710000.0,-7861000.0,-300719000.0,-71749000.0,-105133000.0,347119000.0,0.0,35993000.0,21369000.0,21369000.0,0.0,0.0,0.089,193037000.0,46012000.0,0.0,0.333,0.576,-440.15,,479976000.0,14624000.0,14.35,1.759,1.745,0.0,-1030515000.0,239049000.0,239049000.0,0.0,,,,,1577000.0,128595000.0,1.0,113181492.0,112307246,129857740.0,2.129,27032772000.0,0.0,-77000.0,0.0,240.704,
38,SNV,MRQ,2011-12-31,2011-12-31,2011-12-31,2021-09-07,21093000.0,27162845000.0,,,,,25.203,-6805000.0,2091019000.0,2091019000.0,0.0,27356000.0,,8.607,1678484000.0,,,1678484000.0,0.0,12715000.0,22411752000.0,0.028,0.07,26978000.0,39693000.0,0.161,39693000.0,26978000.0,26978000.0,0.14,0.14,0.14,2827452000.0,,2827452000.0,-266139665.0,4.0,22.774,103183000.0,0.92,1.0,246060000.0,1.0,32956000.0,0.0,26717354000.0,,0.0,23600891000.0,,,24335393000.0,,,1107267335.0,58386000.0,0.0,0.0,-170926000.0,-7854000.0,-888553000.0,836951000.0,801763000.0,109988000.0,0.0,27356000.0,12778000.0,12778000.0,0.0,0.0,0.052,179200000.0,66860000.0,0.0,0.5,0.392,-9.327,-9.4,486923000.0,14578000.0,9.87,1.312,1.312,0.0,-1058642000.0,246060000.0,246060000.0,0.0,,,,,1696000.0,103550000.0,1.0,112185140.0,112186100,112186100.0,2.193,27129889000.0,2138000.0,-378000.0,0.0,241.829,
39,SNV,MRQ,2011-09-30,2011-09-30,2011-09-30,2021-09-07,32189000.0,28253924000.0,,,,,25.221,2749000.0,3224547000.0,3224547000.0,0.0,30208000.0,,8.986,1851140000.0,,,1851140000.0,0.0,11499000.0,23109427000.0,0.037,0.07,37118000.0,48617000.0,0.187,48617000.0,37118000.0,37118000.0,0.14,0.14,0.14,2829448000.0,,2829448000.0,-84987342.0,0.0,0.43,111404000.0,0.993,1.0,259670000.0,1.0,33913000.0,0.0,26846604000.0,,0.0,23488438000.0,,,25424476000.0,,,846357658.0,42735000.0,0.0,0.0,-494492000.0,-7853000.0,-280034000.0,214114000.0,170581000.0,108655000.0,0.0,30208000.0,15667000.0,15667000.0,0.0,0.0,0.06,223398000.0,36272000.0,0.0,0.5,0.299,-2.717,-2.816,488074000.0,14541000.0,7.49,1.268,1.259,0.0,-1078145000.0,259670000.0,259670000.0,0.0,,,,,1970000.0,140324000.0,1.0,112998352.0,112185101,130180746.0,2.315,28220011000.0,0.0,6910000.0,0.0,251.549,
40,SNV,MRQ,2011-06-30,2011-06-30,2011-06-30,2021-09-07,65905000.0,28313910000.0,,,,,25.413,-3914000.0,3278712000.0,3278712000.0,0.0,-39000000.0,,8.931,2347367000.0,,,2347367000.0,0.0,11979000.0,22875017000.0,0.019,0.07,-43764000.0,-31785000.0,-0.178,-31785000.0,-43764000.0,-43764000.0,-0.49,-0.49,-0.49,2850938000.0,,2850938000.0,1000261786.0,-2.0,-2.404,190177000.0,1.695,1.0,178651000.0,1.0,34880000.0,0.0,27347685000.0,,0.0,23444264000.0,,,25462972000.0,,,1633400786.0,2101000.0,0.0,0.0,11027000.0,-7854000.0,-339788000.0,147798000.0,102221000.0,194091000.0,0.0,-39000000.0,-53504000.0,-53504000.0,0.0,0.0,-0.299,222415000.0,-43764000.0,0.0,-0.143,0.573,-3.123,-3.2,493638000.0,14504000.0,14.56,3.292,3.292,0.0,-1187714000.0,178651000.0,178651000.0,0.0,,,,,1530000.0,140776000.0,1.0,112184120.0,112184672,112184672.0,1.592,28279030000.0,0.0,-4764000.0,0.0,252.076,
41,SNV,MRQ,2011-03-31,2011-03-31,2011-03-31,2021-09-07,40149000.0,28678203000.0,,,,,25.696,-3086000.0,2971302000.0,2971302000.0,0.0,-79408000.0,,8.949,2338163000.0,,,2338163000.0,0.0,11433000.0,23205879000.0,0.017,0.07,-79644000.0,-68211000.0,-0.427,-68211000.0,-79644000.0,-79644000.0,-0.84,-0.84,-0.84,2882605000.0,,2882605000.0,682719519.0,-1.0,-1.125,229887000.0,2.049,1.0,159852000.0,1.0,35855000.0,0.0,28009209000.0,,0.0,24036361000.0,,,25795504000.0,,,1884695519.0,18180000.0,0.0,0.0,32507000.0,-7851000.0,-1281867000.0,1067074000.0,1031156000.0,232973000.0,0.0,-79188000.0,-93654000.0,-93654000.0,0.0,-220000.0,-0.586,241544000.0,-81692000.0,0.0,-0.083,0.654,-2.647,-2.553,495490000.0,14466000.0,16.8,5.5,5.5,0.0,-1126356000.0,159852000.0,159852000.0,0.0,,,,,833000.0,141120000.0,1.0,112184257.0,112179815,112179815.0,1.425,28642348000.0,0.0,-456000.0,0.0,255.325,
42,SNV,MRQ,2010-12-31,2010-12-31,2010-12-31,2021-09-07,57158000.0,30093148000.0,,,,,26.691,-4501000.0,3509363000.0,3509363000.0,0.0,-165433000.0,,9.029,2307387000.0,,,2307387000.0,0.0,13639000.0,24500304000.0,0.015,0.07,-159684000.0,-146045000.0,-2.103,-146045000.0,-159684000.0,-159684000.0,-1.47,-1.47,-1.47,2997918000.0,,2997918000.0,704793907.0,-1.0,-0.928,235233000.0,2.094,1.0,69456000.0,1.0,36865000.0,0.0,28854307000.0,,0.0,24865484000.0,,,27068601000.0,,,2072736907.0,3334000.0,0.0,0.0,153682000.0,-7854000.0,-602192000.0,365792000.0,301733000.0,239734000.0,0.0,-165567000.0,-179998000.0,-179998000.0,0.0,134000.0,-2.592,233048000.0,-163592000.0,0.0,-0.048,0.691,-2.444,-2.129,544971000.0,14431000.0,18.48,12.922,11.277,0.0,-966607000.0,69456000.0,69456000.0,0.0,,,,,1178000.0,159423000.0,1.0,112161088.0,112319818,112319818.0,0.618,30056283000.0,0.0,5883000.0,0.0,267.596,
43,SNV,MRQ,2010-09-30,2010-09-30,2010-09-30,2021-09-07,91112000.0,30954761000.0,,,,,28.681,-4550000.0,3521393000.0,3521393000.0,0.0,-181167000.0,,8.617,2153450000.0,,,2153450000.0,0.0,11010000.0,25236225000.0,0.016,0.07,-181084000.0,-170074000.0,-1.928,-170074000.0,-181084000.0,-181084000.0,-1.75,-1.75,-1.75,3216066000.0,,3216066000.0,27129741.0,0.0,-0.032,66718000.0,0.595,1.0,88204000.0,1.0,37894000.0,0.0,29548924000.0,,0.0,25554880000.0,,,27713752000.0,,,1931274741.0,-203471000.0,0.0,162000.0,-197976000.0,-7845000.0,-1239095000.0,964356000.0,928344000.0,71268000.0,0.0,-181444000.0,-195838000.0,-195838000.0,0.0,277000.0,-2.22,269011000.0,-180807000.0,0.0,-0.04,0.601,-2.031,-1.673,555919000.0,14394000.0,17.22,20.01,20.007,0.0,-837004000.0,88204000.0,88204000.0,0.0,,,,,1684000.0,160785000.0,1.0,112153005.0,112133100,112133100.0,0.787,30916867000.0,0.0,360000.0,0.0,275.716,
44,SNV,MRQ,2010-06-30,2010-06-30,2010-06-30,2021-09-07,101073000.0,32382340000.0,,,,,35.415,-5780000.0,4257314000.0,4257314000.0,0.0,-228575000.0,,8.451,2353169000.0,,,2353169000.0,0.0,10594000.0,26257563000.0,0.016,0.07,-233251000.0,-222657000.0,-8.86,-222657000.0,-233251000.0,-233251000.0,-2.52,-2.52,-2.52,3423932000.0,,3423932000.0,144409996.0,0.0,-0.126,119892000.0,1.24,1.0,25130000.0,1.0,38936000.0,0.0,30439259000.0,,0.0,26211764000.0,,,28936106000.0,,,1244226996.0,9538000.0,0.0,1034494000.0,35595000.0,-4902000.0,130603000.0,-246737000.0,-304322000.0,125672000.0,0.0,-228194000.0,-242554000.0,-242554000.0,0.0,-381000.0,-9.652,258762000.0,-233632000.0,0.0,-0.028,0.363,-1.029,-1.0,565981000.0,14360000.0,17.78,-8.444,-11.666,0.0,-633312000.0,25130000.0,25130000.0,0.0,,,,,1961000.0,157435000.0,1.0,69979021.0,96680934,96680934.0,0.26,32343404000.0,0.0,-5057000.0,0.0,334.538,
45,SNV,MRQ,2010-03-31,2010-03-31,2010-03-31,2021-09-07,80722000.0,32439438000.0,,,,,37.411,-3783000.0,3419139000.0,3419139000.0,0.0,-215682000.0,,11.389,2319322000.0,,,2319322000.0,0.0,11178000.0,27180048000.0,0.012,0.07,-231810000.0,-220632000.0,9.857,-220632000.0,-231810000.0,-231810000.0,-3.29,-3.29,-3.29,2616743000.0,,2616743000.0,1359373436.0,-1.0,-0.863,470303000.0,6.724,1.0,-22383000.0,1.0,39987000.0,0.0,31299634000.0,,0.0,27057049000.0,,,29800985000.0,,,1611582436.0,15138000.0,69466000.0,1000.0,94430000.0,-4901000.0,-176053000.0,-282895000.0,-427219000.0,474086000.0,0.0,-215473000.0,-229798000.0,-229798000.0,-43161000.0,-209000.0,10.267,252736000.0,-275119000.0,0.0,-0.021,0.616,-1.028,-0.823,572815000.0,14325000.0,23.03,-3.628,-3.626,0.0,-382914000.0,-22383000.0,-22383000.0,0.0,,,,,2335000.0,154063000.0,1.0,69977527.0,69945256,69945256.0,-0.32,32399451000.0,0.0,-16337000.0,0.0,463.212,
46,SNV,MRQ,2009-12-31,2009-12-31,2009-12-31,2021-09-07,84806000.0,32831418000.0,,,,,53.512,-8022000.0,2478863000.0,2478863000.0,0.0,-268559000.0,,10.508,2226654000.0,,,2226654000.0,0.0,3236000.0,27433533000.0,0.02,0.07,-243039000.0,-239803000.0,-43.107,-239803000.0,-243039000.0,-243039000.0,-2.73,-2.73,-2.73,2851041000.0,,2851041000.0,741341449.0,0.0,-0.473,-124150000.0,-2.33,1.0,5563000.0,1.0,41080000.0,0.0,32538129000.0,,0.0,28021279000.0,,,29959917000.0,,,984811449.0,162704000.0,51900000.0,0.0,-727631000.0,-3301000.0,-1363676000.0,1642508000.0,1514000000.0,-116128000.0,0.0,-268558000.0,-282849000.0,-282849000.0,-889000.0,-1000.0,-50.845,251195000.0,-245632000.0,0.0,-0.026,0.345,-0.662,-0.514,580375000.0,14291000.0,14.35,-2.56,-1.988,0.0,-148428000.0,5563000.0,5563000.0,0.0,,,,,1494000.0,143484000.0,1.0,68627976.0,53278637,53278637.0,0.104,32790338000.0,0.0,25519000.0,0.0,615.45,
47,SNV,MRQ,2009-09-30,2009-09-30,2009-09-30,2021-09-07,108032000.0,34610480000.0,,,,,63.71,-5553000.0,3237126000.0,3237126000.0,0.0,-439802000.0,,10.022,2993656000.0,,,2993656000.0,0.0,4086000.0,28054191000.0,0.024,0.07,-471075000.0,-466989000.0,3.0,-466989000.0,-471075000.0,-471075000.0,-9.24,-9.24,-9.24,3136660000.0,,3136660000.0,3464481639.0,-2.0,-1.696,365112000.0,7.416,1.0,-155656000.0,1.0,57055000.0,0.0,34309955000.0,,0.0,29098743000.0,,,31436881000.0,,,1238922639.0,-40924000.0,0.0,570964000.0,-450239000.0,-3312000.0,735691000.0,-1147280000.0,-1237566000.0,370665000.0,0.0,-439547000.0,-453805000.0,-453805000.0,-1146000.0,-255000.0,2.915,316212000.0,-471868000.0,0.0,-0.008,0.395,-0.672,-0.678,588179000.0,14258000.0,26.25,-2.912,-3.038,0.0,139322000.0,-155656000.0,-155656000.0,0.0,,,,,1733000.0,158114000.0,1.0,47197053.0,49233270,49233270.0,-3.162,34553425000.0,0.0,-31528000.0,0.0,701.831,
48,SNV,MRQ,2009-06-30,2009-06-30,2009-06-30,2021-09-07,105520000.0,34349670000.0,,,,,64.054,-7473000.0,1220191000.0,1220191000.0,0.0,-584253000.0,,10.368,3445750000.0,,,3445750000.0,0.0,19389000.0,27423814000.0,0.047,0.07,-666989000.0,-647600000.0,2.383,-647600000.0,-666989000.0,-666989000.0,-12.74,-12.74,-12.74,3018361000.0,,3018361000.0,2539442118.0,-1.0,-1.562,103413000.0,2.195,1.0,-271716000.0,1.0,58194000.0,0.0,36517035000.0,,0.0,30766279000.0,,,31294507000.0,,,987872118.0,4914000.0,8351000.0,-37000.0,1004498000.0,-3309000.0,464882000.0,-570854000.0,-679165000.0,110886000.0,0.0,-586930000.0,-601155000.0,-601155000.0,-1340000.0,2677000.0,2.212,392776000.0,-664492000.0,0.0,-0.005,0.327,-0.691,-0.691,596172000.0,14225000.0,20.93,-18.173,-18.144,0.0,596434000.0,-271716000.0,-271716000.0,0.0,,,,,2374000.0,160558000.0,1.0,47198859.0,47122371,47122371.0,-5.766,34291476000.0,0.0,-80059000.0,0.0,727.711,
49,SNV,MRQ,2009-03-31,2009-03-31,2009-03-31,2021-09-07,125013000.0,34547432000.0,,,,,77.218,-11693000.0,895583000.0,895583000.0,0.0,-136729000.0,,8.487,2447153000.0,,,2447153000.0,0.0,10639000.0,27947986000.0,0.092,0.07,-222580000.0,-211941000.0,-5.699,-211941000.0,-222580000.0,-222580000.0,-3.22,-3.22,-3.22,3637979000.0,,3637979000.0,2165462958.0,-2.0,-2.266,47093000.0,1.0,1.0,37187000.0,1.0,59585000.0,0.0,36039417000.0,,0.0,31282729000.0,,,30876034000.0,,,1073720958.0,-86539000.0,0.0,261000.0,-382095000.0,-19823000.0,-1078378000.0,933053000.0,887686000.0,58786000.0,0.0,-136672000.0,-150864000.0,-150864000.0,-1215000.0,-57000.0,-4.057,261104000.0,-223917000.0,0.0,-0.022,0.295,-1.315,-1.316,603555000.0,14192000.0,22.75,2.127,2.123,0.0,1200899000.0,37187000.0,37187000.0,0.0,,,,,2748000.0,160669000.0,1.0,47196526.0,47113085,47113085.0,0.789,34487847000.0,0.0,-85908000.0,0.0,732.023,
50,SNV,MRQ,2008-12-31,2008-12-31,2008-12-31,2021-09-07,129253000.0,35786269000.0,,,,,80.407,-21752000.0,1741300000.0,1741300000.0,0.0,-634045000.0,,8.441,2833042000.0,,,2833042000.0,0.0,28144000.0,28617179000.0,1.711,0.42,-744581000.0,-716437000.0,20.335,-716437000.0,-744581000.0,-744581000.0,-13.51,-13.51,-13.51,3787158000.0,,3787158000.0,5036494912.0,-8.0,-8.504,166782000.0,3.541,1.0,-35231000.0,1.0,60787000.0,0.0,36817224000.0,,0.0,31641772000.0,,,31966762000.0,,,2741711912.0,26908000.0,0.0,-23000.0,1601000.0,-19806000.0,1718072000.0,-1879698000.0,-1911832000.0,188534000.0,0.0,-635410000.0,-637467000.0,-637467000.0,-5650000.0,1365000.0,18.094,713670000.0,-748901000.0,0.0,-0.031,0.724,-4.691,-4.689,605019000.0,2057000.0,58.1,3.448,3.437,0.0,1350501000.0,-35231000.0,-35231000.0,0.0,,,,,2916000.0,196207000.0,1.0,47189534.0,47099654,46190207.0,-0.748,35725482000.0,0.0,-109171000.0,0.0,758.508,
51,SNV,MRQ,2008-09-30,2008-09-30,2008-09-30,2021-09-07,36253000.0,34339141000.0,,,,,71.781,-27932000.0,500264000.0,500264000.0,0.0,-35471000.0,,9.156,2795047000.0,,,2795047000.0,0.0,14756000.0,27848863000.0,1.375,0.42,-64332000.0,-49576000.0,-0.23,-49576000.0,-64332000.0,-64332000.0,-0.84,-0.84,-0.84,3378277000.0,,3378277000.0,7134469688.0,38.0,24.361,147293000.0,3.13,1.0,215402000.0,1.0,505830000.0,0.0,36128094000.0,,0.0,31505384000.0,,,30930258000.0,,,3417105688.0,-177415000.0,0.0,1334000.0,-1617390000.0,-56172000.0,148682000.0,-501322000.0,-532366000.0,175225000.0,0.0,-40121000.0,-40121000.0,-40121000.0,0.0,4650000.0,-0.186,275084000.0,-59682000.0,0.0,-0.5,1.011,25.344,24.643,595646000.0,0.0,72.45,3.029,3.022,0.0,2006039000.0,215402000.0,215402000.0,0.0,,,,,2555000.0,153303000.0,1.0,47165020.0,47063513,47063513.0,4.577,33833311000.0,0.0,-24211000.0,0.0,718.886,
52,SNV,MRQ,2008-06-30,2008-06-30,2008-06-30,2021-09-07,30190000.0,34227301000.0,,,,,72.909,-28352000.0,692171000.0,692171000.0,0.0,12237000.0,,8.976,4409535000.0,,,4409535000.0,0.0,1065000.0,26028352000.0,1.634,1.19,21401000.0,22466000.0,0.078,22466000.0,21401000.0,21401000.0,0.28,0.28,0.28,3428591000.0,,3428591000.0,6390515350.0,15.0,11.1,63117000.0,1.342,1.0,287503000.0,1.0,516998000.0,0.0,37427667000.0,,0.0,31206453000.0,,,30774618000.0,,,2881736350.0,85194000.0,16186000.0,319000.0,322692000.0,-56118000.0,632185000.0,-638460000.0,-688846000.0,91469000.0,0.0,12099000.0,12099000.0,12099000.0,0.0,138000.0,0.042,256020000.0,31483000.0,0.0,4.25,0.841,9.299,9.189,581352000.0,0.0,61.11,2.304,2.297,0.0,2066015000.0,287503000.0,287503000.0,0.0,,,,,3952000.0,149256000.0,1.0,47156543.0,47025655,47346375.0,6.114,33710303000.0,0.0,9302000.0,0.0,716.849,
53,SNV,MRQ,2008-03-31,2008-03-31,2008-03-31,2021-09-07,92076000.0,33759890000.0,,,,,75.129,-32545000.0,592080000.0,592080000.0,0.0,82553000.0,,8.555,4100859000.0,,,4100859000.0,0.0,26650000.0,25663187000.0,1.282,97.374,124642000.0,151292000.0,0.462,151292000.0,124642000.0,124642000.0,1.75,1.68,1.75,3530802000.0,,3530802000.0,7166530993.0,11.0,8.757,171565000.0,3.651,1.0,327575000.0,1.0,545294000.0,0.0,36723375000.0,,0.0,30822992000.0,,,30206316000.0,,,3650416993.0,-92943000.0,38542000.0,1199000.0,-121935000.0,-67626000.0,515239000.0,-812292000.0,-818289000.0,204110000.0,0.0,80994000.0,80994000.0,80994000.0,0.0,1559000.0,0.247,201374000.0,126201000.0,0.0,55.642,1.034,7.926,7.844,565887000.0,0.0,77.42,2.749,2.74,0.0,2110871000.0,327575000.0,327575000.0,0.0,,,,,3423000.0,157281000.0,1.0,47150827.0,46996654,47389376.0,6.97,33214596000.0,0.0,43648000.0,0.0,706.744,
54,SNV,MRQ,2007-12-31,2007-12-31,2007-12-31,2021-09-07,31439000.0,33064481000.0,,,,,73.432,-94505000.0,693533000.0,693533000.0,0.0,81859000.0,,8.607,4209647000.0,,,4209647000.0,0.0,62809000.0,24959816000.0,0.015,0.63,105875000.0,168684000.0,0.567,168684000.0,105875000.0,105875000.0,1.75,1.75,1.75,3441590000.0,,3441590000.0,11289849911.0,16.0,12.317,138091000.0,2.946,1.0,297652000.0,1.0,547145000.0,0.0,36033450000.0,,0.0,30045272000.0,,,29622891000.0,,,7909461911.0,-51114000.0,-343484000.0,21787000.0,127740000.0,-67332000.0,725268000.0,-1017932000.0,-813291000.0,232596000.0,8954000.0,81859000.0,81859000.0,81859000.0,-33682000.0,0.0,0.275,225459000.0,72193000.0,0.0,0.36,2.298,15.028,14.957,547437000.0,0.0,168.56,5.857,5.829,0.0,2087357000.0,297652000.0,297652000.0,0.0,,,,,10926000.0,186612000.0,1.0,46923718.0,46867651,47065083.0,6.351,32517336000.0,0.0,24016000.0,0.0,693.812,
55,SNV,MRQ,2007-09-30,2007-09-30,2007-09-30,2021-09-07,23339000.0,33575663000.0,,,,,86.732,-33492000.0,948533000.0,948533000.0,0.0,134943000.0,,7.214,4328921000.0,,,4328921000.0,0.0,56056000.0,24325044000.0,0.013,0.63,177204000.0,233260000.0,0.69,233260000.0,177204000.0,177204000.0,2.87,2.87,2.87,4054356000.0,,4054356000.0,11925399075.0,16.0,12.34,134644000.0,2.88,1.0,338263000.0,1.0,731980000.0,0.0,36224071000.0,,0.0,29359035000.0,,,29246736000.0,,,9353589075.0,61871000.0,0.0,8513000.0,861149000.0,-67116000.0,132449000.0,-233889000.0,-189061000.0,168136000.0,-4825000.0,134943000.0,134943000.0,134943000.0,-51366000.0,0.0,0.399,212425000.0,125838000.0,0.0,0.22,2.307,15.087,14.763,803528000.0,0.0,196.35,65.546,64.319,0.0,2703213000.0,338263000.0,338263000.0,0.0,,,,,3772000.0,148699000.0,1.0,47637327.0,46745935,47166658.0,7.236,32843683000.0,0.0,42261000.0,0.0,702.6,
56,SNV,MRQ,2007-06-30,2007-06-30,2007-06-30,2021-09-07,-20929000.0,33220806000.0,,,,,84.179,-49798000.0,887501000.0,887501000.0,0.0,162750000.0,,7.396,3459311000.0,,,3459311000.0,0.0,41378000.0,24997888000.0,0.012,0.63,223805000.0,265183000.0,0.727,265183000.0,223805000.0,223805000.0,3.5,3.43,3.5,3925324000.0,,3925324000.0,12286298036.0,15.0,11.799,59389000.0,1.274,1.0,364524000.0,1.0,733724000.0,0.0,35058892000.0,,0.0,29272323000.0,,,29033475000.0,,,10038414036.0,53428000.0,0.0,10432000.0,349633000.0,-67006000.0,451336000.0,-508507000.0,-456311000.0,109187000.0,1412000.0,162750000.0,162750000.0,162750000.0,-56941000.0,0.0,0.446,197083000.0,167441000.0,0.0,0.18,2.557,15.707,15.584,784703000.0,0.0,214.9,16.549,16.52,0.0,2635602000.0,364524000.0,364524000.0,0.0,,,,,5035000.0,148137000.0,1.0,46712024.0,46630933,47181372.0,7.817,32487082000.0,0.0,61055000.0,0.0,696.685,
57,SNV,MRQ,2007-03-31,2007-03-31,2007-03-31,2021-09-07,6989000.0,32707684000.0,,,,,82.447,-40784000.0,864502000.0,864502000.0,0.0,146753000.0,,7.461,3112386000.0,,,3112386000.0,0.0,48027000.0,24842379000.0,0.011,0.63,201486000.0,249513000.0,0.713,249513000.0,201486000.0,201486000.0,3.15,3.15,3.15,3836083000.0,,3836083000.0,12576270998.0,15.0,11.776,84067000.0,1.807,1.0,349937000.0,1.0,735978000.0,0.0,34219590000.0,,0.0,28834701000.0,,,28622235000.0,,,10562686998.0,-61059000.0,0.0,23118000.0,191213000.0,-63476000.0,703415000.0,-888754000.0,-840826000.0,124851000.0,-571000.0,146753000.0,146753000.0,146753000.0,-46346000.0,0.0,0.419,194797000.0,155140000.0,0.0,0.2,2.754,16.788,16.67,769271000.0,0.0,226.38,10.303,10.274,0.0,2539973000.0,349937000.0,349937000.0,0.0,,,,,2710000.0,141217000.0,1.0,46659100.0,46527645,47082799.0,7.521,31971706000.0,0.0,54733000.0,0.0,687.155,
58,SNV,MRQ,2006-12-31,2006-12-31,2006-12-31,2021-09-07,-2129000.0,31966180000.0,,,,,79.932,-51744000.0,732368000.0,732368000.0,0.0,175547000.0,,7.619,2925845000.0,,,2925845000.0,0.0,61972000.0,24528463000.0,0.018,0.63,156439000.0,218411000.0,-0.24,218411000.0,156439000.0,156439000.0,3.78,3.71,3.78,3708650000.0,,3708650000.0,12156913984.0,14.0,11.271,154412000.0,3.328,1.0,-910021000.0,1.0,551412000.0,0.0,33608245000.0,,0.0,27983849000.0,,,28257530000.0,,,10019403984.0,99373000.0,-6030000.0,14112000.0,-26104000.0,-63336000.0,249201000.0,-357561000.0,-300064000.0,206156000.0,1577000.0,175547000.0,175547000.0,175547000.0,-201814000.0,0.0,-0.193,-833335000.0,-76686000.0,0.0,0.167,2.702,16.241,16.057,481415000.0,0.0,215.81,7.106,7.024,0.0,2460454000.0,-910021000.0,-910021000.0,0.0,,,,,-3159000.0,-444881000.0,1.0,46426968.0,46397356,46907796.0,-19.614,31414768000.0,0.0,-19108000.0,0.0,677.081,
59,SNV,MRQ,2006-09-30,2006-09-30,2006-09-30,2021-09-07,-7519000.0,31344882000.0,,,,,77.079,-42026000.0,808046000.0,808046000.0,0.0,154066000.0,,7.734,2945556000.0,,,2945556000.0,0.0,71346000.0,23962564000.0,0.019,0.63,236840000.0,308186000.0,0.384,308186000.0,236840000.0,236840000.0,3.36,3.29,3.36,3563947000.0,,3563947000.0,12013781203.0,15.0,11.676,252451000.0,5.46,1.0,802151000.0,1.0,732620000.0,0.0,32749772000.0,,0.0,27624533000.0,,,27562862000.0,,,9516970203.0,-96552000.0,-69718000.0,18104000.0,-461914000.0,-1000.0,468215000.0,-855443000.0,-726460000.0,294477000.0,-3801000.0,154066000.0,154066000.0,154066000.0,0.0,0.0,0.192,554905000.0,247246000.0,0.0,0.188,2.67,16.447,16.137,723974000.0,0.0,205.59,6.49,6.483,0.0,2344960000.0,802151000.0,802151000.0,0.0,,,,,6528000.0,356724000.0,1.0,46291017.0,46237639,46691505.0,17.348,30612262000.0,0.0,82774000.0,0.0,662.064,
60,SNV,MRQ,2006-06-30,2006-06-30,2006-06-30,2021-09-07,-54783000.0,30527088000.0,,,,,73.157,-42384000.0,899039000.0,899039000.0,0.0,152797000.0,,7.985,3395850000.0,,,3395850000.0,0.0,48961000.0,23053699000.0,0.02,0.63,242843000.0,291804000.0,0.373,291804000.0,242843000.0,242843000.0,3.29,3.29,3.29,3373459000.0,,3373459000.0,11222660527.0,14.0,11.407,135949000.0,2.948,1.0,783178000.0,1.0,660395000.0,0.0,32363504000.0,,0.0,26906976000.0,,,26938108000.0,,,8643178527.0,106367000.0,2614000.0,12836000.0,24861000.0,-124258000.0,845230000.0,-918960000.0,-866404000.0,178333000.0,1764000.0,152797000.0,152797000.0,152797000.0,0.0,0.0,0.195,529170000.0,254008000.0,0.0,0.191,2.562,15.474,15.13,707988000.0,0.0,187.46,6.197,6.197,0.0,2253035000.0,783178000.0,783178000.0,0.0,,,,,5887000.0,333342000.0,1.0,46106788.0,46112779,46489644.0,16.984,29866693000.0,0.0,90046000.0,0.0,647.688,
61,SNV,MRQ,2006-03-31,2006-03-31,2006-03-31,2021-09-07,-43190000.0,29161177000.0,,,,,71.465,-35065000.0,787395000.0,787395000.0,0.0,134506000.0,,8.043,3366877000.0,,,3366877000.0,0.0,49009000.0,21801946000.0,0.019,1.995,211228000.0,260237000.0,0.354,260237000.0,211228000.0,211228000.0,3.01,3.01,3.01,3202081000.0,,3202081000.0,10694662231.0,14.0,11.32,75430000.0,1.683,1.0,734762000.0,1.0,495264000.0,0.0,31245395000.0,,0.0,25734229000.0,,,25753544000.0,,,8486221231.0,-100099000.0,12186000.0,20458000.0,190824000.0,-57059000.0,683113000.0,-893738000.0,-861306000.0,110495000.0,31000.0,134506000.0,134506000.0,134506000.0,0.0,0.0,0.183,513794000.0,220968000.0,0.0,0.663,2.65,15.885,15.842,691231000.0,0.0,189.63,6.467,6.475,0.0,2164447000.0,734762000.0,734762000.0,0.0,,,,,7447000.0,325458000.0,1.0,44751470.0,44806468,45173475.0,16.399,28665913000.0,0.0,76722000.0,0.0,639.772,
62,SNV,MRQ,2005-12-31,2005-12-31,2005-12-31,2021-09-07,-29536000.0,27620672000.0,,,,,66.092,-37473000.0,883866000.0,883866000.0,0.0,137260000.0,,8.298,3092307000.0,,,3092307000.0,0.0,53698000.0,20784365000.0,0.022,0.56,115023000.0,168721000.0,-0.198,168721000.0,115023000.0,115023000.0,3.08,3.08,3.08,2949329000.0,,2949329000.0,10690259623.0,15.0,11.698,194130000.0,4.35,1.0,-853688000.0,1.0,503249000.0,0.0,29325864000.0,,0.0,24300443000.0,,,24474370000.0,,,8435614623.0,1048000.0,-7504000.0,6194000.0,-47617000.0,-56990000.0,406742000.0,-635433000.0,-582744000.0,231603000.0,-1864000.0,137260000.0,137260000.0,137260000.0,-157396000.0,0.0,-0.161,-783505000.0,-70183000.0,0.0,0.182,2.86,16.334,16.271,669425000.0,0.0,189.07,6.971,6.953,0.0,2091187000.0,-853688000.0,-853688000.0,0.0,,,,,286000.0,-425593000.0,1.0,44616357.0,44624895,45046045.0,-19.13,27117423000.0,0.0,-22237000.0,0.0,607.675,
63,SNV,MRQ,2005-09-30,2005-09-30,2005-09-30,2021-09-07,-14663000.0,27075090000.0,,,,,64.532,-31649000.0,882348000.0,882348000.0,0.0,133992000.0,,8.352,3136993000.0,,,3136993000.0,0.0,47196000.0,20279210000.0,0.022,0.56,215845000.0,263041000.0,0.36,263041000.0,215845000.0,215845000.0,3.01,3.01,3.01,2874906000.0,,2874906000.0,10876477554.0,14.0,10.549,222685000.0,4.999,1.0,730562000.0,1.0,501348000.0,0.0,28828387000.0,,0.0,23788719000.0,,,24010568000.0,,,8642395554.0,68057000.0,0.0,8913000.0,81769000.0,-56853000.0,206561000.0,-392450000.0,-360026000.0,254334000.0,-388000.0,133992000.0,133992000.0,133992000.0,0.0,0.0,0.183,505411000.0,225151000.0,0.0,0.186,3.006,17.357,17.325,668822000.0,0.0,194.04,3.255,3.256,0.0,2010983000.0,730562000.0,730562000.0,0.0,,,,,599000.0,312467000.0,1.0,44539247.0,44549748,45048901.0,16.399,26573742000.0,0.0,81853000.0,0.0,596.496,
64,SNV,MRQ,2005-06-30,2005-06-30,2005-06-30,2021-09-07,-517000.0,26713294000.0,,,,,62.851,-42523000.0,826051000.0,826051000.0,0.0,128460000.0,,8.496,3060133000.0,,,3060133000.0,0.0,48531000.0,20106478000.0,0.021,0.56,204251000.0,252782000.0,0.361,252782000.0,204251000.0,204251000.0,2.87,2.87,2.87,2793812000.0,,2793812000.0,11533893298.0,15.0,12.457,68059000.0,1.531,1.0,700534000.0,1.0,507178000.0,0.0,28440198000.0,,0.0,23459607000.0,,,23737525000.0,,,8919514298.0,89475000.0,0.0,14362000.0,-285133000.0,-56761000.0,664674000.0,-685978000.0,-637916000.0,110582000.0,197000.0,128460000.0,128460000.0,128460000.0,0.0,0.0,0.183,486611000.0,213923000.0,0.0,0.195,3.193,18.86,18.862,657765000.0,0.0,200.69,3.552,3.552,0.0,1933982000.0,700534000.0,700534000.0,0.0,,,,,321000.0,297435000.0,1.0,44444239.0,44451460,44956756.0,15.76,26206116000.0,0.0,75791000.0,0.0,589.545,
65,SNV,MRQ,2005-03-31,2005-03-31,2005-03-31,2021-09-07,-11586000.0,25852385000.0,,,,,60.819,-28798000.0,726580000.0,726580000.0,0.0,116734000.0,,8.514,3340959000.0,,,3340959000.0,0.0,43727000.0,19114272000.0,0.022,2.538,185617000.0,229344000.0,0.362,229344000.0,185617000.0,185617000.0,2.66,2.59,2.66,2698871000.0,,2698871000.0,11061037778.0,16.0,12.509,1891000.0,0.043,1.0,632689000.0,1.0,510991000.0,0.0,27955773000.0,,0.0,22772023000.0,,,22978495000.0,,,8660562778.0,39271000.0,-56983000.0,13656000.0,257059000.0,-53699000.0,753820000.0,-743041000.0,-651818000.0,30689000.0,-2197000.0,116734000.0,116734000.0,116734000.0,0.0,0.0,0.185,438240000.0,194449000.0,0.0,0.954,3.209,19.263,19.214,651830000.0,0.0,195.02,3.647,3.644,0.0,1862373000.0,632689000.0,632689000.0,0.0,,,,,793000.0,276463000.0,1.0,44408588.0,44375459,44843754.0,14.258,25341394000.0,0.0,68883000.0,0.0,571.068,
66,SNV,MRQ,2004-12-31,2004-12-31,2004-12-31,2021-09-07,8903000.0,25050178000.0,,,,,59.69,-60758000.0,687188000.0,687188000.0,0.0,118722000.0,,8.421,3087663000.0,,,3087663000.0,0.0,100613000.0,18577468000.0,0.02,0.56,185289000.0,285902000.0,0.483,285902000.0,185289000.0,185289000.0,2.66,2.66,2.66,2641289000.0,,2641289000.0,11499820232.0,17.0,13.524,176971000.0,3.999,1.0,591518000.0,1.0,457911000.0,0.0,26992742000.0,,0.0,22165901000.0,,,22241605000.0,,,8849998232.0,-74345000.0,-517000.0,6486000.0,-327267000.0,-52910000.0,429393000.0,-744845000.0,-676861000.0,237729000.0,3378000.0,118722000.0,118722000.0,118722000.0,0.0,0.0,0.201,398086000.0,193432000.0,0.0,0.211,3.351,20.25,20.127,638407000.0,0.0,200.06,3.837,3.808,0.0,1802404000.0,591518000.0,591518000.0,0.0,,,,,55000.0,252408000.0,1.0,44236720.0,44249884,44754611.0,13.368,24592267000.0,0.0,66567000.0,0.0,555.759,
67,SNV,MRQ,2004-09-30,2004-09-30,2004-09-30,2021-09-07,18513000.0,24389493000.0,,,,,58.286,-29544000.0,761520000.0,761520000.0,0.0,109008000.0,,8.404,3411342000.0,,,3411342000.0,0.0,-15479000.0,17774384000.0,0.022,0.56,173349000.0,157870000.0,0.269,157870000.0,173349000.0,173349000.0,2.45,2.45,2.45,2576714000.0,,2576714000.0,10388565549.0,16.0,13.907,214938000.0,4.862,1.0,586533000.0,1.0,463142000.0,0.0,26576173000.0,,0.0,21482758000.0,,,21653867000.0,,,8091051549.0,846000.0,-33906000.0,3617000.0,356244000.0,-53541000.0,589393000.0,-833604000.0,-750996000.0,244482000.0,575000.0,109008000.0,109008000.0,109008000.0,0.0,0.0,0.186,405705000.0,180828000.0,0.0,0.229,3.14,19.221,19.088,629738000.0,0.0,183.05,3.599,3.6,7272000.0,1737357000.0,586533000.0,586533000.0,0.0,,,,,0.0,274697000.0,1.0,44201320.0,44207741,44621321.0,13.268,23926351000.0,0.0,64341000.0,0.0,541.225,
68,SNV,MRQ,2004-06-30,2004-06-30,2004-06-30,2021-09-07,-8704000.0,23560216000.0,,,,,56.837,-40788000.0,760668000.0,760668000.0,0.0,105141000.0,,8.415,3058182000.0,,,3058182000.0,1407000.0,45059000.0,17490756000.0,0.022,0.56,166102000.0,211161000.0,0.374,211161000.0,166102000.0,166102000.0,2.38,2.38,2.38,2486097000.0,,2486097000.0,10235062749.0,16.0,13.119,125801000.0,2.876,1.0,564206000.0,1.0,416867000.0,0.0,25440863000.0,,0.0,20774142000.0,,,20920854000.0,,,7717093749.0,133638000.0,13877000.0,5530000.0,-139255000.0,-53542000.0,742605000.0,-775556000.0,-747219000.0,166589000.0,0.0,105141000.0,105141000.0,105141000.0,0.0,0.0,0.186,391252000.0,172954000.0,0.0,0.235,3.104,18.733,18.756,861815000.0,0.0,177.24,3.529,3.545,0.0,1681992000.0,564206000.0,564206000.0,0.0,,,,,0.0,261142000.0,1.0,43540362.0,43740875,44123311.0,12.899,23143349000.0,0.0,60961000.0,0.0,529.101,
69,SNV,MRQ,2004-03-31,2004-03-31,2004-03-31,2021-09-07,37418000.0,22286347000.0,,,,,54.368,-39771000.0,627020000.0,627020000.0,0.0,104162000.0,,8.387,3144989000.0,,,3144989000.0,10824000.0,30869000.0,16214308000.0,0.023,2.403,164541000.0,195410000.0,0.346,195410000.0,164541000.0,164541000.0,2.38,2.38,2.38,2358424000.0,,2358424000.0,9626881536.0,15.0,12.824,107707000.0,2.483,1.0,564113000.0,1.0,281344000.0,0.0,24522972000.0,,0.0,19705879000.0,,,19780080000.0,,,7396670536.0,-73134000.0,8443000.0,7828000.0,174086000.0,-49890000.0,308117000.0,-528729000.0,-495544000.0,147478000.0,0.0,104162000.0,104162000.0,104162000.0,0.0,0.0,0.185,393323000.0,170790000.0,0.0,1.01,3.136,18.346,18.383,849266000.0,0.0,171.15,3.459,3.472,0.0,1630408000.0,564113000.0,564113000.0,0.0,,,,,0.0,265021000.0,1.0,43217473.0,43378582,43831162.0,13.004,22005003000.0,0.0,60379000.0,0.0,507.278,
70,SNV,MRQ,2003-12-31,2003-12-31,2003-12-31,2021-09-07,29509000.0,21632629000.0,,,,,52.064,-38944000.0,700453000.0,700453000.0,0.0,102639000.0,,8.573,2930664000.0,,,2930664000.0,17573000.0,21629000.0,15941609000.0,0.015,0.49,160912000.0,182541000.0,0.342,182541000.0,160912000.0,160912000.0,2.38,2.38,2.38,2245039000.0,,2245039000.0,10817420896.0,18.0,14.951,219729000.0,5.096,1.0,533221000.0,1.0,282838000.0,0.0,23580002000.0,,0.0,19074340000.0,,,19245752000.0,,,8727093896.0,-9999000.0,-49000.0,6150000.0,95613000.0,-49780000.0,469505000.0,-741036000.0,-701818000.0,258673000.0,2859000.0,102639000.0,102639000.0,102639000.0,0.0,0.0,0.192,364790000.0,168431000.0,0.0,0.206,3.887,22.439,22.419,578710000.0,0.0,202.44,4.235,4.239,0.0,1579057000.0,533221000.0,533221000.0,0.0,,,,,0.0,239973000.0,1.0,43109533.0,43120720,43713730.0,12.366,21349791000.0,0.0,58273000.0,0.0,495.117,
71,SNV,MRQ,2003-09-30,2003-09-30,2003-09-30,2021-09-07,32873000.0,21023394000.0,,,,,50.538,-10015000.0,710455000.0,710455000.0,0.0,100000000.0,,8.601,2800782000.0,,,2800782000.0,24074000.0,33311000.0,15524087000.0,0.017,0.49,157722000.0,191033000.0,0.364,191033000.0,157722000.0,157722000.0,2.31,2.31,2.31,2175806000.0,,2175806000.0,9462389260.0,16.0,13.039,236428000.0,5.492,1.0,525190000.0,1.0,287862000.0,0.0,22825859000.0,,0.0,18504497000.0,,,18714156000.0,,,7533135260.0,-98870000.0,264000.0,-983000.0,45044000.0,-49706000.0,-106115000.0,-239198000.0,-224922000.0,246443000.0,0.0,100000000.0,100000000.0,100000000.0,0.0,0.0,0.19,360688000.0,164502000.0,0.0,0.212,3.462,19.28,19.223,776848000.0,0.0,174.93,3.706,3.705,0.0,1526307000.0,525190000.0,525190000.0,0.0,,,,,0.0,241814000.0,1.0,43063713.0,43053147,43502870.0,12.199,20735532000.0,0.0,57722000.0,0.0,481.626,
72,SNV,MRQ,2003-06-30,2003-06-30,2003-06-30,2021-09-07,46195000.0,21064487000.0,,,,,49.473,-155212000.0,809428000.0,809428000.0,0.0,96367000.0,,8.777,2738682000.0,,,2738682000.0,28473000.0,29260000.0,15624557000.0,0.02,0.49,152468000.0,181728000.0,0.352,181728000.0,152468000.0,152468000.0,2.24,2.24,2.24,2139934000.0,,2139934000.0,8458323966.0,14.0,12.036,21070000.0,0.487,1.0,515671000.0,1.0,288726000.0,0.0,22705015000.0,,0.0,18440208000.0,,,18781153000.0,,,6527770966.0,59382000.0,-27064000.0,-92283000.0,55105000.0,-50372000.0,319746000.0,-436646000.0,-261258000.0,176282000.0,0.0,96367000.0,96367000.0,96367000.0,0.0,0.0,0.187,356674000.0,158997000.0,0.0,0.219,3.05,17.044,16.797,763955000.0,0.0,150.5,3.288,3.279,0.0,1476091000.0,515671000.0,515671000.0,0.0,,,,,0.0,243971000.0,1.0,43373893.0,43254579,43574443.0,11.922,20775761000.0,0.0,56101000.0,0.0,480.314,
73,SNV,MRQ,2003-03-31,2003-03-31,2003-03-31,2021-09-07,40413000.0,20603801000.0,,,,,50.524,-42375000.0,749974000.0,749974000.0,0.0,89919000.0,,8.386,2680527000.0,,,2680527000.0,29722000.0,27812000.0,15214092000.0,0.023,1.645,140399000.0,168211000.0,0.346,168211000.0,140399000.0,140399000.0,2.1,2.1,2.1,2180266000.0,,2180266000.0,7240281369.0,13.0,10.682,-1587000.0,-0.037,1.0,486534000.0,1.0,115237000.0,0.0,22419117000.0,,0.0,18210636000.0,,,18284413000.0,,,5375144369.0,4425000.0,-39355000.0,2531000.0,58243000.0,-44319000.0,614662000.0,-651025000.0,-549028000.0,40788000.0,0.0,89919000.0,89919000.0,89919000.0,0.0,0.0,0.185,339991000.0,146543000.0,0.0,0.783,2.465,14.429,14.312,656507000.0,0.0,125.23,2.792,2.807,0.0,1429429000.0,486534000.0,486534000.0,0.0,,,,,0.0,228178000.0,1.0,42922178.0,43153292,43431869.0,11.275,20488564000.0,0.0,50480000.0,0.0,474.786,
74,SNV,MRQ,2002-12-31,2002-12-31,2002-12-31,2021-09-07,46113000.0,19036246000.0,,,,,47.597,-83189000.0,746147000.0,746147000.0,0.0,104428000.0,,8.27,2611284000.0,,,2611284000.0,0.0,27373000.0,13928834000.0,0.02,0.42,157352000.0,184725000.0,0.366,184725000.0,157352000.0,157352000.0,2.45,2.38,2.45,2040853000.0,,2040853000.0,7570180971.0,13.0,11.455,118374000.0,2.761,1.0,505319000.0,1.0,115977000.0,0.0,20785406000.0,,0.0,16840360000.0,,,16878294000.0,,,5817207971.0,89240000.0,11020000.0,6945000.0,203034000.0,-44016000.0,586697000.0,-699020000.0,-624640000.0,201563000.0,0.0,104428000.0,104428000.0,104428000.0,0.0,0.0,0.207,341285000.0,164034000.0,0.0,0.171,2.85,15.922,15.772,616355000.0,0.0,135.8,3.083,3.057,0.0,1389880000.0,505319000.0,505319000.0,0.0,,,,,0.0,226369000.0,1.0,42836583.0,42877855,43192290.0,11.785,18920269000.0,0.0,52924000.0,0.0,441.26,
75,SNV,MRQ,2002-09-30,2002-09-30,2002-09-30,2021-09-07,46341000.0,18510215000.0,,,,,45.935,-11259000.0,655823000.0,655823000.0,0.0,92272000.0,,8.389,2408796000.0,,,2408796000.0,0.0,24206000.0,13644457000.0,0.019,0.42,143855000.0,168061000.0,0.352,168061000.0,143855000.0,143855000.0,2.17,2.17,2.17,1959254000.0,,1959254000.0,7660848409.0,14.0,12.105,44559000.0,1.045,1.0,478074000.0,1.0,0.0,0.0,20263188000.0,,0.0,16361817000.0,,,16436087000.0,,,6112787409.0,59529000.0,14399000.0,3240000.0,166074000.0,-44235000.0,456054000.0,-452343000.0,-433241000.0,55818000.0,0.0,92272000.0,92272000.0,92272000.0,0.0,0.0,0.193,327965000.0,150109000.0,0.0,0.194,3.12,17.66,17.624,605400000.0,0.0,144.34,3.324,3.348,0.0,1329813000.0,478074000.0,478074000.0,0.0,,,,,0.0,224536000.0,1.0,42349920.0,42652853,43141720.0,11.208,18510215000.0,0.0,51583000.0,0.0,433.974,
76,SNV,MRQ,2002-06-30,2002-06-30,2002-06-30,2021-09-07,39518000.0,17315782000.0,,,,,42.956,-55622000.0,596591000.0,596591000.0,0.0,85895000.0,,8.484,2144652000.0,,,2144652000.0,0.0,23348000.0,12941487000.0,0.014,0.42,133471000.0,156819000.0,0.345,156819000.0,133471000.0,133471000.0,2.03,2.03,2.03,1814199000.0,,1814199000.0,9729126055.0,19.0,15.948,98468000.0,2.332,1.0,454983000.0,1.0,0.0,0.0,18863843000.0,,0.0,15398031000.0,,,15392569000.0,,,8126932055.0,94537000.0,323000.0,3097000.0,41702000.0,-43721000.0,491557000.0,-551110000.0,-482771000.0,154090000.0,0.0,85895000.0,85895000.0,85895000.0,0.0,0.0,0.189,315887000.0,139096000.0,0.0,0.207,4.48,24.423,24.354,598515000.0,0.0,192.64,4.532,4.537,0.0,1281767000.0,454983000.0,454983000.0,0.0,,,,,0.0,197996000.0,1.0,42187147.0,42233559,42898287.0,10.773,17315782000.0,0.0,47576000.0,0.0,410.001,
77,SNV,MRQ,2002-03-31,2002-03-31,2002-03-31,2021-09-07,17813000.0,16725734000.0,,,,,41.015,-50244000.0,500756000.0,500756000.0,0.0,82752000.0,,8.619,2102950000.0,,,2102950000.0,0.0,22084000.0,12451008000.0,0.013,1.452,129202000.0,151286000.0,0.337,151286000.0,129202000.0,129202000.0,1.96,1.96,1.96,1728095000.0,,1728095000.0,10732607548.0,21.0,18.04,279439000.0,6.632,1.0,448621000.0,1.0,0.0,0.0,18327928000.0,,0.0,14954804000.0,,,14894831000.0,,,8985905548.0,-150393000.0,0.0,5765000.0,-295815000.0,-37135000.0,-22375000.0,-457701000.0,-400906000.0,329683000.0,0.0,82752000.0,82752000.0,82752000.0,0.0,0.0,0.184,314331000.0,134290000.0,0.0,0.741,5.2,27.865,27.709,584383000.0,0.0,213.36,5.077,5.079,0.0,1239603000.0,448621000.0,448621000.0,0.0,,,,,0.0,203140000.0,1.0,42116168.0,42133271,42880572.0,10.648,16725734000.0,0.0,46450000.0,0.0,396.972,
78,SNV,MRQ,2001-12-31,2001-12-31,2001-12-31,2021-09-07,29338000.0,16654891000.0,,,,,40.591,-22919000.0,652063000.0,652063000.0,0.0,85211000.0,,8.768,2398765000.0,,,2398765000.0,0.0,23025000.0,12146198000.0,0.015,0.42,133694000.0,156719000.0,0.343,156719000.0,133694000.0,133694000.0,2.03,1.96,2.03,1694946000.0,,1694946000.0,8864006674.0,18.0,15.357,-104324000.0,-2.498,1.0,457204000.0,1.0,34744000.0,0.0,18366849000.0,,0.0,14757048000.0,,,14861307000.0,,,7297090674.0,90475000.0,-1461000.0,4259000.0,-371663000.0,-37127000.0,602656000.0,-430776000.0,-341749000.0,-81405000.0,0.0,85211000.0,85211000.0,85211000.0,0.0,0.0,0.186,317859000.0,139345000.0,0.0,0.207,4.305,23.417,23.411,572618000.0,0.0,175.35,4.188,4.174,0.0,1200869000.0,457204000.0,457204000.0,0.0,,,,,0.0,212669000.0,1.0,41614432.0,41756548,42362418.0,10.949,16620147000.0,0.0,48483000.0,0.0,398.025,
79,SNV,MRQ,2001-09-30,2001-09-30,2001-09-30,2021-09-07,43985000.0,15781130000.0,,,,,38.944,-30122000.0,580642000.0,580642000.0,0.0,78905000.0,,8.694,2147558000.0,,,2147558000.0,0.0,21369000.0,11525774000.0,0.013,0.42,123848000.0,145217000.0,0.336,145217000.0,123848000.0,123848000.0,1.89,1.89,1.89,1618271000.0,,1618271000.0,9441802068.0,20.0,16.892,162601000.0,3.913,1.0,432287000.0,1.0,0.0,0.0,17348046000.0,,0.0,13961782000.0,,,14069346000.0,,,8023577068.0,15485000.0,0.0,5769000.0,31041000.0,-37066000.0,-35997000.0,-141241000.0,-117049000.0,192723000.0,0.0,78905000.0,78905000.0,78905000.0,0.0,0.0,0.183,303463000.0,128824000.0,0.0,0.222,4.958,26.649,26.286,551623000.0,0.0,193.2,4.285,4.287,0.0,1135958000.0,432287000.0,432287000.0,0.0,,,,,0.0,199543000.0,1.0,41529902.0,41553402,42480421.0,10.403,15781130000.0,0.0,44943000.0,0.0,379.779,
80,SNV,MRQ,2001-06-30,2001-06-30,2001-06-30,2021-09-07,23715000.0,15654130000.0,,,,,37.386,-46708000.0,698292000.0,698292000.0,0.0,75615000.0,,9.039,2116517000.0,,,2116517000.0,0.0,22318000.0,11561515000.0,0.011,0.42,119386000.0,141704000.0,0.328,141704000.0,119386000.0,119386000.0,1.82,1.82,1.82,1550559000.0,,1550559000.0,10156592288.0,23.0,18.983,49301000.0,1.189,1.0,431878000.0,1.0,0.0,0.0,17072355000.0,,0.0,13734253000.0,,,14015081000.0,,,9101546288.0,-19361000.0,0.0,8610000.0,383028000.0,-36567000.0,429258000.0,-544628000.0,-490718000.0,96009000.0,0.0,75615000.0,75615000.0,75615000.0,0.0,0.0,0.175,307465000.0,124413000.0,0.0,0.231,5.87,31.722,31.069,546935000.0,0.0,219.66,5.127,5.132,0.0,1094177000.0,431878000.0,431878000.0,0.0,,,,,0.0,197982000.0,1.0,41434700.0,41474401,42317703.0,10.413,15654130000.0,0.0,43771000.0,0.0,377.441,
81,SNV,MRQ,2001-03-31,2001-03-31,2001-03-31,2021-09-07,21596000.0,15181807000.0,,,,,36.53,-51024000.0,678443000.0,678443000.0,0.0,71885000.0,,9.055,1733489000.0,,,1733489000.0,0.0,20488000.0,11487328000.0,0.013,1.312,113065000.0,133553000.0,0.317,133553000.0,113065000.0,113065000.0,1.75,1.75,1.75,1501444000.0,,1501444000.0,8647919533.0,20.0,16.926,-64477000.0,-1.569,1.0,421006000.0,1.0,0.0,0.0,16236853000.0,,0.0,13281633000.0,,,13596222000.0,,,7704785533.0,3526000.0,8330000.0,7908000.0,-153922000.0,-31323000.0,-32170000.0,49149000.0,89936000.0,-13453000.0,0.0,71885000.0,71885000.0,71885000.0,0.0,0.0,0.171,303736000.0,117270000.0,0.0,0.75,5.132,28.217,27.835,533195000.0,0.0,189.0,4.592,4.63,0.0,1056035000.0,421006000.0,421006000.0,0.0,,,,,0.0,191542000.0,1.0,40766061.0,41101822,41893409.0,10.243,15181807000.0,0.0,41180000.0,0.0,369.371,
82,SNV,MRQ,2000-12-31,2000-12-31,2000-12-31,2021-09-07,5936000.0,14908092000.0,,,,,34.877,-115045000.0,561860000.0,561860000.0,0.0,74682000.0,,9.463,1880759000.0,,,1880759000.0,0.0,21360000.0,11161710000.0,0.012,0.35,117102000.0,138462000.0,0.236,138462000.0,117102000.0,117102000.0,1.89,1.82,1.89,1417171000.0,,1417171000.0,9075722237.0,22.0,18.438,55420000.0,1.364,1.0,587383000.0,1.0,0.0,0.0,16226991000.0,,0.0,13165947000.0,,,13410031000.0,,,7658184237.0,135057000.0,-54300000.0,4944000.0,-91927000.0,-31284000.0,693309000.0,-728717000.0,-570170000.0,170465000.0,0.0,74682000.0,74682000.0,74682000.0,0.0,0.0,0.127,466103000.0,121280000.0,0.0,0.185,5.404,29.168,28.968,526988000.0,0.0,188.58,4.837,4.824,0.0,1020431000.0,587383000.0,587383000.0,0.0,,,,,0.0,182603000.0,1.0,40609737.0,40633384,41225256.0,14.456,14908092000.0,0.0,42420000.0,0.0,366.893,
83,SNV,MRQ,2000-09-30,2000-09-30,2000-09-30,2021-09-07,-16315000.0,14105157000.0,,,,,33.097,-36718000.0,555148000.0,555148000.0,0.0,64731000.0,,9.441,1972686000.0,,,1972686000.0,0.0,19843000.0,10423641000.0,0.014,0.35,101467000.0,121310000.0,0.362,121310000.0,101467000.0,101467000.0,1.61,1.61,1.61,1343540000.0,,1343540000.0,7405858392.0,19.0,15.74,124022000.0,3.055,1.0,334918000.0,1.0,0.0,0.0,15522695000.0,,0.0,12463134000.0,,,12684319000.0,,,6020191392.0,-28113000.0,0.0,763000.0,14502000.0,-31264000.0,275511000.0,-464364000.0,-390540000.0,160740000.0,0.0,64731000.0,64731000.0,64731000.0,0.0,0.0,0.193,229759000.0,105159000.0,0.0,0.217,4.481,23.972,23.809,476205000.0,0.0,148.33,4.533,4.534,0.0,977073000.0,334918000.0,334918000.0,0.0,,,,,0.0,179511000.0,1.0,40586472.0,40593526,41056821.0,8.251,14105157000.0,0.0,36736000.0,0.0,347.473,
84,SNV,MRQ,2000-06-30,2000-06-30,2000-06-30,2021-09-07,-31180000.0,13685928000.0,,,,,31.959,-66306000.0,572517000.0,572517000.0,0.0,61752000.0,,9.52,1958184000.0,,,1958184000.0,0.0,20262000.0,10132131000.0,0.016,0.35,97329000.0,117591000.0,0.352,117591000.0,97329000.0,97329000.0,1.54,1.54,1.54,1294165000.0,,1294165000.0,6209721510.0,16.0,13.556,18459000.0,0.456,1.0,334431000.0,1.0,0.0,0.0,15071595000.0,,0.0,12091043000.0,,,12320178000.0,,,4978544510.0,16371000.0,2877000.0,2508000.0,149319000.0,-31070000.0,562652000.0,-631046000.0,-569352000.0,84765000.0,0.0,61752000.0,61752000.0,61752000.0,0.0,0.0,0.185,232438000.0,101993000.0,0.0,0.227,3.847,20.37,20.264,467120000.0,0.0,123.41,3.823,3.838,0.0,943627000.0,334431000.0,334431000.0,0.0,,,,,0.0,181354000.0,1.0,40341500.0,40494667,40944390.0,8.259,13685928000.0,0.0,35577000.0,0.0,337.969,
85,SNV,MRQ,2000-03-31,2000-03-31,2000-03-31,2021-09-07,-32119000.0,13048240000.0,,,,,31.174,-21094000.0,577373000.0,577373000.0,0.0,61392000.0,,9.33,1808550000.0,,,1808550000.0,0.0,19037000.0,9690236000.0,0.015,1.12,95837000.0,114874000.0,0.352,114874000.0,95837000.0,95837000.0,1.54,1.54,1.54,1256629000.0,,1256629000.0,6348373179.0,17.0,14.353,17261000.0,0.428,1.0,326674000.0,1.0,0.0,0.0,14279417000.0,,0.0,11485940000.0,,,11724203000.0,,,5328926179.0,-31804000.0,-41835000.0,1792000.0,228539000.0,-25394000.0,531813000.0,-601972000.0,-542039000.0,38355000.0,0.0,61392000.0,61392000.0,61392000.0,0.0,0.0,0.188,226876000.0,99798000.0,0.0,0.727,4.241,22.583,22.476,435199000.0,0.0,132.16,4.204,4.203,0.0,928382000.0,326674000.0,326674000.0,0.0,,,,,0.0,177684000.0,1.0,40321778.0,40309806,40708100.0,8.104,13048240000.0,0.0,34445000.0,0.0,323.699,
86,SNV,MRQ,1999-12-31,1999-12-31,1999-12-31,2021-09-07,-30134000.0,12547001000.0,,,,,30.457,-44956000.0,560564000.0,560564000.0,0.0,63256000.0,,9.176,1580011000.0,,,1580011000.0,0.0,17771000.0,9440087000.0,0.013,0.28,98956000.0,116727000.0,0.351,116727000.0,98956000.0,98956000.0,1.54,1.61,1.54,1226669000.0,,1226669000.0,6325189378.0,18.0,14.996,100965000.0,2.507,1.0,332092000.0,1.0,0.0,0.0,13566448000.0,,0.0,11017783000.0,,,11256047000.0,,,5562653378.0,70841000.0,-49844000.0,1795000.0,339056000.0,-24476000.0,444273000.0,-519353000.0,-415783000.0,145921000.0,0.0,63256000.0,63256000.0,63256000.0,0.0,0.0,0.19,229237000.0,102855000.0,0.0,0.182,4.535,24.689,24.85,437309000.0,0.0,139.16,4.563,4.567,0.0,898002000.0,332092000.0,332092000.0,0.0,,,,,0.0,180754000.0,1.0,39973077.0,40275234,40773672.0,8.246,12547001000.0,0.0,35700000.0,0.0,311.531,
87,SNV,MRQ,1999-09-30,1999-09-30,1999-09-30,2021-09-07,-13815000.0,11977091000.0,,,,,29.678,-38835000.0,476420000.0,476420000.0,0.0,58005000.0,,9.049,1238956000.0,,,1238956000.0,0.0,18991000.0,9275346000.0,0.013,0.28,89887000.0,108878000.0,0.352,108878000.0,89887000.0,89887000.0,1.47,1.47,1.47,1185845000.0,,1185845000.0,5490412873.0,16.0,13.393,47803000.0,1.196,1.0,308960000.0,1.0,0.0,0.0,12739627000.0,,0.0,10576348000.0,,,10730445000.0,,,5071221873.0,75564000.0,-219000.0,594000.0,362982000.0,-26956000.0,394891000.0,-512441000.0,-473653000.0,86638000.0,0.0,58005000.0,58005000.0,58005000.0,0.0,0.0,0.188,215816000.0,93144000.0,0.0,0.19,4.276,23.234,23.962,417668000.0,0.0,130.83,4.357,4.491,0.0,853276000.0,308960000.0,308960000.0,0.0,,,,,0.0,167350000.0,1.0,38761919.0,39957085,40401665.0,7.732,11977091000.0,0.0,31882000.0,0.0,299.749,
88,SNV,MRQ,1999-06-30,1999-06-30,1999-06-30,2021-09-07,-14544000.0,11174512000.0,,,,,27.767,-51731000.0,436322000.0,436322000.0,0.0,53313000.0,,9.026,855513000.0,,,855513000.0,0.0,19242000.0,8965769000.0,0.012,0.28,82590000.0,101832000.0,0.34,101832000.0,82590000.0,82590000.0,1.33,1.33,1.33,1108738000.0,,1108738000.0,5885571468.0,18.0,14.934,25011000.0,0.626,1.0,299859000.0,1.0,0.0,0.0,11593703000.0,,0.0,9867379000.0,,,10007848000.0,,,5388761468.0,20521000.0,0.0,1877000.0,54937000.0,-26964000.0,532081000.0,-481826000.0,-431470000.0,76742000.0,0.0,53313000.0,53313000.0,53313000.0,0.0,0.0,0.178,213727000.0,86132000.0,0.0,0.211,4.86,25.677,26.507,400491000.0,0.0,139.16,4.854,5.005,0.0,802545000.0,299859000.0,299859000.0,0.0,,,,,0.0,163671000.0,1.0,38723494.0,39930656,40353664.0,7.509,11174512000.0,0.0,29277000.0,0.0,279.848,
89,SNV,MRQ,1999-03-31,1999-03-31,1999-03-31,2021-09-07,3345000.0,10622793000.0,,,,,27.549,-34814000.0,307021000.0,307021000.0,0.0,50733000.0,,8.627,803831000.0,,,803831000.0,0.0,16471000.0,8464488000.0,0.013,0.91,77882000.0,94353000.0,0.339,94353000.0,77882000.0,77882000.0,1.26,1.26,1.26,1097774000.0,,1097774000.0,5772199248.0,19.0,15.373,109181000.0,2.74,1.0,278141000.0,1.0,0.0,0.0,11119603000.0,,0.0,9495508000.0,,,9470304000.0,,,5551614248.0,-73759000.0,2061000.0,2436000.0,185948000.0,-20441000.0,85375000.0,-303129000.0,-270213000.0,143995000.0,0.0,50733000.0,50733000.0,50733000.0,0.0,0.0,0.182,197769000.0,80372000.0,0.0,0.722,5.057,27.652,28.082,385432000.0,0.0,143.5,5.335,5.495,0.0,775964000.0,278141000.0,278141000.0,0.0,,,,,0.0,154163000.0,1.0,38687207.0,39847940,40389808.0,6.98,10622793000.0,0.0,27149000.0,0.0,266.583,
90,SNV,MRQ,1998-12-31,1998-12-31,1998-12-31,2021-09-07,10475000.0,10811592000.0,,,,,28.18,-55981000.0,452151000.0,452151000.0,0.0,56214000.0,,8.677,635089000.0,,,635089000.0,0.0,17477000.0,8797412000.0,0.01,0.21,87405000.0,104882000.0,0.379,104882000.0,87405000.0,87405000.0,1.4,1.4,1.4,1111917000.0,,1111917000.0,6599076792.0,22.0,18.077,-80398000.0,-2.038,1.0,277063000.0,1.0,0.0,0.0,10994530000.0,,0.0,9523200000.0,,,9647582000.0,,,6415353792.0,13714000.0,8999000.0,1375000.0,68402000.0,-17883000.0,372833000.0,-334702000.0,-286624000.0,-24417000.0,0.0,56214000.0,56214000.0,56214000.0,0.0,0.0,0.203,186238000.0,90825000.0,0.0,0.15,5.77,32.654,33.333,381385000.0,0.0,168.0,6.349,6.471,0.0,770622000.0,277063000.0,277063000.0,0.0,,,,,0.0,146667000.0,1.0,38186630.0,39457791,40026658.0,7.022,10811592000.0,0.0,31191000.0,0.0,274.004,
91,SNV,MRQ,1998-09-30,1998-09-30,1998-09-30,2021-09-07,16619000.0,9840766000.0,,,,,26.079,-32690000.0,363140000.0,363140000.0,0.0,49608000.0,,8.639,546863000.0,,,546863000.0,0.0,15890000.0,8026590000.0,0.012,0.21,77148000.0,93038000.0,0.365,93038000.0,77148000.0,77148000.0,1.26,1.26,1.26,1015910000.0,,1015910000.0,5154505800.0,18.0,14.795,51303000.0,1.317,1.0,255082000.0,1.0,0.0,0.0,10024489000.0,,0.0,8764388000.0,,,8776019000.0,,,5201611800.0,-39864000.0,13231000.0,2743000.0,173682000.0,-20198000.0,57072000.0,-180929000.0,-158589000.0,83993000.0,0.0,49608000.0,49608000.0,49608000.0,0.0,0.0,0.194,175013000.0,80069000.0,0.0,0.167,5.12,27.722,28.623,346334000.0,0.0,138.25,5.358,5.547,0.0,708124000.0,255082000.0,255082000.0,0.0,,,,,0.0,137692000.0,1.0,37624678.0,38955208,39532362.0,6.548,9840766000.0,0.0,27540000.0,0.0,252.617,
92,SNV,MRQ,1998-06-30,1998-06-30,1998-06-30,2021-09-07,7376000.0,9370271000.0,,,,,25.393,-43191000.0,420285000.0,420285000.0,0.0,44212000.0,,8.77,373179000.0,,,373179000.0,0.0,14576000.0,7823454000.0,0.01,0.49,68621000.0,83197000.0,0.361,83197000.0,68621000.0,68621000.0,1.19,1.19,1.19,954350000.0,,954350000.0,6104050135.0,22.0,18.248,31614000.0,0.841,1.0,230387000.0,1.0,0.0,0.0,9323165000.0,,0.0,8286851000.0,,,8369635000.0,,,6247746135.0,26986000.0,0.0,402000.0,40508000.0,-19284000.0,-44722000.0,-3097000.0,43962000.0,74805000.0,0.0,44212000.0,44212000.0,44212000.0,0.0,0.0,0.192,159523000.0,70864000.0,0.0,0.412,6.547,34.494,35.448,319873000.0,0.0,166.25,6.665,6.666,0.0,669057000.0,230387000.0,230387000.0,0.0,,,,,0.0,126493000.0,1.0,37580428.0,37582609,38256479.0,6.13,9370271000.0,0.0,24409000.0,0.0,249.325,
93,SNV,MRQ,1998-03-31,1998-03-31,1998-03-31,2021-09-07,5971000.0,9376677000.0,,,,,24.688,-24527000.0,476367000.0,476367000.0,0.0,41213000.0,,9.064,332671000.0,,,332671000.0,0.0,13076000.0,7889802000.0,0.008,0.747,64173000.0,77249000.0,0.335,77249000.0,64173000.0,64173000.0,1.12,1.05,1.12,927329000.0,,927329000.0,6455237681.0,23.0,19.788,5143000.0,0.137,1.0,230788000.0,1.0,0.0,0.0,9232981000.0,,0.0,8280175000.0,,,8404938000.0,,,6505993681.0,-33555000.0,0.0,908000.0,-99371000.0,-19300000.0,64112000.0,-127337000.0,-101242000.0,29670000.0,0.0,41213000.0,41213000.0,41213000.0,0.0,0.0,0.179,164641000.0,66147000.0,0.0,0.667,7.016,36.917,38.072,302589000.0,0.0,173.227,7.054,7.055,0.0,644129000.0,230788000.0,230788000.0,0.0,,,,,0.0,130608000.0,1.0,37557691.0,37561323,38212050.0,6.144,9376677000.0,0.0,22960000.0,0.0,249.636,
94,SNV,MRQ,1997-12-31,1997-12-31,1997-12-31,2021-09-07,5700000.0,9260331000.0,,,,,21.745,-22801000.0,482798000.0,482798000.0,0.0,52599000.0,,9.2,432042000.0,,,432042000.0,0.0,13518000.0,7707927000.0,0.008,0.187,81402000.0,94920000.0,0.373,94920000.0,81402000.0,81402000.0,1.26,1.26,1.26,903656000.0,,903656000.0,5875968061.0,22.0,18.521,61230000.0,1.473,1.0,254641000.0,1.0,0.0,0.0,9209575000.0,,0.0,8161995000.0,,,8314034000.0,,,5732423061.0,54892000.0,0.0,2998000.0,-97015000.0,-14798000.0,227318000.0,-256457000.0,-236083000.0,84031000.0,0.0,52599000.0,52599000.0,52599000.0,0.0,0.0,0.207,170195000.0,84446000.0,0.0,0.148,6.344,33.556,34.656,297227000.0,0.0,152.833,6.406,6.57,0.0,622215000.0,254641000.0,254641000.0,0.0,,,,,0.0,128266000.0,1.0,37507675.0,41557544,42289561.0,6.127,9260331000.0,0.0,28803000.0,0.0,222.832,
95,SNV,MRQ,1997-09-30,1997-09-30,1997-09-30,2021-09-07,4393000.0,8997052000.0,,,,,23.037,-12728000.0,382460000.0,382460000.0,0.0,43101000.0,,9.372,526005000.0,,,526005000.0,0.0,12004000.0,7399381000.0,0.011,0.187,67130000.0,79134000.0,0.357,79134000.0,67130000.0,67130000.0,1.12,1.12,1.12,863562000.0,,863562000.0,3996758682.0,16.0,13.337,45938000.0,1.225,1.0,221559000.0,1.0,0.0,0.0,9140597000.0,,0.0,8012404000.0,,,8093686000.0,,,3891941682.0,-38023000.0,0.0,886000.0,-372000.0,-15750000.0,-38121000.0,-58568000.0,-47246000.0,58666000.0,0.0,43101000.0,43101000.0,43101000.0,0.0,0.0,0.195,151883000.0,69676000.0,0.0,0.167,4.507,24.341,24.449,264101000.0,0.0,103.833,4.605,4.606,0.0,646588000.0,221559000.0,221559000.0,0.0,,,,,0.0,119675000.0,1.0,37482584.0,37485750,37990188.0,5.91,8997052000.0,0.0,24029000.0,0.0,240.013,
96,SNV,MRQ,1997-06-30,1997-06-30,1997-06-30,2021-09-07,660000.0,8970672000.0,,,,,22.206,-19773000.0,421560000.0,421560000.0,0.0,39322000.0,,9.748,526377000.0,,,526377000.0,0.0,12695000.0,7422266000.0,0.009,0.187,62227000.0,74922000.0,0.348,74922000.0,62227000.0,62227000.0,1.05,1.05,1.05,831159000.0,,831159000.0,4941449620.0,21.0,17.215,25003000.0,0.668,1.0,215262000.0,1.0,0.0,0.0,9075489000.0,,0.0,7957511000.0,,,8102006000.0,,,4813197620.0,24715000.0,0.0,1505000.0,38595000.0,-15731000.0,258513000.0,-278574000.0,-259553000.0,44776000.0,0.0,39322000.0,39322000.0,39322000.0,0.0,0.0,0.183,151121000.0,64141000.0,0.0,0.178,5.791,31.666,31.678,262691000.0,0.0,128.613,5.866,5.866,0.0,619237000.0,215262000.0,215262000.0,0.0,,,,,0.0,119833000.0,1.0,37423784.0,37429463,37945330.0,5.751,8970672000.0,0.0,22905000.0,0.0,239.669,
97,SNV,MRQ,1997-03-31,1997-03-31,1997-03-31,2021-09-07,-8469000.0,8650468000.0,,,,,21.294,-24570000.0,359530000.0,359530000.0,0.0,35807000.0,,9.815,487782000.0,,,487782000.0,0.0,12038000.0,7188122000.0,0.012,0.607,56254000.0,68292000.0,0.336,68292000.0,56254000.0,56254000.0,0.98,0.91,0.98,796549000.0,,796549000.0,3424197308.0,15.0,12.464,49650000.0,1.327,1.0,203385000.0,1.0,0.0,0.0,8778720000.0,,0.0,7722312000.0,,,7818077000.0,,,3432955308.0,-55579000.0,0.0,374000.0,51299000.0,-15705000.0,21055000.0,-150854000.0,-112480000.0,74220000.0,0.0,35807000.0,35807000.0,35807000.0,0.0,0.0,0.176,145492000.0,57893000.0,0.0,0.619,4.31,23.548,23.551,255776000.0,0.0,91.778,4.331,4.331,0.0,595646000.0,203385000.0,203385000.0,0.0,,,,,0.0,116338000.0,1.0,37405082.0,37406462,37903187.0,5.437,8650468000.0,0.0,20447000.0,0.0,231.256,
98,SNV,MRQ,1996-12-31,1996-12-31,1996-12-31,2021-09-07,-112000.0,8612344000.0,,,,,20.959,-22270000.0,445241000.0,445241000.0,0.0,41661000.0,,9.945,436483000.0,,,436483000.0,0.0,11204000.0,7203035000.0,0.01,0.156,66132000.0,77336000.0,0.377,77336000.0,66132000.0,66132000.0,1.097,,1.097,783750000.0,,783750000.0,,,,37708000.0,1.008,1.0,204908000.0,1.0,0.0,0.0,8603586000.0,,0.0,7609638000.0,,,7794159000.0,,,3739012002.0,56218000.0,30113000.0,-3454000.0,-94607000.0,-10427000.0,170570000.0,-174330000.0,-185874000.0,59978000.0,0.0,41661000.0,41661000.0,41661000.0,0.0,0.0,0.203,136038000.0,68870000.0,0.0,0.142,4.771,26.783,26.943,247191000.0,0.0,99.96,4.865,4.856,0.0,575544000.0,204908000.0,204908000.0,0.0,,,,,0.0,102719000.0,1.0,37405082.0,37393675,,5.48,8612344000.0,0.0,24471000.0,0.0,230.316,
99,SNV,MRQ,1996-09-30,1996-09-30,1996-09-30,2021-09-07,,,,,,,,-15115000.0,,,0.0,35208000.0,,,,,,,,10967000.0,,0.011,0.156,55528000.0,66495000.0,0.337,66495000.0,55528000.0,55528000.0,0.933,,0.933,,,,,,,52215000.0,1.397,1.0,197034000.0,1.0,,0.0,,,,,,,,,,,-4890000.0,0.0,4205000.0,122176000.0,-12786000.0,69246000.0,-141466000.0,-123899000.0,67330000.0,0.0,35208000.0,35208000.0,35208000.0,0.0,0.0,0.179,139322000.0,57712000.0,,0.167,,,,,0.0,80.889,,,,,197034000.0,197034000.0,0.0,,,,,0.0,106759000.0,1.0,,37381176,,5.271,,,20320000.0,,,
100,SNV,MRQ,1996-06-30,1996-06-30,1996-06-30,2021-09-07,,,,,,,,-18906000.0,,,0.0,33108000.0,,,,,,,,10888000.0,,0.013,0.156,51713000.0,62601000.0,0.334,62601000.0,51713000.0,51713000.0,0.887,,0.887,,,,,,,26247000.0,0.704,1.0,187401000.0,1.0,,0.0,,,,,,,,,,,17441000.0,0.0,1541000.0,66667000.0,-12779000.0,201082000.0,-228794000.0,-209805000.0,45153000.0,0.0,33108000.0,33108000.0,33108000.0,0.0,0.0,0.177,134167000.0,53234000.0,,0.176,,,,,0.0,67.293,,,,,187401000.0,187401000.0,0.0,,,,,0.0,104288000.0,1.0,,37286460,,5.026,,,18605000.0,,,
101,SNV,MRQ,1996-03-31,1996-03-31,1996-03-31,2021-09-07,,,,,,,,-16711000.0,,,0.0,29627000.0,,,,,,,,10221000.0,,0.012,0.487,45939000.0,56160000.0,0.313,56160000.0,45939000.0,45939000.0,0.793,,0.793,,,,,,,16954000.0,0.455,1.0,179143000.0,1.0,,0.0,,,,,,,,,,,-46513000.0,0.0,312000.0,5955000.0,-12753000.0,41868000.0,-122046000.0,-106117000.0,33665000.0,0.0,29627000.0,29627000.0,29627000.0,0.0,0.0,0.165,132055000.0,47088000.0,,0.614,,,,,0.0,70.0,,,,,179143000.0,179143000.0,0.0,,,,,0.0,100908000.0,1.0,,37254745,,4.809,,,16312000.0,,,
102,SNV,MRQ,1995-12-31,1995-12-31,1995-12-31,2021-09-07,5774000.0,7927595000.0,,,,,18.77,,507621000.0,507621000.0,,,,10.39,336292000.0,,,336292000.0,0.0,,6727879000.0,0.011,0.124,,,,,,,,,,693555000.0,,693555000.0,,,,,,1.0,,,0.0,,7756266000.0,,0.0,6917862000.0,,,7206250000.0,,,,,,,,,,,,,,,,,,,,,,0.0,,,,19.192,220197000.0,,59.111,,3.325,0.0,487164000.0,,,,,,,,,,1.0,,36950453,,,7927595000.0,0.0,,0.0,214.547,
0,SNV,MRT,2021-06-30,2021-06-30,2021-06-30,2021-09-07,45726000.0,54938659000.0,54383091750.0,,,0.036,35.363,-22335000.0,3262676000.0,3262676000.0,0.0,615276000.0,,9.489,1398079000.0,,,1398079000.0,0.0,140277000.0,47171962000.0,0.03,1.32,797760000.0,938037000.0,0.48,938037000.0,797760000.0,797760000.0,3.93,3.9,3.93,5237714000.0,5156326750.0,5237714000.0,4688781831.0,6.0,4.999,1314213000.0,8.873,1.0,1954578000.0,1.0,492744000.0,0.0,52581318000.0,52320264750.0,0.0,47912396000.0,,,49700945000.0,,,6520563831.0,1691451000.0,0.0,-85279000.0,-1465918000.0,-195153000.0,1203060000.0,-848157000.0,-878661000.0,1336548000.0,0.0,615276000.0,582112000.0,582112000.0,0.0,0.0,0.298,1156818000.0,797760000.0,0.0,0.336,1.245,11.202,11.165,446447000.0,33164000.0,43.88,3.336,3.325,0.0,1436983000.0,1954578000.0,1954578000.0,0.0,0.011,0.113,0.015,0.408,22852000.0,862016000.0,1.0,148599905.0,148113000,149747000.0,13.197,54445915000.0,0.0,182484000.0,0.0,367.597,
1,SNV,MRT,2021-03-31,2021-03-31,2021-03-31,2021-09-07,15278000.0,55159011000.0,54178924250.0,,,0.034,34.767,-27188000.0,3328266000.0,3328266000.0,0.0,522268000.0,,9.686,1496484000.0,,,1496484000.0,0.0,134853000.0,47368951000.0,0.029,1.32,678804000.0,813657000.0,0.44,813657000.0,678804000.0,678804000.0,3.31,3.28,3.31,5161717000.0,5110140250.0,5161717000.0,3985701097.0,6.0,4.899,-9687000.0,-0.065,1.0,1849232000.0,1.0,495123000.0,0.0,52832106000.0,52889085750.0,0.0,48061531000.0,,,49997294000.0,,,6800485097.0,1504432000.0,0.0,5361000.0,-3154101000.0,-194652000.0,4165396000.0,-2678465000.0,-2724378000.0,17501000.0,0.0,522268000.0,489104000.0,489104000.0,0.0,0.0,0.264,1170428000.0,678804000.0,0.0,0.399,1.317,13.904,13.822,454911000.0,33164000.0,45.75,3.677,3.673,0.0,1307725000.0,1849232000.0,1849232000.0,0.0,0.009,0.096,0.013,0.367,22735000.0,868306000.0,1.0,148644483.0,148467000,149780000.0,12.456,54663888000.0,0.0,156536000.0,0.0,368.189,
2,SNV,MRT,2020-12-31,2020-12-31,2020-12-31,2021-09-07,158635000.0,54394159000.0,53044067750.0,,,0.031,35.012,-30102000.0,4252917000.0,4252917000.0,0.0,373695000.0,,9.539,1438133000.0,,,1438133000.0,0.0,106107000.0,46691571000.0,0.041,1.32,484665000.0,590772000.0,0.355,590772000.0,484665000.0,484665000.0,2.31,2.3,2.31,5161334000.0,5086012250.0,5161334000.0,5029854960.0,10.0,8.514,-13070000.0,-0.089,1.0,1664239000.0,1.0,497502000.0,0.0,51081873000.0,52902451000.0,0.0,46369809000.0,,,49232825000.0,,,4784488960.0,3065999000.0,0.0,-10839000.0,-2647058000.0,-189967000.0,5401940000.0,-2352973000.0,-2126405000.0,17032000.0,0.0,373695000.0,340532000.0,340532000.0,0.0,0.0,0.205,1179574000.0,484665000.0,0.0,0.571,0.927,14.05,14.013,463959000.0,33163000.0,32.37,2.875,2.867,0.0,1178019000.0,1664239000.0,1664239000.0,0.0,0.006,0.067,0.009,0.291,18641000.0,859158000.0,1.0,147806270.0,147415000,148210000.0,11.289,53896657000.0,0.0,110970000.0,0.0,365.612,
3,SNV,MRT,2020-09-30,2020-09-30,2020-09-30,2021-09-07,174914000.0,53040538000.0,51496348500.0,,,0.032,34.379,-43799000.0,1985363000.0,1985363000.0,0.0,374971000.0,,9.473,2230729000.0,,,2230729000.0,0.0,76495000.0,44665904000.0,0.061,1.29,504169000.0,580664000.0,0.352,580664000.0,504169000.0,504169000.0,2.33,2.29,2.33,5064542000.0,5031101250.0,5064542000.0,4400886876.0,9.0,7.579,4780000.0,0.032,1.0,1647365000.0,1.0,500142000.0,0.0,52785762000.0,52766126000.0,0.0,47257732000.0,,,47975996000.0,,,3118614876.0,802893000.0,0.0,-57518000.0,-2355547000.0,-185830000.0,4617389000.0,-3863075000.0,-3618075000.0,48579000.0,0.0,374971000.0,341808000.0,341808000.0,0.0,0.0,0.207,1143196000.0,504169000.0,0.0,0.554,0.616,9.124,9.086,471208000.0,33163000.0,21.17,1.893,1.893,0.0,1084736000.0,1647365000.0,1647365000.0,0.0,0.007,0.068,0.01,0.306,16964000.0,848121000.0,1.0,147312937.0,147314000,147976000.0,11.183,52540396000.0,0.0,129198000.0,0.0,356.656,
4,SNV,MRT,2020-06-30,2020-06-30,2020-06-30,2021-09-07,202970000.0,54121989000.0,50151509500.0,,,0.033,34.307,-49627000.0,1571225000.0,1571225000.0,0.0,419123000.0,,9.711,2853497000.0,,,2853497000.0,0.0,46554000.0,44194580000.0,0.061,1.26,559791000.0,606345000.0,0.365,606345000.0,559791000.0,559791000.0,2.6,2.56,2.6,5052968000.0,4982175250.0,5052968000.0,5840060116.0,10.0,9.632,-567403000.0,-3.852,1.0,1662642000.0,1.0,547659000.0,0.0,54856602000.0,52198907250.0,0.0,47424078000.0,,,49069021000.0,,,3023779116.0,419904000.0,0.0,-398614000.0,-1063450000.0,-184461000.0,4922403000.0,-3984723000.0,-3746970000.0,-517776000.0,0.0,419123000.0,385960000.0,385960000.0,0.0,0.0,0.232,1102851000.0,559791000.0,922952000.0,0.485,0.598,7.834,7.896,481716000.0,33163000.0,20.53,1.819,1.819,1289116000.0,1050527000.0,1662642000.0,1662642000.0,0.0,0.008,0.077,0.011,0.337,17182000.0,831448000.0,1.0,147285880.0,147288000,147733000.0,11.288,53574330000.0,0.0,140668000.0,0.0,363.739,
5,SNV,MRT,2020-03-31,2020-03-31,2020-03-31,2021-09-07,256911000.0,50619585000.0,48450563000.0,,,0.036,34.384,-58940000.0,1823834000.0,1823834000.0,0.0,482115000.0,,8.994,4640115000.0,,,4640115000.0,0.0,24728000.0,39826585000.0,0.07,1.23,646557000.0,671285000.0,0.388,671285000.0,646557000.0,646557000.0,2.99,2.95,2.99,5065205000.0,4907387250.0,5065205000.0,5472047890.0,8.0,8.152,439363000.0,2.983,1.0,1729393000.0,1.0,550299000.0,0.0,52885567000.0,50865399750.0,0.0,44821653000.0,,,45554380000.0,,,2585818890.0,557909000.0,0.0,-421795000.0,1359703000.0,-183106000.0,2869125000.0,-2809519000.0,-2538799000.0,498303000.0,0.0,482115000.0,454093000.0,454093000.0,0.0,0.0,0.263,1082836000.0,646557000.0,0.0,0.411,0.511,5.694,5.873,482462000.0,28022000.0,17.56,1.495,1.496,0.0,1014238000.0,1729393000.0,1729393000.0,0.0,0.009,0.093,0.013,0.374,17813000.0,806991000.0,1.0,147256201.0,147311000,148401000.0,11.74,50069286000.0,0.0,164442000.0,0.0,339.888,
6,SNV,MRT,2019-12-31,2019-12-31,2019-12-31,2021-09-07,65641000.0,48203282000.0,47453173000.0,,,0.039,32.02,-61208000.0,1186918000.0,1186918000.0,0.0,563780000.0,,8.754,4073147000.0,,,4073147000.0,0.0,8079000.0,38405504000.0,0.031,1.2,765015000.0,773094000.0,0.415,773094000.0,765015000.0,765015000.0,3.5,3.47,3.5,4941690000.0,4790524250.0,4941690000.0,9146697611.0,12.0,11.831,559842000.0,3.628,1.0,1863983000.0,1.0,552938000.0,0.0,50536573000.0,49663467250.0,0.0,43774891000.0,,,43261592000.0,,,5744555611.0,43354000.0,201100000.0,-718077000.0,1342237000.0,-167923000.0,1576166000.0,-2153862000.0,-2330298000.0,621050000.0,0.0,563780000.0,540899000.0,540899000.0,0.0,0.0,0.29,1098968000.0,765015000.0,0.0,0.343,1.162,10.62,11.2,493940000.0,22881000.0,39.2,3.082,3.246,0.0,1068327000.0,1863983000.0,1863983000.0,0.0,0.011,0.113,0.015,0.41,24487000.0,788613000.0,1.0,146544786.0,154331000,156058000.0,12.078,47650344000.0,0.0,201235000.0,0.0,308.754,
7,SNV,MRT,2019-09-30,2019-09-30,2019-09-30,2021-09-07,75933000.0,47661182000.0,43569650500.0,,,0.04,31.982,-54320000.0,1182470000.0,1182470000.0,0.0,517165000.0,,8.789,4584612000.0,,,4584612000.0,0.0,22425000.0,37433070000.0,0.032,1.15,702235000.0,724660000.0,0.415,724660000.0,702235000.0,702235000.0,3.42,3.38,3.42,4868838000.0,4338502250.0,4868838000.0,8276732508.0,12.0,11.422,456853000.0,3.001,1.0,1745005000.0,1.0,546437000.0,0.0,50516887000.0,45530145750.0,0.0,43174390000.0,,,42792344000.0,,,5518500508.0,170537000.0,201100000.0,-726408000.0,2070414000.0,-152650000.0,1619811000.0,-1960447000.0,-2143101000.0,511173000.0,0.0,517165000.0,499424000.0,499424000.0,0.0,0.0,0.286,1042770000.0,702235000.0,0.0,0.336,1.133,11.05,10.456,487053000.0,17741000.0,35.76,3.162,3.12,0.0,969077000.0,1745005000.0,1745005000.0,0.0,0.011,0.115,0.015,0.402,25535000.0,737957000.0,1.0,154320484.0,152238000,154043000.0,11.462,47114745000.0,0.0,185070000.0,0.0,309.481,
8,SNV,MRT,2019-06-30,2019-06-30,2019-06-30,2021-09-07,49289000.0,47318203000.0,39673135000.0,,,0.041,30.204,-58146000.0,1151321000.0,1151321000.0,0.0,490498000.0,,8.954,3909553000.0,,,3909553000.0,0.0,37957000.0,37966722000.0,0.031,1.1,643258000.0,681215000.0,0.418,681215000.0,643258000.0,643258000.0,3.43,3.39,3.43,4753816000.0,3881311000.0,4753816000.0,7520032555.0,12.0,11.039,504769000.0,3.207,1.0,1630015000.0,1.0,553863000.0,0.0,49522572000.0,41231499000.0,0.0,42970052000.0,,,42564387000.0,,,5512537555.0,59533000.0,201100000.0,-443157000.0,1863807000.0,-134917000.0,1753926000.0,-2257308000.0,-2415919000.0,562915000.0,0.0,490498000.0,471319000.0,471319000.0,0.0,0.0,0.289,986757000.0,643258000.0,0.0,0.321,1.16,11.696,10.204,490644000.0,19179000.0,35.0,3.382,3.379,0.0,886460000.0,1630015000.0,1630015000.0,0.0,0.012,0.121,0.016,0.395,24548000.0,701167000.0,1.0,157501073.0,157389000,159077000.0,10.357,46764340000.0,0.0,152760000.0,0.0,297.126,
9,SNV,MRT,2019-03-31,2019-03-31,2019-03-31,2021-09-07,-18342000.0,46630025000.0,35778660500.0,,,0.042,28.57,-53156000.0,1265925000.0,1265925000.0,0.0,445495000.0,,9.142,3273420000.0,,,3273420000.0,0.0,47349000.0,38075190000.0,0.031,1.05,574551000.0,621900000.0,0.414,621900000.0,574551000.0,574551000.0,3.38,3.34,3.38,4597753000.0,3484780500.0,4597753000.0,6869532592.0,12.0,11.046,545573000.0,3.39,1.0,1501239000.0,1.0,559683000.0,0.0,48077837000.0,36962098750.0,0.0,42241626000.0,,,42032272000.0,,,5468247592.0,206908000.0,201100000.0,-469462000.0,1049736000.0,-117355000.0,1413158000.0,-1804979000.0,-1971505000.0,598729000.0,0.0,445495000.0,426907000.0,426907000.0,0.0,0.0,0.284,926688000.0,574551000.0,0.0,0.311,1.189,12.809,10.166,479965000.0,18588000.0,34.36,3.642,3.683,0.0,780662000.0,1501239000.0,1501239000.0,0.0,0.012,0.123,0.016,0.383,22932000.0,665016000.0,1.0,159145739.0,160927000,162760000.0,9.329,46070342000.0,0.0,129056000.0,0.0,286.281,
10,SNV,MRT,2018-12-31,2018-12-31,2018-12-31,2021-09-07,-94420000.0,32669192000.0,31996411250.0,,,0.043,26.636,-53159000.0,1143564000.0,1143564000.0,0.0,428476000.0,,9.425,2544849000.0,,,2544849000.0,0.0,55172000.0,26720322000.0,0.031,1.0,547354000.0,602526000.0,0.438,602526000.0,547354000.0,547354000.0,3.49,3.47,3.49,3133602000.0,3074466000.0,3133602000.0,5037530488.0,9.0,8.361,484893000.0,4.122,1.0,1376809000.0,1.0,67190000.0,0.0,34003287000.0,33046606750.0,0.0,29724779000.0,,,29535590000.0,,,3722869488.0,210631000.0,0.0,-181437000.0,676450000.0,-106224000.0,1010628000.0,-1338049000.0,-1300156000.0,538052000.0,0.0,428476000.0,410478000.0,410478000.0,0.0,0.0,0.298,829455000.0,547354000.0,0.0,0.287,1.188,9.07,9.166,434307000.0,17998000.0,31.99,2.704,2.733,0.0,843767000.0,1376809000.0,1376809000.0,0.0,0.013,0.134,0.017,0.398,16643000.0,631520000.0,1.0,116376039.0,117644000,118378000.0,11.703,32602002000.0,0.0,118878000.0,0.0,277.124,
11,SNV,MRT,2018-09-30,2018-09-30,2018-09-30,2021-09-07,-143720000.0,32075120000.0,31634572500.0,,,0.043,25.93,-55423000.0,1011933000.0,1011933000.0,0.0,353012000.0,,9.551,2326594000.0,,,2326594000.0,0.0,56051000.0,26433658000.0,0.02,0.9,507467000.0,563518000.0,0.416,563518000.0,507467000.0,507467000.0,2.85,2.82,2.85,3040073000.0,3031457000.0,3040073000.0,6145823198.0,12.0,10.906,481390000.0,4.106,1.0,1353533000.0,1.0,67481000.0,0.0,33322300000.0,32567700750.0,0.0,29246516000.0,,,29035047000.0,,,5373384198.0,-726974000.0,0.0,-171324000.0,278151000.0,-95009000.0,300297000.0,-1564084000.0,-1526973000.0,536813000.0,0.0,353012000.0,335605000.0,335605000.0,0.0,0.0,0.248,822906000.0,530627000.0,0.0,0.316,1.768,16.011,16.067,431012000.0,17407000.0,45.79,3.97,3.966,0.0,770807000.0,1353533000.0,1353533000.0,0.0,0.011,0.111,0.016,0.375,16107000.0,623913000.0,1.0,117348421.0,117241000,118095000.0,11.545,32007639000.0,185116000.0,154455000.0,0.0,273.007,
12,SNV,MRT,2018-06-30,2018-06-30,2018-06-30,2021-09-07,-125720000.0,31740305000.0,31526323250.0,,,0.043,26.755,-62500000.0,1091788000.0,1091788000.0,0.0,341960000.0,,9.02,1864227000.0,,,1864227000.0,0.0,58448000.0,26442688000.0,0.015,0.8,532134000.0,590582000.0,0.433,590582000.0,532134000.0,532134000.0,2.79,2.76,2.79,3167694000.0,3020708250.0,3167694000.0,7250673683.0,14.0,12.277,555966000.0,4.696,1.0,1363549000.0,1.0,67773000.0,0.0,32444971000.0,32213955500.0,0.0,28865966000.0,,,28572611000.0,,,6267767683.0,193568000.0,0.0,-203708000.0,-417816000.0,-83831000.0,693414000.0,-1118312000.0,-998162000.0,618466000.0,0.0,341960000.0,331723000.0,331723000.0,0.0,0.0,0.243,808255000.0,555294000.0,0.0,0.287,1.979,18.895,18.935,428633000.0,10237000.0,52.83,4.597,4.587,0.0,700688000.0,1363549000.0,1363549000.0,0.0,0.011,0.11,0.017,0.39,15661000.0,618450000.0,1.0,118640312.0,118397000,119139000.0,11.517,31672532000.0,182983000.0,190174000.0,0.0,267.511,
13,SNV,MRT,2018-03-31,2018-03-31,2018-03-31,2021-09-07,-107777000.0,31501028000.0,31263238500.0,,,0.042,24.914,-54821000.0,1059017000.0,1059017000.0,0.0,306782000.0,,9.655,2041923000.0,,,2041923000.0,0.0,59465000.0,26253507000.0,0.014,0.7,507808000.0,567273000.0,0.428,567273000.0,507808000.0,507808000.0,2.47,2.45,2.47,2956495000.0,2978271500.0,2956495000.0,6909182925.0,14.0,12.18,523518000.0,4.412,1.0,1326913000.0,1.0,68065000.0,0.0,32415869000.0,32109033250.0,0.0,28666690000.0,,,28544533000.0,,,5926941925.0,-18198000.0,0.0,-183900000.0,-289535000.0,-54158000.0,599955000.0,-1196492000.0,-1083663000.0,578339000.0,0.0,306782000.0,296545000.0,296545000.0,0.0,0.0,0.223,794238000.0,532675000.0,0.0,0.283,2.005,19.987,20.219,424342000.0,10237000.0,49.94,4.467,4.466,0.0,621925000.0,1326913000.0,1326913000.0,0.0,0.009,0.1,0.016,0.383,14774000.0,610472000.0,1.0,118681256.0,118666000,119321000.0,11.182,31432963000.0,179343000.0,201026000.0,0.0,264.886,
14,SNV,MRT,2017-12-31,2017-12-31,2017-12-31,2021-09-07,-54754000.0,31221837000.0,31057878750.0,,,0.042,24.443,-51106000.0,932933000.0,932933000.0,0.0,275474000.0,,9.542,1867328000.0,,,1867328000.0,0.0,59121000.0,26147900000.0,0.013,0.6,480138000.0,539259000.0,0.414,539259000.0,480138000.0,480138000.0,2.19,2.17,2.19,2961566000.0,2979679500.0,2961566000.0,6063599902.0,13.0,11.244,580098000.0,4.788,1.0,1301451000.0,1.0,68569000.0,0.0,32087663000.0,31977710250.0,0.0,28573289000.0,,,28260271000.0,,,5729540902.0,-66112000.0,0.0,-171639000.0,-477065000.0,-54670000.0,776588000.0,-1473904000.0,-1292168000.0,631204000.0,0.0,275474000.0,265236000.0,265236000.0,0.0,0.0,0.204,798153000.0,503298000.0,0.0,0.274,1.935,21.602,21.89,426813000.0,10238000.0,47.94,4.402,4.463,0.0,544207000.0,1301451000.0,1301451000.0,0.0,0.009,0.089,0.015,0.369,14179000.0,602465000.0,1.0,119514829.0,121162000,122012000.0,10.741,31153268000.0,165788000.0,204664000.0,0.0,257.121,
15,SNV,MRT,2017-09-30,2017-09-30,2017-09-30,2021-09-07,-39596000.0,31642123000.0,30778420000.0,,,0.041,24.79,-44543000.0,1690087000.0,1690087000.0,0.0,314418000.0,,9.558,2024146000.0,,,2024146000.0,0.0,59399000.0,26186228000.0,0.012,0.57,484240000.0,543639000.0,0.427,543639000.0,484240000.0,484240000.0,2.5,2.47,2.5,2997078000.0,2971269000.0,2997078000.0,7002616446.0,14.0,12.881,578383000.0,4.784,1.0,1272228000.0,1.0,68863000.0,0.0,31907319000.0,31808468500.0,0.0,28209594000.0,,,28645045000.0,,,5596365446.0,454474000.0,6146000.0,-130868000.0,-690681000.0,-51369000.0,1102720000.0,-1271172000.0,-1078912000.0,622926000.0,0.0,314418000.0,304181000.0,304181000.0,0.0,0.0,0.239,787360000.0,484868000.0,0.0,0.228,1.867,18.398,18.424,423245000.0,10237000.0,46.06,4.399,4.377,0.0,534996000.0,1272228000.0,1272228000.0,0.0,0.01,0.102,0.015,0.381,13978000.0,588170000.0,1.0,121501638.0,120900000,121814000.0,10.523,31573260000.0,272052000.0,169822000.0,0.0,261.152,
16,SNV,MRT,2017-06-30,2017-06-30,2017-06-30,2021-09-07,-47865000.0,30687966000.0,30299663250.0,,,0.04,24.533,-32934000.0,851373000.0,851373000.0,0.0,281656000.0,,9.236,2257624000.0,,,2257624000.0,0.0,59056000.0,25218816000.0,0.012,0.54,434185000.0,493241000.0,0.41,493241000.0,434185000.0,434185000.0,2.22,2.2,2.22,2997947000.0,2948664250.0,2997947000.0,6693208282.0,15.0,13.57,475988000.0,3.895,1.0,1202398000.0,1.0,68935000.0,0.0,32025282000.0,31503434250.0,0.0,28121260000.0,,,27690019000.0,,,5413073282.0,-396205000.0,6146000.0,-131262000.0,-484012000.0,-47759000.0,610610000.0,-1515737000.0,-1423619000.0,508922000.0,0.0,281656000.0,271419000.0,271419000.0,0.0,0.0,0.226,767225000.0,435173000.0,0.0,0.243,1.806,19.944,19.928,416364000.0,10237000.0,44.24,4.502,4.496,0.0,457523000.0,1202398000.0,1202398000.0,0.0,0.009,0.092,0.014,0.361,13604000.0,579319000.0,1.0,122356991.0,122203000,123027000.0,9.839,30619031000.0,320403000.0,152529000.0,0.0,250.559,
17,SNV,MRT,2017-03-31,2017-03-31,2017-03-31,2021-09-07,-54751000.0,30679589000.0,29992594500.0,,,0.039,24.22,-31984000.0,1027212000.0,1027212000.0,0.0,266110000.0,,9.357,2307347000.0,,,2307347000.0,0.0,58922000.0,25105712000.0,0.012,0.51,410425000.0,469347000.0,0.399,469347000.0,410425000.0,410425000.0,2.08,2.06,2.08,2962127000.0,2937092250.0,2962127000.0,6398382442.0,16.0,13.633,478100000.0,3.909,1.0,1175502000.0,1.0,69147000.0,0.0,31890577000.0,31125126250.0,0.0,27897363000.0,,,27717462000.0,,,5018787442.0,-191936000.0,6146000.0,-160632000.0,-616120000.0,-62703000.0,795281000.0,-1497301000.0,-1407364000.0,510084000.0,0.0,266110000.0,255873000.0,255873000.0,0.0,0.0,0.218,765436000.0,410066000.0,0.0,0.245,1.694,19.614,19.721,412725000.0,10237000.0,41.02,4.269,4.268,0.0,402428000.0,1175502000.0,1175502000.0,0.0,0.009,0.087,0.013,0.349,13638000.0,569409000.0,1.0,122349767.0,122300000,123059000.0,9.612,30610442000.0,359121000.0,144315000.0,0.0,250.29,
18,SNV,MRT,2016-12-31,2016-12-31,2016-12-31,2021-09-07,-55659000.0,30104002000.0,29615511500.0,,,0.039,23.538,-34317000.0,940985000.0,940985000.0,0.0,246784000.0,,9.282,2320580000.0,,,2320580000.0,0.0,58228000.0,24648060000.0,0.012,0.48,388451000.0,446679000.0,0.39,446679000.0,388451000.0,388451000.0,1.9,1.89,1.9,2927924000.0,2934877500.0,2927924000.0,6008539503.0,15.0,13.452,431570000.0,3.47,1.0,1144374000.0,1.0,72901000.0,0.0,31410696000.0,30759831250.0,0.0,27441747000.0,,,27176078000.0,,,5024022503.0,-285138000.0,6146000.0,-257929000.0,-406014000.0,-59425000.0,665911000.0,-1416936000.0,-1404473000.0,465887000.0,0.0,246784000.0,236546000.0,236546000.0,0.0,0.0,0.207,751188000.0,393186000.0,0.0,0.253,1.716,21.239,21.621,417485000.0,10238000.0,41.08,4.39,4.465,0.0,351767000.0,1144374000.0,1144374000.0,0.0,0.008,0.081,0.013,0.339,13615000.0,558335000.0,1.0,122298503.0,124389000,125078000.0,9.2,30031101000.0,395356000.0,141667000.0,0.0,241.429,
19,SNV,MRT,2016-09-30,2016-09-30,2016-09-30,2021-09-07,5165000.0,29727096000.0,29287674250.0,,,0.038,23.646,-31205000.0,1371493000.0,1371493000.0,0.0,236631000.0,,9.227,2356010000.0,,,2356010000.0,0.0,57631000.0,24192003000.0,0.015,0.48,371121000.0,428752000.0,0.384,428752000.0,371121000.0,371121000.0,1.79,1.78,1.79,2906659000.0,2952945500.0,2906659000.0,5075775670.0,14.0,11.838,426132000.0,3.467,1.0,1116870000.0,1.0,24431000.0,0.0,30687182000.0,30386483000.0,0.0,26787054000.0,,,26820437000.0,,,3998985670.0,37946000.0,0.0,-296440000.0,177189000.0,-60355000.0,1217597000.0,-1636988000.0,-1654136000.0,457337000.0,0.0,236631000.0,226394000.0,226394000.0,0.0,0.0,0.203,736937000.0,379933000.0,0.0,0.268,1.376,17.664,18.173,418091000.0,10237000.0,32.53,3.581,3.58,0.0,300702000.0,1116870000.0,1116870000.0,0.0,0.008,0.077,0.012,0.332,13307000.0,552279000.0,1.0,122932237.0,122924000,123604000.0,9.086,29702665000.0,395795000.0,134490000.0,0.0,241.634,
20,SNV,MRT,2016-06-30,2016-06-30,2016-06-30,2021-09-07,11005000.0,29459691000.0,28897857000.0,,,0.038,23.594,-36345000.0,1306281000.0,1306281000.0,0.0,229314000.0,,8.981,2383071000.0,,,2383071000.0,0.0,57078000.0,23925922000.0,0.016,0.46,362487000.0,419565000.0,0.381,419565000.0,362487000.0,362487000.0,1.7,1.69,1.7,2951659000.0,2980559750.0,2951659000.0,4920824697.0,14.0,11.728,494116000.0,3.95,1.0,1100272000.0,1.0,24431000.0,0.0,30512050000.0,29997033250.0,0.0,26552701000.0,,,26508032000.0,,,3638253697.0,16502000.0,0.0,-256791000.0,51650000.0,-58705000.0,995689000.0,-1509648000.0,-1474875000.0,530461000.0,0.0,229314000.0,219077000.0,219077000.0,0.0,0.0,0.199,729333000.0,370939000.0,0.0,0.271,1.233,16.607,17.053,424967000.0,10237000.0,28.99,3.307,3.296,0.0,252739000.0,1100272000.0,1100272000.0,0.0,0.008,0.074,0.012,0.329,13134000.0,543268000.0,1.0,125500300.0,125100000,125699000.0,8.795,29435260000.0,425160000.0,133173000.0,0.0,235.294,
21,SNV,MRT,2016-03-31,2016-03-31,2016-03-31,2021-09-07,-740000.0,29171257000.0,28584401750.0,,,0.038,23.213,-30990000.0,1282273000.0,1282273000.0,0.0,224649000.0,,8.878,2564844000.0,,,2564844000.0,0.0,56727000.0,23449928000.0,0.015,0.44,356490000.0,413217000.0,0.381,413217000.0,356490000.0,356490000.0,1.64,1.63,1.64,2953268000.0,2994184250.0,2953268000.0,4801558054.0,13.0,11.62,463914000.0,3.646,1.0,1083470000.0,1.0,24431000.0,0.0,30429397000.0,29579073750.0,0.0,26229899000.0,,,26217989000.0,,,3652006054.0,-77278000.0,0.0,-246686000.0,246373000.0,-56989000.0,1269584000.0,-1841766000.0,-1817131000.0,494904000.0,0.0,224649000.0,214412000.0,214412000.0,0.0,0.0,0.198,718888000.0,364582000.0,0.0,0.268,1.237,17.033,17.628,439122000.0,10237000.0,28.91,3.371,3.395,0.0,209876000.0,1083470000.0,1083470000.0,0.0,0.008,0.072,0.012,0.329,12659000.0,535523000.0,1.0,126323281.0,127227000,127857000.0,8.516,29146826000.0,464242000.0,131841000.0,0.0,229.093,
22,SNV,MRT,2015-12-31,2015-12-31,2015-12-31,2021-09-07,-29819000.0,28792653000.0,28200033500.0,,,0.038,22.656,-28381000.0,1214366000.0,1214366000.0,0.0,226082000.0,,8.597,2363918000.0,,,2363918000.0,0.0,56741000.0,23242661000.0,0.013,0.42,358573000.0,415314000.0,0.386,415314000.0,358573000.0,358573000.0,1.63,1.62,1.63,3000196000.0,3013526000.0,3000196000.0,5214828502.0,15.0,12.556,416605000.0,3.146,1.0,1076228000.0,1.0,24902000.0,0.0,29917303000.0,29027812000.0,0.0,25899078000.0,,,25792457000.0,,,4228841502.0,-118397000.0,0.0,-193578000.0,97854000.0,-55354000.0,1543334000.0,-2106717000.0,-2083029000.0,444986000.0,0.0,226082000.0,215844000.0,215844000.0,0.0,0.0,0.201,714658000.0,361570000.0,0.0,0.258,1.41,19.592,19.865,445155000.0,10238000.0,32.38,3.929,3.984,0.0,174973000.0,1076228000.0,1076228000.0,0.0,0.008,0.072,0.012,0.333,12556000.0,530507000.0,1.0,130600417.0,132423000,133201000.0,8.127,28767751000.0,511948000.0,132491000.0,0.0,217.241,
23,SNV,MRT,2015-09-30,2015-09-30,2015-09-30,2021-09-07,-6092000.0,28167827000.0,27764429500.0,,,0.038,22.941,-29126000.0,1188207000.0,1188207000.0,0.0,220855000.0,,8.336,2174194000.0,,,2174194000.0,0.0,58153000.0,22777413000.0,0.014,0.4,346760000.0,404913000.0,0.38,404913000.0,346760000.0,346760000.0,1.57,1.57,1.57,3017116000.0,3023794500.0,3017116000.0,4565768849.0,13.0,11.276,379188000.0,2.883,1.0,1066264000.0,1.0,24431000.0,0.0,29129383000.0,28566832750.0,0.0,25249940000.0,,,25150711000.0,,,3906995849.0,-57006000.0,0.0,-244291000.0,-61799000.0,-53347000.0,1413000000.0,-1878320000.0,-1850129000.0,408314000.0,0.0,220855000.0,210618000.0,210618000.0,0.0,0.0,0.198,716463000.0,349801000.0,0.0,0.255,1.295,18.55,18.854,449078000.0,10237000.0,29.6,3.664,3.651,0.0,134797000.0,1066264000.0,1066264000.0,0.0,0.008,0.07,0.012,0.325,12242000.0,529756000.0,1.0,131993103.0,131516000,132297000.0,8.107,28143396000.0,526492000.0,125905000.0,0.0,213.992,
24,SNV,MRT,2015-06-30,2015-06-30,2015-06-30,2021-09-07,-22323000.0,28205870000.0,27352250250.0,,,0.039,22.612,-23547000.0,1668731000.0,1668731000.0,0.0,209715000.0,,8.383,2327504000.0,,,2327504000.0,0.0,56779000.0,22649181000.0,0.012,0.37,325430000.0,382209000.0,0.36,382209000.0,325430000.0,325430000.0,1.47,1.47,1.47,3006157000.0,3038651750.0,3006157000.0,4720327915.0,15.0,12.35,324657000.0,2.442,1.0,1060776000.0,1.0,24431000.0,0.0,28840212000.0,28179697500.0,0.0,24777502000.0,,,25199713000.0,,,4105330915.0,-235593000.0,0.0,-192668000.0,-54747000.0,-50009000.0,1343155000.0,-1926952000.0,-1958484000.0,348204000.0,0.0,209715000.0,199478000.0,199478000.0,0.0,0.0,0.188,732305000.0,328471000.0,0.0,0.252,1.366,20.58,20.966,445579000.0,10237000.0,30.82,3.87,3.863,0.0,92500000.0,1060776000.0,1060776000.0,0.0,0.007,0.066,0.012,0.307,11806000.0,527148000.0,1.0,133203469.0,132947000,133625000.0,7.979,28181439000.0,571402000.0,115715000.0,0.0,211.975,
25,SNV,MRT,2015-03-31,2015-03-31,2015-03-31,2021-09-07,-3651000.0,27633784000.0,26957605250.0,,,0.039,22.46,-35946000.0,1700095000.0,1700095000.0,0.0,200795000.0,,8.118,2315092000.0,,,2315092000.0,0.0,56439000.0,22107849000.0,0.012,0.34,311346000.0,367785000.0,0.35,367785000.0,311346000.0,311346000.0,1.39,1.39,1.39,3030635000.0,3050375250.0,3030635000.0,4827742917.0,16.0,13.127,304583000.0,2.257,1.0,1051091000.0,1.0,24431000.0,0.0,28224350000.0,27892661750.0,0.0,24172902000.0,,,24603149000.0,,,3779168917.0,-31280000.0,0.0,-143025000.0,45172000.0,-46511000.0,997482000.0,-1369291000.0,-1396008000.0,340529000.0,0.0,200795000.0,190558000.0,190558000.0,0.0,0.0,0.181,736704000.0,314387000.0,0.0,0.245,1.247,19.832,20.151,451843000.0,10237000.0,28.01,3.595,3.596,0.0,52497000.0,1051091000.0,1051091000.0,0.0,0.007,0.062,0.011,0.296,11239000.0,530230000.0,1.0,134922132.0,134933000,135744000.0,7.79,27609353000.0,589190000.0,110551000.0,0.0,204.615,
26,SNV,MRT,2014-12-31,2014-12-31,2014-12-31,2021-09-07,-12605000.0,27050237000.0,26658015750.0,,,0.039,21.959,-38680000.0,1218661000.0,1218661000.0,0.0,195249000.0,,7.894,2266241000.0,,,2266241000.0,0.0,54952000.0,21531700000.0,0.011,0.31,302559000.0,357511000.0,0.341,357511000.0,302559000.0,302559000.0,1.34,1.33,1.34,3041270000.0,3042340500.0,3041270000.0,4787354824.0,16.0,13.391,348538000.0,2.517,1.0,1047557000.0,1.0,24431000.0,0.0,28073386000.0,27668208750.0,0.0,24028090000.0,,,24008967000.0,,,3699720824.0,15859000.0,-90571000.0,-85065000.0,88003000.0,-42805000.0,795415000.0,-1166774000.0,-1101291000.0,387218000.0,0.0,195249000.0,185011000.0,185011000.0,0.0,0.0,0.177,741957000.0,305600000.0,0.0,0.231,1.217,19.997,20.216,455235000.0,10238000.0,27.09,3.532,3.582,0.0,14894000.0,1047557000.0,1047557000.0,0.0,0.007,0.061,0.011,0.289,10233000.0,528187000.0,1.0,136571459.0,138495000,139154000.0,7.564,27025806000.0,622464000.0,107310000.0,0.0,195.139,
27,SNV,MRT,2014-09-30,2014-09-30,2014-09-30,2021-09-07,-24827000.0,26519110000.0,26445857500.0,,,0.039,22.127,-37892000.0,1150460000.0,1150460000.0,0.0,180655000.0,,7.62,2238094000.0,,,2238094000.0,0.0,52321000.0,20989781000.0,0.012,0.28,283340000.0,335661000.0,0.325,335661000.0,283340000.0,283340000.0,1.23,1.23,1.23,3076545000.0,3019269250.0,3076545000.0,4377732183.0,15.0,13.042,381143000.0,2.741,1.0,1034193000.0,1.0,25902000.0,0.0,27580842000.0,27454853000.0,0.0,23525741000.0,,,23442565000.0,,,3286844183.0,-128292000.0,-90571000.0,2650000.0,160740000.0,-38918000.0,320965000.0,-868292000.0,-812639000.0,419035000.0,0.0,180655000.0,170248000.0,170248000.0,0.0,0.0,0.165,751340000.0,282853000.0,0.0,0.228,1.068,19.306,19.22,456633000.0,10407000.0,23.64,3.178,3.178,0.0,-24629000.0,1034193000.0,1034193000.0,0.0,0.006,0.056,0.01,0.274,8578000.0,524242000.0,1.0,139037402.0,139043000,139726000.0,7.438,26493208000.0,656151000.0,102685000.0,0.0,190.54,
28,SNV,MRT,2014-06-30,2014-06-30,2014-06-30,2021-09-07,-13716000.0,26627290000.0,26370670000.0,,,0.039,21.966,-36631000.0,1293370000.0,1293370000.0,0.0,179561000.0,,7.722,2384258000.0,,,2384258000.0,0.0,53132000.0,20993467000.0,0.011,0.28,284143000.0,337275000.0,0.328,337275000.0,284143000.0,284143000.0,1.18,1.18,1.18,3053051000.0,2983098000.0,3053051000.0,4305867418.0,15.0,12.767,423043000.0,3.044,1.0,1028575000.0,1.0,26109000.0,0.0,27692069000.0,27253299250.0,0.0,23436757000.0,,,23574239000.0,,,3388441418.0,167938000.0,-90571000.0,177388000.0,278244000.0,-38906000.0,29112000.0,-320848000.0,-272383000.0,459674000.0,0.0,179561000.0,163207000.0,163207000.0,0.0,0.0,0.159,744511000.0,284064000.0,0.0,0.237,1.11,20.762,20.661,461610000.0,16354000.0,24.38,3.294,3.294,0.0,-61683000.0,1028575000.0,1028575000.0,0.0,0.006,0.055,0.01,0.276,8813000.0,527506000.0,1.0,138984472.0,138991000,139567000.0,7.4,26601181000.0,677513000.0,104582000.0,0.0,191.388,
29,SNV,MRT,2014-03-31,2014-03-31,2014-03-31,2021-09-07,-30463000.0,26435426000.0,26354641000.0,,,0.039,21.582,-30055000.0,1354500000.0,1354500000.0,0.0,178224000.0,,7.816,2271926000.0,,,2271926000.0,0.0,54000000.0,20950891000.0,0.012,0.28,283099000.0,337099000.0,0.328,337099000.0,283099000.0,283099000.0,1.11,1.1,1.11,2998496000.0,3111886250.0,2998496000.0,4339331077.0,15.0,12.873,488084000.0,3.513,1.0,1026512000.0,1.0,26314000.0,0.0,27326538000.0,27013633500.0,0.0,23137950000.0,,,23436930000.0,,,3296541077.0,48313000.0,-34243000.0,176706000.0,383346000.0,-38279000.0,174640000.0,-644466000.0,-673232000.0,518139000.0,0.0,178224000.0,149611000.0,149611000.0,0.0,0.0,0.146,733212000.0,293300000.0,0.0,0.252,1.099,22.034,21.378,467375000.0,28613000.0,23.73,3.211,3.212,0.0,-98824000.0,1026512000.0,1026512000.0,0.0,0.006,0.048,0.01,0.276,7801000.0,522135000.0,1.0,138918714.0,138932000,139504000.0,7.389,26409112000.0,712130000.0,104875000.0,0.0,190.087,
30,SNV,MRT,2013-12-31,2013-12-31,2013-12-31,2021-09-07,-41258000.0,26201604000.0,26299004250.0,,,0.038,23.13,-28470000.0,1138483000.0,1138483000.0,0.0,159383000.0,,7.885,2181273000.0,,,2181273000.0,0.0,59310000.0,20876790000.0,0.011,0.28,252628000.0,311938000.0,0.314,311938000.0,252628000.0,252628000.0,0.93,0.88,0.93,2948985000.0,3256788750.0,2948985000.0,4084670489.0,16.0,13.094,576631000.0,4.523,1.0,994165000.0,1.0,24431000.0,0.0,27219963000.0,26759151750.0,0.0,23092753000.0,,,23252619000.0,,,3500189489.0,-145000000.0,56328000.0,176218000.0,256818000.0,-36427000.0,-722515000.0,-27586000.0,-156246000.0,605101000.0,0.0,159383000.0,118553000.0,118553000.0,0.0,0.0,0.119,741537000.0,252628000.0,0.0,0.301,1.187,29.524,27.097,468871000.0,40830000.0,25.2,3.521,3.232,0.0,-137512000.0,994165000.0,994165000.0,0.0,0.005,0.036,0.009,0.254,7465000.0,519238000.0,1.0,138896408.0,127495000,134226000.0,7.798,26177173000.0,744646000.0,93245000.0,0.0,205.319,
31,SNV,MRT,2013-09-30,2013-09-30,2013-09-30,2021-09-07,-29514000.0,26218360000.0,26438606250.0,,,0.033,21.452,-34679000.0,1495189000.0,1495189000.0,0.0,844842000.0,,7.943,2079670000.0,,,2079670000.0,0.0,63974000.0,20973856000.0,0.012,0.28,120618000.0,184592000.0,0.209,184592000.0,120618000.0,120618000.0,6.97,6.09,6.97,2931860000.0,3411900250.0,2931860000.0,3427199026.0,28.0,18.566,777450000.0,5.688,1.0,884765000.0,1.0,28214000.0,0.0,26774627000.0,26584578000.0,0.0,22712465000.0,,,23286500000.0,,,3228380026.0,60666000.0,56328000.0,175553000.0,263108000.0,-34568000.0,-424844000.0,-326619000.0,-461143000.0,812129000.0,0.0,844842000.0,792007000.0,792007000.0,0.0,0.0,0.895,771155000.0,113610000.0,0.0,0.04,1.101,4.076,3.314,476088000.0,52835000.0,23.1,3.649,3.568,0.0,-166367000.0,884765000.0,884765000.0,0.0,0.03,0.232,0.005,0.136,8832000.0,526685000.0,1.0,139756711.0,136671000,137097000.0,6.474,26190146000.0,763050000.0,-724224000.0,0.0,191.629,
32,SNV,MRT,2013-06-30,2013-06-30,2013-06-30,2021-09-07,-33060000.0,26563174000.0,26325177250.0,,,0.032,29.347,-36625000.0,1909803000.0,1909803000.0,0.0,829873000.0,,6.444,2108622000.0,,,2108622000.0,0.0,68687000.0,20710703000.0,0.014,0.28,77673000.0,146360000.0,0.173,146360000.0,77673000.0,77673000.0,6.84,5.96,6.84,3568204000.0,3397860250.0,3568204000.0,2441327462.0,31.0,16.68,430088000.0,3.537,1.0,845984000.0,1.0,28587000.0,0.0,26733406000.0,26455413000.0,0.0,22587658000.0,,,22994970000.0,,,2316581462.0,-94815000.0,56328000.0,134000.0,459597000.0,-32713000.0,-541899000.0,-19629000.0,-153366000.0,466713000.0,0.0,829873000.0,770849000.0,770849000.0,0.0,0.0,0.911,762194000.0,83790000.0,0.0,0.041,0.649,3.005,2.988,477948000.0,59024000.0,20.44,2.738,2.938,0.0,-201976000.0,845984000.0,845984000.0,0.0,0.029,0.227,0.003,0.092,8239000.0,522790000.0,1.0,113335688.0,121585000,130134000.0,6.958,26534587000.0,789525000.0,-752200000.0,0.0,218.239,
33,SNV,MRT,2013-03-31,2013-03-31,2013-03-31,2021-09-07,2787000.0,26212879000.0,26257911250.0,,,0.032,31.823,-33284000.0,1766707000.0,1766707000.0,0.0,823790000.0,,6.326,1891453000.0,,,1891453000.0,0.0,70140000.0,20561193000.0,0.014,0.28,42114000.0,112254000.0,0.134,112254000.0,42114000.0,42114000.0,6.8,5.93,6.8,3578106000.0,3219156500.0,3578106000.0,1972249379.0,47.0,17.57,265960000.0,2.365,1.0,837503000.0,1.0,29014000.0,0.0,26308611000.0,26290868000.0,0.0,22350747000.0,,,22634773000.0,,,2181013379.0,-72769000.0,0.0,51000.0,227818000.0,-31477000.0,-1437772000.0,1065759000.0,978823000.0,299244000.0,0.0,823790000.0,764935000.0,764935000.0,0.0,0.0,0.913,790710000.0,46793000.0,0.0,0.041,0.61,2.851,2.851,477132000.0,58855000.0,19.39,2.604,2.603,0.0,-238407000.0,837503000.0,837503000.0,0.0,0.029,0.238,0.002,0.05,9714000.0,525952000.0,1.0,112481350.0,112436963,130121888.0,7.449,26183865000.0,792736000.0,-781676000.0,0.0,232.876,
34,SNV,MRT,2012-12-31,2012-12-31,2012-12-31,2021-09-07,4101000.0,26760012000.0,26470889500.0,,,0.032,31.77,-27106000.0,2136462000.0,2136462000.0,0.0,830209000.0,,6.497,1927698000.0,,,1927698000.0,0.0,64401000.0,21057044000.0,0.016,0.28,31477000.0,95878000.0,0.113,95878000.0,31477000.0,31477000.0,6.87,5.93,6.87,3569431000.0,3030070750.0,3569431000.0,2450797556.0,78.0,25.562,445025000.0,3.961,1.0,847714000.0,1.0,29580000.0,0.0,26521668000.0,26319318500.0,0.0,22497369000.0,,,23190581000.0,,,1927148556.0,104207000.0,0.0,0.0,256437000.0,-31462000.0,-1185980000.0,818056000.0,709345000.0,472131000.0,0.0,830209000.0,771506000.0,771506000.0,0.0,0.0,0.91,811556000.0,36158000.0,0.0,0.041,0.54,2.498,2.496,479546000.0,58703000.0,17.15,2.273,2.273,0.0,-259968000.0,847714000.0,847714000.0,0.0,0.029,0.255,0.001,0.037,9399000.0,529368000.0,1.0,112370178.0,112352000,130015000.0,7.545,26730432000.0,806406000.0,-798732000.0,0.0,237.917,
35,SNV,MRT,2012-09-30,2012-09-30,2012-09-30,2021-09-07,16156000.0,25764644000.0,26571597750.0,,,0.036,25.591,-21031000.0,1296399000.0,1296399000.0,0.0,133526000.0,,7.959,1820048000.0,,,1820048000.0,0.0,59655000.0,20846830000.0,0.017,0.28,130755000.0,190410000.0,0.2,190410000.0,130755000.0,130755000.0,0.7,0.63,0.7,2875700000.0,2844576000.0,2875700000.0,1676461257.0,13.0,8.804,229920000.0,2.046,1.0,952726000.0,1.0,30326000.0,0.0,26257967000.0,26368240000.0,0.0,22920650000.0,,,22888944000.0,,,1864221257.0,1991000.0,0.0,0.0,-23158000.0,-31451000.0,-2365598000.0,2116638000.0,1994481000.0,250951000.0,0.0,133526000.0,74980000.0,74980000.0,0.0,0.0,0.079,749618000.0,203108000.0,0.0,0.4,0.648,24.863,23.7,475222000.0,58546000.0,16.59,1.957,1.957,0.0,-976142000.0,952726000.0,952726000.0,0.0,0.003,0.026,0.005,0.137,8603000.0,493304000.0,1.0,112370178.0,112370247,130059173.0,8.478,25734318000.0,0.0,-2771000.0,0.0,229.014,
36,SNV,MRT,2012-06-30,2012-06-30,2012-06-30,2021-09-07,7003000.0,26294110000.0,27193917750.0,,,0.036,25.393,-10314000.0,1840549000.0,1840549000.0,0.0,133009000.0,,8.215,1652789000.0,,,1652789000.0,0.0,52448000.0,21565065000.0,0.02,0.28,137359000.0,189807000.0,0.192,189807000.0,137359000.0,137359000.0,0.7,0.63,0.7,2853389000.0,2833013000.0,2853389000.0,947091670.0,7.0,4.99,513389000.0,4.569,1.0,990390000.0,1.0,31124000.0,0.0,26075226000.0,26515399250.0,0.0,23080185000.0,,,23440721000.0,,,1557450670.0,114000000.0,0.0,0.0,-685963000.0,-31437000.0,-2075746000.0,1666043000.0,1521344000.0,523703000.0,0.0,133009000.0,74617000.0,74617000.0,0.0,0.0,0.075,795057000.0,195333000.0,0.0,0.4,0.546,20.873,19.8,475944000.0,58392000.0,13.86,1.573,1.573,0.0,-999001000.0,990390000.0,990390000.0,0.0,0.003,0.026,0.005,0.139,8176000.0,503730000.0,1.0,112370178.0,112370247,129968456.0,8.814,26262986000.0,0.0,4350000.0,0.0,233.718,
37,SNV,MRT,2012-03-31,2012-03-31,2012-03-31,2021-09-07,-2195000.0,27064792000.0,27698867750.0,,,0.033,25.125,-8162000.0,2278039000.0,2278039000.0,0.0,54557000.0,,8.591,1667680000.0,,,1667680000.0,0.0,48076000.0,22137702000.0,0.02,0.28,56248000.0,104324000.0,0.113,104324000.0,56248000.0,56248000.0,0.0,-0.07,0.0,2821763000.0,2832400250.0,2821763000.0,1211619404.0,22.0,11.614,751691000.0,6.693,1.0,923430000.0,1.0,32020000.0,0.0,26422413000.0,26833514000.0,0.0,23305428000.0,,,24243029000.0,,,1624154404.0,77873000.0,0.0,0.0,-661101000.0,-31422000.0,-1809094000.0,1127114000.0,969432000.0,759853000.0,0.0,54557000.0,-3690000.0,-3690000.0,0.0,0.0,-0.004,818050000.0,105380000.0,0.0,,0.576,-440.15,,479976000.0,58247000.0,14.35,1.759,1.745,0.0,-1030515000.0,923430000.0,923430000.0,0.0,0.0,-0.001,0.002,0.061,6773000.0,513245000.0,1.0,113181492.0,112307246,129857740.0,8.222,27032772000.0,0.0,1691000.0,0.0,240.704,
38,SNV,MRT,2011-12-31,2011-12-31,2011-12-31,2021-09-07,21093000.0,27162845000.0,28102220500.0,,,0.03,25.204,-11056000.0,2091019000.0,2091019000.0,0.0,-60844000.0,,8.607,1678484000.0,,,1678484000.0,0.0,47626000.0,22411752000.0,0.028,0.28,-59312000.0,-11686000.0,-0.014,-11686000.0,-59312000.0,-59312000.0,-1.05,-1.05,-1.05,2827452000.0,2847610750.0,2827452000.0,-266139665.0,4.0,22.774,634651000.0,5.657,1.0,844233000.0,1.0,32956000.0,0.0,26717354000.0,27230213000.0,0.0,23600891000.0,,,24335393000.0,,,1107267335.0,121402000.0,0.0,0.0,-621884000.0,-31412000.0,-2790242000.0,2265937000.0,2105721000.0,645707000.0,0.0,-60624000.0,-118712000.0,-118712000.0,0.0,-220000.0,-0.141,866474000.0,-22241000.0,0.0,-0.267,0.392,-9.327,-9.4,486923000.0,58088000.0,9.87,1.312,1.312,0.0,-1058642000.0,844233000.0,844233000.0,0.0,-0.004,-0.042,-0.002,-0.07,6029000.0,526168000.0,1.0,112185140.0,112183958,112183958.0,7.525,27129889000.0,2138000.0,1312000.0,0.0,241.834,
39,SNV,MRT,2011-09-30,2011-09-30,2011-09-30,2021-09-07,32189000.0,28253924000.0,28834796250.0,,,0.023,25.221,-8752000.0,3224547000.0,3224547000.0,0.0,-253633000.0,,8.986,1851140000.0,,,1851140000.0,0.0,48550000.0,23109427000.0,0.037,0.28,-245974000.0,-197424000.0,-0.296,-197424000.0,-245974000.0,-245974000.0,-2.66,-2.66,-2.66,2829448000.0,2890227250.0,2829448000.0,-84987342.0,0.0,0.43,766701000.0,6.834,1.0,667629000.0,1.0,33913000.0,0.0,26846604000.0,27764451250.0,0.0,23488438000.0,,,25424476000.0,,,846357658.0,66350000.0,0.0,0.0,-297276000.0,-31412000.0,-2503881000.0,1794778000.0,1605691000.0,775453000.0,0.0,-253547000.0,-311489000.0,-311489000.0,0.0,-86000.0,-0.467,920405000.0,-252776000.0,0.0,-0.105,0.299,-2.717,-2.816,488074000.0,57942000.0,7.49,1.268,1.259,0.0,-1078145000.0,667629000.0,667629000.0,0.0,-0.011,-0.108,-0.009,-0.368,5511000.0,581643000.0,1.0,112998352.0,112185101,130180746.0,5.951,28220011000.0,0.0,7573000.0,0.0,251.549,
40,SNV,MRT,2011-06-30,2011-06-30,2011-06-30,2021-09-07,65905000.0,28313910000.0,29510005500.0,,,0.017,25.413,-16051000.0,3278712000.0,3278712000.0,0.0,-465008000.0,,8.931,2347367000.0,,,2347367000.0,0.0,48061000.0,22875017000.0,0.019,0.28,-464176000.0,-416115000.0,-0.839,-416115000.0,-464176000.0,-464176000.0,-4.55,-4.55,-4.55,2850938000.0,2986881750.0,2850938000.0,1000261786.0,-2.0,-2.404,722015000.0,6.436,1.0,496163000.0,1.0,34880000.0,0.0,27347685000.0,28440031250.0,0.0,23444264000.0,,,25462972000.0,,,1633400786.0,-179856000.0,0.0,162000.0,-760000.0,-31404000.0,-3462942000.0,2545020000.0,2363454000.0,738066000.0,0.0,-465199000.0,-522994000.0,-522994000.0,0.0,191000.0,-1.054,966018000.0,-469855000.0,0.0,-0.062,0.573,-3.123,-3.2,493638000.0,57795000.0,14.56,3.292,3.292,0.0,-1187714000.0,496163000.0,496163000.0,0.0,-0.018,-0.175,-0.016,-0.936,5225000.0,602104000.0,1.0,112184120.0,112184672,112184672.0,4.423,28279030000.0,0.0,1023000.0,0.0,252.076,
41,SNV,MRT,2011-03-31,2011-03-31,2011-03-31,2021-09-07,40149000.0,28678203000.0,30527113000.0,,,0.011,25.696,-17917000.0,2971302000.0,2971302000.0,0.0,-654583000.0,,8.949,2338163000.0,,,2338163000.0,0.0,46676000.0,23205879000.0,0.017,0.28,-653663000.0,-606987000.0,-1.771,-606987000.0,-653663000.0,-653663000.0,-6.58,-6.58,-6.58,2882605000.0,3130130250.0,2882605000.0,682719519.0,-1.0,-1.125,651730000.0,5.81,1.0,342642000.0,1.0,35855000.0,0.0,28009209000.0,29212924750.0,0.0,24036361000.0,,,25795504000.0,,,1884695519.0,-172419000.0,0.0,1034656000.0,23808000.0,-28452000.0,-2992551000.0,2150485000.0,1956911000.0,669647000.0,0.0,-654393000.0,-712044000.0,-712044000.0,0.0,-190000.0,-2.078,1002365000.0,-659723000.0,0.0,-0.043,0.654,-2.647,-2.553,495490000.0,57651000.0,16.8,5.5,5.5,0.0,-1126356000.0,342642000.0,342642000.0,0.0,-0.023,-0.227,-0.022,-1.908,5656000.0,618763000.0,1.0,112184257.0,112179815,112179815.0,3.054,28642348000.0,0.0,730000.0,0.0,255.325,
42,SNV,MRT,2010-12-31,2010-12-31,2010-12-31,2021-09-07,57158000.0,30093148000.0,31467421750.0,,,0.005,30.627,-18614000.0,3509363000.0,3509363000.0,0.0,-790857000.0,,9.029,2307387000.0,,,2307387000.0,0.0,46421000.0,24500304000.0,0.015,0.28,-805829000.0,-759408000.0,-4.734,-759408000.0,-805829000.0,-805829000.0,-8.68,-8.68,-8.68,2997918000.0,3063664750.0,2997918000.0,704793907.0,-1.0,-0.928,892146000.0,9.114,1.0,160406000.0,1.0,36865000.0,0.0,28854307000.0,30035531000.0,0.0,24865484000.0,,,27068601000.0,,,2072736907.0,-175461000.0,69466000.0,1034657000.0,85731000.0,-25502000.0,-1886737000.0,800516000.0,498536000.0,910760000.0,0.0,-790678000.0,-848188000.0,-848188000.0,-43162000.0,-179000.0,-5.288,1013618000.0,-853212000.0,0.0,-0.032,0.691,-2.444,-2.129,544971000.0,57510000.0,18.48,12.922,11.277,0.0,-966607000.0,160406000.0,160406000.0,0.0,-0.027,-0.277,-0.027,-5.024,7158000.0,631707000.0,1.0,112161088.0,97885672,97885672.0,1.639,30056283000.0,0.0,-15151000.0,0.0,307.055,
43,SNV,MRT,2010-09-30,2010-09-30,2010-09-30,2021-09-07,91112000.0,30954761000.0,32151989250.0,,,0.003,28.681,-22135000.0,3521393000.0,3521393000.0,0.0,-893983000.0,,8.617,2153450000.0,,,2153450000.0,0.0,36018000.0,25236225000.0,0.016,0.28,-889184000.0,-853166000.0,-8.84,-853166000.0,-889184000.0,-889184000.0,-10.29,-10.29,-10.29,3216066000.0,3026945500.0,3216066000.0,27129741.0,0.0,-0.032,532763000.0,4.751,1.0,96514000.0,1.0,37894000.0,0.0,29548924000.0,30956486500.0,0.0,25554880000.0,,,27713752000.0,,,1931274741.0,-16091000.0,121366000.0,1034657000.0,-795582000.0,-20949000.0,-2648221000.0,2077232000.0,1710803000.0,554898000.0,0.0,-893669000.0,-951039000.0,-951039000.0,-44050000.0,-314000.0,-9.854,1031704000.0,-935190000.0,0.0,-0.027,0.601,-2.031,-1.673,555919000.0,57370000.0,17.22,20.01,20.007,0.0,-837004000.0,96514000.0,96514000.0,0.0,-0.03,-0.314,-0.029,-9.213,7474000.0,615767000.0,1.0,112153005.0,112133100,112133100.0,0.861,30916867000.0,0.0,4485000.0,0.0,275.716,
44,SNV,MRT,2010-06-30,2010-06-30,2010-06-30,2021-09-07,101073000.0,32382340000.0,33065919000.0,,,-0.004,35.415,-23138000.0,4257314000.0,4257314000.0,0.0,-1152618000.0,,8.451,2353169000.0,,,2353169000.0,0.0,29094000.0,26257563000.0,0.016,0.28,-1179175000.0,-1150081000.0,7.805,-1150081000.0,-1179175000.0,-1179175000.0,-17.78,-17.78,-17.78,3423932000.0,3007094000.0,3423932000.0,144409996.0,0.0,-0.126,831157000.0,8.597,1.0,-147346000.0,1.0,38936000.0,0.0,30439259000.0,32146744250.0,0.0,26211764000.0,,,28936106000.0,,,1244226996.0,146456000.0,121366000.0,1605459000.0,-1047845000.0,-16416000.0,-673435000.0,-34404000.0,-455107000.0,854295000.0,0.0,-1151772000.0,-1209006000.0,-1209006000.0,-45196000.0,-846000.0,8.205,1078905000.0,-1226251000.0,0.0,-0.016,0.363,-1.029,-1.0,565981000.0,57234000.0,17.78,-8.444,-11.666,0.0,-633312000.0,-147346000.0,-147346000.0,0.0,-0.037,-0.402,-0.037,8.003,7523000.0,613096000.0,1.0,69979021.0,96680934,96680934.0,-1.524,32343404000.0,0.0,-27403000.0,0.0,334.538,
45,SNV,MRT,2010-03-31,2010-03-31,2010-03-31,2021-09-07,80722000.0,32439438000.0,33557751500.0,,,-0.013,37.411,-24831000.0,3419139000.0,3419139000.0,0.0,-1508296000.0,,11.389,2319322000.0,,,2319322000.0,0.0,37889000.0,27180048000.0,0.012,0.28,-1612913000.0,-1575024000.0,3.546,-1575024000.0,-1612913000.0,-1612913000.0,-27.999,-27.999,-27.999,2616743000.0,2905701250.0,2616743000.0,1359373436.0,-1.0,-0.863,814678000.0,11.647,1.0,-444192000.0,1.0,39987000.0,0.0,31299634000.0,33666188250.0,0.0,27057049000.0,,,29800985000.0,,,1611582436.0,141832000.0,129717000.0,570928000.0,-78942000.0,-14823000.0,-339156000.0,-358521000.0,-829950000.0,839509000.0,0.0,-1510508000.0,-1567607000.0,-1567607000.0,-46536000.0,2212000.0,3.529,1212919000.0,-1657111000.0,0.0,-0.01,0.616,-1.028,-0.823,572815000.0,57099000.0,23.03,-3.628,-3.626,0.0,-382914000.0,-444192000.0,-444192000.0,0.0,-0.047,-0.539,-0.048,3.631,7936000.0,616219000.0,1.0,69977527.0,69945256,69945256.0,-6.351,32399451000.0,0.0,-102405000.0,0.0,463.212,
46,SNV,MRT,2009-12-31,2009-12-31,2009-12-31,2021-09-07,84806000.0,32831418000.0,34084750000.0,,,-0.011,53.512,-32741000.0,2478863000.0,2478863000.0,0.0,-1429341000.0,,10.508,2226654000.0,,,2226654000.0,0.0,37350000.0,27433533000.0,0.02,0.28,-1603682000.0,-1566332000.0,4.072,-1566332000.0,-1603682000.0,-1603682000.0,-27.929,-27.929,-27.929,2851041000.0,3161010250.0,2851041000.0,741341449.0,0.0,-0.473,391468000.0,7.348,1.0,-384619000.0,1.0,41080000.0,0.0,32538129000.0,34851134000.0,0.0,28021279000.0,,,29959917000.0,,,984811449.0,40155000.0,60251000.0,571188000.0,-555467000.0,-29745000.0,-1241481000.0,857427000.0,484955000.0,424209000.0,0.0,-1431705000.0,-1488671000.0,-1488671000.0,-4590000.0,2364000.0,3.871,1221289000.0,-1605908000.0,0.0,-0.01,0.345,-0.662,-0.514,580375000.0,56966000.0,14.35,-2.56,-1.988,0.0,-148428000.0,-384619000.0,-384619000.0,0.0,-0.044,-0.471,-0.046,4.17,8349000.0,632208000.0,1.0,68627976.0,53278637,53278637.0,-7.219,32790338000.0,0.0,-171977000.0,0.0,615.45,
47,SNV,MRT,2009-09-30,2009-09-30,2009-09-30,2021-09-07,108032000.0,34610480000.0,34823462750.0,,,-0.012,63.71,-46471000.0,3237126000.0,3237126000.0,0.0,-1794829000.0,,10.022,2993656000.0,,,2993656000.0,0.0,62258000.0,28054191000.0,0.024,0.63,-2105225000.0,-2042967000.0,4.802,-2042967000.0,-2105225000.0,-2105225000.0,-38.709,-38.709,-38.709,3136660000.0,3395039500.0,3136660000.0,3464481639.0,-2.0,-1.696,682400000.0,13.861,1.0,-425416000.0,1.0,57055000.0,0.0,34309955000.0,35920907750.0,0.0,29098743000.0,,,31436881000.0,,,1238922639.0,-95641000.0,8351000.0,571165000.0,173765000.0,-46250000.0,1840267000.0,-2664779000.0,-2940877000.0,728871000.0,0.0,-1798559000.0,-1843291000.0,-1843291000.0,-9351000.0,3730000.0,4.333,1683762000.0,-2109178000.0,0.0,-0.016,0.395,-0.672,-0.678,588179000.0,44732000.0,26.25,-2.912,-3.038,0.0,139322000.0,-425416000.0,-425416000.0,0.0,-0.053,-0.543,-0.059,4.949,9771000.0,675548000.0,1.0,47197053.0,49233270,49233270.0,-8.641,34553425000.0,0.0,-306666000.0,0.0,701.831,
48,SNV,MRT,2009-06-30,2009-06-30,2009-06-30,2021-09-07,105520000.0,34349670000.0,34755628000.0,,,-0.002,64.054,-68850000.0,1220191000.0,1220191000.0,0.0,-1390498000.0,,10.368,3445750000.0,,,3445750000.0,0.0,72928000.0,27423814000.0,0.047,0.98,-1698482000.0,-1625554000.0,29.905,-1625554000.0,-1698482000.0,-1698482000.0,-30.309,-30.309,-30.309,3018361000.0,3455443750.0,3018361000.0,2539442118.0,-1.0,-1.562,464581000.0,9.859,1.0,-54358000.0,1.0,58194000.0,0.0,36517035000.0,36375442500.0,0.0,30766279000.0,,,31294507000.0,,,987872118.0,-232132000.0,8351000.0,1535000.0,-993386000.0,-99110000.0,1253258000.0,-2018821000.0,-2235677000.0,533431000.0,0.0,-1399133000.0,-1429607000.0,-1429607000.0,-8205000.0,8635000.0,26.3,1642634000.0,-1696992000.0,0.0,-0.032,0.327,-0.691,-0.691,596172000.0,30474000.0,20.93,-18.173,-18.144,0.0,596434000.0,-54358000.0,-54358000.0,0.0,-0.041,-0.414,-0.047,31.246,10593000.0,670737000.0,1.0,47198859.0,47122371,47122371.0,-1.154,34291476000.0,0.0,-299349000.0,0.0,727.711,
49,SNV,MRT,2009-03-31,2009-03-31,2009-03-31,2021-09-07,125013000.0,34547432000.0,34725035750.0,,,0.015,77.218,-89729000.0,895583000.0,895583000.0,0.0,-794008000.0,,8.487,2447153000.0,,,2447153000.0,0.0,54604000.0,27947986000.0,0.092,2.1,-1010092000.0,-955488000.0,-1.893,-955488000.0,-1010092000.0,-1010092000.0,-17.29,-17.29,-17.29,3637979000.0,3558001250.0,3637979000.0,2165462958.0,-2.0,-2.266,424285000.0,9.006,1.0,504861000.0,1.0,59585000.0,0.0,36039417000.0,36603100500.0,0.0,31282729000.0,,,30876034000.0,,,1073720958.0,-151852000.0,16186000.0,1891000.0,-1675192000.0,-151919000.0,1420561000.0,-2086427000.0,-2245358000.0,514014000.0,0.0,-800104000.0,-816353000.0,-816353000.0,-6865000.0,6096000.0,-1.617,1505878000.0,-1001017000.0,0.0,-0.121,0.295,-1.315,-1.316,603555000.0,16249000.0,22.75,2.127,2.123,0.0,1200899000.0,504861000.0,504861000.0,0.0,-0.024,-0.229,-0.028,-2.001,12171000.0,659435000.0,1.0,47196526.0,47113085,47113085.0,10.716,34487847000.0,0.0,-209988000.0,0.0,732.023,
50,SNV,MRT,2008-12-31,2008-12-31,2008-12-31,2021-09-07,129253000.0,35786269000.0,34528150250.0,,,0.023,80.498,-110581000.0,1741300000.0,1741300000.0,0.0,-574726000.0,,8.441,2833042000.0,,,2833042000.0,0.0,70615000.0,28617179000.0,1.711,99.404,-662868000.0,-592253000.0,-0.745,-592253000.0,-662868000.0,-662868000.0,-12.39,-12.39,-12.39,3787158000.0,3531207000.0,3787158000.0,5036494912.0,-8.0,-8.504,548757000.0,11.664,1.0,795251000.0,1.0,60787000.0,0.0,36817224000.0,36774090000.0,0.0,31641772000.0,,,31966762000.0,,,2741711912.0,-158256000.0,54728000.0,2829000.0,-1415032000.0,-199722000.0,3014178000.0,-3831772000.0,-3951333000.0,659338000.0,0.0,-582438000.0,-584495000.0,-584495000.0,-5650000.0,7712000.0,-0.735,1446148000.0,-650897000.0,0.0,-8.023,0.724,-4.691,-4.689,605019000.0,2057000.0,58.1,3.448,3.437,0.0,1350501000.0,795251000.0,795251000.0,0.0,-0.017,-0.166,-0.018,-0.834,12846000.0,656048000.0,1.0,47189534.0,47046512,47046512.0,16.904,35725482000.0,0.0,-80430000.0,0.0,759.365,
51,SNV,MRT,2008-09-30,2008-09-30,2008-09-30,2021-09-07,36253000.0,34339141000.0,33847703250.0,,,0.033,71.781,-183334000.0,500264000.0,500264000.0,0.0,141178000.0,,9.156,2795047000.0,,,2795047000.0,0.0,105280000.0,27848863000.0,1.375,99.614,187586000.0,292866000.0,0.26,292866000.0,187586000.0,187586000.0,2.94,2.87,2.94,3378277000.0,3444815000.0,3378277000.0,7134469688.0,38.0,24.361,520066000.0,11.05,1.0,1128132000.0,1.0,505830000.0,0.0,36128094000.0,36578146500.0,0.0,31505384000.0,,,30930258000.0,,,3417105688.0,-236278000.0,-288756000.0,24639000.0,-1288893000.0,-247248000.0,2021374000.0,-2970006000.0,-2852792000.0,703400000.0,8954000.0,134831000.0,134831000.0,134831000.0,-33682000.0,6347000.0,0.12,957937000.0,170195000.0,0.0,33.882,1.011,25.344,24.643,595646000.0,0.0,72.45,3.029,3.022,0.0,2006039000.0,1128132000.0,1128132000.0,0.0,0.004,0.039,0.005,0.166,20856000.0,646452000.0,1.0,47165020.0,47063513,47063513.0,23.97,33833311000.0,0.0,52755000.0,0.0,718.886,
52,SNV,MRT,2008-06-30,2008-06-30,2008-06-30,2021-09-07,30190000.0,34227301000.0,33656833750.0,,,0.037,72.909,-188894000.0,692171000.0,692171000.0,0.0,311592000.0,,8.976,4409535000.0,,,4409535000.0,0.0,146580000.0,26028352000.0,1.634,99.824,429122000.0,575702000.0,0.46,575702000.0,429122000.0,429122000.0,6.65,6.58,6.65,3428591000.0,3613834750.0,3428591000.0,6390515350.0,15.0,11.1,507417000.0,10.79,1.0,1250993000.0,1.0,516998000.0,0.0,37427667000.0,36602140750.0,0.0,31206453000.0,,,30774618000.0,,,2881736350.0,3008000.0,-288756000.0,31818000.0,1189646000.0,-258192000.0,2005141000.0,-2702573000.0,-2509487000.0,696311000.0,4129000.0,309895000.0,309895000.0,309895000.0,-85048000.0,1697000.0,0.248,895278000.0,355715000.0,0.0,15.011,0.841,9.299,9.189,581352000.0,0.0,61.11,2.304,2.297,0.0,2066015000.0,1250993000.0,1250993000.0,0.0,0.009,0.086,0.012,0.343,22073000.0,641848000.0,1.0,47156543.0,47025655,47346375.0,26.602,33710303000.0,0.0,119227000.0,0.0,716.849,
53,SNV,MRT,2008-03-31,2008-03-31,2008-03-31,2021-09-07,92076000.0,33759890000.0,33405210000.0,,,0.04,75.129,-210340000.0,592080000.0,592080000.0,0.0,462105000.0,,8.555,4100859000.0,,,4100859000.0,0.0,186893000.0,25663187000.0,1.282,99.264,631526000.0,818419000.0,0.616,818419000.0,631526000.0,631526000.0,9.87,9.73,9.87,3530802000.0,3738018000.0,3530802000.0,7166530993.0,11.0,8.757,503689000.0,10.718,1.0,1328014000.0,1.0,545294000.0,0.0,36723375000.0,36009947000.0,0.0,30822992000.0,,,30206316000.0,,,3650416993.0,-28758000.0,-304942000.0,41931000.0,1216587000.0,-269080000.0,1824292000.0,-2572620000.0,-2276952000.0,714029000.0,5541000.0,460546000.0,460546000.0,460546000.0,-141989000.0,1559000.0,0.347,836341000.0,491673000.0,0.0,10.057,1.034,7.926,7.844,565887000.0,0.0,77.42,2.749,2.74,0.0,2110871000.0,1328014000.0,1328014000.0,0.0,0.014,0.123,0.018,0.476,23156000.0,640729000.0,1.0,47150827.0,46996654,47389376.0,28.258,33214596000.0,0.0,170980000.0,0.0,706.744,
54,SNV,MRT,2007-12-31,2007-12-31,2007-12-31,2021-09-07,31439000.0,33064481000.0,33142158500.0,,,0.041,73.706,-218579000.0,693533000.0,693533000.0,0.0,526305000.0,,8.607,4209647000.0,,,4209647000.0,0.0,208270000.0,24959816000.0,0.015,2.52,708371000.0,916641000.0,0.679,916641000.0,708371000.0,708371000.0,11.27,11.2,11.27,3441590000.0,3814338250.0,3441590000.0,11289849911.0,16.0,12.317,416191000.0,8.913,1.0,1350378000.0,1.0,547145000.0,0.0,36033450000.0,35384000750.0,0.0,30045272000.0,,,29622891000.0,,,7909461911.0,3126000.0,-343484000.0,63850000.0,1529735000.0,-264930000.0,2012468000.0,-2649082000.0,-2299489000.0,634770000.0,4970000.0,526305000.0,526305000.0,526305000.0,-188336000.0,0.0,0.39,830343000.0,520035000.0,0.0,0.224,2.298,15.028,14.957,547437000.0,0.0,168.56,5.857,5.829,0.0,2087357000.0,1350378000.0,1350378000.0,0.0,0.016,0.138,0.02,0.525,22443000.0,630164000.0,1.0,46923718.0,46693648,47124228.0,28.92,32517336000.0,0.0,182066000.0,0.0,696.397,
55,SNV,MRT,2007-09-30,2007-09-30,2007-09-30,2021-09-07,23339000.0,33575663000.0,32867583250.0,,,0.004,86.732,-175818000.0,948533000.0,948533000.0,0.0,619993000.0,,7.214,4328921000.0,,,4328921000.0,0.0,207433000.0,24325044000.0,0.013,2.52,758934000.0,966367000.0,6.772,966367000.0,758934000.0,758934000.0,13.3,13.16,13.3,4054356000.0,3881103250.0,4054356000.0,11925399075.0,16.0,12.34,432512000.0,9.252,1.0,142703000.0,1.0,731980000.0,0.0,36224071000.0,34777699500.0,0.0,29359035000.0,,,29246736000.0,,,9353589075.0,153613000.0,-6030000.0,56175000.0,1375891000.0,-260934000.0,1536401000.0,-1988711000.0,-1786262000.0,608330000.0,-2407000.0,619993000.0,619993000.0,619993000.0,-356467000.0,0.0,4.345,-229030000.0,371733000.0,0.0,0.189,2.307,15.087,14.763,803528000.0,0.0,196.35,65.546,64.319,0.0,2703213000.0,142703000.0,142703000.0,0.0,0.019,0.16,0.022,5.318,8358000.0,-6828000.0,1.0,47637327.0,46745935,47166658.0,3.053,32843683000.0,0.0,138941000.0,0.0,702.6,
56,SNV,MRT,2007-06-30,2007-06-30,2007-06-30,2021-09-07,-20929000.0,33220806000.0,32309888000.0,,,0.019,84.179,-184352000.0,887501000.0,887501000.0,0.0,639116000.0,,7.396,3459311000.0,,,3459311000.0,0.0,222723000.0,24997888000.0,0.012,2.52,818570000.0,1041293000.0,1.717,1041293000.0,818570000.0,818570000.0,13.79,13.58,13.79,3925324000.0,3758501000.0,3925324000.0,12286298036.0,15.0,11.799,550319000.0,11.802,1.0,606591000.0,1.0,733724000.0,0.0,35058892000.0,33909124750.0,0.0,29272323000.0,,,29033475000.0,,,10038414036.0,-4810000.0,-75748000.0,65766000.0,52828000.0,-193819000.0,1872167000.0,-2610265000.0,-2323661000.0,734671000.0,-1383000.0,639116000.0,639116000.0,639116000.0,-305101000.0,0.0,1.054,113450000.0,493141000.0,0.0,0.183,2.557,15.707,15.584,784703000.0,0.0,214.9,16.549,16.52,0.0,2635602000.0,606591000.0,606591000.0,0.0,0.02,0.17,0.024,1.349,11114000.0,201197000.0,1.0,46712024.0,46630933,47181372.0,13.008,32487082000.0,0.0,179454000.0,0.0,696.685,
57,SNV,MRT,2007-03-31,2007-03-31,2007-03-31,2021-09-07,6989000.0,32707684000.0,31636458500.0,,,0.032,82.447,-176938000.0,864502000.0,864502000.0,0.0,629163000.0,,7.461,3112386000.0,,,3112386000.0,0.0,230306000.0,24842379000.0,0.011,2.52,837608000.0,1067914000.0,1.042,1067914000.0,837608000.0,837608000.0,13.58,13.44,13.58,3836083000.0,3620534750.0,3836083000.0,12576270998.0,15.0,11.776,626879000.0,13.473,1.0,1025245000.0,1.0,735978000.0,0.0,34219590000.0,33235277750.0,0.0,28834701000.0,,,28622235000.0,,,10562686998.0,48129000.0,-73134000.0,68170000.0,-271944000.0,-251071000.0,2266061000.0,-3020718000.0,-2733754000.0,803817000.0,-1031000.0,629163000.0,629163000.0,629163000.0,-248160000.0,0.0,0.614,445537000.0,579708000.0,0.0,0.186,2.754,16.788,16.67,769271000.0,0.0,226.38,10.303,10.274,0.0,2539973000.0,1025245000.0,1025245000.0,0.0,0.02,0.174,0.025,0.817,11966000.0,386402000.0,1.0,46659100.0,46527645,47082799.0,22.035,31971706000.0,0.0,208445000.0,0.0,687.155,
58,SNV,MRT,2006-12-31,2006-12-31,2006-12-31,2021-09-07,-2129000.0,31966180000.0,30749831750.0,,,0.046,80.812,-171219000.0,732368000.0,732368000.0,0.0,616917000.0,,7.619,2925845000.0,,,2925845000.0,0.0,231288000.0,24528463000.0,0.018,3.885,847352000.0,1078640000.0,0.765,1078640000.0,847352000.0,847352000.0,13.44,13.3,13.44,3708650000.0,3462034250.0,3708650000.0,12156913984.0,14.0,11.271,618242000.0,13.472,1.0,1410071000.0,1.0,551412000.0,0.0,33608245000.0,32491729000.0,0.0,27983849000.0,,,28257530000.0,,,10019403984.0,9089000.0,-60948000.0,65510000.0,-272333000.0,-244654000.0,2245759000.0,-3025702000.0,-2754234000.0,789461000.0,-429000.0,616917000.0,616917000.0,616917000.0,-201814000.0,0.0,0.438,764533000.0,645538000.0,0.0,0.289,2.702,16.241,16.057,481415000.0,0.0,215.81,7.106,7.024,0.0,2460454000.0,1410071000.0,1410071000.0,0.0,0.02,0.178,0.026,0.601,16703000.0,570644000.0,1.0,46426968.0,45892489,46319784.0,30.726,31414768000.0,0.0,230435000.0,0.0,684.53,
59,SNV,MRT,2006-09-30,2006-09-30,2006-09-30,2021-09-07,-7519000.0,31344882000.0,29663454750.0,,,0.049,77.079,-156948000.0,808046000.0,808046000.0,0.0,578629000.0,,7.734,2945556000.0,,,2945556000.0,0.0,223014000.0,23962564000.0,0.019,3.815,805934000.0,1028948000.0,0.702,1028948000.0,805934000.0,805934000.0,12.74,12.67,12.74,3563947000.0,3272204000.0,3563947000.0,12013781203.0,15.0,11.676,657960000.0,14.23,1.0,1466403000.0,1.0,732620000.0,0.0,32749772000.0,31421133750.0,0.0,27624533000.0,,,27562862000.0,,,9516970203.0,-89236000.0,-62422000.0,57592000.0,-293846000.0,-238308000.0,2403300000.0,-3303574000.0,-3036914000.0,814908000.0,-3870000.0,578629000.0,578629000.0,578629000.0,-157396000.0,0.0,0.395,814364000.0,652039000.0,0.0,0.299,2.67,16.447,16.137,723974000.0,0.0,205.59,6.49,6.483,0.0,2344960000.0,1466403000.0,1466403000.0,0.0,0.02,0.177,0.026,0.55,20148000.0,589931000.0,1.0,46291017.0,46237639,46691505.0,31.714,30612262000.0,0.0,227305000.0,0.0,662.064,
60,SNV,MRT,2006-06-30,2006-06-30,2006-06-30,2021-09-07,-54783000.0,30527088000.0,28596006750.0,,,0.049,73.157,-146571000.0,899039000.0,899039000.0,0.0,558555000.0,,7.985,3395850000.0,,,3395850000.0,0.0,198864000.0,23053699000.0,0.02,3.745,784939000.0,983803000.0,0.705,983803000.0,784939000.0,784939000.0,12.39,12.39,12.39,3373459000.0,3099943750.0,3373459000.0,11222660527.0,14.0,11.407,628194000.0,13.623,1.0,1394814000.0,1.0,660395000.0,0.0,32363504000.0,30440787500.0,0.0,26906976000.0,,,26938108000.0,,,8643178527.0,75373000.0,7296000.0,48401000.0,249837000.0,-295160000.0,2141646000.0,-2840581000.0,-2670480000.0,774765000.0,-457000.0,558555000.0,558555000.0,558555000.0,-157396000.0,0.0,0.4,764870000.0,629944000.0,0.0,0.302,2.562,15.474,15.13,707988000.0,0.0,187.46,6.197,6.197,0.0,2253035000.0,1394814000.0,1394814000.0,0.0,0.02,0.18,0.026,0.563,14219000.0,545674000.0,1.0,46106788.0,46112779,46489644.0,30.248,29866693000.0,0.0,226384000.0,0.0,647.688,
61,SNV,MRT,2006-03-31,2006-03-31,2006-03-31,2021-09-07,-43190000.0,29161177000.0,27642558250.0,,,0.047,71.465,-146710000.0,787395000.0,787395000.0,0.0,534218000.0,,8.043,3366877000.0,,,3366877000.0,0.0,198434000.0,21801946000.0,0.019,3.675,746347000.0,944781000.0,0.72,944781000.0,746347000.0,746347000.0,11.97,11.97,11.97,3202081000.0,2955032000.0,3202081000.0,10694662231.0,14.0,11.32,560304000.0,12.505,1.0,1312170000.0,1.0,495264000.0,0.0,31245395000.0,29459961000.0,0.0,25734229000.0,,,25753544000.0,,,8486221231.0,58481000.0,4682000.0,49927000.0,-60157000.0,-227663000.0,1961090000.0,-2607599000.0,-2441992000.0,707014000.0,-2024000.0,534218000.0,534218000.0,534218000.0,-157396000.0,0.0,0.407,722311000.0,589859000.0,0.0,0.307,2.65,15.885,15.842,691231000.0,0.0,189.63,6.467,6.475,0.0,2164447000.0,1312170000.0,1312170000.0,0.0,0.019,0.181,0.025,0.569,8653000.0,509767000.0,1.0,44751470.0,44806468,45173475.0,29.285,28665913000.0,0.0,212129000.0,0.0,639.772,
62,SNV,MRT,2005-12-31,2005-12-31,2005-12-31,2021-09-07,-29536000.0,27620672000.0,26815360250.0,,,0.045,66.277,-140443000.0,883866000.0,883866000.0,0.0,516446000.0,,8.298,3092307000.0,,,3092307000.0,0.0,193152000.0,20784365000.0,0.022,4.218,720736000.0,913888000.0,0.755,913888000.0,720736000.0,720736000.0,11.62,11.48,11.62,2949329000.0,2829229500.0,2949329000.0,10690259623.0,15.0,11.698,486765000.0,10.938,1.0,1210097000.0,1.0,503249000.0,0.0,29325864000.0,28637555500.0,0.0,24300443000.0,,,24474370000.0,,,8435614623.0,197851000.0,-64487000.0,43125000.0,6078000.0,-224303000.0,2031797000.0,-2456902000.0,-2232504000.0,627208000.0,-4252000.0,516446000.0,516446000.0,516446000.0,-157396000.0,0.0,0.427,646757000.0,563340000.0,0.0,0.363,2.86,16.334,16.271,669425000.0,0.0,189.07,6.971,6.953,0.0,2091187000.0,1210097000.0,1210097000.0,0.0,0.019,0.183,0.025,0.596,1999000.0,460772000.0,1.0,44616357.0,44500176,44974471.0,27.193,27117423000.0,0.0,204290000.0,0.0,609.378,
63,SNV,MRT,2005-09-30,2005-09-30,2005-09-30,2021-09-07,-14663000.0,27075090000.0,26172736750.0,,,0.101,64.532,-163728000.0,882348000.0,882348000.0,0.0,497908000.0,,8.352,3136993000.0,,,3136993000.0,0.0,240067000.0,20279210000.0,0.022,4.217,791002000.0,1031069000.0,0.388,1031069000.0,791002000.0,791002000.0,11.2,11.13,11.2,2874906000.0,2752219500.0,2874906000.0,10876477554.0,14.0,10.549,469606000.0,10.541,1.0,2655303000.0,1.0,501348000.0,0.0,28828387000.0,28054275000.0,0.0,23788719000.0,,,24010568000.0,,,8642395554.0,122458000.0,-57500000.0,43417000.0,-273572000.0,-220223000.0,2054448000.0,-2566314000.0,-2326621000.0,633334000.0,990000.0,497908000.0,497908000.0,497908000.0,0.0,0.0,0.188,1828348000.0,826955000.0,0.0,0.377,3.006,17.357,17.325,668822000.0,0.0,194.04,3.255,3.256,0.0,2010983000.0,2655303000.0,2655303000.0,0.0,0.019,0.181,0.028,0.298,1768000.0,1138773000.0,1.0,44539247.0,44549748,45048901.0,59.603,26573742000.0,0.0,293094000.0,0.0,596.496,
64,SNV,MRT,2005-06-30,2005-06-30,2005-06-30,2021-09-07,-517000.0,26713294000.0,25501337500.0,,,0.098,62.851,-161623000.0,826051000.0,826051000.0,0.0,472924000.0,,8.496,3060133000.0,,,3060133000.0,0.0,177392000.0,20106478000.0,0.021,4.218,748506000.0,925898000.0,0.369,925898000.0,748506000.0,748506000.0,10.64,10.57,10.64,2793812000.0,2677671500.0,2793812000.0,11533893298.0,15.0,12.457,461859000.0,10.39,1.0,2511274000.0,1.0,507178000.0,0.0,28440198000.0,27491221500.0,0.0,23459607000.0,,,23737525000.0,,,8919514298.0,55247000.0,-91406000.0,38121000.0,903000.0,-216911000.0,2437280000.0,-3007468000.0,-2717591000.0,623482000.0,1953000.0,472924000.0,472924000.0,472924000.0,0.0,0.0,0.188,1728642000.0,782632000.0,0.0,0.396,3.193,18.86,18.862,657765000.0,0.0,200.69,3.552,3.552,0.0,1933982000.0,2511274000.0,2511274000.0,0.0,0.019,0.177,0.027,0.298,1169000.0,1101003000.0,1.0,44444239.0,44451460,44956756.0,56.495,26206116000.0,0.0,275582000.0,0.0,589.545,
65,SNV,MRT,2005-03-31,2005-03-31,2005-03-31,2021-09-07,-11586000.0,25852385000.0,24713068000.0,,,0.096,60.819,-159888000.0,726580000.0,726580000.0,0.0,449605000.0,,8.514,3340959000.0,,,3340959000.0,0.0,173920000.0,19114272000.0,0.022,4.218,710357000.0,884277000.0,0.372,884277000.0,710357000.0,710357000.0,10.15,10.08,10.15,2698871000.0,2600742750.0,2698871000.0,11061037778.0,16.0,12.509,519601000.0,11.709,1.0,2374946000.0,1.0,510991000.0,0.0,27955773000.0,26741387750.0,0.0,22772023000.0,,,22978495000.0,,,8660562778.0,99410000.0,-77529000.0,29289000.0,146781000.0,-213692000.0,2515211000.0,-3097046000.0,-2826894000.0,679489000.0,1756000.0,449605000.0,449605000.0,449605000.0,0.0,0.0,0.189,1633283000.0,741663000.0,0.0,0.416,3.209,19.263,19.214,651830000.0,0.0,195.02,3.647,3.644,0.0,1862373000.0,2374946000.0,2374946000.0,0.0,0.018,0.173,0.027,0.299,848000.0,1064710000.0,1.0,44408588.0,44375459,44843754.0,53.519,25341394000.0,0.0,260752000.0,0.0,571.068,
66,SNV,MRT,2004-12-31,2004-12-31,2004-12-31,2021-09-07,8903000.0,25050178000.0,23821558500.0,,,0.097,60.172,-170861000.0,687188000.0,687188000.0,0.0,437033000.0,,8.421,3087663000.0,,,3087663000.0,0.0,161062000.0,18577468000.0,0.02,4.083,689281000.0,850343000.0,0.369,850343000.0,689281000.0,689281000.0,9.94,9.87,9.94,2641289000.0,2515631000.0,2641289000.0,11499820232.0,17.0,13.524,625417000.0,14.248,1.0,2306371000.0,1.0,457911000.0,0.0,26992742000.0,25883187500.0,0.0,22165901000.0,,,22241605000.0,,,8849998232.0,-12995000.0,-12103000.0,23461000.0,63808000.0,-209883000.0,2069508000.0,-2882734000.0,-2670620000.0,796278000.0,3953000.0,437033000.0,437033000.0,437033000.0,0.0,0.0,0.189,1588366000.0,718005000.0,0.0,0.411,3.351,20.25,20.127,638407000.0,0.0,200.06,3.837,3.808,0.0,1802404000.0,2306371000.0,2306371000.0,0.0,0.018,0.174,0.027,0.299,55000.0,1053268000.0,1.0,44236720.0,43895449,44333744.0,52.542,24592267000.0,0.0,252248000.0,0.0,560.246,
67,SNV,MRT,2004-09-30,2004-09-30,2004-09-30,2021-09-07,18513000.0,24389493000.0,22967171250.0,,,0.098,58.286,-149047000.0,761520000.0,761520000.0,0.0,420950000.0,,8.404,3411342000.0,,,3411342000.0,0.0,82078000.0,17774384000.0,0.022,4.013,664904000.0,746982000.0,0.332,746982000.0,664904000.0,664904000.0,9.59,9.59,9.59,2576714000.0,2416568500.0,2576714000.0,10388565549.0,16.0,13.907,668175000.0,15.114,1.0,2248073000.0,1.0,463142000.0,0.0,26576173000.0,25030002500.0,0.0,21482758000.0,,,21653867000.0,,,8091051549.0,51351000.0,-11635000.0,23125000.0,486688000.0,-206753000.0,2109620000.0,-2878925000.0,-2695577000.0,817222000.0,3434000.0,420950000.0,420950000.0,420950000.0,0.0,0.0,0.187,1555070000.0,693003000.0,0.0,0.418,3.14,19.221,19.088,629738000.0,0.0,183.05,3.599,3.6,7272000.0,1737357000.0,2248073000.0,2248073000.0,0.0,0.018,0.174,0.027,0.296,0.0,1040833000.0,1.0,44201320.0,44207741,44621321.0,50.852,23926351000.0,0.0,243954000.0,0.0,541.225,
68,SNV,MRT,2004-06-30,2004-06-30,2004-06-30,2021-09-07,-8704000.0,23560216000.0,22125646500.0,,,0.099,56.837,-129518000.0,760668000.0,760668000.0,0.0,411942000.0,,8.415,3058182000.0,,,3058182000.0,1407000.0,130868000.0,17490756000.0,0.022,3.943,649277000.0,780145000.0,0.357,780145000.0,649277000.0,649277000.0,9.45,9.45,9.45,2486097000.0,2316341500.0,2486097000.0,10235062749.0,16.0,13.119,689665000.0,15.767,1.0,2186730000.0,1.0,416867000.0,0.0,25440863000.0,24092424000.0,0.0,20774142000.0,,,20920854000.0,,,7717093749.0,-48365000.0,22535000.0,18525000.0,175488000.0,-202918000.0,1414112000.0,-2284519000.0,-2169503000.0,819183000.0,2859000.0,411942000.0,411942000.0,411942000.0,0.0,0.0,0.188,1510053000.0,676677000.0,0.0,0.417,3.104,18.733,18.756,861815000.0,0.0,177.24,3.529,3.545,0.0,1681992000.0,2186730000.0,2186730000.0,0.0,0.019,0.178,0.027,0.297,0.0,1007950000.0,1.0,43540362.0,43740875,44123311.0,49.993,23143349000.0,0.0,237335000.0,0.0,529.101,
69,SNV,MRT,2004-03-31,2004-03-31,2004-03-31,2021-09-07,37418000.0,22286347000.0,21501714250.0,,,0.099,54.368,-243942000.0,627020000.0,627020000.0,0.0,403168000.0,,8.387,3144989000.0,,,3144989000.0,10824000.0,115069000.0,16214308000.0,0.023,3.873,635643000.0,750712000.0,0.351,750712000.0,635643000.0,635643000.0,9.31,9.31,9.31,2358424000.0,2229800750.0,2358424000.0,9626881536.0,15.0,12.824,584934000.0,13.484,1.0,2138195000.0,1.0,281344000.0,0.0,24522972000.0,23408462000.0,0.0,19705879000.0,,,19780080000.0,,,7396670536.0,-122621000.0,-18406000.0,-79288000.0,369848000.0,-199748000.0,991253000.0,-1945609000.0,-1683542000.0,828876000.0,2859000.0,403168000.0,403168000.0,403168000.0,0.0,0.0,0.189,1475475000.0,662720000.0,0.0,0.416,3.136,18.346,18.383,849266000.0,0.0,171.15,3.459,3.472,0.0,1630408000.0,2138195000.0,2138195000.0,0.0,0.019,0.181,0.027,0.297,0.0,990779000.0,1.0,43217473.0,43378582,43831162.0,49.291,22005003000.0,0.0,232475000.0,0.0,507.278,
70,SNV,MRT,2003-12-31,2003-12-31,2003-12-31,2021-09-07,29509000.0,21632629000.0,21081077750.0,,,0.098,52.035,-246546000.0,700453000.0,700453000.0,0.0,388925000.0,,8.573,2930664000.0,,,2930664000.0,17573000.0,112012000.0,15941609000.0,0.015,3.115,611501000.0,723513000.0,0.351,723513000.0,611501000.0,611501000.0,9.03,8.96,9.03,2245039000.0,2185261250.0,2245039000.0,10817420896.0,18.0,14.951,475640000.0,11.024,1.0,2060616000.0,1.0,282838000.0,0.0,23580002000.0,22882498250.0,0.0,19074340000.0,,,19245752000.0,,,8727093896.0,-45062000.0,-66204000.0,-84585000.0,254005000.0,-194177000.0,1297798000.0,-2067905000.0,-1737026000.0,722186000.0,2859000.0,388925000.0,388925000.0,388925000.0,0.0,0.0,0.189,1422143000.0,638473000.0,0.0,0.345,3.887,22.439,22.419,578710000.0,0.0,202.44,4.235,4.239,0.0,1579057000.0,2060616000.0,2060616000.0,0.0,0.018,0.178,0.027,0.297,0.0,953936000.0,1.0,43109533.0,43145149,43562014.0,47.76,21349791000.0,0.0,222576000.0,0.0,494.836,
71,SNV,MRT,2003-09-30,2003-09-30,2003-09-30,2021-09-07,32873000.0,21023394000.0,20431982000.0,,,0.099,50.538,-290791000.0,710455000.0,710455000.0,0.0,390714000.0,,8.601,2800782000.0,,,2800782000.0,24074000.0,117756000.0,15524087000.0,0.017,3.045,607941000.0,725697000.0,0.357,725697000.0,607941000.0,607941000.0,9.1,9.03,9.1,2175806000.0,2134214750.0,2175806000.0,9462389260.0,16.0,13.039,374285000.0,8.694,1.0,2032714000.0,1.0,287862000.0,0.0,22825859000.0,22183849250.0,0.0,18504497000.0,,,18714156000.0,,,7533135260.0,54177000.0,-55135000.0,-83790000.0,361426000.0,-188413000.0,1414990000.0,-2025889000.0,-1659848000.0,665076000.0,0.0,390714000.0,390714000.0,390714000.0,0.0,0.0,0.192,1398638000.0,634076000.0,0.0,0.335,3.462,19.28,19.223,776848000.0,0.0,174.93,3.706,3.705,0.0,1526307000.0,2032714000.0,2032714000.0,0.0,0.019,0.183,0.027,0.299,0.0,940332000.0,1.0,43063713.0,43053147,43502870.0,47.214,20735532000.0,0.0,217227000.0,0.0,481.626,
72,SNV,MRT,2003-06-30,2003-06-30,2003-06-30,2021-09-07,46195000.0,21064487000.0,19803687250.0,,,0.1,49.473,-292035000.0,809428000.0,809428000.0,0.0,382986000.0,,8.777,2738682000.0,,,2738682000.0,28473000.0,108651000.0,15624557000.0,0.02,2.975,594074000.0,702725000.0,0.354,702725000.0,594074000.0,594074000.0,8.96,8.89,8.96,2139934000.0,2080076750.0,2139934000.0,8458323966.0,14.0,12.036,182416000.0,4.217,1.0,1985598000.0,1.0,288726000.0,0.0,22705015000.0,21543181500.0,0.0,18440208000.0,,,18781153000.0,,,6527770966.0,212576000.0,-41000000.0,-79567000.0,482456000.0,-182942000.0,1977159000.0,-2239034000.0,-1868167000.0,474451000.0,0.0,382986000.0,382986000.0,382986000.0,0.0,0.0,0.193,1365915000.0,619683000.0,0.0,0.332,3.05,17.044,16.797,763955000.0,0.0,150.5,3.288,3.279,0.0,1476091000.0,1985598000.0,1985598000.0,0.0,0.019,0.184,0.028,0.299,0.0,923054000.0,1.0,43373893.0,43254579,43574443.0,45.905,20775761000.0,0.0,211088000.0,0.0,480.314,
73,SNV,MRT,2003-03-31,2003-03-31,2003-03-31,2021-09-07,40413000.0,20603801000.0,18866511000.0,,,0.102,50.524,-192445000.0,749974000.0,749974000.0,0.0,372514000.0,,8.386,2680527000.0,,,2680527000.0,29722000.0,102739000.0,15214092000.0,0.023,2.905,575077000.0,677816000.0,0.352,677816000.0,575077000.0,575077000.0,8.75,8.68,8.75,2180266000.0,1998643000.0,2180266000.0,7240281369.0,13.0,10.682,259814000.0,6.021,1.0,1924910000.0,1.0,115237000.0,0.0,22419117000.0,20582888500.0,0.0,18210636000.0,,,18284413000.0,,,5375144369.0,247731000.0,-13613000.0,15813000.0,469053000.0,-176291000.0,2148970000.0,-2353498000.0,-2089680000.0,452259000.0,0.0,372514000.0,372514000.0,372514000.0,0.0,0.0,0.194,1325128000.0,599782000.0,0.0,0.332,2.465,14.429,14.312,656507000.0,0.0,125.23,2.792,2.807,0.0,1429429000.0,1924910000.0,1924910000.0,0.0,0.02,0.186,0.028,0.299,0.0,877079000.0,1.0,42922178.0,43153292,43431869.0,44.606,20488564000.0,0.0,202563000.0,0.0,474.786,
74,SNV,MRT,2002-12-31,2002-12-31,2002-12-31,2021-09-07,46113000.0,19036246000.0,17896994250.0,,,0.105,48.047,-200314000.0,746147000.0,746147000.0,0.0,365347000.0,,8.27,2611284000.0,,,2611284000.0,0.0,97011000.0,13928834000.0,0.02,2.712,563880000.0,660891000.0,0.35,660891000.0,563880000.0,563880000.0,8.61,8.47,8.61,2040853000.0,1885600250.0,2040853000.0,7570180971.0,13.0,11.455,540840000.0,12.733,1.0,1886999000.0,1.0,115977000.0,0.0,20785406000.0,19560091250.0,0.0,16840360000.0,,,16878294000.0,,,5817207971.0,92913000.0,25742000.0,19047000.0,114995000.0,-169107000.0,1511933000.0,-2160174000.0,-1941558000.0,741154000.0,0.0,365347000.0,365347000.0,365347000.0,0.0,0.0,0.194,1299470000.0,587529000.0,0.0,0.315,2.85,15.922,15.772,616355000.0,0.0,135.8,3.083,3.057,0.0,1389880000.0,1886999000.0,1886999000.0,0.0,0.02,0.194,0.029,0.299,0.0,852041000.0,1.0,42836583.0,42475849,43029003.0,44.425,18920269000.0,0.0,198533000.0,0.0,445.436,
75,SNV,MRT,2002-09-30,2002-09-30,2002-09-30,2021-09-07,46341000.0,18510215000.0,17301655500.0,,,0.106,45.935,-140044000.0,655823000.0,655823000.0,0.0,346130000.0,,8.389,2408796000.0,,,2408796000.0,0.0,92663000.0,13644457000.0,0.019,2.712,540222000.0,632885000.0,0.344,632885000.0,540222000.0,540222000.0,8.19,8.12,8.19,1959254000.0,1799123500.0,1959254000.0,7660848409.0,14.0,12.105,318142000.0,7.459,1.0,1838882000.0,1.0,0.0,0.0,20263188000.0,18955452000.0,0.0,16361817000.0,,,16436087000.0,,,6112787409.0,94148000.0,13261000.0,16361000.0,-459702000.0,-162218000.0,1527892000.0,-1891930000.0,-1658667000.0,458186000.0,0.0,346130000.0,346130000.0,346130000.0,0.0,0.0,0.188,1276042000.0,562840000.0,0.0,0.331,3.12,17.66,17.624,605400000.0,0.0,144.34,3.324,3.348,0.0,1329813000.0,1838882000.0,1838882000.0,0.0,0.02,0.192,0.028,0.294,0.0,838341000.0,1.0,42349920.0,42652853,43141720.0,43.113,18510215000.0,0.0,194092000.0,0.0,433.974,
76,SNV,MRT,2002-06-30,2002-06-30,2002-06-30,2021-09-07,39518000.0,17315782000.0,16619384250.0,,,0.108,42.956,-158907000.0,596591000.0,596591000.0,0.0,332763000.0,,8.484,2144652000.0,,,2144652000.0,0.0,89826000.0,12941487000.0,0.014,2.712,520215000.0,610041000.0,0.34,610041000.0,520215000.0,520215000.0,7.91,7.84,7.91,1814199000.0,1713877750.0,1814199000.0,9729126055.0,19.0,15.948,436184000.0,10.328,1.0,1793095000.0,1.0,0.0,0.0,18863843000.0,18226666500.0,0.0,15398031000.0,,,15392569000.0,,,8126932055.0,50104000.0,-1138000.0,18890000.0,-594735000.0,-155049000.0,1035841000.0,-1580828000.0,-1342475000.0,595091000.0,0.0,332763000.0,332763000.0,332763000.0,0.0,0.0,0.186,1251540000.0,541555000.0,0.0,0.343,4.48,24.423,24.354,598515000.0,0.0,192.64,4.532,4.537,0.0,1281767000.0,1793095000.0,1793095000.0,0.0,0.02,0.194,0.029,0.29,0.0,813348000.0,1.0,42187147.0,42233559,42898287.0,42.457,17315782000.0,0.0,187452000.0,0.0,410.001,
77,SNV,MRT,2002-03-31,2002-03-31,2002-03-31,2021-09-07,17813000.0,16725734000.0,16203971250.0,,,0.109,41.015,-149993000.0,500756000.0,500756000.0,0.0,322483000.0,,8.619,2102950000.0,,,2102950000.0,0.0,88796000.0,12451008000.0,0.013,2.712,506130000.0,594926000.0,0.336,594926000.0,506130000.0,506130000.0,7.7,7.63,7.7,1728095000.0,1647967750.0,1728095000.0,10732607548.0,21.0,18.04,387017000.0,9.186,1.0,1769990000.0,1.0,0.0,0.0,18327928000.0,17778794500.0,0.0,14954804000.0,,,14894831000.0,,,8985905548.0,-63794000.0,-1461000.0,24403000.0,-253409000.0,-147895000.0,973542000.0,-1574346000.0,-1350422000.0,537010000.0,0.0,322483000.0,322483000.0,322483000.0,0.0,0.0,0.182,1243118000.0,526872000.0,0.0,0.352,5.2,27.865,27.709,584383000.0,0.0,213.36,5.077,5.079,0.0,1239603000.0,1769990000.0,1769990000.0,0.0,0.02,0.196,0.028,0.286,0.0,813334000.0,1.0,42116168.0,42133271,42880572.0,42.009,16725734000.0,0.0,183647000.0,0.0,396.972,
78,SNV,MRT,2001-12-31,2001-12-31,2001-12-31,2021-09-07,29338000.0,16654891000.0,15817989500.0,,,0.11,40.869,-150773000.0,652063000.0,652063000.0,0.0,311616000.0,,8.768,2398765000.0,,,2398765000.0,0.0,87200000.0,12146198000.0,0.015,2.572,489993000.0,577193000.0,0.331,577193000.0,489993000.0,489993000.0,7.49,7.35,7.49,1694946000.0,1591305000.0,1694946000.0,8864006674.0,18.0,15.357,43101000.0,1.039,1.0,1742335000.0,1.0,34744000.0,0.0,18366849000.0,17256025750.0,0.0,14757048000.0,,,14861307000.0,,,7297090674.0,90125000.0,6869000.0,26546000.0,-111516000.0,-142083000.0,963747000.0,-1067496000.0,-859580000.0,193874000.0,0.0,311616000.0,311616000.0,311616000.0,0.0,0.0,0.179,1232483000.0,509852000.0,0.0,0.343,4.305,23.417,23.411,572618000.0,0.0,175.35,4.188,4.174,0.0,1200869000.0,1742335000.0,1742335000.0,0.0,0.02,0.196,0.028,0.281,0.0,801736000.0,1.0,41614432.0,41472829,42265131.0,42.011,16620147000.0,0.0,178377000.0,0.0,400.748,
79,SNV,MRT,2001-09-30,2001-09-30,2001-09-30,2021-09-07,43985000.0,15781130000.0,15381289750.0,,,0.122,38.944,-242899000.0,580642000.0,580642000.0,0.0,301087000.0,,8.694,2147558000.0,,,2147558000.0,0.0,85535000.0,11525774000.0,0.013,2.502,473401000.0,558936000.0,0.298,558936000.0,473401000.0,473401000.0,7.35,7.28,7.35,1618271000.0,1521861250.0,1618271000.0,9441802068.0,20.0,16.892,202845000.0,4.882,1.0,1872554000.0,1.0,0.0,0.0,17348046000.0,16721061250.0,0.0,13961782000.0,,,14069346000.0,,,8023577068.0,134707000.0,-45970000.0,27231000.0,168220000.0,-136240000.0,1054400000.0,-1365437000.0,-1088001000.0,445744000.0,0.0,301087000.0,301087000.0,301087000.0,0.0,0.0,0.161,1380767000.0,491787000.0,0.0,0.34,4.958,26.649,26.286,551623000.0,0.0,193.2,4.285,4.287,0.0,1135958000.0,1872554000.0,1872554000.0,0.0,0.02,0.198,0.028,0.253,0.0,771670000.0,1.0,41529902.0,41553402,42480421.0,45.064,15781130000.0,0.0,172314000.0,0.0,379.779,
80,SNV,MRT,2001-06-30,2001-06-30,2001-06-30,2021-09-07,23715000.0,15654130000.0,14962296500.0,,,0.119,37.386,-249495000.0,698292000.0,698292000.0,0.0,286913000.0,,9.039,2116517000.0,,,2116517000.0,0.0,84009000.0,11561515000.0,0.011,2.433,451020000.0,535029000.0,0.301,535029000.0,451020000.0,451020000.0,7.07,7.0,7.07,1550559000.0,1453178500.0,1550559000.0,10156592288.0,23.0,18.983,164266000.0,3.961,1.0,1775185000.0,1.0,0.0,0.0,17072355000.0,16264723500.0,0.0,13734253000.0,,,14015081000.0,,,9101546288.0,91109000.0,-45970000.0,22225000.0,151681000.0,-130438000.0,1365908000.0,-1688560000.0,-1361492000.0,413761000.0,0.0,286913000.0,286913000.0,286913000.0,0.0,0.0,0.162,1307063000.0,468122000.0,0.0,0.344,5.87,31.722,31.069,546935000.0,0.0,219.66,5.127,5.132,0.0,1094177000.0,1775185000.0,1775185000.0,0.0,0.019,0.197,0.028,0.254,0.0,751638000.0,1.0,41434700.0,41474401,42317703.0,42.802,15654130000.0,0.0,164107000.0,0.0,377.441,
81,SNV,MRT,2001-03-31,2001-03-31,2001-03-31,2021-09-07,21596000.0,15181807000.0,14470246000.0,,,0.116,36.53,-269093000.0,678443000.0,678443000.0,0.0,273050000.0,,9.055,1733489000.0,,,1733489000.0,0.0,81953000.0,11487328000.0,0.013,2.363,428963000.0,510916000.0,0.305,510916000.0,428963000.0,428963000.0,6.79,6.72,6.79,1501444000.0,1389080000.0,1501444000.0,8647919533.0,20.0,16.926,133424000.0,3.246,1.0,1677738000.0,1.0,0.0,0.0,16236853000.0,15764533500.0,0.0,13281633000.0,,,13596222000.0,,,7704785533.0,126841000.0,-43093000.0,16123000.0,-82028000.0,-124941000.0,1499302000.0,-1774978000.0,-1440126000.0,402517000.0,0.0,273050000.0,273050000.0,273050000.0,0.0,0.0,0.163,1232036000.0,445702000.0,0.0,0.348,5.132,28.217,27.835,533195000.0,0.0,189.0,4.592,4.63,0.0,1056035000.0,1677738000.0,1677738000.0,0.0,0.019,0.197,0.027,0.256,0.0,735010000.0,1.0,40766061.0,41101822,41893409.0,40.819,15181807000.0,0.0,155913000.0,0.0,369.371,
82,SNV,MRT,2000-12-31,2000-12-31,2000-12-31,2021-09-07,5936000.0,14908092000.0,13936854250.0,,,0.114,34.985,-239163000.0,561860000.0,561860000.0,0.0,262557000.0,,9.463,1880759000.0,,,1880759000.0,0.0,80502000.0,11161710000.0,0.012,2.17,411735000.0,492237000.0,0.311,492237000.0,411735000.0,411735000.0,6.51,6.44,6.51,1417171000.0,1327876250.0,1417171000.0,9075722237.0,22.0,18.438,215162000.0,5.312,1.0,1583406000.0,1.0,0.0,0.0,16226991000.0,15275174500.0,0.0,13165947000.0,,,13410031000.0,,,7658184237.0,91511000.0,-93258000.0,10007000.0,300433000.0,-119012000.0,2063285000.0,-2426099000.0,-2072101000.0,454325000.0,0.0,262557000.0,262557000.0,262557000.0,0.0,0.0,0.166,1155176000.0,428230000.0,0.0,0.333,5.404,29.168,28.968,526988000.0,0.0,188.58,4.837,4.824,0.0,1020431000.0,1583406000.0,1583406000.0,0.0,0.019,0.198,0.027,0.26,0.0,721152000.0,1.0,40609737.0,40508239,40983963.0,39.088,14908092000.0,0.0,149178000.0,0.0,368.026,
83,SNV,MRT,2000-09-30,2000-09-30,2000-09-30,2021-09-07,-16315000.0,14105157000.0,13346581500.0,,,0.1,33.097,-169074000.0,555148000.0,555148000.0,0.0,251131000.0,,9.441,1972686000.0,,,1972686000.0,0.0,76913000.0,10423641000.0,0.014,2.1,393589000.0,470502000.0,0.354,470502000.0,393589000.0,393589000.0,6.23,6.3,6.23,1343540000.0,1280250750.0,1343540000.0,7405858392.0,19.0,15.74,260707000.0,6.422,1.0,1328115000.0,1.0,0.0,0.0,15522695000.0,14610038750.0,0.0,12463134000.0,,,12684319000.0,,,6020191392.0,27295000.0,-88802000.0,6858000.0,731416000.0,-112204000.0,1814249000.0,-2216735000.0,-1917714000.0,429781000.0,0.0,251131000.0,251131000.0,251131000.0,0.0,0.0,0.189,918310000.0,409805000.0,0.0,0.337,4.481,23.972,23.809,476205000.0,0.0,148.33,4.533,4.534,0.0,977073000.0,1328115000.0,1328115000.0,0.0,0.019,0.196,0.027,0.296,0.0,719303000.0,1.0,40586472.0,40593526,41056821.0,32.717,14105157000.0,0.0,142458000.0,0.0,347.473,
84,SNV,MRT,2000-06-30,2000-06-30,2000-06-30,2021-09-07,-31180000.0,13685928000.0,12814565000.0,,,0.102,31.959,-171191000.0,572517000.0,572517000.0,0.0,244405000.0,,9.52,1958184000.0,,,1958184000.0,0.0,76061000.0,10132131000.0,0.016,2.03,382009000.0,458070000.0,0.352,458070000.0,382009000.0,382009000.0,6.09,6.16,6.09,1294165000.0,1240827000.0,1294165000.0,6209721510.0,16.0,13.556,184488000.0,4.556,1.0,1302157000.0,1.0,0.0,0.0,15071595000.0,13914271750.0,0.0,12091043000.0,,,12320178000.0,,,4978544510.0,130972000.0,-89021000.0,6689000.0,1079896000.0,-107896000.0,1933629000.0,-2264812000.0,-2000827000.0,355679000.0,0.0,244405000.0,244405000.0,244405000.0,0.0,0.0,0.188,904367000.0,397790000.0,0.0,0.333,3.847,20.37,20.264,467120000.0,0.0,123.41,3.823,3.838,0.0,943627000.0,1302157000.0,1302157000.0,0.0,0.019,0.197,0.027,0.293,0.0,707142000.0,1.0,40341500.0,40494667,40944390.0,32.156,13685928000.0,0.0,137604000.0,0.0,337.969,
85,SNV,MRT,2000-03-31,2000-03-31,2000-03-31,2021-09-07,-32119000.0,13048240000.0,12186711000.0,,,0.104,31.174,-156616000.0,577373000.0,577373000.0,0.0,235966000.0,,9.33,1808550000.0,,,1808550000.0,0.0,75041000.0,9690236000.0,0.015,1.96,367270000.0,442311000.0,0.349,442311000.0,367270000.0,367270000.0,5.88,5.95,5.88,1256629000.0,1194470250.0,1256629000.0,6348373179.0,17.0,14.353,191040000.0,4.739,1.0,1267585000.0,1.0,0.0,0.0,14279417000.0,13044798750.0,0.0,11485940000.0,,,11724203000.0,,,5328926179.0,135122000.0,-91898000.0,6058000.0,985514000.0,-103790000.0,1903058000.0,-2115592000.0,-1862945000.0,347656000.0,0.0,235966000.0,235966000.0,235966000.0,0.0,0.0,0.186,885656000.0,381929000.0,0.0,0.333,4.241,22.583,22.476,435199000.0,0.0,132.16,4.204,4.203,0.0,928382000.0,1267585000.0,1267585000.0,0.0,0.019,0.198,0.028,0.29,0.0,689459000.0,1.0,40321778.0,40309806,40708100.0,31.446,13048240000.0,0.0,131304000.0,0.0,323.699,
86,SNV,MRT,1999-12-31,1999-12-31,1999-12-31,2021-09-07,-30134000.0,12547001000.0,11580349250.0,,,0.105,30.664,-170336000.0,560564000.0,560564000.0,0.0,225307000.0,,9.176,1580011000.0,,,1580011000.0,0.0,72475000.0,9440087000.0,0.013,1.75,349315000.0,421790000.0,0.346,421790000.0,349315000.0,349315000.0,5.6,5.6,5.6,1226669000.0,1154756500.0,1226669000.0,6325189378.0,18.0,14.996,282960000.0,7.073,1.0,1219052000.0,1.0,0.0,0.0,13566448000.0,12254845250.0,0.0,11017783000.0,,,11256047000.0,,,5562653378.0,93167000.0,-48002000.0,6702000.0,942923000.0,-98837000.0,1456620000.0,-1816749000.0,-1591119000.0,453296000.0,0.0,225307000.0,225307000.0,225307000.0,0.0,0.0,0.185,856549000.0,362503000.0,0.0,0.312,4.535,24.689,24.85,437309000.0,0.0,139.16,4.563,4.567,0.0,898002000.0,1219052000.0,1219052000.0,0.0,0.019,0.195,0.029,0.287,0.0,665938000.0,1.0,39973077.0,40003086,40480095.0,30.474,12547001000.0,0.0,124008000.0,0.0,313.651,
87,SNV,MRT,1999-09-30,1999-09-30,1999-09-30,2021-09-07,-13815000.0,11977091000.0,11146497000.0,,,0.104,29.678,-181361000.0,476420000.0,476420000.0,0.0,218265000.0,,9.049,1238956000.0,,,1238956000.0,0.0,72181000.0,9275346000.0,0.013,1.68,337764000.0,409945000.0,0.352,409945000.0,337764000.0,337764000.0,5.46,5.46,5.46,1185845000.0,1126068500.0,1185845000.0,5490412873.0,16.0,13.393,101597000.0,2.543,1.0,1164023000.0,1.0,0.0,0.0,12739627000.0,11611865750.0,0.0,10576348000.0,,,10730445000.0,,,5071221873.0,36040000.0,10841000.0,6282000.0,672269000.0,-92244000.0,1385180000.0,-1632098000.0,-1461960000.0,282958000.0,0.0,218265000.0,218265000.0,218265000.0,0.0,0.0,0.188,813550000.0,350473000.0,0.0,0.308,4.276,23.234,23.962,417668000.0,0.0,130.83,4.357,4.491,0.0,853276000.0,1164023000.0,1164023000.0,0.0,0.02,0.194,0.029,0.29,0.0,631851000.0,1.0,38761919.0,39957085,40401665.0,29.132,11977091000.0,0.0,119499000.0,0.0,299.749,
88,SNV,MRT,1999-06-30,1999-06-30,1999-06-30,2021-09-07,-14544000.0,11174512000.0,10612415750.0,,,0.105,27.767,-175216000.0,436322000.0,436322000.0,0.0,209868000.0,,9.026,855513000.0,,,855513000.0,0.0,69080000.0,8965769000.0,0.012,1.61,325025000.0,394105000.0,0.355,394105000.0,325025000.0,325025000.0,5.25,5.25,5.25,1108738000.0,1083584750.0,1108738000.0,5885571468.0,18.0,14.934,105097000.0,2.632,1.0,1110145000.0,1.0,0.0,0.0,11593703000.0,10933081250.0,0.0,9867379000.0,,,10007848000.0,,,5388761468.0,-79388000.0,24291000.0,8431000.0,482969000.0,-85486000.0,1047361000.0,-1300586000.0,-1146896000.0,280313000.0,0.0,209868000.0,209868000.0,209868000.0,0.0,0.0,0.189,772747000.0,337398000.0,0.0,0.307,4.86,25.677,26.507,400491000.0,0.0,139.16,4.854,5.005,0.0,802545000.0,1110145000.0,1110145000.0,0.0,0.02,0.194,0.03,0.293,0.0,602193000.0,1.0,38723494.0,39930656,40353664.0,27.802,11174512000.0,0.0,115157000.0,0.0,279.848,
89,SNV,MRT,1999-03-31,1999-03-31,1999-03-31,2021-09-07,3345000.0,10622793000.0,10161355500.0,,,0.102,27.549,-166676000.0,307021000.0,307021000.0,0.0,200767000.0,,8.627,803831000.0,,,803831000.0,0.0,64414000.0,8464488000.0,0.013,1.82,311056000.0,375470000.0,0.361,375470000.0,311056000.0,311056000.0,5.11,5.11,5.11,1097774000.0,1044987750.0,1097774000.0,5772199248.0,19.0,15.373,111700000.0,2.803,1.0,1040673000.0,1.0,0.0,0.0,11119603000.0,10365446750.0,0.0,9495508000.0,,,9470304000.0,,,5551614248.0,-72923000.0,24291000.0,6956000.0,468540000.0,-77806000.0,470558000.0,-821857000.0,-671464000.0,278376000.0,0.0,200767000.0,200767000.0,200767000.0,0.0,0.0,0.193,718543000.0,322130000.0,0.0,0.356,5.057,27.652,28.082,385432000.0,0.0,143.5,5.335,5.495,0.0,775964000.0,1040673000.0,1040673000.0,0.0,0.02,0.192,0.03,0.299,0.0,565015000.0,1.0,38687207.0,39847940,40389808.0,26.116,10622793000.0,0.0,110289000.0,0.0,266.583,
90,SNV,MRT,1998-12-31,1998-12-31,1998-12-31,2021-09-07,10475000.0,10811592000.0,9849826500.0,,,0.103,28.571,-156389000.0,452151000.0,452151000.0,0.0,196465000.0,,8.677,635089000.0,,,635089000.0,0.0,61019000.0,8797412000.0,0.01,1.657,304025000.0,365044000.0,0.361,365044000.0,304025000.0,304025000.0,5.04,4.97,5.04,1111917000.0,1002376500.0,1111917000.0,6599076792.0,22.0,18.077,7662000.0,0.197,1.0,1010396000.0,1.0,0.0,0.0,10994530000.0,9893791250.0,0.0,9523200000.0,,,9647582000.0,,,6415353792.0,-32719000.0,22230000.0,5428000.0,183221000.0,-76665000.0,449295000.0,-646065000.0,-502493000.0,164051000.0,0.0,196465000.0,196465000.0,196465000.0,0.0,0.0,0.194,695812000.0,314584000.0,0.0,0.329,5.77,32.654,33.333,381385000.0,0.0,168.0,6.349,6.471,0.0,770622000.0,1010396000.0,1010396000.0,0.0,0.02,0.196,0.031,0.301,0.0,548360000.0,1.0,38186630.0,38917350,39604078.0,25.963,10811592000.0,0.0,107560000.0,0.0,277.809,
91,SNV,MRT,1998-09-30,1998-09-30,1998-09-30,2021-09-07,16619000.0,9840766000.0,9462011250.0,,,0.103,26.079,-123209000.0,363140000.0,363140000.0,0.0,187632000.0,,8.639,546863000.0,,,546863000.0,0.0,57060000.0,8026590000.0,0.012,1.633,291344000.0,348404000.0,0.359,348404000.0,291344000.0,291344000.0,4.83,4.76,4.83,1015910000.0,950311250.0,1015910000.0,5154505800.0,18.0,14.795,149290000.0,3.832,1.0,970898000.0,1.0,0.0,0.0,10024489000.0,9447552500.0,0.0,8764388000.0,,,8776019000.0,,,5201611800.0,8459000.0,13231000.0,7051000.0,17804000.0,-73580000.0,303780000.0,-567820000.0,-451952000.0,272499000.0,0.0,187632000.0,187632000.0,187632000.0,0.0,0.0,0.193,669372000.0,301526000.0,0.0,0.338,5.12,27.722,28.623,346334000.0,0.0,138.25,5.358,5.547,0.0,708124000.0,970898000.0,970898000.0,0.0,0.02,0.197,0.031,0.3,0.0,523059000.0,1.0,37624678.0,38955208,39532362.0,24.923,9840766000.0,0.0,103712000.0,0.0,252.617,
92,SNV,MRT,1998-06-30,1998-06-30,1998-06-30,2021-09-07,7376000.0,9370271000.0,9251082750.0,,,0.101,25.393,-103247000.0,420285000.0,420285000.0,0.0,181125000.0,,8.77,373179000.0,,,373179000.0,0.0,53174000.0,7823454000.0,0.01,1.61,281326000.0,334500000.0,0.357,334500000.0,281326000.0,281326000.0,4.69,4.62,4.69,954350000.0,912224250.0,954350000.0,6104050135.0,22.0,18.248,143925000.0,3.83,1.0,937375000.0,1.0,0.0,0.0,9323165000.0,9226579500.0,0.0,8286851000.0,,,8369635000.0,,,6247746135.0,10300000.0,0.0,5194000.0,-156250000.0,-69132000.0,208587000.0,-445459000.0,-340609000.0,247172000.0,0.0,181125000.0,181125000.0,181125000.0,0.0,0.0,0.193,646242000.0,291133000.0,0.0,0.343,6.547,34.494,35.448,319873000.0,0.0,166.25,6.665,6.666,0.0,669057000.0,937375000.0,937375000.0,0.0,0.02,0.199,0.03,0.3,0.0,505042000.0,1.0,37580428.0,37582609,38256479.0,24.942,9370271000.0,0.0,100201000.0,0.0,249.325,
93,SNV,MRT,1998-03-31,1998-03-31,1998-03-31,2021-09-07,5971000.0,9376677000.0,9151183000.0,,,0.101,24.688,-79829000.0,476367000.0,476367000.0,0.0,176235000.0,,9.064,332671000.0,,,332671000.0,0.0,51293000.0,7889802000.0,0.008,1.307,274932000.0,326225000.0,0.354,326225000.0,274932000.0,274932000.0,4.55,4.48,4.55,927329000.0,881426500.0,927329000.0,6455237681.0,23.0,19.788,137314000.0,3.656,1.0,922250000.0,1.0,0.0,0.0,9232981000.0,9164660500.0,0.0,8280175000.0,,,8404938000.0,,,6505993681.0,8029000.0,0.0,6297000.0,-158163000.0,-65579000.0,511822000.0,-720936000.0,-644124000.0,217143000.0,0.0,176235000.0,176235000.0,176235000.0,0.0,0.0,0.191,637840000.0,284410000.0,0.0,0.287,7.016,36.917,38.072,302589000.0,0.0,173.227,7.054,7.055,0.0,644129000.0,922250000.0,922250000.0,0.0,0.019,0.2,0.03,0.298,0.0,498382000.0,1.0,37557691.0,37561323,38212050.0,24.553,9376677000.0,0.0,98697000.0,0.0,249.636,
94,SNV,MRT,1997-12-31,1997-12-31,1997-12-31,2021-09-07,5700000.0,9260331000.0,8969630750.0,,,0.1,23.49,-79872000.0,482798000.0,482798000.0,0.0,170829000.0,,9.2,432042000.0,,,432042000.0,0.0,50255000.0,7707927000.0,0.008,1.167,267013000.0,317268000.0,0.355,317268000.0,267013000.0,267013000.0,4.41,4.41,4.41,903656000.0,848731500.0,903656000.0,5875968061.0,22.0,18.521,181821000.0,4.726,1.0,894847000.0,1.0,0.0,0.0,9209575000.0,9051095250.0,0.0,8161995000.0,,,8314034000.0,,,5732423061.0,-13995000.0,0.0,5763000.0,-7493000.0,-61984000.0,468765000.0,-744453000.0,-655362000.0,261693000.0,0.0,170829000.0,170829000.0,170829000.0,0.0,0.0,0.191,618691000.0,276156000.0,0.0,0.265,6.344,33.556,34.656,297227000.0,0.0,152.833,6.406,6.57,0.0,622215000.0,894847000.0,894847000.0,0.0,0.019,0.201,0.03,0.298,0.0,484112000.0,1.0,37507675.0,38470055,39022495.0,23.261,9260331000.0,0.0,96184000.0,0.0,240.715,
95,SNV,MRT,1997-09-30,1997-09-30,1997-09-30,2021-09-07,4393000.0,8997052000.0,8807634000.0,,,0.096,23.037,-79341000.0,382460000.0,382460000.0,0.0,159891000.0,,9.372,526005000.0,,,526005000.0,0.0,47941000.0,7399381000.0,0.011,1.136,251743000.0,299684000.0,0.355,299684000.0,251743000.0,251743000.0,4.247,,4.247,863562000.0,818755000.0,863562000.0,3996758682.0,16.0,13.337,158299000.0,4.223,1.0,845114000.0,1.0,0.0,0.0,9140597000.0,8899598000.0,0.0,8012404000.0,,,8093686000.0,,,3891941682.0,-12669000.0,30113000.0,-689000.0,-5085000.0,-57613000.0,412017000.0,-662326000.0,-605153000.0,237640000.0,0.0,159891000.0,159891000.0,159891000.0,0.0,0.0,0.189,584534000.0,260580000.0,0.0,0.267,4.507,24.341,24.449,264101000.0,0.0,103.833,4.605,4.606,0.0,646588000.0,845114000.0,845114000.0,0.0,0.018,0.195,0.028,0.298,0.0,458565000.0,1.0,37482584.0,37485750,,22.545,8997052000.0,0.0,91852000.0,0.0,240.013,
96,SNV,MRT,1997-06-30,1997-06-30,1997-06-30,2021-09-07,660000.0,8970672000.0,,,,,22.206,-81728000.0,421560000.0,421560000.0,0.0,151998000.0,,9.748,526377000.0,,,526377000.0,0.0,46904000.0,7422266000.0,0.009,1.104,240141000.0,287045000.0,0.35,287045000.0,240141000.0,240141000.0,4.06,,4.06,831159000.0,,831159000.0,4941449620.0,21.0,17.215,164576000.0,4.397,1.0,820589000.0,1.0,0.0,0.0,9075489000.0,,0.0,7957511000.0,,,8102006000.0,,,4813197620.0,20464000.0,30113000.0,2630000.0,117463000.0,-54649000.0,519384000.0,-745224000.0,-681806000.0,246304000.0,0.0,151998000.0,151998000.0,151998000.0,0.0,0.0,0.185,571973000.0,248616000.0,0.0,0.272,5.791,31.666,31.678,262691000.0,0.0,128.613,5.866,5.866,0.0,619237000.0,820589000.0,820589000.0,0.0,,,,0.293,0.0,445649000.0,1.0,37423784.0,37429463,,21.924,8970672000.0,0.0,88143000.0,0.0,239.669,
97,SNV,MRT,1997-03-31,1997-03-31,1997-03-31,2021-09-07,-8469000.0,8650468000.0,,,,,21.294,-80861000.0,359530000.0,359530000.0,0.0,145784000.0,,9.815,487782000.0,,,487782000.0,0.0,45097000.0,7188122000.0,0.012,1.073,229627000.0,274724000.0,0.347,274724000.0,229627000.0,229627000.0,3.897,,3.897,796549000.0,,796549000.0,3424197308.0,15.0,12.464,165820000.0,4.433,1.0,792728000.0,1.0,0.0,0.0,8778720000.0,,0.0,7722312000.0,,,7818077000.0,,,3432955308.0,13190000.0,30113000.0,2666000.0,145535000.0,-51697000.0,461953000.0,-695444000.0,-632058000.0,246681000.0,0.0,145784000.0,145784000.0,145784000.0,0.0,0.0,0.184,555019000.0,237709000.0,0.0,0.275,4.31,23.548,23.551,255776000.0,0.0,91.778,4.331,4.331,0.0,595646000.0,792728000.0,792728000.0,0.0,,,,0.29,0.0,430104000.0,1.0,37405082.0,37406462,,21.192,8650468000.0,0.0,83843000.0,0.0,231.256,
98,SNV,MRT,1996-12-31,1996-12-31,1996-12-31,2021-09-07,-112000.0,8612344000.0,8269969500.0,,,0.093,20.996,-73002000.0,445241000.0,445241000.0,0.0,139604000.0,,9.945,436483000.0,,,436483000.0,0.0,43280000.0,7203035000.0,0.01,0.954,219312000.0,262592000.0,0.342,262592000.0,219312000.0,219312000.0,3.71,3.71,3.71,783750000.0,738652500.0,783750000.0,,,,133124000.0,3.566,1.0,768486000.0,1.0,0.0,0.0,8603586000.0,8179926000.0,0.0,7609638000.0,,,7794159000.0,,,3739012002.0,22256000.0,30113000.0,2604000.0,100191000.0,-48745000.0,482766000.0,-666636000.0,-625695000.0,206126000.0,0.0,139604000.0,139604000.0,139604000.0,0.0,0.0,0.182,541582000.0,226904000.0,0.0,0.257,4.771,26.783,26.943,247191000.0,0.0,99.96,4.865,4.856,0.0,575544000.0,768486000.0,768486000.0,0.0,0.017,0.189,0.027,0.285,0.0,414674000.0,1.0,37405082.0,37329175,37691325.0,20.587,8612344000.0,0.0,79708000.0,0.0,230.713,
99,SNV,MRT,1996-09-30,1996-09-30,1996-09-30,2021-09-07,,,,,,,,,,,,,,,,,,,,,,0.011,0.923,,,,,,,,,,,,,,,,,,1.0,,,,,,,,,,,,,,,,,,,,,,,,,,,,,,,,,,,,,,,,80.889,,,,,,,,,,,,,,1.0,,37381176,,,,,,,,
100,SNV,MRT,1996-06-30,1996-06-30,1996-06-30,2021-09-07,,,,,,,,,,,,,,,,,,,,,,0.013,0.892,,,,,,,,,,,,,,,,,,1.0,,,,,,,,,,,,,,,,,,,,,,,,,,,,,,,,,,,,,,,,67.293,,,,,,,,,,,,,,1.0,,37286460,,,,,,,,
101,SNV,MRT,1996-03-31,1996-03-31,1996-03-31,2021-09-07,,,,,,,,,,,,,,,,,,,,,,0.012,0.861,,,,,,,,,,,,,,,,,,1.0,,,,,,,,,,,,,,,,,,,,,,,,,,,,,,,,,,,,,,,,70.0,,,,,,,,,,,,,,1.0,,37254745,,,,,,,,
102,SNV,MRT,1995-12-31,1995-12-31,1995-12-31,2021-09-07,5774000.0,7927595000.0,,,,,18.77,-56342000.0,507621000.0,507621000.0,0.0,114583000.0,,10.39,336292000.0,,,336292000.0,0.0,38617000.0,6727879000.0,0.011,0.653,179469000.0,218086000.0,0.332,218086000.0,179469000.0,179469000.0,3.08,3.08,3.08,693555000.0,,693555000.0,,,,111575000.0,3.02,1.0,656922000.0,1.0,0.0,0.0,7756266000.0,,0.0,6917862000.0,,,7206250000.0,,,,38059000.0,4431000.0,1265000.0,-214729000.0,-42042000.0,467054000.0,-596912000.0,-548966000.0,167917000.0,0.0,114583000.0,114583000.0,114583000.0,0.0,0.0,0.174,472120000.0,184802000.0,0.0,0.212,,,19.192,220197000.0,0.0,59.111,,3.325,0.0,487164000.0,656922000.0,656922000.0,0.0,,,,0.273,0.0,352108000.0,1.0,,36950453,37171172.0,17.778,7927595000.0,0.0,64886000.0,0.0,214.547,
103,SNV,MRT,1994-12-31,1994-12-31,1994-12-31,2021-09-07,,,,,,,,-52562000.0,,,0.0,89452000.0,,,,,,,,38409000.0,,0.011,0.415,138926000.0,177335000.0,0.322,177335000.0,138926000.0,138926000.0,2.458,,2.458,,,,,,,115351000.0,3.183,1.0,550176000.0,1.0,,0.0,,,,,,,,,,,-10875000.0,9056000.0,-4743000.0,122927000.0,-33006000.0,307946000.0,-486734000.0,-453313000.0,167913000.0,0.0,89452000.0,89452000.0,89452000.0,0.0,0.0,0.163,406925000.0,143251000.0,,0.169,,,15.29,,0.0,37.582,,2.476,,,550176000.0,550176000.0,0.0,,,,0.253,0.0,294950000.0,1.0,,36241796,,15.181,,,49474000.0,,,
