None,ticker,dimension,calendardate,datekey,reportperiod,lastupdated,accoci,assets,assetsavg,assetsc,assetsnc,assetturnover,bvps,capex,cashneq,cashnequsd,cor,consolinc,currentratio,de,debt,debtc,debtnc,debtusd,deferredrev,depamor,deposits,divyield,dps,ebit,ebitda,ebitdamargin,ebitdausd,ebitusd,ebt,eps,epsdil,epsusd,equity,equityavg,equityusd,ev,evebit,evebitda,fcf,fcfps,fxusd,gp,grossmargin,intangibles,intexp,invcap,invcapavg,inventory,investments,investmentsc,investmentsnc,liabilities,liabilitiesc,liabilitiesnc,marketcap,ncf,ncfbus,ncfcommon,ncfdebt,ncfdiv,ncff,ncfi,ncfinv,ncfo,ncfx,netinc,netinccmn,netinccmnusd,netincdis,netincnci,netmargin,opex,opinc,payables,payoutratio,pb,pe,pe1,ppnenet,prefdivis,price,ps,ps1,receivables,retearn,revenue,revenueusd,rnd,roa,roe,roic,ros,sbcomp,sgna,sharefactor,sharesbas,shareswa,shareswadil,sps,tangibles,taxassets,taxexp,taxliabilities,tbvps,workingcapital
0,ARE,MRY,2020-12-31,2020-12-31,2020-12-31,2021-07-26,-6625000.0,22827878000.0,21127398000.0,,,0.089,86.893,-3268844000.0,597705000.0,597705000.0,530224000.0,827171000.0,,0.8,7563286000.0,,,7563286000.0,0.0,698104000.0,0.0,0.024,4.24,942568000.0,1640672000.0,0.87,1640672000.0,942568000.0,770959000.0,6.03,6.01,6.03,11725712000.0,10295388000.0,11725712000.0,31387782986.0,33.0,19.131,-2386334000.0,-17.684,1.0,1355413000.0,0.719,0.0,171609000.0,29793459000.0,28227948750.0,0.0,1943463000.0,,,9384100000.0,,,24049654986.0,355016000.0,16781000.0,2315862000.0,742297000.0,-532980000.0,2750356000.0,-3278161000.0,-26098000.0,882510000.0,311000.0,770959000.0,760791000.0,760791000.0,0.0,56212000.0,0.403,879523000.0,475890000.0,1669832000.0,0.703,2.051,31.611,29.556,18092372000.0,10168000.0,178.22,12.754,12.754,7333000.0,,1885637000.0,1885637000.0,0.0,0.036,0.074,0.033,0.5,43502000.0,133341000.0,1.0,134943637.0,134943637.0,,13.974,22827878000.0,0.0,0.0,0.0,169.166,
1,ARE,MRY,2019-12-31,2019-12-31,2019-12-31,2021-07-26,-9749000.0,18390503000.0,16742083250.0,,,0.091,76.993,-3477700000.0,242689000.0,242689000.0,445492000.0,404047000.0,,0.928,6777479000.0,,,6777479000.0,0.0,544612000.0,0.0,0.025,4.0,536840000.0,1081452000.0,0.706,1081452000.0,536840000.0,363165000.0,3.13,3.12,3.13,8865826000.0,7962913750.0,8865826000.0,24890766984.0,46.0,23.016,-2793843000.0,-24.262,1.0,1085804000.0,0.709,0.0,173675000.0,24925293000.0,22858378500.0,0.0,1487484000.0,,,8224025000.0,,,18606053984.0,-29441000.0,-102067000.0,1216445000.0,1249619000.0,-447029000.0,2927482000.0,-3641320000.0,-61553000.0,683857000.0,540000.0,363165000.0,350995000.0,350995000.0,0.0,40882000.0,0.229,665769000.0,420035000.0,1320268000.0,1.278,2.099,53.009,51.623,14844038000.0,12170000.0,161.58,12.151,12.151,10691000.0,,1531296000.0,1531296000.0,0.0,0.021,0.044,0.023,0.351,43640000.0,108823000.0,1.0,115150724.0,115150724.0,,13.298,18390503000.0,0.0,0.0,0.0,159.708,
2,ARE,MRY,2018-12-31,2018-12-31,2018-12-31,2021-07-26,-10435000.0,14464956000.0,13738477000.0,,,0.097,68.28,-1944158000.0,272130000.0,272130000.0,381120000.0,402793000.0,,0.895,5478255000.0,,,5478255000.0,0.0,477661000.0,0.0,0.032,3.73,536807000.0,1014468000.0,0.764,1014468000.0,536807000.0,379312000.0,3.53,3.52,3.53,7341965000.0,6717451500.0,7341965000.0,17841489499.0,33.0,17.587,-1373819000.0,-12.777,1.0,946339000.0,0.713,0.0,157495000.0,19671081000.0,18963559250.0,0.0,1129771000.0,,,6570242000.0,,,12391365499.0,-5056000.0,-83338000.0,1293301000.0,718217000.0,-380632000.0,1588433000.0,-2161760000.0,-134264000.0,570339000.0,-2068000.0,379312000.0,363983000.0,363983000.0,0.0,23481000.0,0.274,574377000.0,371962000.0,981707000.0,1.057,1.688,34.044,32.646,11913693000.0,15329000.0,115.24,9.335,9.335,9798000.0,,1327459000.0,1327459000.0,0.0,0.026,0.054,0.028,0.404,35019000.0,90405000.0,1.0,107526601.0,107526601.0,,12.345,14464956000.0,0.0,0.0,0.0,134.524,
3,ARE,MRY,2017-12-31,2017-12-31,2017-12-31,2021-07-26,50024000.0,12103953000.0,11440892250.0,,,0.099,62.158,-1553837000.0,277186000.0,277186000.0,325609000.0,194204000.0,,0.945,4764807000.0,,,4764807000.0,0.0,416783000.0,0.0,0.026,3.45,297738000.0,714521000.0,0.633,714521000.0,297738000.0,169093000.0,1.59,1.58,1.59,5949666000.0,5366557750.0,5949666000.0,17170555897.0,58.0,24.031,-1102955000.0,-11.523,1.0,802488000.0,0.711,0.0,128645000.0,16591574000.0,15953404500.0,0.0,633872000.0,,,5620784000.0,,,12499790897.0,135820000.0,-39591000.0,1275397000.0,602427000.0,-312131000.0,1420341000.0,-1737126000.0,-141398000.0,450882000.0,1723000.0,169093000.0,145395000.0,145395000.0,0.0,25111000.0,0.129,491995000.0,310493000.0,763832000.0,2.17,2.101,85.971,82.132,10298019000.0,23698000.0,130.59,11.08,11.08,10262000.0,,1128097000.0,1128097000.0,0.0,0.013,0.027,0.019,0.264,25610000.0,75009000.0,1.0,95717826.0,95717826.0,,11.786,12103953000.0,0.0,0.0,0.0,126.455,
4,ARE,MRY,2016-12-31,2016-12-31,2016-12-31,2021-07-26,5355000.0,10354888000.0,9441287750.0,,,0.098,61.649,-1438287000.0,141366000.0,141366000.0,278408000.0,-49799000.0,,1.016,4164025000.0,,,4164025000.0,0.0,313390000.0,0.0,0.029,3.23,41052000.0,354442000.0,0.385,354442000.0,41052000.0,-65901000.0,-1.99,-1.99,-1.99,4895796000.0,4173325750.0,4895796000.0,12980051267.0,316.0,36.621,-1044800000.0,-13.156,1.0,643298000.0,0.698,0.0,106953000.0,14377547000.0,13430098250.0,0.0,392698000.0,,,4972610000.0,,,8825291267.0,-12604000.0,-11529000.0,1432177000.0,6101000.0,-240347000.0,1093775000.0,-1498406000.0,-48140000.0,393487000.0,-1460000.0,-65901000.0,-151141000.0,-151141000.0,0.0,16102000.0,-0.164,586535000.0,56763000.0,731671000.0,-1.623,1.803,-58.391,-55.844,9077972000.0,85240000.0,111.13,9.575,9.575,9744000.0,,921706000.0,921706000.0,0.0,-0.016,-0.036,0.003,0.045,25433000.0,63884000.0,1.0,79414121.0,79414121.0,,11.606,10354888000.0,0.0,0.0,0.0,130.391,
5,ARE,MRY,2015-12-31,2015-12-31,2015-12-31,2021-07-26,49191000.0,8881017000.0,8637118250.0,,,0.098,54.83,-683340000.0,153970000.0,153970000.0,261232000.0,146114000.0,,1.154,3935692000.0,,,3935692000.0,0.0,261289000.0,0.0,0.034,3.05,250030000.0,511319000.0,0.606,511319000.0,250030000.0,144217000.0,1.63,1.63,1.63,3975087000.0,3834418250.0,3975087000.0,10751860761.0,43.0,21.028,-340729000.0,-4.7,1.0,582242000.0,0.69,0.0,105813000.0,12662739000.0,12566947500.0,0.0,480677000.0,,,4587053000.0,,,6551004761.0,39087000.0,-9027000.0,78463000.0,200811000.0,-218104000.0,419126000.0,-722395000.0,-24527000.0,342611000.0,-255000.0,144217000.0,116867000.0,116867000.0,43000.0,1897000.0,0.139,344160000.0,238082000.0,589356000.0,1.871,1.648,56.055,55.436,7629922000.0,27350000.0,90.36,7.767,7.767,10485000.0,,843474000.0,843474000.0,0.0,0.014,0.03,0.02,0.296,17512000.0,59621000.0,1.0,72498946.0,72498946.0,,11.634,8881017000.0,0.0,0.0,0.0,122.499,
6,ARE,MRY,2014-12-31,2014-12-31,2014-12-31,2021-07-26,-628000.0,8136036000.0,7932009500.0,,,0.092,53.167,-544080000.0,112895000.0,112895000.0,219164000.0,106778000.0,,1.104,3678579000.0,,,3678579000.0,0.0,224096000.0,0.0,0.032,2.88,180873000.0,404969000.0,0.557,404969000.0,180873000.0,101574000.0,1.01,1.01,1.01,3828439000.0,3883293750.0,3828439000.0,9799822100.0,54.0,24.199,-209755000.0,-2.913,1.0,507713000.0,0.698,0.0,79299000.0,11701720000.0,11274641750.0,0.0,353795000.0,,,4226478000.0,,,6389975100.0,28315000.0,-70758000.0,0.0,569072000.0,-202386000.0,331312000.0,-634829000.0,-11374000.0,334325000.0,-2493000.0,101574000.0,72113000.0,72113000.0,-1233000.0,5204000.0,0.099,329301000.0,178412000.0,489085000.0,2.851,1.669,88.611,87.861,7108610000.0,29461000.0,88.74,8.791,8.791,10548000.0,,726877000.0,726877000.0,0.0,0.009,0.019,0.016,0.249,13996000.0,53530000.0,1.0,72007833.0,72007833.0,,10.094,8136036000.0,0.0,0.0,0.0,112.988,
7,ARE,MRY,2013-12-31,2013-12-31,2013-12-31,2021-07-26,-36204000.0,7529764000.0,7339585250.0,,,0.086,54.683,-561490000.0,85405000.0,85405000.0,189039000.0,140249000.0,,0.907,3061061000.0,,,3061061000.0,0.0,190778000.0,0.0,0.041,2.61,204169000.0,394947000.0,0.626,394947000.0,204169000.0,136217000.0,1.6,1.6,1.6,3916789000.0,3801760500.0,3916789000.0,7343301411.0,36.0,18.593,-248763000.0,-3.473,1.0,442112000.0,0.7,0.0,67952000.0,10505420000.0,10203543250.0,0.0,140288000.0,,,3550823000.0,,,4556951411.0,-83275000.0,-17987000.0,534469000.0,-121553000.0,-169076000.0,197570000.0,-591375000.0,-19553000.0,312727000.0,-2197000.0,136217000.0,108751000.0,108751000.0,-900000.0,4032000.0,0.172,237643000.0,204469000.0,435342000.0,1.631,1.163,41.903,39.763,6776914000.0,27466000.0,63.62,7.22,7.22,9918000.0,,631151000.0,631151000.0,0.0,0.015,0.029,0.02,0.323,15552000.0,48520000.0,1.0,71627655.0,71627655.0,,8.812,7529764000.0,0.0,0.0,0.0,105.124,
8,ARE,MRY,2012-12-31,2012-12-31,2012-12-31,2021-07-26,-24833000.0,7150116000.0,6918740750.0,,,0.083,54.042,-555022000.0,180918000.0,180918000.0,172756000.0,105528000.0,,1.06,3181949000.0,,,3181949000.0,0.0,192005000.0,0.0,0.03,2.09,171310000.0,363315000.0,0.632,363315000.0,171310000.0,102126000.0,1.09,1.09,1.09,3441851000.0,3418508000.0,3441851000.0,7307236231.0,43.0,20.113,-249489000.0,-3.917,1.0,401741000.0,0.699,0.0,69184000.0,10151147000.0,9779155000.0,0.0,115048000.0,,,3647058000.0,,,4414859231.0,62432000.0,15550000.0,98045000.0,397292000.0,-126498000.0,314860000.0,-558100000.0,-9251000.0,305533000.0,139000.0,102126000.0,67630000.0,67630000.0,-8816000.0,3402000.0,0.118,235484000.0,166257000.0,423708000.0,1.917,1.283,65.28,63.596,6424578000.0,34496000.0,69.32,7.685,7.685,8449000.0,,574497000.0,574497000.0,0.0,0.01,0.02,0.018,0.298,14160000.0,47747000.0,1.0,63688102.0,63688102.0,,9.02,7150116000.0,0.0,0.0,0.0,112.268,
9,ARE,MRY,2011-12-31,2011-12-31,2011-12-31,2021-07-26,-34511000.0,6574129000.0,6339078000.0,,,0.085,54.464,-714990000.0,101871000.0,101871000.0,157634000.0,135393000.0,,0.931,2779264000.0,,,2779264000.0,0.0,158026000.0,0.0,0.027,1.86,194791000.0,352817000.0,0.657,352817000.0,194791000.0,131418000.0,1.73,1.73,1.73,3374301000.0,3272177500.0,3374301000.0,6831363209.0,35.0,19.362,-468030000.0,-7.554,1.0,379146000.0,0.706,0.0,63373000.0,9251522000.0,8905453750.0,0.0,95777000.0,,,3141236000.0,,,4272982209.0,-12693000.0,-5256000.0,453656000.0,183712000.0,-106889000.0,479156000.0,-733579000.0,-11150000.0,246960000.0,-5230000.0,131418000.0,101973000.0,101973000.0,-18077000.0,3975000.0,0.19,192018000.0,187128000.0,325393000.0,1.075,1.266,41.903,39.867,6008440000.0,29445000.0,68.97,7.96,7.96,7480000.0,0.0,536780000.0,536780000.0,0.0,0.016,0.031,0.022,0.363,11755000.0,41112000.0,1.0,61954215.0,61954215.0,,8.664,6574129000.0,0.0,0.0,0.0,106.113,
10,ARE,MRY,2010-12-31,2010-12-31,2010-12-31,2021-07-26,-18335000.0,5905861000.0,5672044750.0,,,0.081,52.925,-449660000.0,119586000.0,119586000.0,123309000.0,139022000.0,,0.997,2584162000.0,,,2584162000.0,0.0,126640000.0,0.0,0.02,1.5,204802000.0,331442000.0,0.72,331442000.0,204802000.0,135293000.0,2.19,2.19,2.19,2928825000.0,2654744000.0,2928825000.0,6427521884.0,31.0,19.393,-222654000.0,-4.023,1.0,337312000.0,0.732,0.0,69509000.0,8370437000.0,8188902750.0,0.0,83899000.0,,,2919533000.0,,,4054164884.0,20604000.0,-3170000.0,345219000.0,1225000.0,-67874000.0,237912000.0,-444745000.0,-10093000.0,227006000.0,431000.0,135293000.0,105941000.0,105941000.0,-12497000.0,3729000.0,0.23,155552000.0,181760000.0,304257000.0,0.685,1.384,38.268,33.452,5444814000.0,29352000.0,73.26,8.802,8.802,5492000.0,734000.0,460621000.0,460621000.0,0.0,0.019,0.04,0.025,0.445,10816000.0,34345000.0,1.0,55339406.0,55339406.0,,8.324,5905861000.0,0.0,0.0,0.0,106.721,
11,ARE,MRY,2009-12-31,2009-12-31,2009-12-31,2021-07-26,-33730000.0,5457227000.0,5343099500.0,,,0.09,52.597,-425064000.0,117919000.0,117919000.0,122138000.0,141648000.0,,1.313,2746946000.0,,,2746946000.0,0.0,118508000.0,0.0,0.029,1.85,216712000.0,335220000.0,0.696,335220000.0,216712000.0,134601000.0,2.72,2.72,2.72,2323408000.0,2157337000.0,2323408000.0,5437747802.0,25.0,16.221,-218110000.0,-4.938,1.0,359415000.0,0.746,0.0,82111000.0,8086254000.0,8014837750.0,0.0,72882000.0,,,3051148000.0,,,2839931802.0,-533000.0,0.0,491180000.0,-170169000.0,-86652000.0,198355000.0,-406566000.0,-7262000.0,206954000.0,724000.0,134601000.0,104974000.0,104974000.0,-6632000.0,7047000.0,0.218,153542000.0,205873000.0,282516000.0,0.68,1.222,27.054,23.636,5039128000.0,29627000.0,64.29,5.897,5.897,3902000.0,0.0,481553000.0,481553000.0,0.0,0.02,0.049,0.027,0.45,14051000.0,36296000.0,1.0,44173772.0,44173772.0,,10.901,5457227000.0,0.0,0.0,0.0,123.54,
12,ARE,MRY,2008-12-31,2008-12-31,2008-12-31,2021-07-26,-87241000.0,5132077000.0,4888467500.0,,,0.093,53.706,-469466000.0,71161000.0,71161000.0,113434000.0,120097000.0,,1.975,2938108000.0,,,2938108000.0,0.0,108743000.0,0.0,0.053,3.18,201664000.0,310407000.0,0.682,310407000.0,201664000.0,116298000.0,2.87,2.86,2.87,1700010000.0,1720847500.0,1700010000.0,4733810252.0,23.0,15.25,-212266000.0,-6.706,1.0,341800000.0,0.751,0.0,85366000.0,7999024000.0,7628609000.0,0.0,61861000.0,,,3357014000.0,,,1944650252.0,63131000.0,0.0,2509000.0,179530000.0,-101393000.0,300864000.0,-494933000.0,305000.0,257200000.0,0.0,116298000.0,90746000.0,90746000.0,-19066000.0,3799000.0,0.199,142152000.0,199648000.0,386801000.0,1.108,1.144,21.43,21.024,4724096000.0,25552000.0,60.34,4.272,4.196,6453000.0,,455234000.0,455234000.0,0.0,0.019,0.053,0.026,0.443,13677000.0,34794000.0,1.0,32228211.0,31653829.0,31907956.0,14.382,5132077000.0,0.0,0.0,0.0,162.131,
13,ARE,MRY,2007-12-31,2007-12-31,2007-12-31,2021-07-26,8093000.0,4642094000.0,4129428500.0,,,0.094,50.688,-934373000.0,8030000.0,8030000.0,94905000.0,89980000.0,,2.037,2787904000.0,,,2787904000.0,0.0,97335000.0,0.0,0.03,3.04,178581000.0,275916000.0,0.711,275916000.0,178581000.0,86311000.0,2.37,2.36,2.37,1503820000.0,1399594750.0,1503820000.0,5733081346.0,32.0,20.778,-746342000.0,-25.156,1.0,293434000.0,0.756,0.0,92270000.0,7421968000.0,6556118500.0,0.0,84322000.0,,,3062768000.0,,,3241029346.0,5082000.0,0.0,216898000.0,695562000.0,-89951000.0,766304000.0,-949253000.0,3033000.0,188031000.0,0.0,86311000.0,70417000.0,70417000.0,-14014000.0,3669000.0,0.181,125198000.0,168236000.0,247289000.0,1.283,2.155,46.026,42.899,4290217000.0,15894000.0,101.67,8.346,7.767,6759000.0,,388339000.0,388339000.0,0.0,0.017,0.05,0.027,0.46,11176000.0,32311000.0,1.0,31877932.0,29668231.0,30004462.0,13.089,4642094000.0,0.0,0.0,0.0,156.467,
14,ARE,MRY,2006-12-31,2006-12-31,2006-12-31,2021-07-26,24595000.0,3617477000.0,3002770750.0,,,0.101,53.846,-968638000.0,2948000.0,2948000.0,67793000.0,73416000.0,,1.634,2024866000.0,,,2024866000.0,0.0,74039000.0,0.0,0.028,2.86,142503000.0,216542000.0,0.717,216542000.0,142503000.0,73416000.0,2.28,2.25,2.28,1351652000.0,1168753500.0,1351652000.0,4652357789.0,33.0,21.485,-849888000.0,-33.857,1.0,234268000.0,0.776,0.0,69087000.0,5639395000.0,4647246000.0,0.0,74824000.0,,,2208348000.0,,,2938830789.0,-963000.0,0.0,539560000.0,391184000.0,-71489000.0,841237000.0,-960950000.0,7688000.0,118750000.0,0.0,73416000.0,57326000.0,57326000.0,-7434000.0,0.0,0.19,96912000.0,137356000.0,158119000.0,1.254,2.174,51.265,44.035,3322582000.0,16090000.0,100.4,9.729,8.344,6330000.0,,302061000.0,302061000.0,0.0,0.019,0.049,0.031,0.472,7909000.0,26008000.0,1.0,29271223.0,25102200.0,25524478.0,12.033,3617477000.0,0.0,0.0,0.0,144.11,
15,ARE,MRY,2005-12-31,2005-12-31,2005-12-31,2021-07-26,35033000.0,2362450000.0,2163789000.0,,,0.107,39.611,-433042000.0,3911000.0,3911000.0,51337000.0,63433000.0,,1.823,1406666000.0,,,1406666000.0,0.0,55416000.0,0.0,0.034,2.72,112549000.0,167965000.0,0.725,167965000.0,112549000.0,63433000.0,2.26,2.22,2.26,829800000.0,769668750.0,829800000.0,3077502082.0,27.0,18.322,-312364000.0,-14.911,1.0,180269000.0,0.778,0.0,49116000.0,3765205000.0,3459687250.0,0.0,82010000.0,,,1512535000.0,,,1810355082.0,753000.0,0.0,193662000.0,192383000.0,-56312000.0,312975000.0,-432900000.0,142000.0,120678000.0,0.0,63433000.0,47343000.0,47343000.0,-6888000.0,0.0,0.204,73974000.0,106295000.0,86391000.0,1.204,2.182,38.239,35.619,2118156000.0,16090000.0,80.5,7.817,7.281,4764000.0,,231606000.0,231606000.0,0.0,0.022,0.062,0.033,0.486,5136000.0,21068000.0,1.0,22488883.0,20948915.0,21316886.0,11.056,2362450000.0,0.0,0.0,0.0,112.772,
16,ARE,MRY,2004-12-31,2004-12-31,2004-12-31,2021-07-26,13844000.0,1872284000.0,1517631750.0,,,0.117,32.123,-445505000.0,3158000.0,3158000.0,37081000.0,60195000.0,,2.018,1186946000.0,,,1186946000.0,0.0,42523000.0,0.0,0.034,2.52,88865000.0,131388000.0,0.737,131388000.0,88865000.0,60195000.0,2.37,2.33,2.37,620473000.0,587738250.0,620473000.0,2295533845.0,26.0,17.471,-380189000.0,-19.683,1.0,141219000.0,0.792,0.0,28670000.0,3056072000.0,2373007250.0,0.0,67419000.0,,,1251811000.0,,,1453817845.0,-1827000.0,0.0,7094000.0,347024000.0,-47333000.0,381109000.0,-448252000.0,-2747000.0,65316000.0,0.0,60195000.0,45724000.0,45724000.0,-4098000.0,0.0,0.256,56452000.0,84767000.0,48581000.0,1.063,2.343,31.796,31.401,1680102000.0,14471000.0,74.42,8.154,8.062,2542000.0,5267000.0,178300000.0,178300000.0,0.0,0.03,0.078,0.037,0.498,2470000.0,15105000.0,1.0,19535311.0,19315364.0,19658759.0,9.231,1872284000.0,0.0,0.0,0.0,96.932,
17,ARE,MRY,2003-12-31,2003-12-31,2003-12-31,2021-07-26,-5475000.0,1272577000.0,1231691000.0,,,0.13,26.7,-132944000.0,4985000.0,4985000.0,32770000.0,59643000.0,,1.509,709007000.0,,,709007000.0,0.0,38901000.0,0.0,0.038,2.2,86059000.0,124960000.0,0.779,124960000.0,86059000.0,59643000.0,2.67,2.64,2.67,507135000.0,496415500.0,507135000.0,1761556672.0,20.0,14.097,-58633000.0,-3.087,1.0,127584000.0,0.796,0.0,26416000.0,1976599000.0,1905855500.0,0.0,47126000.0,,,765442000.0,,,1109465672.0,1195000.0,0.0,5941000.0,109542000.0,-40427000.0,66158000.0,-139274000.0,-6330000.0,74311000.0,0.0,59643000.0,50745000.0,50745000.0,-11284000.0,0.0,0.316,52809000.0,74775000.0,43408000.0,0.824,2.188,21.864,21.685,1135676000.0,8898000.0,57.9,6.919,6.858,1969000.0,8635000.0,160354000.0,160354000.0,0.0,0.041,0.102,0.045,0.537,2734000.0,14211000.0,1.0,19161756.0,18993856.0,19247790.0,8.442,1272577000.0,0.0,0.0,0.0,66.999,
18,ARE,MRY,2002-12-31,2002-12-31,2002-12-31,2021-07-26,-8824000.0,1159243000.0,1064577000.0,,,0.134,27.614,-213469000.0,3790000.0,3790000.0,29135000.0,40032000.0,,1.386,614878000.0,,,614878000.0,0.0,34071000.0,0.0,0.058,2.46,65016000.0,99087000.0,0.696,99087000.0,65016000.0,40032000.0,1.79,1.76,1.79,485853000.0,446574250.0,485853000.0,1346611798.0,21.0,13.59,-146419000.0,-8.322,1.0,113136000.0,0.795,0.0,24984000.0,1770331000.0,1625804500.0,0.0,39650000.0,,,673390000.0,,,808228798.0,1414000.0,0.0,101239000.0,41236000.0,-33912000.0,162204000.0,-227840000.0,-14371000.0,67050000.0,0.0,40032000.0,31453000.0,31453000.0,-1761000.0,0.0,0.221,48879000.0,64257000.0,47118000.0,1.374,1.664,25.696,23.799,1044808000.0,8579000.0,42.6,5.681,5.268,2641000.0,,142271000.0,142271000.0,0.0,0.03,0.07,0.04,0.457,3651000.0,13436000.0,1.0,18972507.0,17594228.0,17859787.0,8.086,1159243000.0,0.0,0.0,0.0,65.888,
19,ARE,MRY,2001-12-31,2001-12-31,2001-12-31,2021-07-26,-6149000.0,962146000.0,897651250.0,,,0.135,20.851,-182666000.0,2376000.0,2376000.0,24655000.0,30277000.0,,1.892,573161000.0,,,573161000.0,0.0,30578000.0,0.0,0.044,1.81,57943000.0,88521000.0,0.732,88521000.0,57943000.0,30277000.0,1.9,1.87,1.9,332638000.0,327860500.0,332638000.0,1219808648.0,21.0,13.78,-122326000.0,-7.668,1.0,96206000.0,0.796,0.0,27666000.0,1532931000.0,1415898750.0,0.0,0.0,,,629508000.0,,,669831648.0,-400000.0,0.0,21951000.0,142251000.0,-29097000.0,131439000.0,-192179000.0,-9513000.0,60340000.0,0.0,30277000.0,26611000.0,26611000.0,-2695000.0,0.0,0.22,40958000.0,55248000.0,48057000.0,0.953,2.014,25.171,21.632,861876000.0,3666000.0,41.1,5.542,5.425,3123000.0,,120861000.0,120861000.0,0.0,0.03,0.081,0.041,0.479,2841000.0,11694000.0,1.0,16297607.0,15953459.0,16208178.0,7.576,962146000.0,0.0,0.0,0.0,60.31,
20,ARE,MRY,2000-12-31,2000-12-31,2000-12-31,2021-07-26,1837000.0,780984000.0,726954750.0,,,0.141,22.07,-118936000.0,2776000.0,2776000.0,21210000.0,26009000.0,,1.447,431256000.0,,,431256000.0,0.0,24251000.0,0.0,0.035,1.29,50316000.0,74567000.0,0.729,74567000.0,50316000.0,26009000.0,1.8,1.77,1.8,319152000.0,296425250.0,319152000.0,988653675.0,20.0,13.259,-86005000.0,-5.947,1.0,81016000.0,0.793,0.0,24307000.0,1209464000.0,1126492000.0,0.0,6000000.0,,,461832000.0,,,577815675.0,-670000.0,0.0,56232000.0,71035000.0,-24722000.0,98879000.0,-132480000.0,-13544000.0,32931000.0,0.0,26009000.0,22343000.0,22343000.0,-1563000.0,0.0,0.219,32263000.0,48753000.0,23123000.0,0.717,1.81,25.861,20.661,705745000.0,3666000.0,37.19,5.652,5.261,2835000.0,,102226000.0,102226000.0,0.0,0.031,0.075,0.045,0.492,1831000.0,8986000.0,1.0,15536856.0,14460711.0,14699478.0,7.069,780984000.0,0.0,0.0,0.0,54.007,
21,ARE,MRY,1999-12-31,1999-12-31,1999-12-31,2021-07-26,172000.0,643118000.0,593847250.0,,,0.145,19.413,-109833000.0,3446000.0,3446000.0,19003000.0,22053000.0,,1.449,350512000.0,,,350512000.0,0.0,18532000.0,0.0,0.053,1.69,41750000.0,60282000.0,0.699,60282000.0,41750000.0,22053000.0,1.48,1.46,1.48,262583000.0,253786000.0,262583000.0,767143186.0,18.0,12.726,-63822000.0,-4.719,1.0,67259000.0,0.78,0.0,19697000.0,990184000.0,905856750.0,0.0,6000000.0,,,380535000.0,,,437089186.0,1892000.0,0.0,27244000.0,28860000.0,-22278000.0,69430000.0,-113549000.0,-3716000.0,46011000.0,0.0,22053000.0,20017000.0,20017000.0,0.0,0.0,0.232,25509000.0,41750000.0,23349000.0,1.142,1.665,21.836,21.493,598827000.0,2036000.0,31.81,5.067,4.988,3432000.0,,86262000.0,86262000.0,0.0,0.034,0.079,0.046,0.484,1658000.0,6977000.0,1.0,13740622.0,13525840.0,13670568.0,6.378,643118000.0,0.0,0.0,0.0,47.547,
22,ARE,MRY,1998-12-31,1998-12-31,1998-12-31,2021-07-26,0.0,530296000.0,449884250.0,,,0.136,16.511,-240753000.0,1554000.0,1554000.0,13390000.0,19403000.0,,1.655,309829000.0,,,309829000.0,0.0,10296000.0,0.0,0.065,2.0,33436000.0,43732000.0,0.717,43732000.0,33436000.0,19403000.0,1.6,1.58,1.6,199769000.0,191776250.0,199769000.0,646791843.0,19.0,14.79,-214642000.0,-17.741,1.0,47626000.0,0.781,0.0,14033000.0,838571000.0,690314750.0,0.0,6000000.0,,,330527000.0,,,389182843.0,-506000.0,0.0,33099000.0,206214000.0,-19177000.0,220136000.0,-246753000.0,0.0,26111000.0,0.0,19403000.0,19403000.0,19403000.0,0.0,0.0,0.318,14190000.0,33436000.0,15663000.0,1.25,1.948,20.058,19.337,493746000.0,0.0,30.94,6.378,6.135,2884000.0,,61016000.0,61016000.0,0.0,0.043,0.101,0.048,0.548,0.0,3894000.0,1.0,12578631.0,12098959.0,12306470.0,5.043,530296000.0,0.0,0.0,0.0,43.83,
23,ARE,MRY,1997-12-31,1997-12-31,1997-12-31,2021-07-26,0.0,248454000.0,204467000.0,,,0.17,20.669,-87620000.0,2060000.0,2060000.0,8766000.0,-2797000.0,,0.488,70817000.0,,,70817000.0,0.0,4866000.0,0.0,0.017,0.528,4246000.0,9112000.0,0.261,9112000.0,4246000.0,-2797000.0,-0.35,-0.35,-0.35,166917000.0,90724000.0,166917000.0,,,,-83737000.0,-10.369,1.0,26080000.0,0.748,0.0,7043000.0,317211000.0,294588500.0,0.0,0.0,,,81537000.0,,,359930154.0,364000.0,0.0,138919000.0,-42365000.0,-8800000.0,84101000.0,-87620000.0,0.0,3883000.0,0.0,-2797000.0,-5835000.0,-5835000.0,0.0,0.0,-0.167,19539000.0,6541000.0,6158000.0,-1.509,2.156,-61.685,-90.171,229970000.0,3038000.0,31.56,10.329,7.314,3630000.0,-6932000.0,34846000.0,34846000.0,0.0,-0.029,-0.064,0.014,0.122,4161000.0,2476000.0,1.0,11404631.0,8075864.0,8075864.0,4.315,248454000.0,0.0,0.0,0.0,30.765,
24,ARE,MRY,1996-12-31,1996-12-31,1996-12-31,2021-07-26,0.0,160480000.0,,,,,3.99,-94900000.0,1696000.0,1696000.0,4356000.0,2175000.0,,10.044,113182000.0,,,113182000.0,0.0,2405000.0,0.0,,0.0,8502000.0,10907000.0,0.617,10907000.0,8502000.0,2175000.0,0.6,0.6,0.6,14531000.0,,14531000.0,,,,-96546000.0,-26.508,1.0,13317000.0,0.754,0.0,6327000.0,271966000.0,,0.0,0.0,,,145949000.0,,,,777000.0,0.0,0.0,72288000.0,-939000.0,97323000.0,-94900000.0,0.0,-1646000.0,0.0,2175000.0,585000.0,585000.0,0.0,0.0,0.033,4815000.0,8502000.0,2525000.0,0.0,,,,146960000.0,1590000.0,,,,1332000.0,-1775000.0,17673000.0,17673000.0,0.0,,,,0.481,0.0,1972000.0,1.0,,3642131.0,3642131.0,4.852,160480000.0,0.0,0.0,0.0,44.062,
25,ARE,MRY,1995-12-31,1995-12-31,1995-12-31,2021-07-26,,,,,,,,-1554000.0,,,2228000.0,761000.0,,,,,,,,1668000.0,,,0.0,4419000.0,6087000.0,0.613,6087000.0,4419000.0,866000.0,0.43,0.43,0.43,,,,,,,-1199000.0,,1.0,7695000.0,0.775,,3553000.0,,,,,,,,,,,-272000.0,0.0,0.0,1731000.0,-909000.0,927000.0,-1554000.0,0.0,355000.0,0.0,761000.0,761000.0,761000.0,0.0,0.0,0.077,3276000.0,4419000.0,,0.0,,,,,0.0,,,,,,9923000.0,9923000.0,0.0,,,,0.445,0.0,1608000.0,1.0,,,,,,,105000.0,,,
0,ARE,MRQ,2021-06-30,2021-06-30,2021-06-30,2021-07-26,-4508000.0,27018850000.0,,,,,96.208,-1612998000.0,357573000.0,357573000.0,143955000.0,404520000.0,,0.764,8840999000.0,,,8840999000.0,0.0,190052000.0,0.0,0.024,1.12,420242000.0,610294000.0,1.198,610294000.0,420242000.0,385084000.0,2.61,2.61,2.61,14191022000.0,,14191022000.0,34843263219.0,33.0,19.425,-1373237000.0,-9.31,1.0,365664000.0,0.718,0.0,35158000.0,35502276000.0,,0.0,2322905000.0,,,10837033000.0,,,26836748219.0,-176830000.0,-720000.0,868815000.0,299173000.0,-160778000.0,1281828000.0,-1698577000.0,-84859000.0,239761000.0,158000.0,385084000.0,380563000.0,380563000.0,0.0,19436000.0,0.747,232858000.0,132806000.0,1825387000.0,0.429,1.891,29.732,27.155,21692385000.0,4521000.0,181.94,13.43,13.43,6710000.0,,509619000.0,509619000.0,0.0,,,,,12242000.0,37880000.0,1.0,147503288.0,147503288.0,,3.455,27018850000.0,0.0,0.0,0.0,183.175,
1,ARE,MRQ,2021-03-31,2021-03-31,2021-03-31,2021-07-26,-5799000.0,25234346000.0,,,,,95.034,-2336454000.0,534403000.0,534403000.0,137888000.0,25533000.0,,0.805,8540918000.0,,,8540918000.0,0.0,180913000.0,0.0,0.026,1.09,44588000.0,225501000.0,0.47,225501000.0,44588000.0,8121000.0,0.04,0.04,0.04,12990406000.0,,12990406000.0,29424199168.0,32.0,18.094,-2124401000.0,-15.541,1.0,341961000.0,0.713,0.0,36467000.0,33240861000.0,,0.0,1967739000.0,,,10452384000.0,,,22458618168.0,-63302000.0,-9048000.0,1397649000.0,911464000.0,-150982000.0,2162254000.0,-2437880000.0,-118073000.0,212053000.0,271000.0,8121000.0,6107000.0,6107000.0,0.0,17412000.0,0.013,217259000.0,124702000.0,1750687000.0,27.25,1.729,29.999,27.8,20253418000.0,2014000.0,164.3,11.663,11.663,7556000.0,,479849000.0,479849000.0,0.0,,,,,12446000.0,33996000.0,1.0,136692746.0,136692746.0,,3.51,25234346000.0,0.0,0.0,0.0,184.606,
2,ARE,MRQ,2020-12-31,2020-12-31,2020-12-31,2021-07-26,-6625000.0,22827878000.0,,,,,86.893,-207094000.0,597705000.0,597705000.0,136767000.0,457133000.0,,0.8,7563286000.0,,,7563286000.0,0.0,177750000.0,0.0,0.024,1.09,479022000.0,656772000.0,1.416,656772000.0,479022000.0,441484000.0,3.41,3.4,3.41,11725712000.0,,11725712000.0,31387782986.0,33.0,19.131,-33525000.0,-0.248,1.0,326953000.0,0.705,0.0,37538000.0,29793459000.0,,0.0,1943463000.0,,,9384100000.0,,,24049654986.0,112662000.0,-153000.0,502289000.0,-267960000.0,-143040000.0,351575000.0,-413145000.0,-6361000.0,173569000.0,663000.0,441484000.0,436620000.0,436620000.0,0.0,15649000.0,0.942,237203000.0,89750000.0,1669832000.0,0.32,2.051,31.611,29.556,18092372000.0,4864000.0,178.22,12.754,12.754,7333000.0,,463720000.0,463720000.0,0.0,,,,,11394000.0,32690000.0,1.0,134943637.0,134943637.0,,3.436,22827878000.0,0.0,0.0,0.0,169.166,
3,ARE,MRQ,2020-09-30,2020-09-30,2020-09-30,2021-07-26,-10638000.0,21910671000.0,,,,,84.858,-1636107000.0,485043000.0,485043000.0,140443000.0,95799000.0,,0.895,7823171000.0,,,7823171000.0,0.0,176831000.0,0.0,0.026,1.06,124374000.0,301205000.0,0.553,301205000.0,124374000.0,81056000.0,0.64,0.63,0.64,10701814000.0,,10701814000.0,27460061680.0,39.0,20.009,-1320823000.0,-10.473,1.0,404599000.0,0.742,0.0,43318000.0,29248799000.0,,0.0,1661737000.0,,,9575551000.0,,,20178331680.0,243503000.0,-430000.0,1309235000.0,257813000.0,-133681000.0,1395812000.0,-1467956000.0,-30956000.0,315284000.0,363000.0,81056000.0,79326000.0,79326000.0,0.0,14743000.0,0.146,219838000.0,184761000.0,1609340000.0,1.656,1.886,38.556,36.53,17600648000.0,1730000.0,160.0,11.026,11.026,7641000.0,,545042000.0,545042000.0,0.0,,,,,12994000.0,36913000.0,1.0,126114573.0,126114573.0,,4.322,21910671000.0,0.0,0.0,0.0,173.736,
4,ARE,MRQ,2020-06-30,2020-06-30,2020-06-30,2021-07-26,-13080000.0,20069108000.0,,,,,74.737,-569735000.0,241540000.0,241540000.0,123911000.0,243561000.0,,0.954,7523270000.0,,,7523270000.0,0.0,168027000.0,0.0,0.025,1.06,274668000.0,442695000.0,1.013,442695000.0,274668000.0,229654000.0,1.82,1.82,1.82,9431440000.0,,9431440000.0,27291876952.0,47.0,22.635,-367345000.0,-2.911,1.0,313045000.0,0.716,0.0,45014000.0,27350838000.0,,0.0,1645323000.0,,,9000132000.0,,,20475112952.0,-246831000.0,-268000.0,0.0,217392000.0,-129981000.0,113294000.0,-563468000.0,6535000.0,202390000.0,953000.0,229654000.0,226600000.0,226600000.0,0.0,13907000.0,0.519,213020000.0,100025000.0,1343181000.0,0.582,2.171,51.934,49.167,16281125000.0,3054000.0,162.25,12.22,12.22,7208000.0,,436956000.0,436956000.0,0.0,,,,,9185000.0,31775000.0,1.0,126194841.0,126194841.0,,3.463,20069108000.0,0.0,0.0,0.0,159.033,
5,ARE,MRQ,2020-03-31,2020-03-31,2020-03-31,2021-07-26,-15606000.0,19701935000.0,,,,,75.979,-855908000.0,488371000.0,488371000.0,129103000.0,30678000.0,,0.943,7305135000.0,,,7305135000.0,0.0,175496000.0,0.0,0.03,1.03,64504000.0,240000000.0,0.546,240000000.0,64504000.0,18765000.0,0.14,0.14,0.14,9322586000.0,,9322586000.0,23352034868.0,54.0,22.914,-664641000.0,-5.417,1.0,310816000.0,0.707,0.0,45739000.0,26518699000.0,,0.0,1449147000.0,,,8787670000.0,,,16817244868.0,245682000.0,17632000.0,504338000.0,535052000.0,-126278000.0,889675000.0,-833592000.0,4684000.0,191267000.0,-1668000.0,18765000.0,16840000.0,16840000.0,0.0,11913000.0,0.038,209462000.0,101354000.0,1352554000.0,7.357,1.804,68.928,63.454,15832182000.0,1925000.0,137.06,10.43,10.43,14976000.0,,439919000.0,439919000.0,0.0,,,,,9929000.0,31963000.0,1.0,122699875.0,122699875.0,,3.585,19701935000.0,0.0,0.0,0.0,160.57,
6,ARE,MRQ,2019-12-31,2019-12-31,2019-12-31,2021-07-26,-9749000.0,18390503000.0,,,,,76.993,-1273659000.0,242689000.0,242689000.0,121852000.0,216053000.0,,0.928,6777479000.0,,,6777479000.0,0.0,140518000.0,0.0,0.025,1.03,247934000.0,388452000.0,0.952,388452000.0,247934000.0,202441000.0,1.78,1.77,1.78,8865826000.0,,8865826000.0,24890766984.0,46.0,23.016,-1095368000.0,-9.512,1.0,286262000.0,0.701,0.0,45493000.0,24925293000.0,,0.0,1487484000.0,,,8224025000.0,,,18606053984.0,-210281000.0,-2112000.0,980958000.0,32582000.0,-114571000.0,901806000.0,-1290450000.0,-14679000.0,178291000.0,72000.0,202441000.0,200587000.0,200587000.0,0.0,13612000.0,0.491,182634000.0,103628000.0,1320268000.0,0.579,2.099,53.009,51.623,14844038000.0,1854000.0,161.58,12.151,12.151,10691000.0,,408114000.0,408114000.0,0.0,,,,,10239000.0,29782000.0,1.0,115150724.0,115150724.0,,3.544,18390503000.0,0.0,0.0,0.0,159.708,
7,ARE,MRQ,2019-09-30,2019-09-30,2019-09-30,2021-07-26,-11549000.0,17058154000.0,,,,,68.686,-911689000.0,452970000.0,452970000.0,116450000.0,-36003000.0,,1.039,6737683000.0,,,6737683000.0,0.0,135570000.0,0.0,0.026,1.0,-999000.0,134571000.0,0.345,134571000.0,-999000.0,-47202000.0,-0.44,-0.44,-0.44,7790232000.0,,7790232000.0,23588813394.0,77.0,28.299,-714463000.0,-6.299,1.0,274034000.0,0.702,0.0,46203000.0,23342867000.0,,0.0,1330644000.0,,,8094534000.0,,,17470833394.0,214745000.0,-4005000.0,150093000.0,359706000.0,-113544000.0,916458000.0,-898633000.0,17061000.0,197226000.0,-306000.0,-47202000.0,-49773000.0,-49773000.0,0.0,11199000.0,-0.127,163500000.0,110534000.0,1241276000.0,-2.273,2.243,145.521,151.02,13618280000.0,2571000.0,154.04,11.937,11.937,10668000.0,,390484000.0,390484000.0,0.0,,,,,10935000.0,27930000.0,1.0,113417511.0,113417511.0,,3.443,17058154000.0,0.0,0.0,0.0,150.401,
8,ARE,MRQ,2019-06-30,2019-06-30,2019-06-30,2021-07-26,-11134000.0,16039470000.0,,,,,67.552,-632945000.0,238225000.0,238225000.0,105689000.0,87179000.0,,1.0,6356205000.0,,,6356205000.0,0.0,134437000.0,0.0,0.027,1.0,121646000.0,256083000.0,0.685,256083000.0,121646000.0,78767000.0,0.68,0.68,0.68,7629020000.0,,7629020000.0,21461796336.0,38.0,19.975,-461335000.0,-4.085,1.0,268167000.0,0.717,0.0,42879000.0,22157450000.0,,0.0,1392016000.0,,,7628001000.0,,,15934098336.0,-77580000.0,-43316000.0,85394000.0,512465000.0,-109572000.0,468412000.0,-717904000.0,-41143000.0,171610000.0,302000.0,78767000.0,76330000.0,76330000.0,0.0,8412000.0,0.204,160871000.0,107296000.0,1157417000.0,1.471,2.089,42.068,40.66,12872824000.0,2437000.0,141.09,11.261,11.261,9228000.0,,373856000.0,373856000.0,0.0,,,,,11437000.0,26434000.0,1.0,112935703.0,112935703.0,,3.31,16039470000.0,0.0,0.0,0.0,142.023,
9,ARE,MRQ,2019-03-31,2019-03-31,2019-03-31,2021-07-26,-10712000.0,15480206000.0,,,,,67.122,-659407000.0,315805000.0,315805000.0,101501000.0,136818000.0,,0.942,5843503000.0,,,5843503000.0,0.0,134087000.0,0.0,0.027,0.97,168259000.0,302346000.0,0.843,302346000.0,168259000.0,129159000.0,1.11,1.11,1.11,7566577000.0,,7566577000.0,21276688840.0,40.0,20.656,-522677000.0,-4.637,1.0,257341000.0,0.717,0.0,39100000.0,21007904000.0,,0.0,1291309000.0,,,7125292000.0,,,16070563840.0,43675000.0,-52634000.0,0.0,344866000.0,-109342000.0,640806000.0,-734333000.0,-22792000.0,136730000.0,472000.0,129159000.0,123598000.0,123598000.0,0.0,7659000.0,0.344,158764000.0,98577000.0,1171377000.0,0.874,2.124,45.339,43.2,12410350000.0,5561000.0,142.56,11.763,11.763,9645000.0,,358842000.0,358842000.0,0.0,,,,,11029000.0,24677000.0,1.0,112728422.0,112728422.0,,3.183,15480206000.0,0.0,0.0,0.0,137.323,
10,ARE,MRQ,2018-12-31,2018-12-31,2018-12-31,2021-07-26,-10435000.0,14464956000.0,,,,,68.28,-339205000.0,272130000.0,272130000.0,97682000.0,-18631000.0,,0.895,5478255000.0,,,5478255000.0,0.0,124990000.0,0.0,0.032,0.97,15555000.0,140545000.0,0.413,140545000.0,15555000.0,-24684000.0,-0.33,-0.33,-0.33,7341965000.0,,7341965000.0,17841489499.0,33.0,17.587,-182954000.0,-1.701,1.0,242781000.0,0.713,0.0,40239000.0,19671081000.0,,0.0,1129771000.0,,,6570242000.0,,,12391365499.0,38250000.0,-38507000.0,596769000.0,-206733000.0,-100000000.0,280627000.0,-397611000.0,-17399000.0,156251000.0,-1017000.0,-24684000.0,-30098000.0,-30098000.0,0.0,6053000.0,-0.088,147375000.0,95406000.0,981707000.0,-2.939,1.688,34.044,32.646,11913693000.0,5414000.0,115.24,9.335,9.335,9798000.0,,340463000.0,340463000.0,0.0,,,,,9810000.0,22385000.0,1.0,107526601.0,107526601.0,,3.166,14464956000.0,0.0,0.0,0.0,134.524,
11,ARE,MRQ,2018-09-30,2018-09-30,2018-09-30,2021-07-26,-3811000.0,14105566000.0,,,,,64.986,-485030000.0,233880000.0,233880000.0,99759000.0,219359000.0,,0.974,5684004000.0,,,5684004000.0,0.0,119600000.0,0.0,0.029,0.93,255880000.0,375480000.0,1.098,375480000.0,255880000.0,213636000.0,2.01,1.99,2.01,6872783000.0,,6872783000.0,18595483698.0,31.0,17.591,-329183000.0,-3.113,1.0,242064000.0,0.708,0.0,42244000.0,19555690000.0,,0.0,1155326000.0,,,6692182000.0,,,13303219698.0,-87961000.0,35577000.0,296325000.0,69747000.0,-97592000.0,251320000.0,-495250000.0,-42797000.0,155847000.0,122000.0,213636000.0,208940000.0,208940000.0,0.0,5723000.0,0.611,142260000.0,99804000.0,907094000.0,0.463,1.936,30.925,29.667,11587312000.0,4696000.0,125.79,10.346,10.346,11041000.0,,341823000.0,341823000.0,0.0,,,,,9986000.0,22660000.0,1.0,105757371.0,105757371.0,,3.232,14105566000.0,0.0,0.0,0.0,133.377,
12,ARE,MRQ,2018-06-30,2018-06-30,2018-06-30,2021-07-26,-2485000.0,13562190000.0,,,,,62.734,-610363000.0,321841000.0,321841000.0,91908000.0,60547000.0,,1.016,5614105000.0,,,5614105000.0,0.0,118852000.0,0.0,0.028,0.93,92827000.0,211679000.0,0.651,211679000.0,92827000.0,54730000.0,0.51,0.51,0.51,6460461000.0,,6460461000.0,17945130516.0,42.0,20.527,-481043000.0,-4.671,1.0,233126000.0,0.717,0.0,38097000.0,18854454000.0,,0.0,983725000.0,,,6562055000.0,,,12993314516.0,62859000.0,-22161000.0,300838000.0,410250000.0,-91980000.0,605167000.0,-670861000.0,-43837000.0,129320000.0,-767000.0,54730000.0,52016000.0,52016000.0,0.0,5817000.0,0.16,148102000.0,85024000.0,849274000.0,1.824,2.011,47.681,45.385,11190771000.0,2714000.0,126.17,10.569,10.569,8704000.0,,325034000.0,325034000.0,0.0,,,,,7975000.0,22939000.0,1.0,102982599.0,102982599.0,,3.156,13562190000.0,0.0,0.0,0.0,131.694,
13,ARE,MRQ,2018-03-31,2018-03-31,2018-03-31,2021-07-26,1228000.0,12821196000.0,,,,,61.188,-509560000.0,258982000.0,258982000.0,91771000.0,141518000.0,,0.983,5210798000.0,,,5210798000.0,0.0,114219000.0,0.0,0.028,0.9,172545000.0,286764000.0,0.896,286764000.0,172545000.0,135630000.0,1.33,1.32,1.33,6194597000.0,,6194597000.0,17131341851.0,43.0,20.576,-380639000.0,-3.76,1.0,228368000.0,0.713,0.0,36915000.0,17773012000.0,,0.0,894175000.0,,,6087849000.0,,,12643720851.0,-18204000.0,-58247000.0,99369000.0,444953000.0,-91060000.0,451319000.0,-598038000.0,-30231000.0,128921000.0,-406000.0,135630000.0,132387000.0,132387000.0,0.0,5888000.0,0.414,136640000.0,91728000.0,783986000.0,0.677,2.041,50.149,47.668,10671227000.0,3243000.0,124.89,10.739,10.739,11258000.0,,320139000.0,320139000.0,0.0,,,,,7248000.0,22421000.0,1.0,101238857.0,101238857.0,,3.162,12821196000.0,0.0,0.0,0.0,126.643,
14,ARE,MRQ,2017-12-31,2017-12-31,2017-12-31,2021-07-26,50024000.0,12103953000.0,,,,,62.158,-306339000.0,277186000.0,277186000.0,88073000.0,45607000.0,,0.945,4764807000.0,,,4764807000.0,0.0,107714000.0,0.0,0.026,0.9,75470000.0,183184000.0,0.613,183184000.0,75470000.0,39388000.0,0.39,0.38,0.39,5949666000.0,,5949666000.0,17170555897.0,58.0,24.031,-212699000.0,-2.222,1.0,210718000.0,0.705,0.0,36082000.0,16591574000.0,,0.0,633872000.0,,,5620784000.0,,,12499790897.0,130911000.0,-77919000.0,570006000.0,-50347000.0,-82317000.0,460489000.0,-423362000.0,-32104000.0,93640000.0,144000.0,39388000.0,36831000.0,36831000.0,0.0,6219000.0,0.123,126624000.0,84094000.0,763832000.0,2.308,2.101,85.971,82.132,10298019000.0,2557000.0,130.59,11.08,11.08,10262000.0,,298791000.0,298791000.0,0.0,,,,,6961000.0,18910000.0,1.0,95717826.0,95717826.0,,3.122,12103953000.0,0.0,0.0,0.0,126.455,
15,ARE,MRQ,2017-09-30,2017-09-30,2017-09-30,2021-07-26,43864000.0,11545323000.0,,,,,57.751,-334106000.0,146275000.0,146275000.0,83469000.0,59546000.0,,1.043,4817040000.0,,,4817040000.0,0.0,107788000.0,0.0,0.028,0.86,84804000.0,192592000.0,0.675,192592000.0,84804000.0,53773000.0,0.55,0.55,0.55,5406970000.0,,5406970000.0,15769209066.0,59.0,23.428,-200610000.0,-2.143,1.0,201901000.0,0.708,0.0,31031000.0,16216088000.0,,0.0,518954000.0,,,5640512000.0,,,11138703066.0,1396000.0,38491000.0,245784000.0,40401000.0,-80518000.0,199097000.0,-332044000.0,-40679000.0,133496000.0,847000.0,53773000.0,51273000.0,51273000.0,0.0,5773000.0,0.18,125424000.0,76477000.0,740070000.0,1.564,2.06,133.498,133.674,10046521000.0,2500000.0,118.97,10.328,10.328,9899000.0,,285370000.0,285370000.0,0.0,,,,,7893000.0,17636000.0,1.0,93626150.0,93626150.0,,3.048,11545323000.0,0.0,0.0,0.0,123.313,
16,ARE,MRQ,2017-06-30,2017-06-30,2017-06-30,2021-07-26,22677000.0,11245667000.0,,,,,56.626,-480103000.0,144879000.0,144879000.0,76980000.0,41496000.0,,1.084,4775385000.0,,,4775385000.0,0.0,104098000.0,0.0,0.028,0.86,65969000.0,170067000.0,0.623,170067000.0,65969000.0,34221000.0,0.35,0.35,0.35,5157164000.0,,5157164000.0,15232769137.0,65.0,25.056,-364001000.0,-3.997,1.0,196079000.0,0.718,0.0,31748000.0,15876173000.0,,0.0,483003000.0,,,5591176000.0,,,10971612137.0,-24650000.0,-163000.0,241848000.0,343417000.0,-75591000.0,372065000.0,-513364000.0,-30348000.0,116102000.0,547000.0,34221000.0,31630000.0,31630000.0,0.0,7275000.0,0.116,123535000.0,72544000.0,734189000.0,2.457,2.127,291.674,293.829,9819413000.0,2591000.0,120.47,10.72,10.72,8393000.0,,273059000.0,273059000.0,0.0,,,,,5504000.0,19234000.0,1.0,91073397.0,91073397.0,,2.998,11245667000.0,0.0,0.0,0.0,123.479,
17,ARE,MRQ,2017-03-31,2017-03-31,2017-03-31,2021-07-26,21460000.0,10868626000.0,,,,,55.723,-433289000.0,169529000.0,169529000.0,77087000.0,47555000.0,,1.095,4430686000.0,,,4430686000.0,0.0,97183000.0,0.0,0.029,0.83,71495000.0,168678000.0,0.623,168678000.0,71495000.0,41711000.0,0.29,0.29,0.29,4952431000.0,,4952431000.0,13845199485.0,169.0,32.85,-325645000.0,-3.664,1.0,193790000.0,0.715,0.0,29784000.0,15129783000.0,,0.0,444928000.0,,,5422299000.0,,,9822540485.0,28163000.0,0.0,217759000.0,268956000.0,-73705000.0,388690000.0,-468356000.0,-38267000.0,107644000.0,185000.0,41711000.0,25661000.0,25661000.0,0.0,5844000.0,0.095,116412000.0,77378000.0,782637000.0,2.862,1.983,-80.736,-66.578,9470667000.0,16050000.0,110.52,10.059,10.059,9979000.0,,270877000.0,270877000.0,0.0,,,,,5252000.0,19229000.0,1.0,88875683.0,88875683.0,,3.048,10868626000.0,0.0,0.0,0.0,122.29,
18,ARE,MRQ,2016-12-31,2016-12-31,2016-12-31,2021-07-26,5355000.0,10354888000.0,,,,,61.649,-808943000.0,141366000.0,141366000.0,73244000.0,19792000.0,,1.016,4164025000.0,,,4164025000.0,0.0,95222000.0,0.0,0.029,0.83,46527000.0,141749000.0,0.569,141749000.0,46527000.0,15304000.0,-0.3,-0.3,-0.3,4895796000.0,,4895796000.0,12980051267.0,316.0,36.621,-707307000.0,-8.907,1.0,175918000.0,0.706,0.0,31223000.0,14377547000.0,,0.0,392698000.0,,,4972610000.0,,,8825291267.0,-45434000.0,-4605000.0,1064375000.0,-388737000.0,-62381000.0,636055000.0,-783105000.0,-24105000.0,101636000.0,-20000.0,15304000.0,-25127000.0,-25127000.0,0.0,4488000.0,-0.101,128704000.0,47214000.0,731671000.0,-2.767,1.803,-58.391,-55.844,9077972000.0,40431000.0,111.13,9.575,9.575,9744000.0,,249162000.0,249162000.0,0.0,,,,,6426000.0,17458000.0,1.0,79414121.0,79414121.0,,3.138,10354888000.0,0.0,0.0,0.0,130.391,
19,ARE,MRQ,2016-09-30,2016-09-30,2016-09-30,2021-07-26,-31745000.0,9293901000.0,,,,,50.146,-283188000.0,174334000.0,174334000.0,72002000.0,28559000.0,,1.279,4329094000.0,,,4329094000.0,0.0,77133000.0,0.0,0.029,0.8,50325000.0,127458000.0,0.553,127458000.0,50325000.0,24475000.0,0.07,0.07,0.07,3910078000.0,,3910078000.0,12328591318.0,190.0,34.712,-163445000.0,-2.096,1.0,158377000.0,0.687,0.0,25850000.0,13448661000.0,,0.0,454569000.0,,,5000980000.0,,,8481185318.0,-98072000.0,-978000.0,0.0,209680000.0,-62377000.0,124161000.0,-341337000.0,-2248000.0,119743000.0,-639000.0,24475000.0,5452000.0,5452000.0,0.0,4084000.0,0.024,101101000.0,57276000.0,605181000.0,11.429,2.169,-93.32,-89.893,7939179000.0,19023000.0,108.77,9.46,9.46,9635000.0,,230379000.0,230379000.0,0.0,,,,,7451000.0,15854000.0,1.0,77973571.0,77973571.0,,2.955,9293901000.0,0.0,0.0,0.0,119.193,
20,ARE,MRQ,2016-06-30,2016-06-30,2016-06-30,2021-07-26,8272000.0,9144830000.0,,,,,54.44,-186655000.0,269131000.0,269131000.0,67325000.0,-108116000.0,,1.188,4116537000.0,,,4116537000.0,0.0,70169000.0,0.0,0.03,0.8,-86591000.0,-16422000.0,-0.073,-16422000.0,-86591000.0,-111616000.0,-1.72,-1.72,-1.72,4021709000.0,,4021709000.0,11577872942.0,142.0,31.906,-116329000.0,-1.575,1.0,158751000.0,0.702,0.0,25025000.0,12992236000.0,,0.0,492483000.0,,,4777353000.0,,,7647455942.0,109803000.0,-5497000.0,342524000.0,30893000.0,-59099000.0,242779000.0,-202842000.0,-10615000.0,70326000.0,-460000.0,-111616000.0,-127648000.0,-127648000.0,0.0,3500000.0,-0.565,241696000.0,-82945000.0,593628000.0,-0.465,1.902,-120.1,-126.244,7774608000.0,16032000.0,103.52,8.644,8.644,9196000.0,,226076000.0,226076000.0,0.0,,,,,6117000.0,15384000.0,1.0,73874188.0,73874188.0,,3.06,9144830000.0,0.0,0.0,0.0,123.789,
21,ARE,MRQ,2016-03-31,2016-03-31,2016-03-31,2021-07-26,-8533000.0,8971532000.0,,,,,52.682,-159501000.0,161082000.0,161082000.0,65837000.0,9966000.0,,1.238,4091499000.0,,,4091499000.0,0.0,70866000.0,0.0,0.034,0.8,30791000.0,101657000.0,0.47,101657000.0,30791000.0,5936000.0,-0.05,-0.05,-0.05,3865720000.0,,3865720000.0,10481137150.0,45.0,20.701,-57719000.0,-0.787,1.0,150252000.0,0.695,0.0,24855000.0,12901949000.0,,0.0,443328000.0,,,4784241000.0,,,6669312150.0,21099000.0,-449000.0,25278000.0,154265000.0,-56490000.0,90780000.0,-171122000.0,-11172000.0,101782000.0,-341000.0,5936000.0,-3818000.0,-3818000.0,0.0,4030000.0,-0.018,115034000.0,35218000.0,628467000.0,-16.0,1.725,70.009,67.828,7741466000.0,9754000.0,90.89,7.73,7.73,9979000.0,,216089000.0,216089000.0,0.0,,,,,5439000.0,15188000.0,1.0,73377843.0,73377843.0,,2.945,8971532000.0,0.0,0.0,0.0,122.265,
22,ARE,MRQ,2015-12-31,2015-12-31,2015-12-31,2021-07-26,49191000.0,8881017000.0,,,,,54.83,-72192000.0,153970000.0,153970000.0,68913000.0,42977000.0,,1.154,3935692000.0,,,3935692000.0,0.0,72245000.0,0.0,0.034,0.77,70235000.0,142480000.0,0.636,142480000.0,70235000.0,42005000.0,0.49,0.49,0.49,3975087000.0,,3975087000.0,10751860761.0,43.0,21.028,24008000.0,0.331,1.0,155042000.0,0.692,0.0,28230000.0,12662739000.0,,0.0,480677000.0,,,4587053000.0,,,6551004761.0,48715000.0,-1048000.0,73411000.0,-348347000.0,-55824000.0,117488000.0,-164905000.0,-416000.0,96200000.0,-68000.0,42005000.0,35131000.0,35131000.0,0.0,972000.0,0.157,96087000.0,58955000.0,589356000.0,1.571,1.648,56.055,55.436,7629922000.0,6874000.0,90.36,7.767,7.767,10485000.0,,223955000.0,223955000.0,0.0,,,,,4590000.0,15102000.0,1.0,72498946.0,72498946.0,,3.089,8881017000.0,0.0,0.0,0.0,122.499,
23,ARE,MRQ,2015-09-30,2015-09-30,2015-09-30,2021-07-26,35238000.0,8737344000.0,,,,,51.988,-339808000.0,113376000.0,113376000.0,68846000.0,39699000.0,,1.32,4314232000.0,,,4314232000.0,0.0,67953000.0,0.0,0.036,0.77,67208000.0,135161000.0,0.618,135161000.0,67208000.0,39529000.0,0.46,0.46,0.46,3759162000.0,,3759162000.0,10102442153.0,52.0,22.876,-244797000.0,-3.385,1.0,149764000.0,0.685,0.0,27679000.0,12938200000.0,,0.0,330570000.0,,,4962166000.0,,,6122284153.0,7766000.0,-4797000.0,0.0,221366000.0,-55677000.0,154519000.0,-241450000.0,1906000.0,95011000.0,-314000.0,39529000.0,32659000.0,32659000.0,0.0,170000.0,0.149,83096000.0,66668000.0,586594000.0,1.674,1.629,93.353,92.033,7654209000.0,6870000.0,84.67,7.575,7.575,10124000.0,,218610000.0,218610000.0,0.0,,,,,5178000.0,15143000.0,1.0,72307596.0,72307596.0,,3.023,8737344000.0,0.0,0.0,0.0,120.836,
24,ARE,MRQ,2015-06-30,2015-06-30,2015-06-30,2021-07-26,83980000.0,8524891000.0,,,,,53.066,-140386000.0,112808000.0,112808000.0,62250000.0,38430000.0,,1.226,4092966000.0,,,4092966000.0,0.0,62171000.0,0.0,0.034,0.77,64835000.0,127006000.0,0.622,127006000.0,64835000.0,38167000.0,0.44,0.44,0.44,3822876000.0,,3822876000.0,10057216192.0,55.0,23.946,-95827000.0,-1.33,1.0,141906000.0,0.695,0.0,26668000.0,12505049000.0,,0.0,360614000.0,,,4685772000.0,,,6300635192.0,-22024000.0,-643000.0,5052000.0,189141000.0,-53308000.0,79448000.0,-145988000.0,-17458000.0,44559000.0,-43000.0,38167000.0,31291000.0,31291000.0,0.0,263000.0,0.153,77160000.0,64746000.0,531612000.0,1.75,1.648,104.058,102.894,7442875000.0,6876000.0,87.46,8.128,8.128,9279000.0,,204156000.0,204156000.0,0.0,,,,,4054000.0,14989000.0,1.0,72040192.0,72040192.0,,2.834,8524891000.0,0.0,0.0,0.0,118.335,
25,ARE,MRQ,2015-03-31,2015-03-31,2015-03-31,2021-07-26,29213000.0,8405221000.0,,,,,52.483,-130954000.0,147345000.0,147345000.0,61223000.0,25008000.0,,1.219,3903926000.0,,,3903926000.0,0.0,58920000.0,0.0,0.03,0.74,47752000.0,106672000.0,0.542,106672000.0,47752000.0,24516000.0,0.25,0.25,0.25,3780548000.0,,3780548000.0,10627891674.0,63.0,26.402,-24113000.0,-0.335,1.0,135530000.0,0.689,0.0,23236000.0,12161802000.0,,0.0,283062000.0,,,4608369000.0,,,7062207674.0,4630000.0,-2539000.0,0.0,138651000.0,-53295000.0,67671000.0,-170052000.0,-8559000.0,106841000.0,170000.0,24516000.0,17786000.0,17786000.0,43000.0,492000.0,0.09,87817000.0,47713000.0,645619000.0,2.96,1.868,123.487,122.55,7388059000.0,6730000.0,98.04,9.448,9.448,10627000.0,,196753000.0,196753000.0,0.0,,,,,3690000.0,14387000.0,1.0,72033942.0,72033942.0,,2.731,8405221000.0,0.0,0.0,0.0,116.684,
26,ARE,MRQ,2014-12-31,2014-12-31,2014-12-31,2021-07-26,-628000.0,8136036000.0,,,,,53.167,-129599000.0,112895000.0,112895000.0,56881000.0,-6030000.0,,1.104,3678579000.0,,,3678579000.0,0.0,57973000.0,0.0,0.032,0.74,14796000.0,72769000.0,0.386,72769000.0,14796000.0,-7392000.0,-0.23,-0.23,-0.23,3828439000.0,,3828439000.0,9799822100.0,54.0,24.199,-50398000.0,-0.7,1.0,131793000.0,0.699,0.0,22188000.0,11701720000.0,,0.0,353795000.0,,,4226478000.0,,,6389975100.0,18988000.0,-3233000.0,0.0,177447000.0,-51846000.0,101332000.0,-160490000.0,-19639000.0,79201000.0,-1055000.0,-7392000.0,-16154000.0,-16154000.0,-1722000.0,1362000.0,-0.086,123509000.0,8284000.0,489085000.0,-3.217,1.669,88.611,87.861,7108610000.0,8762000.0,88.74,8.791,8.791,10548000.0,,188674000.0,188674000.0,0.0,,,,,4624000.0,13861000.0,1.0,72007833.0,72007833.0,,2.62,8136036000.0,0.0,0.0,0.0,112.988,
27,ARE,MRQ,2014-09-30,2014-09-30,2014-09-30,2021-07-26,-28711000.0,8020314000.0,,,,,54.01,-123772000.0,91268000.0,91268000.0,57423000.0,35943000.0,,1.049,3501115000.0,,,3501115000.0,0.0,58388000.0,0.0,0.038,0.72,55158000.0,113546000.0,0.612,113546000.0,55158000.0,34603000.0,0.39,0.39,0.39,3875198000.0,,3875198000.0,8540161684.0,38.0,19.357,-13139000.0,-0.183,1.0,128192000.0,0.691,0.0,20555000.0,11430161000.0,,0.0,177577000.0,,,4063199000.0,,,5291520684.0,5322000.0,-66120000.0,0.0,166290000.0,-51673000.0,98126000.0,-201162000.0,-5022000.0,110633000.0,-2275000.0,34603000.0,27626000.0,27626000.0,180000.0,1340000.0,0.149,70997000.0,57195000.0,504535000.0,1.846,1.365,42.497,41.903,7197630000.0,6977000.0,73.75,7.484,7.484,10830000.0,,185615000.0,185615000.0,0.0,,,,,3068000.0,12609000.0,1.0,71749433.0,71749433.0,,2.587,8020314000.0,0.0,0.0,0.0,111.782,
28,ARE,MRQ,2014-06-30,2014-06-30,2014-06-30,2021-07-26,-16245000.0,7815649000.0,,,,,54.527,-136784000.0,86220000.0,86220000.0,52353000.0,36116000.0,,0.98,3334861000.0,,,3334861000.0,0.0,57314000.0,0.0,0.036,0.72,52242000.0,109556000.0,0.621,109556000.0,52242000.0,34809000.0,0.39,0.39,0.39,3906802000.0,,3906802000.0,8709205702.0,40.0,20.52,-65552000.0,-0.915,1.0,124049000.0,0.703,0.0,17433000.0,11064290000.0,,0.0,174802000.0,,,3826766000.0,,,5562848702.0,-13269000.0,-658000.0,0.0,83149000.0,-50153000.0,25380000.0,-110458000.0,21194000.0,71232000.0,577000.0,34809000.0,27932000.0,27932000.0,147000.0,1307000.0,0.158,71150000.0,52899000.0,434528000.0,1.846,1.424,45.797,45.14,7030117000.0,6877000.0,77.64,8.184,8.184,10654000.0,,176402000.0,176402000.0,0.0,,,,,3076000.0,13836000.0,1.0,71649262.0,71649262.0,,2.462,7815649000.0,0.0,0.0,0.0,109.082,
29,ARE,MRQ,2014-03-31,2014-03-31,2014-03-31,2021-07-26,-18429000.0,7756039000.0,,,,,54.755,-153925000.0,105424000.0,105424000.0,52507000.0,40749000.0,,0.956,3251781000.0,,,3251781000.0,0.0,50421000.0,0.0,0.037,0.7,58677000.0,109098000.0,0.619,109098000.0,58677000.0,39554000.0,0.46,0.46,0.46,3922736000.0,,3922736000.0,8173946696.0,38.0,19.947,-80666000.0,-1.126,1.0,123679000.0,0.702,0.0,19123000.0,10902396000.0,,0.0,169322000.0,,,3751534000.0,,,5198290696.0,17274000.0,-747000.0,0.0,142186000.0,-48714000.0,106474000.0,-162719000.0,-7907000.0,73259000.0,260000.0,39554000.0,32709000.0,32709000.0,162000.0,1195000.0,0.186,63645000.0,60034000.0,443893000.0,1.522,1.325,43.677,42.433,6930262000.0,6845000.0,72.56,7.909,7.909,10619000.0,,176186000.0,176186000.0,0.0,,,,,3228000.0,13224000.0,1.0,71641272.0,71641272.0,,2.459,7756039000.0,0.0,0.0,0.0,108.262,
30,ARE,MRQ,2013-12-31,2013-12-31,2013-12-31,2021-07-26,-36204000.0,7529764000.0,,,,,54.683,-188628000.0,85405000.0,85405000.0,49892000.0,44222000.0,,0.907,3061061000.0,,,3061061000.0,0.0,48101000.0,0.0,0.041,0.68,60895000.0,108996000.0,0.646,108996000.0,60895000.0,43112000.0,0.52,0.52,0.52,3916789000.0,,3916789000.0,7343301411.0,36.0,18.593,-112277000.0,-1.568,1.0,118931000.0,0.704,0.0,17783000.0,10505420000.0,,0.0,140288000.0,,,3550823000.0,,,4556951411.0,3857000.0,-4106000.0,-1217000.0,190071000.0,-48709000.0,130713000.0,-200258000.0,-9468000.0,76351000.0,-2949000.0,43112000.0,36247000.0,36247000.0,143000.0,1110000.0,0.215,60835000.0,58096000.0,435342000.0,1.308,1.163,41.903,39.763,6776914000.0,6865000.0,63.62,7.22,7.22,9918000.0,,168823000.0,168823000.0,0.0,,,,,4011000.0,12751000.0,1.0,71627655.0,71627655.0,,2.357,7529764000.0,0.0,0.0,0.0,105.124,
31,ARE,MRQ,2013-09-30,2013-09-30,2013-09-30,2021-07-26,-40026000.0,7358369000.0,,,,,54.858,-175750000.0,84493000.0,84493000.0,47684000.0,32453000.0,,0.862,2870843000.0,,,2870843000.0,0.0,49102000.0,0.0,0.039,0.68,47664000.0,96766000.0,0.611,96766000.0,47664000.0,31493000.0,0.35,0.35,0.35,3919028000.0,,3919028000.0,7187701368.0,38.0,18.927,-83515000.0,-1.169,1.0,110631000.0,0.699,0.0,16171000.0,10144719000.0,,0.0,129163000.0,,,3377395000.0,,,4561396368.0,-248366000.0,-8992000.0,1217000.0,-85612000.0,-46435000.0,-168668000.0,-174645000.0,-4796000.0,92235000.0,2712000.0,31493000.0,24579000.0,24579000.0,43000.0,960000.0,0.155,60532000.0,50099000.0,452139000.0,1.943,1.164,48.783,44.65,6613761000.0,6914000.0,63.85,7.445,7.445,8671000.0,,158315000.0,158315000.0,0.0,,,,,3729000.0,11666000.0,1.0,71439254.0,71439254.0,,2.216,7358369000.0,0.0,0.0,0.0,103.002,
32,ARE,MRQ,2013-06-30,2013-06-30,2013-06-30,2021-07-26,-39565000.0,7379289000.0,,,,,61.682,-138070000.0,333119000.0,333119000.0,46277000.0,33337000.0,,0.858,2959424000.0,,,2959424000.0,0.0,46580000.0,0.0,0.036,0.65,48335000.0,94915000.0,0.617,94915000.0,48335000.0,32357000.0,0.38,0.38,0.38,3937622000.0,,3937622000.0,7262915191.0,41.0,19.858,-41170000.0,-0.645,1.0,107653000.0,0.699,0.0,15978000.0,10005594000.0,,0.0,122605000.0,,,3379814000.0,,,4195394191.0,215204000.0,-2815000.0,534469000.0,-228478000.0,-38245000.0,267034000.0,-146948000.0,3102000.0,96900000.0,-1782000.0,32357000.0,25483000.0,25483000.0,-249000.0,980000.0,0.166,58027000.0,49626000.0,368249000.0,1.711,1.065,52.725,52.576,6453379000.0,6874000.0,65.72,7.025,7.025,7577000.0,,153930000.0,153930000.0,0.0,,,,,4463000.0,12455000.0,1.0,63837404.0,63837404.0,,2.411,7379289000.0,0.0,0.0,0.0,115.595,
33,ARE,MRQ,2013-03-31,2013-03-31,2013-03-31,2021-07-26,-22890000.0,7090919000.0,,,,,53.868,-59042000.0,117009000.0,117009000.0,45186000.0,30237000.0,,1.047,3184530000.0,,,3184530000.0,0.0,46995000.0,0.0,0.031,0.6,47275000.0,94270000.0,0.628,94270000.0,47275000.0,29255000.0,0.36,0.36,0.36,3433603000.0,,3433603000.0,7525394649.0,44.0,20.567,-11801000.0,-0.185,1.0,104897000.0,0.699,0.0,18020000.0,10158440000.0,,0.0,123543000.0,,,3595638000.0,,,4524363649.0,-53970000.0,-2074000.0,0.0,2466000.0,-35687000.0,-31509000.0,-69524000.0,-8391000.0,47241000.0,-178000.0,29255000.0,22442000.0,22442000.0,-837000.0,982000.0,0.15,57477000.0,47420000.0,367153000.0,1.667,1.318,63.098,61.19,6375182000.0,6813000.0,70.98,7.683,7.683,9261000.0,,150083000.0,150083000.0,0.0,,,,,3349000.0,11648000.0,1.0,63741387.0,63741387.0,,2.355,7090919000.0,0.0,0.0,0.0,111.245,
34,ARE,MRQ,2012-12-31,2012-12-31,2012-12-31,2021-07-26,-24833000.0,7150116000.0,,,,,54.042,-142964000.0,180918000.0,180918000.0,45998000.0,28807000.0,,1.06,3181949000.0,,,3181949000.0,0.0,48072000.0,0.0,0.03,0.56,45739000.0,93811000.0,0.624,93811000.0,45739000.0,27795000.0,0.34,0.34,0.34,3441851000.0,,3441851000.0,7307236231.0,43.0,20.113,-64921000.0,-1.019,1.0,104345000.0,0.694,0.0,17944000.0,10151147000.0,,0.0,115048000.0,,,3647058000.0,,,4414859231.0,46067000.0,-1658000.0,-553000.0,144811000.0,-33755000.0,118656000.0,-149705000.0,-7159000.0,78043000.0,-927000.0,27795000.0,21000000.0,21000000.0,-3654000.0,1012000.0,0.14,61248000.0,43097000.0,423708000.0,1.647,1.283,65.28,63.596,6424578000.0,6795000.0,69.32,7.685,7.685,8449000.0,,150343000.0,150343000.0,0.0,,,,,3748000.0,12622000.0,1.0,63688102.0,63688102.0,,2.361,7150116000.0,0.0,0.0,0.0,112.268,
35,ARE,MRQ,2012-09-30,2012-09-30,2012-09-30,2021-07-26,-19729000.0,6965017000.0,,,,,55.052,-112312000.0,139767000.0,139767000.0,44203000.0,18305000.0,,0.998,3032144000.0,,,3032144000.0,0.0,48173000.0,0.0,0.027,0.53,34569000.0,82742000.0,0.579,82742000.0,34569000.0,17477000.0,0.17,0.17,0.17,3455890000.0,,3455890000.0,7491179069.0,43.0,20.835,-28349000.0,-0.452,1.0,98647000.0,0.691,0.0,17092000.0,9857394000.0,,0.0,107808000.0,,,3448397000.0,,,4615253069.0,13967000.0,-124000.0,61058000.0,38158000.0,-31952000.0,47636000.0,-115664000.0,-3307000.0,83963000.0,-1968000.0,17477000.0,10646000.0,10646000.0,4196000.0,828000.0,0.075,59054000.0,39593000.0,376785000.0,3.118,1.335,62.716,61.267,6300027000.0,6831000.0,73.52,8.362,8.362,10124000.0,,142850000.0,142850000.0,0.0,,,,,3845000.0,12470000.0,1.0,62775477.0,62775477.0,,2.276,6965017000.0,0.0,0.0,0.0,110.951,
36,ARE,MRQ,2012-06-30,2012-06-30,2012-06-30,2021-07-26,-37370000.0,6841739000.0,,,,,54.708,-159215000.0,122834000.0,122834000.0,42102000.0,25641000.0,,0.997,2998760000.0,,,2998760000.0,0.0,52355000.0,0.0,0.027,0.51,42712000.0,95067000.0,0.653,95067000.0,42712000.0,24790000.0,0.29,0.29,0.29,3396521000.0,,3396521000.0,7187133001.0,39.0,19.794,-65373000.0,-1.053,1.0,103491000.0,0.711,0.0,17922000.0,9717665000.0,,0.0,104454000.0,,,3385154000.0,,,4514810001.0,3576000.0,-1004000.0,37428000.0,209163000.0,-30405000.0,77217000.0,-168483000.0,1868000.0,93842000.0,1000000.0,24790000.0,17616000.0,17616000.0,-4713000.0,851000.0,0.121,63039000.0,40452000.0,348037000.0,1.759,1.329,51.535,50.853,6208354000.0,7174000.0,72.72,8.251,8.251,6143000.0,,145593000.0,145593000.0,0.0,,,,,3274000.0,12298000.0,1.0,62084846.0,62084846.0,,2.345,6841739000.0,0.0,0.0,0.0,110.2,
37,ARE,MRQ,2012-03-31,2012-03-31,2012-03-31,2021-07-26,-23088000.0,6718091000.0,,,,,54.485,-140531000.0,117164000.0,117164000.0,40453000.0,32775000.0,,0.97,2789487000.0,,,2789487000.0,0.0,43405000.0,0.0,0.026,0.49,48290000.0,91695000.0,0.676,91695000.0,48290000.0,32064000.0,0.3,0.3,0.3,3379770000.0,,3379770000.0,7213722955.0,37.0,20.132,-90846000.0,-1.465,1.0,95258000.0,0.702,0.0,16226000.0,9390414000.0,,0.0,98152000.0,,,3279089000.0,,,4536329955.0,-1178000.0,18336000.0,112000.0,5160000.0,-30386000.0,71351000.0,-124248000.0,-653000.0,49685000.0,2034000.0,32064000.0,18368000.0,18368000.0,-4645000.0,711000.0,0.135,50279000.0,44979000.0,323002000.0,1.633,1.342,47.265,46.285,6113252000.0,13696000.0,73.13,8.325,8.325,8836000.0,,135711000.0,135711000.0,0.0,,,,,3293000.0,10357000.0,1.0,62031040.0,62031040.0,,2.188,6718091000.0,0.0,0.0,0.0,108.302,
38,ARE,MRQ,2011-12-31,2011-12-31,2011-12-31,2021-07-26,-34511000.0,6574129000.0,,,,,54.464,-130802000.0,101871000.0,101871000.0,39620000.0,35462000.0,,0.931,2779264000.0,,,2779264000.0,0.0,40966000.0,0.0,0.027,0.49,49072000.0,90038000.0,0.705,90038000.0,49072000.0,34320000.0,0.44,0.44,0.44,3374301000.0,,3374301000.0,6831363209.0,35.0,19.362,-63814000.0,-1.03,1.0,88180000.0,0.69,0.0,14752000.0,9251522000.0,,0.0,95777000.0,,,3141236000.0,,,4272982209.0,5483000.0,-2000000.0,952000.0,119332000.0,-29102000.0,81827000.0,-138077000.0,-5983000.0,66988000.0,-5255000.0,34320000.0,26960000.0,26960000.0,-10198000.0,1142000.0,0.211,48164000.0,40016000.0,325393000.0,1.114,1.266,41.903,39.867,6008440000.0,7360000.0,68.97,7.96,7.96,7480000.0,0.0,127800000.0,127800000.0,0.0,,,,,3306000.0,10584000.0,1.0,61954215.0,61954215.0,,2.063,6574129000.0,0.0,0.0,0.0,106.113,
39,ARE,MRQ,2011-09-30,2011-09-30,2011-09-30,2021-07-26,-32202000.0,6455556000.0,,,,,54.471,-114587000.0,100985000.0,100985000.0,40859000.0,32995000.0,,0.897,2659366000.0,,,2659366000.0,0.0,39990000.0,0.0,0.03,0.47,46302000.0,86292000.0,0.625,86292000.0,46302000.0,32029000.0,0.4,0.4,0.4,3373494000.0,,3373494000.0,6270985829.0,25.0,15.462,-44843000.0,-0.724,1.0,97195000.0,0.704,0.0,14273000.0,9013937000.0,,0.0,88777000.0,,,3024697000.0,,,3802013829.0,12131000.0,-1218000.0,1000.0,102267000.0,-27891000.0,61979000.0,-119719000.0,-1027000.0,69744000.0,127000.0,32029000.0,24662000.0,24662000.0,-1805000.0,966000.0,0.179,49036000.0,48159000.0,330044000.0,1.175,1.127,23.989,20.601,5925292000.0,7367000.0,61.39,7.169,7.169,6599000.0,0.0,138054000.0,138054000.0,0.0,,,,,3344000.0,10289000.0,1.0,61932136.0,61932136.0,,2.229,6455556000.0,0.0,0.0,0.0,104.236,
40,ARE,MRQ,2011-06-30,2011-06-30,2011-06-30,2021-07-26,-6272000.0,6343284000.0,,,,,61.221,-387856000.0,84357000.0,84357000.0,40595000.0,34311000.0,,0.85,2553329000.0,,,2553329000.0,0.0,40363000.0,0.0,0.022,0.45,49940000.0,90303000.0,0.63,90303000.0,49940000.0,33373000.0,0.44,0.44,0.44,3398583000.0,,3398583000.0,6858583912.0,27.0,17.28,-322096000.0,-5.802,1.0,102726000.0,0.717,0.0,16567000.0,8812256000.0,,0.0,88862000.0,,,2887427000.0,,,4297826912.0,-17271000.0,-1281000.0,451907000.0,-117306000.0,-24973000.0,305650000.0,-389521000.0,-121000.0,65760000.0,840000.0,33373000.0,25986000.0,25986000.0,-337000.0,938000.0,0.181,50937000.0,51789000.0,300030000.0,1.023,1.265,27.54,25.551,5855352000.0,7387000.0,77.42,8.384,8.384,4487000.0,0.0,143321000.0,143321000.0,0.0,,,,,2749000.0,10764000.0,1.0,55513135.0,55513135.0,,2.582,6343284000.0,0.0,0.0,0.0,114.266,
41,ARE,MRQ,2011-03-31,2011-03-31,2011-03-31,2021-07-26,-7193000.0,5983343000.0,,,,,53.096,-81745000.0,108709000.0,108709000.0,41061000.0,32625000.0,,1.014,2669466000.0,,,2669466000.0,0.0,36707000.0,0.0,0.021,0.45,49506000.0,86213000.0,0.616,86213000.0,49506000.0,31696000.0,0.44,0.44,0.44,2942332000.0,,2942332000.0,6785268736.0,32.0,19.807,-37277000.0,-0.673,1.0,98859000.0,0.707,0.0,17810000.0,8544100000.0,,0.0,88694000.0,,,2983651000.0,,,4320692736.0,-13036000.0,-757000.0,796000.0,79419000.0,-24923000.0,29700000.0,-86262000.0,-4019000.0,44468000.0,-942000.0,31696000.0,24365000.0,24365000.0,-150000.0,929000.0,0.174,46079000.0,52780000.0,283013000.0,1.023,1.468,39.393,36.435,5498465000.0,7331000.0,77.97,8.885,8.885,7018000.0,360000.0,139920000.0,139920000.0,0.0,,,,,2356000.0,9497000.0,1.0,55414810.0,55414810.0,,2.525,5983343000.0,0.0,0.0,0.0,107.974,
42,ARE,MRQ,2010-12-31,2010-12-31,2010-12-31,2021-07-26,-18335000.0,5905861000.0,,,,,52.925,-102845000.0,119586000.0,119586000.0,29034000.0,92000000.0,,0.997,2584162000.0,,,2584162000.0,0.0,34551000.0,0.0,0.02,0.45,108214000.0,142765000.0,1.309,142765000.0,108214000.0,91056000.0,1.7,1.7,1.7,2928825000.0,,2928825000.0,6427521884.0,31.0,19.393,-38291000.0,-0.692,1.0,80028000.0,0.734,0.0,17158000.0,8370437000.0,,0.0,83899000.0,,,2919533000.0,,,4054164884.0,-19579000.0,-717000.0,204000.0,-152000.0,-19371000.0,17623000.0,-102187000.0,-1771000.0,64554000.0,431000.0,91056000.0,83474000.0,83474000.0,-10501000.0,944000.0,0.765,38441000.0,41587000.0,304257000.0,0.265,1.384,38.268,33.452,5444814000.0,7582000.0,73.26,8.802,8.802,5492000.0,734000.0,109062000.0,109062000.0,0.0,,,,,2767000.0,8568000.0,1.0,55339406.0,55339406.0,,1.971,5905861000.0,0.0,0.0,0.0,106.721,
43,ARE,MRQ,2010-09-30,2010-09-30,2010-09-30,2021-07-26,-33348000.0,5748625000.0,,,,,57.028,-138088000.0,146106000.0,146106000.0,33154000.0,30461000.0,,0.996,2519463000.0,,,2519463000.0,0.0,32009000.0,0.0,0.02,0.35,45619000.0,77628000.0,0.645,77628000.0,45619000.0,29541000.0,0.45,0.45,0.45,2851204000.0,,2851204000.0,6073266140.0,42.0,22.828,-101600000.0,-2.032,1.0,87160000.0,0.724,0.0,16078000.0,8121982000.0,,0.0,80941000.0,,,2839850000.0,,,3499769140.0,37557000.0,-749000.0,343172000.0,-179977000.0,-17497000.0,140632000.0,-139563000.0,-3052000.0,36488000.0,0.0,29541000.0,22235000.0,22235000.0,-479000.0,920000.0,0.185,39800000.0,47360000.0,294833000.0,0.778,1.227,79.461,75.269,5273649000.0,7306000.0,70.0,7.495,7.495,4929000.0,,120314000.0,120314000.0,0.0,,,,,2660000.0,8042000.0,1.0,49996702.0,49996702.0,,2.406,5748625000.0,0.0,0.0,0.0,114.98,
44,ARE,MRQ,2010-06-30,2010-06-30,2010-06-30,2021-07-26,-40377000.0,5565159000.0,,,,,56.399,-122919000.0,110914000.0,110914000.0,30335000.0,-12224000.0,,1.204,2684411000.0,,,2684411000.0,0.0,30342000.0,0.0,0.022,0.35,5624000.0,35966000.0,0.307,35966000.0,5624000.0,-13154000.0,-0.45,-0.45,-0.45,2498348000.0,,2498348000.0,5463143827.0,37.0,20.736,-48235000.0,-1.089,1.0,86675000.0,0.741,0.0,18778000.0,8138656000.0,,0.0,77088000.0,,,3008129000.0,,,2807141827.0,2274000.0,-786000.0,-3351000.0,130068000.0,-15525000.0,49777000.0,-122187000.0,-2140000.0,74684000.0,0.0,-13154000.0,-20393000.0,-20393000.0,60000.0,930000.0,-0.174,38565000.0,48110000.0,300035000.0,-0.778,1.124,70.157,66.705,5155737000.0,7239000.0,63.37,6.07,6.07,3059000.0,,117010000.0,117010000.0,0.0,,,,,2658000.0,8266000.0,1.0,44297646.0,44297646.0,,2.641,5565159000.0,0.0,0.0,0.0,125.631,
45,ARE,MRQ,2010-03-31,2010-03-31,2010-03-31,2021-07-26,-26990000.0,5468534000.0,,,,,52.851,-85808000.0,106812000.0,106812000.0,31548000.0,28785000.0,,1.311,2762814000.0,,,2762814000.0,0.0,29738000.0,0.0,0.021,0.35,45412000.0,75150000.0,0.645,75150000.0,45412000.0,27850000.0,0.47,0.47,0.47,2340599000.0,,2340599000.0,5670110480.0,28.0,17.811,-34528000.0,-0.78,1.0,84945000.0,0.729,0.0,17562000.0,8124536000.0,,0.0,76918000.0,,,3069353000.0,,,2993792480.0,352000.0,-918000.0,5194000.0,51286000.0,-15481000.0,29880000.0,-80808000.0,-3130000.0,51280000.0,0.0,27850000.0,20542000.0,20542000.0,-593000.0,935000.0,0.176,39167000.0,45778000.0,284830000.0,0.745,1.279,32.294,30.314,5055223000.0,7308000.0,67.6,6.418,6.418,2710000.0,,116493000.0,116493000.0,0.0,,,,,2731000.0,9479000.0,1.0,44286871.0,44286871.0,,2.63,5468534000.0,0.0,0.0,0.0,123.48,
46,ARE,MRQ,2009-12-31,2009-12-31,2009-12-31,2021-07-26,-33730000.0,5457227000.0,,,,,52.597,-95583000.0,117919000.0,117919000.0,29262000.0,29905000.0,,1.313,2746946000.0,,,2746946000.0,0.0,29004000.0,0.0,0.029,0.35,48295000.0,77299000.0,0.683,77299000.0,48295000.0,28981000.0,0.46,0.46,0.46,2323408000.0,,2323408000.0,5437747802.0,25.0,16.221,-59795000.0,-1.354,1.0,83867000.0,0.741,0.0,19314000.0,8086254000.0,,0.0,72882000.0,,,3051148000.0,,,2839931802.0,2348000.0,0.0,2715000.0,77852000.0,-15461000.0,33108000.0,-67272000.0,-799000.0,35788000.0,724000.0,28981000.0,21660000.0,21660000.0,-2207000.0,924000.0,0.191,36855000.0,47012000.0,282516000.0,0.761,1.222,27.054,23.636,5039128000.0,7321000.0,64.29,5.897,5.897,3902000.0,0.0,113129000.0,113129000.0,0.0,,,,,3194000.0,8463000.0,1.0,44173772.0,44173772.0,,2.561,5457227000.0,0.0,0.0,0.0,123.54,
47,ARE,MRQ,2009-09-30,2009-09-30,2009-09-30,2021-07-26,-44162000.0,5393337000.0,,,,,58.264,-99804000.0,68280000.0,68280000.0,31218000.0,26378000.0,,1.312,2666096000.0,,,2666096000.0,0.0,28336000.0,0.0,0.042,0.35,46717000.0,75053000.0,0.648,75053000.0,46717000.0,25492000.0,0.47,0.47,0.47,2297334000.0,,2297334000.0,4899268238.0,23.0,14.616,-40679000.0,-1.032,1.0,84608000.0,0.73,0.0,21225000.0,7991153000.0,,0.0,71080000.0,,,3013481000.0,,,2142997238.0,-2033000.0,0.0,233804000.0,-163411000.0,-13794000.0,67431000.0,-128589000.0,-3922000.0,59125000.0,0.0,25492000.0,18203000.0,18203000.0,-718000.0,886000.0,0.157,37723000.0,46885000.0,325720000.0,0.745,0.933,20.908,18.613,4971165000.0,7289000.0,54.35,4.316,4.316,3789000.0,,115826000.0,115826000.0,0.0,,,,,4141000.0,9611000.0,1.0,39429572.0,39429572.0,,2.938,5393337000.0,0.0,0.0,0.0,136.784,
48,ARE,MRQ,2009-06-30,2009-06-30,2009-06-30,2021-07-26,-53013000.0,5286653000.0,,,,,51.96,-108818000.0,70313000.0,70313000.0,29224000.0,44116000.0,,1.544,2826584000.0,,,2826584000.0,0.0,29722000.0,0.0,0.077,0.35,61127000.0,90849000.0,0.751,90849000.0,61127000.0,39754000.0,0.83,0.82,0.83,2045752000.0,,2045752000.0,4112947562.0,19.0,12.257,-51552000.0,-1.309,1.0,91815000.0,0.759,0.0,21373000.0,8042924000.0,,0.0,66068000.0,,,3158902000.0,,,1409108562.0,-54968000.0,0.0,1000.0,25498000.0,-31497000.0,-10274000.0,-101960000.0,35000.0,57266000.0,0.0,39754000.0,32298000.0,32298000.0,-724000.0,4362000.0,0.267,38304000.0,53511000.0,312313000.0,0.422,0.689,13.6,11.696,4890130000.0,7456000.0,35.79,2.857,2.857,4665000.0,,121039000.0,121039000.0,0.0,,,,,3694000.0,8804000.0,1.0,39371572.0,39371572.0,,3.074,5286653000.0,0.0,0.0,0.0,134.276,
49,ARE,MRQ,2009-03-31,2009-03-31,2009-03-31,2021-07-26,-79868000.0,5235181000.0,,,,,60.435,-120859000.0,125281000.0,125281000.0,32434000.0,41249000.0,,1.63,2829120000.0,,,2829120000.0,0.0,31446000.0,0.0,0.088,0.8,60573000.0,92019000.0,0.699,92019000.0,60573000.0,40374000.0,1.01,1.01,1.01,1962854000.0,,1962854000.0,4074012561.0,20.0,12.841,-66084000.0,-2.035,1.0,99125000.0,0.753,0.0,20199000.0,7939020000.0,,0.0,64788000.0,,,3198536000.0,,,1178210561.0,54120000.0,0.0,254660000.0,-110108000.0,-25900000.0,108090000.0,-108745000.0,-2576000.0,54775000.0,0.0,40374000.0,32768000.0,32768000.0,-2983000.0,875000.0,0.249,40660000.0,58465000.0,331715000.0,0.792,0.6,12.985,12.817,4791558000.0,7606000.0,36.4,2.45,2.458,5992000.0,,131559000.0,131559000.0,0.0,,,,,3022000.0,9418000.0,1.0,32368422.0,32478671.0,32498107.0,4.051,5235181000.0,0.0,0.0,0.0,161.188,
50,ARE,MRQ,2008-12-31,2008-12-31,2008-12-31,2021-07-26,-87241000.0,5132077000.0,,,,,53.53,-135586000.0,71161000.0,71161000.0,29867000.0,27568000.0,,1.975,2938108000.0,,,2938108000.0,0.0,28483000.0,0.0,0.053,0.8,48789000.0,77272000.0,0.603,77272000.0,48789000.0,26597000.0,0.61,0.61,0.61,1700010000.0,,1700010000.0,4733810252.0,23.0,15.25,-47884000.0,-1.508,1.0,98234000.0,0.767,0.0,22192000.0,7999024000.0,,0.0,61861000.0,,,3357014000.0,,,1944650252.0,55770000.0,0.0,11000.0,162454000.0,-25715000.0,131486000.0,-163418000.0,-2060000.0,87702000.0,0.0,26597000.0,19229000.0,19229000.0,-608000.0,971000.0,0.15,37816000.0,60418000.0,386801000.0,1.311,1.144,21.43,21.024,4724096000.0,7368000.0,60.34,4.272,4.196,6453000.0,,128101000.0,128101000.0,0.0,,,,,3563000.0,8978000.0,1.0,32228211.0,31757827.0,31911943.0,4.034,5132077000.0,0.0,0.0,0.0,161.6,
51,ARE,MRQ,2008-09-30,2008-09-30,2008-09-30,2021-07-26,-16528000.0,4933140000.0,,,,,54.921,-155855000.0,15391000.0,15391000.0,29057000.0,27602000.0,,1.791,2804551000.0,,,2804551000.0,0.0,27447000.0,0.0,0.028,0.8,47962000.0,75409000.0,0.67,75409000.0,47962000.0,26673000.0,0.61,0.61,0.61,1740708000.0,,1740708000.0,6299123238.0,32.0,20.534,-68732000.0,-2.169,1.0,83474000.0,0.742,0.0,21289000.0,7722300000.0,,0.0,72509000.0,,,3117312000.0,,,3612862238.0,8319000.0,0.0,538000.0,111345000.0,-25682000.0,77541000.0,-156345000.0,-490000.0,87123000.0,0.0,26673000.0,19318000.0,19318000.0,-928000.0,929000.0,0.172,35511000.0,47963000.0,280822000.0,1.311,2.076,42.357,41.978,4564460000.0,7355000.0,112.5,8.43,8.32,6849000.0,,112531000.0,112531000.0,0.0,,,,,3523000.0,8587000.0,1.0,32114331.0,31694711.0,31959890.0,3.55,4933140000.0,0.0,0.0,0.0,155.646,
52,ARE,MRQ,2008-06-30,2008-06-30,2008-06-30,2021-07-26,-4631000.0,4803608000.0,,,,,55.383,-129352000.0,7072000.0,7072000.0,27145000.0,27776000.0,,1.701,2693333000.0,,,2693333000.0,0.0,27003000.0,0.0,0.032,0.8,45567000.0,72570000.0,0.667,72570000.0,45567000.0,26828000.0,0.61,0.61,0.61,1750958000.0,,1750958000.0,5740866271.0,29.0,19.003,-72310000.0,-2.287,1.0,81633000.0,0.75,0.0,18739000.0,7489869000.0,,0.0,75131000.0,,,2977862000.0,,,3122668271.0,-582000.0,0.0,1549000.0,67600000.0,-24994000.0,69525000.0,-127149000.0,2203000.0,57042000.0,0.0,26828000.0,19420000.0,19420000.0,-64000.0,948000.0,0.179,35182000.0,46451000.0,251652000.0,1.311,1.783,36.241,35.268,4436104000.0,7408000.0,97.34,7.468,7.36,6448000.0,,108778000.0,108778000.0,0.0,,,,,3055000.0,8447000.0,1.0,32080011.0,31615359.0,31887477.0,3.441,4803608000.0,0.0,0.0,0.0,151.939,
53,ARE,MRQ,2008-03-31,2008-03-31,2008-03-31,2021-07-26,-32692000.0,4685045000.0,,,,,53.626,-48673000.0,7654000.0,7654000.0,28261000.0,37151000.0,,1.725,2625852000.0,,,2625852000.0,0.0,25810000.0,0.0,0.033,0.78,59660000.0,85470000.0,0.78,85470000.0,59660000.0,36200000.0,1.04,1.03,1.04,1691714000.0,,1691714000.0,5748689217.0,29.0,19.433,-23340000.0,-0.74,1.0,81301000.0,0.742,0.0,23460000.0,7303243000.0,,0.0,74134000.0,,,2918474000.0,,,2968815217.0,-376000.0,0.0,411000.0,-161869000.0,-25002000.0,22312000.0,-48021000.0,652000.0,25333000.0,0.0,36200000.0,32769000.0,32769000.0,-15673000.0,951000.0,0.299,34378000.0,46923000.0,264850000.0,0.75,1.755,33.707,32.194,4326193000.0,3431000.0,92.72,7.365,7.256,8853000.0,,109562000.0,109562000.0,0.0,,,,,3536000.0,8787000.0,1.0,32019146.0,31546591.0,31687241.0,3.473,4685045000.0,0.0,0.0,0.0,148.512,
54,ARE,MRQ,2007-12-31,2007-12-31,2007-12-31,2021-07-26,8093000.0,4642094000.0,,,,,47.791,-277535000.0,8030000.0,8030000.0,24515000.0,21248000.0,,2.037,2787904000.0,,,2787904000.0,0.0,26969000.0,0.0,0.03,0.78,46347000.0,73316000.0,0.751,73316000.0,46347000.0,17579000.0,0.42,0.43,0.42,1503820000.0,,1503820000.0,5733081346.0,32.0,20.778,-228051000.0,-7.247,1.0,73162000.0,0.749,0.0,28768000.0,7421968000.0,,0.0,84322000.0,,,3062768000.0,,,3241029346.0,-2750000.0,0.0,27980000.0,227330000.0,-23998000.0,243478000.0,-295712000.0,-264000.0,49484000.0,0.0,17579000.0,13789000.0,13789000.0,-6362000.0,3669000.0,0.141,32226000.0,40936000.0,247289000.0,1.857,2.155,46.026,42.899,4290217000.0,3790000.0,101.67,8.346,7.767,6759000.0,,97677000.0,97677000.0,0.0,,,,,2988000.0,8119000.0,1.0,31877932.0,31466545.0,31797787.0,3.104,4642094000.0,0.0,0.0,0.0,147.525,
55,ARE,MRQ,2007-09-30,2007-09-30,2007-09-30,2021-07-26,26341000.0,4307003000.0,,,,,50.95,-445831000.0,10780000.0,10780000.0,24944000.0,22900000.0,,1.849,2502832000.0,,,2502832000.0,0.0,24194000.0,0.0,0.031,0.76,46559000.0,70753000.0,0.693,70753000.0,46559000.0,22900000.0,0.69,0.68,0.69,1490708000.0,,1490708000.0,5113218078.0,30.0,19.335,-388677000.0,-13.284,1.0,77163000.0,0.756,0.0,23659000.0,6799055000.0,,0.0,79290000.0,,,2756576000.0,,,2845966078.0,3763000.0,0.0,187298000.0,228241000.0,-22467000.0,390739000.0,-444130000.0,1701000.0,57154000.0,0.0,22900000.0,20186000.0,20186000.0,-2341000.0,0.0,0.198,32036000.0,45127000.0,227140000.0,1.101,1.909,38.911,38.351,3952271000.0,2714000.0,96.26,7.696,7.616,7001000.0,,102107000.0,102107000.0,0.0,,,,,2774000.0,8310000.0,1.0,29565407.0,29258184.0,29507316.0,3.49,4307003000.0,0.0,0.0,0.0,147.207,
56,ARE,MRQ,2007-06-30,2007-06-30,2007-06-30,2021-07-26,36159000.0,3846886000.0,,,,,45.177,-123692000.0,7017000.0,7017000.0,22169000.0,24048000.0,,1.887,2274269000.0,,,2274269000.0,0.0,22654000.0,0.0,0.031,0.76,43628000.0,66282000.0,0.707,66282000.0,43628000.0,24048000.0,0.73,0.73,0.73,1312190000.0,,1312190000.0,5021256616.0,31.0,19.951,-74212000.0,-2.555,1.0,71600000.0,0.764,0.0,19580000.0,6114138000.0,,0.0,77698000.0,,,2476267000.0,,,2853674616.0,-1995000.0,0.0,220000.0,97293000.0,-21809000.0,72047000.0,-123522000.0,170000.0,49480000.0,0.0,24048000.0,21334000.0,21334000.0,-2872000.0,0.0,0.228,29942000.0,41658000.0,176993000.0,1.041,2.175,42.03,40.51,3507609000.0,2714000.0,96.82,8.097,7.979,6360000.0,,93769000.0,93769000.0,0.0,,,,,2686000.0,7808000.0,1.0,29474020.0,29045354.0,29362514.0,3.228,3846886000.0,0.0,0.0,0.0,132.444,
57,ARE,MRQ,2007-03-31,2007-03-31,2007-03-31,2021-07-26,19295000.0,3721731000.0,,,,,44.695,-87315000.0,9012000.0,9012000.0,23277000.0,21784000.0,,1.836,2176594000.0,,,2176594000.0,0.0,23518000.0,0.0,0.029,0.74,42047000.0,65565000.0,0.692,65565000.0,42047000.0,21784000.0,0.52,0.52,0.52,1291661000.0,,1291661000.0,4975341484.0,33.0,21.168,-55402000.0,-1.917,1.0,71509000.0,0.754,0.0,20263000.0,5889313000.0,,0.0,73760000.0,,,2371600000.0,,,2953423484.0,6064000.0,0.0,1400000.0,142698000.0,-21677000.0,60040000.0,-85889000.0,1426000.0,31913000.0,0.0,21784000.0,15108000.0,15108000.0,-2439000.0,0.0,0.159,30994000.0,40515000.0,170593000.0,1.423,2.287,49.47,45.009,3394872000.0,6676000.0,100.37,8.981,8.82,7104000.0,,94786000.0,94786000.0,0.0,,,,,2728000.0,8074000.0,1.0,29425361.0,28899303.0,29299733.0,3.28,3721731000.0,0.0,0.0,0.0,128.783,
58,ARE,MRQ,2006-12-31,2006-12-31,2006-12-31,2021-07-26,24595000.0,3617477000.0,,,,,46.83,-319409000.0,2948000.0,2948000.0,18488000.0,20535000.0,,1.634,2024866000.0,,,2024866000.0,0.0,22454000.0,0.0,0.028,0.74,39399000.0,61853000.0,0.782,61853000.0,39399000.0,20535000.0,0.57,0.57,0.57,1351652000.0,,1351652000.0,4652357789.0,33.0,21.485,-280309000.0,-9.712,1.0,60653000.0,0.766,0.0,18864000.0,5639395000.0,,0.0,74824000.0,,,2208348000.0,,,2938830789.0,-4873000.0,0.0,664000.0,299455000.0,-21035000.0,274311000.0,-318284000.0,1125000.0,39100000.0,0.0,20535000.0,16512000.0,16512000.0,-6149000.0,0.0,0.209,26565000.0,34088000.0,158119000.0,1.298,2.174,51.265,44.035,3322582000.0,4023000.0,100.4,9.729,8.344,6330000.0,,79141000.0,79141000.0,0.0,,,,,2026000.0,6637000.0,1.0,29271223.0,28862817.0,29293204.0,2.742,3617477000.0,0.0,0.0,0.0,125.333,
59,ARE,MRQ,2006-09-30,2006-09-30,2006-09-30,2021-07-26,25619000.0,3305842000.0,,,,,51.404,-433398000.0,7821000.0,7821000.0,19797000.0,18964000.0,,1.401,1721348000.0,,,1721348000.0,0.0,19973000.0,0.0,0.03,0.72,38005000.0,57978000.0,0.684,57978000.0,38005000.0,18964000.0,0.57,0.56,0.57,1353135000.0,,1353135000.0,3796854639.0,29.0,19.012,-403489000.0,-15.328,1.0,64957000.0,0.766,0.0,19041000.0,5019369000.0,,0.0,72096000.0,,,1895318000.0,,,2495398639.0,4174000.0,0.0,233517000.0,192957000.0,-18617000.0,403441000.0,-429176000.0,4222000.0,29909000.0,0.0,18964000.0,14942000.0,14942000.0,-217000.0,0.0,0.176,26460000.0,38497000.0,149278000.0,1.263,1.844,47.109,41.689,3009614000.0,4022000.0,93.8,8.897,8.803,5012000.0,,84754000.0,84754000.0,0.0,,,,,1575000.0,6652000.0,1.0,26603397.0,26323345.0,26714050.0,3.22,3305842000.0,0.0,0.0,0.0,125.586,
60,ARE,MRQ,2006-06-30,2006-06-30,2006-06-30,2021-07-26,40096000.0,2576639000.0,,,,,49.756,-62322000.0,3647000.0,3647000.0,14229000.0,17162000.0,,1.248,1305103000.0,,,1305103000.0,0.0,16169000.0,0.0,0.031,0.7,33479000.0,49648000.0,0.707,49648000.0,33479000.0,17162000.0,0.57,0.57,0.57,1137237000.0,,1137237000.0,3561256237.0,29.0,19.255,-46779000.0,-2.047,1.0,55958000.0,0.797,0.0,16317000.0,3878095000.0,,0.0,77719000.0,,,1419226000.0,,,2020256237.0,217000.0,0.0,303387000.0,-239319000.0,-15949000.0,43704000.0,-59030000.0,3292000.0,15543000.0,0.0,17162000.0,13139000.0,13139000.0,-251000.0,0.0,0.187,22360000.0,33598000.0,91826000.0,1.228,1.776,40.407,39.413,2310088000.0,4023000.0,88.68,7.838,7.864,3656000.0,,70187000.0,70187000.0,0.0,,,,,1971000.0,6269000.0,1.0,22781419.0,22856380.0,23250681.0,3.071,2576639000.0,0.0,0.0,0.0,112.732,
61,ARE,MRQ,2006-03-31,2006-03-31,2006-03-31,2021-07-26,36506000.0,2511125000.0,,,,,37.317,-153509000.0,3430000.0,3430000.0,15341000.0,16755000.0,,1.99,1544430000.0,,,1544430000.0,0.0,15443000.0,0.0,0.029,0.7,31620000.0,47063000.0,0.689,47063000.0,31620000.0,16755000.0,0.57,0.56,0.57,832990000.0,,832990000.0,3574259911.0,30.0,20.299,-119311000.0,-5.345,1.0,52942000.0,0.775,0.0,14865000.0,4052125000.0,,0.0,82604000.0,,,1657937000.0,,,2171504911.0,-481000.0,0.0,1992000.0,138091000.0,-15888000.0,119781000.0,-154460000.0,-951000.0,34198000.0,0.0,16755000.0,12733000.0,12733000.0,-696000.0,0.0,0.186,21648000.0,31294000.0,93873000.0,1.228,2.607,44.218,41.996,2256099000.0,4022000.0,95.33,8.869,8.692,5830000.0,,68283000.0,68283000.0,0.0,,,,,2337000.0,6451000.0,1.0,22778820.0,22322290.0,22759795.0,3.059,2511125000.0,0.0,0.0,0.0,112.494,
62,ARE,MRQ,2005-12-31,2005-12-31,2005-12-31,2021-07-26,35033000.0,2362450000.0,,,,,37.241,-148503000.0,3911000.0,3911000.0,12501000.0,16180000.0,,1.823,1406666000.0,,,1406666000.0,0.0,15451000.0,0.0,0.034,0.7,29567000.0,45018000.0,0.786,45018000.0,29567000.0,16180000.0,0.54,0.53,0.54,829800000.0,,829800000.0,3077502082.0,27.0,18.322,-114491000.0,-5.138,1.0,44747000.0,0.782,0.0,13387000.0,3765205000.0,,0.0,82010000.0,,,1512535000.0,,,1810355082.0,-640000.0,0.0,4676000.0,128883000.0,-15203000.0,113940000.0,-148592000.0,-89000.0,34012000.0,0.0,16180000.0,12157000.0,12157000.0,-4653000.0,0.0,0.212,19456000.0,25291000.0,86391000.0,1.296,2.182,38.239,35.619,2118156000.0,4023000.0,80.5,7.817,7.281,4764000.0,,57248000.0,57248000.0,0.0,,,,,501000.0,5888000.0,1.0,22488883.0,22281761.0,22694279.0,2.569,2362450000.0,0.0,0.0,0.0,106.026,
63,ARE,MRQ,2005-09-30,2005-09-30,2005-09-30,2021-07-26,28904000.0,2196799000.0,,,,,38.908,-78809000.0,4551000.0,4551000.0,13950000.0,15991000.0,,1.652,1271698000.0,,,1271698000.0,0.0,14073000.0,0.0,0.032,0.68,29151000.0,43224000.0,0.697,43224000.0,29151000.0,15991000.0,0.57,0.56,0.57,820623000.0,,820623000.0,3057386212.0,29.0,19.26,-40515000.0,-1.921,1.0,48076000.0,0.775,0.0,13160000.0,3463946000.0,,0.0,77101000.0,,,1356044000.0,,,1757842212.0,2161000.0,0.0,97342000.0,-35987000.0,-14206000.0,42852000.0,-78985000.0,-176000.0,38294000.0,0.0,15991000.0,11969000.0,11969000.0,-1046000.0,0.0,0.193,19737000.0,28339000.0,65454000.0,1.193,2.142,37.643,35.642,1975381000.0,4022000.0,82.69,7.99,7.927,3265000.0,,62026000.0,62026000.0,0.0,,,,,2051000.0,5993000.0,1.0,21258220.0,21091183.0,21486731.0,2.941,2196799000.0,0.0,0.0,0.0,104.157,
64,ARE,MRQ,2005-06-30,2005-06-30,2005-06-30,2021-07-26,20627000.0,2091696000.0,,,,,34.214,-81773000.0,2390000.0,2390000.0,12485000.0,16273000.0,,1.92,1301934000.0,,,1301934000.0,0.0,13251000.0,0.0,0.036,0.68,27521000.0,40772000.0,0.712,40772000.0,27521000.0,16273000.0,0.59,0.58,0.59,716311000.0,,716311000.0,2769173844.0,28.0,18.688,-64769000.0,-3.094,1.0,44792000.0,0.782,0.0,11248000.0,3391240000.0,,0.0,73396000.0,,,1375385000.0,,,1555026844.0,-1380000.0,0.0,1415000.0,78958000.0,-13968000.0,62382000.0,-80766000.0,1007000.0,17004000.0,0.0,16273000.0,12250000.0,12250000.0,-582000.0,0.0,0.214,17853000.0,26939000.0,55680000.0,1.153,2.171,33.732,31.389,1882018000.0,4023000.0,73.45,7.606,7.522,2198000.0,93000.0,57277000.0,57277000.0,0.0,,,,,1592000.0,4765000.0,1.0,21171230.0,20936265.0,21275364.0,2.736,2091696000.0,0.0,0.0,0.0,99.908,
65,ARE,MRQ,2005-03-31,2005-03-31,2005-03-31,2021-07-26,17036000.0,2004211000.0,,,,,36.569,-123957000.0,3770000.0,3770000.0,12401000.0,14989000.0,,1.815,1217917000.0,,,1217917000.0,0.0,12641000.0,0.0,0.04,0.66,26310000.0,38951000.0,0.707,38951000.0,26310000.0,14989000.0,0.56,0.55,0.56,711941000.0,,711941000.0,2448101303.0,26.0,17.7,-92589000.0,-4.756,1.0,42654000.0,0.775,0.0,11321000.0,3218358000.0,,0.0,65970000.0,,,1292270000.0,,,1264313303.0,612000.0,0.0,90229000.0,20529000.0,-12935000.0,93801000.0,-124557000.0,-600000.0,31368000.0,0.0,14989000.0,10967000.0,10967000.0,-607000.0,0.0,0.199,16951000.0,25703000.0,57091000.0,1.179,1.776,29.014,28.613,1803558000.0,4022000.0,64.38,6.632,6.575,3579000.0,2322000.0,55055000.0,55055000.0,0.0,,,,,992000.0,4445000.0,1.0,19638293.0,19468620.0,19789798.0,2.828,2004211000.0,0.0,0.0,0.0,102.946,
66,ARE,MRQ,2004-12-31,2004-12-31,2004-12-31,2021-07-26,13844000.0,1872284000.0,,,,,31.956,-226724000.0,3158000.0,3158000.0,9373000.0,15504000.0,,2.018,1186946000.0,,,1186946000.0,0.0,11880000.0,0.0,0.034,0.66,23913000.0,35793000.0,0.784,35793000.0,23913000.0,15504000.0,0.6,0.59,0.6,620473000.0,,620473000.0,2295533845.0,26.0,17.471,-217918000.0,-11.223,1.0,36272000.0,0.795,0.0,8409000.0,3056072000.0,,0.0,67419000.0,,,1251811000.0,,,1453817845.0,-2172000.0,0.0,853000.0,230664000.0,-12503000.0,214510000.0,-225488000.0,1236000.0,8806000.0,0.0,15504000.0,11512000.0,11512000.0,-2366000.0,0.0,0.252,14725000.0,21547000.0,48581000.0,1.1,2.343,31.796,31.401,1680102000.0,3992000.0,74.42,8.154,8.062,2542000.0,5267000.0,45645000.0,45645000.0,0.0,,,,,575000.0,3993000.0,1.0,19535311.0,19416422.0,19792760.0,2.351,1872284000.0,0.0,0.0,0.0,96.428,
67,ARE,MRQ,2004-09-30,2004-09-30,2004-09-30,2021-07-26,7697000.0,1523679000.0,,,,,31.733,-118270000.0,5330000.0,5330000.0,10178000.0,15464000.0,,1.481,847046000.0,,,847046000.0,0.0,10574000.0,0.0,0.037,0.64,22090000.0,32664000.0,0.703,32664000.0,22090000.0,15464000.0,0.59,0.58,0.59,614110000.0,,614110000.0,1956347896.0,23.0,15.612,-96705000.0,-4.997,1.0,36281000.0,0.781,0.0,6626000.0,2365395000.0,,0.0,62349000.0,,,909569000.0,,,1274891896.0,2300000.0,0.0,2209000.0,150346000.0,-12027000.0,99597000.0,-118862000.0,-592000.0,21565000.0,0.0,15464000.0,11370000.0,11370000.0,-36000.0,0.0,0.245,14227000.0,22054000.0,46234000.0,1.085,2.076,28.119,32.86,1348967000.0,4094000.0,65.72,7.349,7.331,2351000.0,6735000.0,46459000.0,46459000.0,0.0,,,,,316000.0,3662000.0,1.0,19398842.0,19352670.0,19668360.0,2.401,1523679000.0,0.0,0.0,0.0,78.732,
68,ARE,MRQ,2004-06-30,2004-06-30,2004-06-30,2021-07-26,-359000.0,1379744000.0,,,,,31.354,-81494000.0,3030000.0,3030000.0,8801000.0,13887000.0,,1.282,684486000.0,,,684486000.0,0.0,10088000.0,0.0,0.042,0.62,20813000.0,30901000.0,0.711,30901000.0,20813000.0,13887000.0,0.5,0.5,0.5,604646000.0,,604646000.0,1814860725.0,20.0,13.898,-66065000.0,-3.426,1.0,34671000.0,0.798,0.0,6926000.0,2061200000.0,,0.0,50622000.0,,,775098000.0,,,1100318725.0,-1326000.0,0.0,310000.0,-43908000.0,-11627000.0,66759000.0,-83514000.0,-2020000.0,15429000.0,0.0,13887000.0,9727000.0,9727000.0,-34000.0,0.0,0.224,13892000.0,20779000.0,38090000.0,1.24,1.82,20.629,22.267,1230383000.0,4160000.0,56.78,6.585,6.553,2097000.0,7826000.0,43472000.0,43472000.0,0.0,,,,,653000.0,3814000.0,1.0,19378632.0,19284631.0,19608854.0,2.254,1379744000.0,0.0,0.0,0.0,71.546,
69,ARE,MRQ,2004-03-31,2004-03-31,2004-03-31,2021-07-26,-7019000.0,1294820000.0,,,,,26.643,-19017000.0,4356000.0,4356000.0,8735000.0,15340000.0,,1.53,718898000.0,,,718898000.0,0.0,9981000.0,0.0,0.036,0.6,22049000.0,32030000.0,0.749,32030000.0,22049000.0,15340000.0,0.68,0.67,0.68,511724000.0,,511724000.0,1924853766.0,22.0,14.978,499000.0,0.026,1.0,34040000.0,0.796,0.0,6709000.0,2009362000.0,,0.0,48842000.0,,,783096000.0,,,1220831766.0,-629000.0,0.0,3722000.0,9922000.0,-11176000.0,243000.0,-20388000.0,-1371000.0,19516000.0,0.0,15340000.0,13115000.0,13115000.0,-1626000.0,0.0,0.307,13617000.0,20423000.0,50717000.0,0.882,2.386,22.635,23.247,1148340000.0,2225000.0,63.0,7.486,7.419,2504000.0,10120000.0,42775000.0,42775000.0,0.0,,,,,926000.0,3636000.0,1.0,19378282.0,19206954.0,19584003.0,2.227,1294820000.0,0.0,0.0,0.0,67.414,
70,ARE,MRQ,2003-12-31,2003-12-31,2003-12-31,2021-07-26,-5475000.0,1272577000.0,,,,,26.548,-60221000.0,4985000.0,4985000.0,7887000.0,13351000.0,,1.509,709007000.0,,,709007000.0,0.0,9867000.0,0.0,0.038,0.58,19852000.0,29719000.0,0.729,29719000.0,19852000.0,13351000.0,0.23,0.23,0.23,507135000.0,,507135000.0,1761556672.0,20.0,14.097,-41319000.0,-2.163,1.0,32886000.0,0.807,0.0,6501000.0,1976599000.0,,0.0,47126000.0,,,765442000.0,,,1109465672.0,1760000.0,0.0,3293000.0,53722000.0,-10730000.0,44061000.0,-61203000.0,-982000.0,18902000.0,0.0,13351000.0,11127000.0,11127000.0,-325000.0,0.0,0.273,13359000.0,19527000.0,43408000.0,2.522,2.188,21.864,21.685,1135676000.0,2224000.0,57.9,6.919,6.858,1969000.0,8635000.0,40773000.0,40773000.0,0.0,,,,,760000.0,3550000.0,1.0,19161756.0,19102597.0,19418097.0,2.134,1272577000.0,0.0,0.0,0.0,66.618,
71,ARE,MRQ,2003-09-30,2003-09-30,2003-09-30,2021-07-26,-7104000.0,1211145000.0,,,,,26.355,3869000.0,3225000.0,3225000.0,8171000.0,21594000.0,,1.416,655316000.0,,,655316000.0,0.0,9813000.0,0.0,0.055,1.09,28126000.0,37939000.0,0.946,37939000.0,28126000.0,21594000.0,1.14,1.12,1.14,501362000.0,,501362000.0,1596414070.0,19.0,13.329,19342000.0,1.017,1.0,31914000.0,0.796,0.0,6532000.0,1863236000.0,,0.0,0.0,,,709783000.0,,,918600070.0,-773000.0,0.0,829000.0,-7915000.0,-10134000.0,-19444000.0,3198000.0,-671000.0,15473000.0,0.0,21594000.0,19369000.0,19369000.0,-9517000.0,0.0,0.483,13305000.0,18609000.0,41883000.0,0.956,1.832,19.609,19.604,1086081000.0,2225000.0,48.03,5.871,5.839,1821000.0,,40085000.0,40085000.0,0.0,,,,,637000.0,3568000.0,1.0,19125548.0,19023162.0,19276932.0,2.107,1211145000.0,0.0,0.0,0.0,63.667,
72,ARE,MRQ,2003-06-30,2003-06-30,2003-06-30,2021-07-26,-8703000.0,1231751000.0,,,,,25.826,-23446000.0,3998000.0,3998000.0,8136000.0,12549000.0,,1.516,681812000.0,,,681812000.0,0.0,9760000.0,0.0,0.045,0.0,19061000.0,28821000.0,0.73,28821000.0,19061000.0,12549000.0,0.66,0.65,0.66,489473000.0,,489473000.0,1518029035.0,22.0,14.201,-1146000.0,-0.06,1.0,31320000.0,0.794,0.0,6512000.0,1909565000.0,,0.0,0.0,,,742278000.0,,,855298035.0,324000.0,0.0,1099000.0,15492000.0,-10072000.0,4294000.0,-26270000.0,-2824000.0,22300000.0,0.0,12549000.0,10324000.0,10324000.0,-963000.0,0.0,0.262,13222000.0,18098000.0,48476000.0,0.0,1.747,23.754,23.684,1107752000.0,2225000.0,45.0,5.581,5.565,2470000.0,,39456000.0,39456000.0,0.0,,,,,382000.0,3544000.0,1.0,19006623.0,18952445.0,19190472.0,2.082,1231751000.0,0.0,0.0,0.0,64.992,
73,ARE,MRQ,2003-03-31,2003-03-31,2003-03-31,2021-07-26,-8673000.0,1211291000.0,,,,,25.81,-53146000.0,3674000.0,3674000.0,8576000.0,12149000.0,,1.484,666405000.0,,,666405000.0,0.0,9461000.0,0.0,0.06,0.53,19020000.0,28481000.0,0.711,28481000.0,19020000.0,12149000.0,0.64,0.63,0.64,487692000.0,,487692000.0,1410299677.0,21.0,13.643,-35510000.0,-1.879,1.0,31463000.0,0.786,0.0,6871000.0,1874022000.0,,0.0,0.0,,,723599000.0,,,799211677.0,-116000.0,0.0,720000.0,48243000.0,-9491000.0,37247000.0,-54999000.0,-1853000.0,17636000.0,0.0,12149000.0,9924000.0,9924000.0,-480000.0,0.0,0.248,12923000.0,18540000.0,45264000.0,0.828,1.639,23.731,22.73,1092599000.0,2225000.0,42.05,5.377,5.346,3306000.0,,40039000.0,40039000.0,0.0,,,,,955000.0,3549000.0,1.0,19006223.0,18895821.0,19136372.0,2.119,1211291000.0,0.0,0.0,0.0,64.104,
74,ARE,MRQ,2002-12-31,2002-12-31,2002-12-31,2021-07-26,-8824000.0,1159243000.0,,,,,25.748,-87287000.0,3790000.0,3790000.0,7324000.0,9454000.0,,1.386,614878000.0,,,614878000.0,0.0,8695000.0,0.0,0.058,1.0,15836000.0,24531000.0,0.665,24531000.0,15836000.0,9454000.0,0.01,0.01,0.01,485853000.0,,485853000.0,1346611798.0,21.0,13.59,-58833000.0,-3.118,1.0,29570000.0,0.801,0.0,6382000.0,1770331000.0,,0.0,39650000.0,,,673390000.0,,,808228798.0,197000.0,0.0,87000.0,72992000.0,-9485000.0,61370000.0,-89627000.0,-2340000.0,28454000.0,0.0,9454000.0,7229000.0,7229000.0,-519000.0,0.0,0.196,14253000.0,15317000.0,47118000.0,100.0,1.664,25.696,23.799,1044808000.0,2225000.0,42.6,5.681,5.268,2641000.0,,36894000.0,36894000.0,0.0,,,,,915000.0,3452000.0,1.0,18972507.0,18869903.0,19047967.0,1.955,1159243000.0,0.0,0.0,0.0,61.433,
75,ARE,MRQ,2002-09-30,2002-09-30,2002-09-30,2021-07-26,-9250000.0,1079325000.0,,,,,26.548,-35951000.0,3593000.0,3593000.0,8255000.0,10755000.0,,1.218,541976000.0,,,541976000.0,0.0,8582000.0,0.0,0.045,0.5,16481000.0,25063000.0,0.68,25063000.0,16481000.0,10755000.0,0.59,0.58,0.59,486619000.0,,486619000.0,1386766534.0,22.0,14.284,-24315000.0,-1.327,1.0,28609000.0,0.776,0.0,5726000.0,1617708000.0,,0.0,0.0,,,592706000.0,,,805587534.0,651000.0,0.0,81699000.0,-42892000.0,-8482000.0,28099000.0,-39084000.0,-3133000.0,11636000.0,0.0,10755000.0,8530000.0,8530000.0,-411000.0,0.0,0.231,11537000.0,17072000.0,39384000.0,0.847,1.655,25.573,17.198,966569000.0,2225000.0,42.48,6.098,5.894,1517000.0,,36864000.0,36864000.0,0.0,,,,,807000.0,3203000.0,1.0,18963925.0,18329443.0,18556300.0,2.011,1079325000.0,0.0,0.0,0.0,58.885,
76,ARE,MRQ,2002-06-30,2002-06-30,2002-06-30,2021-07-26,-6949000.0,1041754000.0,,,,,24.313,-69134000.0,2942000.0,2942000.0,6898000.0,10220000.0,,1.559,584121000.0,,,584121000.0,0.0,8557000.0,0.0,0.038,0.5,16737000.0,25294000.0,0.726,25294000.0,16737000.0,10220000.0,0.61,0.6,0.61,407173000.0,,407173000.0,1345330378.0,22.0,14.17,-53408000.0,-3.189,1.0,27943000.0,0.802,0.0,6517000.0,1622933000.0,,0.0,0.0,,,634581000.0,,,831070378.0,-2070000.0,0.0,1591000.0,64942000.0,-8421000.0,55990000.0,-73786000.0,-4652000.0,15726000.0,0.0,10220000.0,7995000.0,7995000.0,-416000.0,0.0,0.229,11622000.0,16321000.0,40154000.0,0.82,2.041,28.166,21.546,938066000.0,2225000.0,49.34,6.494,6.457,1500000.0,,34841000.0,34841000.0,0.0,,,,,977000.0,3308000.0,1.0,16843745.0,16747201.0,17117830.0,2.08,1041754000.0,0.0,0.0,0.0,62.205,
77,ARE,MRQ,2002-03-31,2002-03-31,2002-03-31,2021-07-26,-5357000.0,977986000.0,,,,,24.782,-21097000.0,5012000.0,5012000.0,6658000.0,9603000.0,,1.405,519272000.0,,,519272000.0,0.0,8237000.0,0.0,0.041,0.46,15962000.0,24199000.0,0.719,24199000.0,15962000.0,9603000.0,0.59,0.57,0.59,406652000.0,,406652000.0,1321913447.0,22.0,14.476,-9863000.0,-0.601,1.0,27014000.0,0.802,0.0,6359000.0,1492246000.0,,0.0,0.0,,,571334000.0,,,751128447.0,2636000.0,0.0,17862000.0,-53806000.0,-7524000.0,16745000.0,-25343000.0,-4246000.0,11234000.0,0.0,9603000.0,7698000.0,7698000.0,-415000.0,0.0,0.229,11467000.0,15547000.0,41889000.0,0.78,1.847,26.904,21.442,876024000.0,1905000.0,44.6,6.08,5.924,2864000.0,,33672000.0,33672000.0,0.0,,,,,952000.0,3473000.0,1.0,16841445.0,16409258.0,16720857.0,2.052,977986000.0,0.0,0.0,0.0,59.6,
78,ARE,MRQ,2001-12-31,2001-12-31,2001-12-31,2021-07-26,-6149000.0,962146000.0,,,,,20.548,-39150000.0,2376000.0,2376000.0,5100000.0,8196000.0,,1.892,573161000.0,,,573161000.0,0.0,8190000.0,0.0,0.044,0.46,14340000.0,22530000.0,0.843,22530000.0,14340000.0,8196000.0,0.68,0.67,0.68,332638000.0,,332638000.0,1219808648.0,21.0,13.78,-11729000.0,-0.725,1.0,21637000.0,0.809,0.0,6144000.0,1532931000.0,,0.0,0.0,,,629508000.0,,,669831648.0,-344000.0,0.0,1856000.0,20553000.0,-7494000.0,13996000.0,-41761000.0,-2611000.0,27421000.0,0.0,8196000.0,7278000.0,7278000.0,-2695000.0,0.0,0.272,9992000.0,11645000.0,48057000.0,0.676,2.014,25.171,21.632,861876000.0,918000.0,41.1,5.542,5.425,3123000.0,,26737000.0,26737000.0,0.0,,,,,944000.0,3116000.0,1.0,16297607.0,16188383.0,16478646.0,1.652,962146000.0,0.0,0.0,0.0,59.434,
79,ARE,MRQ,2001-09-30,2001-09-30,2001-09-30,2021-07-26,-7375000.0,928788000.0,,,,,20.382,-60717000.0,2720000.0,2720000.0,6925000.0,7451000.0,,1.824,552697000.0,,,552697000.0,0.0,8191000.0,0.0,0.045,0.46,14729000.0,22920000.0,0.7,22920000.0,14729000.0,7451000.0,0.41,0.4,0.41,328866000.0,,328866000.0,1138956009.0,20.0,13.301,-47114000.0,-2.92,1.0,25805000.0,0.788,0.0,7278000.0,1478765000.0,,0.0,6000000.0,,,599922000.0,,,641310009.0,-946000.0,0.0,312000.0,51475000.0,-7477000.0,43395000.0,-57944000.0,2773000.0,13603000.0,0.0,7451000.0,6535000.0,6535000.0,0.0,0.0,0.2,11076000.0,14729000.0,38975000.0,1.122,1.95,24.843,20.763,829780000.0,916000.0,39.45,5.389,5.349,2929000.0,,32730000.0,32730000.0,0.0,,,,,636000.0,2885000.0,1.0,16256274.0,16135399.0,16413591.0,2.028,928788000.0,0.0,0.0,0.0,57.562,
80,ARE,MRQ,2001-06-30,2001-06-30,2001-06-30,2021-07-26,-379000.0,879561000.0,,,,,20.976,-50066000.0,3666000.0,3666000.0,5910000.0,7324000.0,,1.619,501312000.0,,,501312000.0,0.0,7463000.0,0.0,0.033,0.46,14207000.0,21670000.0,0.713,21670000.0,14207000.0,7324000.0,0.4,0.39,0.4,335862000.0,,335862000.0,1098203561.0,20.0,13.269,-48217000.0,-3.011,1.0,24489000.0,0.806,0.0,6883000.0,1377207000.0,,0.0,6000000.0,,,543699000.0,,,643621561.0,-2130000.0,0.0,19152000.0,41022000.0,-7436000.0,51822000.0,-55801000.0,-5735000.0,1849000.0,0.0,7324000.0,6408000.0,6408000.0,0.0,0.0,0.211,10282000.0,14207000.0,34144000.0,1.15,1.916,25.853,21.17,776114000.0,916000.0,39.8,5.609,5.554,3001000.0,,30399000.0,30399000.0,0.0,,,,,624000.0,2819000.0,1.0,16171396.0,16011654.0,16253036.0,1.899,879561000.0,0.0,0.0,0.0,54.933,
81,ARE,MRQ,2001-03-31,2001-03-31,2001-03-31,2021-07-26,-3694000.0,820110000.0,,,,,20.301,-32733000.0,5796000.0,5796000.0,6720000.0,7306000.0,,1.611,460378000.0,,,460378000.0,0.0,6734000.0,0.0,0.034,0.43,14667000.0,21401000.0,0.69,21401000.0,14667000.0,7306000.0,0.41,0.41,0.41,314076000.0,,314076000.0,1019603324.0,19.0,12.895,-15266000.0,-0.987,1.0,24275000.0,0.783,0.0,7361000.0,1274692000.0,,0.0,6000000.0,,,506034000.0,,,591123324.0,3020000.0,0.0,631000.0,29201000.0,-6690000.0,22226000.0,-36673000.0,-3940000.0,17467000.0,0.0,7306000.0,6390000.0,6390000.0,0.0,0.0,0.206,9608000.0,14667000.0,37689000.0,1.049,1.882,24.721,20.296,732577000.0,916000.0,37.75,5.41,5.345,2917000.0,,30995000.0,30995000.0,0.0,,,,,637000.0,2874000.0,1.0,15658896.0,15471100.0,15704458.0,2.003,820110000.0,0.0,0.0,0.0,53.009,
82,ARE,MRQ,2000-12-31,2000-12-31,2000-12-31,2021-07-26,1837000.0,780984000.0,,,,,20.653,-17825000.0,2776000.0,2776000.0,5382000.0,7400000.0,,1.447,431256000.0,,,431256000.0,0.0,6514000.0,0.0,0.035,0.43,13122000.0,19636000.0,0.789,19636000.0,13122000.0,7400000.0,0.68,0.67,0.68,319152000.0,,319152000.0,988653675.0,20.0,13.259,-6768000.0,-0.438,1.0,19497000.0,0.784,0.0,5722000.0,1209464000.0,,0.0,6000000.0,,,461832000.0,,,577815675.0,2001000.0,0.0,133000.0,19725000.0,-6678000.0,12262000.0,-21318000.0,-3493000.0,11057000.0,0.0,7400000.0,6482000.0,6482000.0,-1563000.0,0.0,0.261,7938000.0,11559000.0,23123000.0,0.632,1.81,25.861,20.661,705745000.0,918000.0,37.19,5.652,5.261,2835000.0,,24879000.0,24879000.0,0.0,,,,,593000.0,2398000.0,1.0,15536856.0,15452796.0,15733920.0,1.61,780984000.0,0.0,0.0,0.0,50.54,
83,ARE,MRQ,2000-09-30,2000-09-30,2000-09-30,2021-07-26,7301000.0,765934000.0,,,,,22.323,-46461000.0,775000.0,775000.0,6027000.0,6531000.0,,1.363,411613000.0,,,411613000.0,0.0,6460000.0,0.0,0.038,0.0,13597000.0,20057000.0,0.704,20057000.0,13597000.0,6531000.0,0.39,0.38,0.39,324092000.0,,324092000.0,884869670.0,19.0,10.584,-38772000.0,-2.671,1.0,22448000.0,0.788,0.0,7066000.0,1176772000.0,,0.0,6000000.0,,,441842000.0,,,493944670.0,42000.0,0.0,38263000.0,10001000.0,-6191000.0,41157000.0,-48804000.0,-2343000.0,7689000.0,0.0,6531000.0,5615000.0,5615000.0,0.0,0.0,0.197,8851000.0,13597000.0,22782000.0,0.0,1.524,24.655,24.162,693769000.0,916000.0,34.31,4.911,4.952,3735000.0,,28475000.0,28475000.0,0.0,,,,,384000.0,2391000.0,1.0,14396522.0,14518005.0,14782077.0,1.961,765934000.0,0.0,0.0,0.0,52.758,
84,ARE,MRQ,2000-06-30,2000-06-30,2000-06-30,2021-07-26,0.0,699626000.0,,,,,19.586,-37870000.0,733000.0,733000.0,4827000.0,6341000.0,,1.503,391658000.0,,,391658000.0,0.0,5667000.0,0.0,0.05,0.43,12309000.0,17976000.0,0.722,17976000.0,12309000.0,6341000.0,0.38,0.38,0.38,279543000.0,,279543000.0,858156655.0,19.0,11.561,-29735000.0,-2.083,1.0,20083000.0,0.806,0.0,5968000.0,1090551000.0,,0.0,6000000.0,,,420083000.0,,,490250655.0,-1235000.0,0.0,16936000.0,21868000.0,-5932000.0,31956000.0,-41326000.0,-3456000.0,8135000.0,0.0,6341000.0,5425000.0,5425000.0,0.0,0.0,0.218,7774000.0,12309000.0,21471000.0,1.132,1.754,25.333,24.676,643098000.0,916000.0,34.3,5.188,5.18,2523000.0,,24910000.0,24910000.0,0.0,,,,,433000.0,2104000.0,1.0,14293022.0,14272509.0,14450365.0,1.745,699626000.0,0.0,0.0,0.0,49.019,
85,ARE,MRQ,2000-03-31,2000-03-31,2000-03-31,2021-07-26,0.0,661275000.0,,,,,19.079,-16780000.0,1968000.0,1968000.0,4974000.0,5737000.0,,1.515,369874000.0,,,369874000.0,0.0,5610000.0,0.0,0.057,0.43,11288000.0,16898000.0,0.705,16898000.0,11288000.0,5737000.0,0.35,0.35,0.35,262914000.0,,262914000.0,760838660.0,18.0,11.37,-10730000.0,-0.779,1.0,18988000.0,0.792,0.0,5551000.0,1029181000.0,,0.0,6000000.0,,,398361000.0,,,413772660.0,-1478000.0,0.0,900000.0,19441000.0,-5921000.0,13504000.0,-21032000.0,-4252000.0,6050000.0,0.0,5737000.0,4821000.0,4821000.0,0.0,0.0,0.201,7700000.0,11288000.0,21791000.0,1.229,1.574,21.176,21.127,610472000.0,916000.0,30.0,4.563,4.559,2889000.0,,23962000.0,23962000.0,0.0,,,,,421000.0,2093000.0,1.0,13792422.0,13780276.0,13912400.0,1.739,661275000.0,0.0,0.0,0.0,47.987,
86,ARE,MRQ,1999-12-31,1999-12-31,1999-12-31,2021-07-26,172000.0,643118000.0,,,,,19.107,-25045000.0,3446000.0,3446000.0,5112000.0,5089000.0,,1.449,350512000.0,,,350512000.0,0.0,18532000.0,0.0,0.053,0.86,10138000.0,28670000.0,1.234,28670000.0,10138000.0,5089000.0,0.3,0.3,0.3,262583000.0,,262583000.0,767143186.0,18.0,12.726,-9207000.0,-0.67,1.0,18122000.0,0.78,0.0,5049000.0,990184000.0,,0.0,6000000.0,,,380535000.0,,,437089186.0,943000.0,0.0,99000.0,18035000.0,-5907000.0,11299000.0,-26194000.0,-1149000.0,15838000.0,0.0,5089000.0,4173000.0,4173000.0,0.0,0.0,0.18,7984000.0,10138000.0,23349000.0,2.867,1.665,21.836,21.493,598827000.0,916000.0,31.81,5.067,4.988,3432000.0,,23234000.0,23234000.0,0.0,,,,,1658000.0,2062000.0,1.0,13740622.0,13743028.0,13876278.0,1.691,643118000.0,0.0,0.0,0.0,46.796,
87,ARE,MRQ,1999-09-30,1999-09-30,1999-09-30,2021-07-26,0.0,620076000.0,,,,,19.202,-84788000.0,2503000.0,2503000.0,4772000.0,5849000.0,,1.353,332557000.0,,,332557000.0,0.0,0.0,0.0,0.055,0.0,10684000.0,10684000.0,0.477,10684000.0,10684000.0,5849000.0,0.36,0.36,0.36,263518000.0,,263518000.0,676868200.0,16.0,13.098,-75810000.0,-5.524,1.0,17623000.0,0.787,0.0,4835000.0,950130000.0,,0.0,6000000.0,,,356558000.0,,,403720200.0,-360000.0,0.0,461000.0,56623000.0,-5896000.0,50832000.0,-87355000.0,-2567000.0,8978000.0,0.0,5849000.0,4933000.0,4933000.0,0.0,0.0,0.22,6939000.0,10684000.0,17330000.0,0.0,1.532,19.438,18.752,579111000.0,916000.0,29.44,4.961,4.965,3296000.0,,22395000.0,22395000.0,0.0,,,,,0.0,1922000.0,1.0,13713322.0,13723327.0,13877678.0,1.632,620076000.0,0.0,0.0,0.0,45.184,
88,ARE,MRQ,1999-06-30,1999-06-30,1999-06-30,2021-07-26,0.0,562312000.0,,,,,19.33,12862000.0,2863000.0,2863000.0,4736000.0,5817000.0,,1.138,276011000.0,,,276011000.0,0.0,0.0,0.0,0.065,0.43,10667000.0,10667000.0,0.506,10667000.0,10667000.0,5817000.0,0.41,0.41,0.41,262960000.0,,262960000.0,722733188.0,18.0,14.531,20054000.0,1.474,1.0,16358000.0,0.775,0.0,4850000.0,835460000.0,,0.0,6000000.0,,,299352000.0,,,424963188.0,1413000.0,0.0,228000.0,-23132000.0,-5440000.0,8544000.0,12862000.0,0.0,7192000.0,0.0,5817000.0,5613000.0,5613000.0,0.0,0.0,0.266,5691000.0,10667000.0,17284000.0,1.049,1.616,20.281,19.29,525978000.0,204000.0,31.25,5.682,5.684,2518000.0,,21094000.0,21094000.0,0.0,,,,,0.0,1692000.0,1.0,13598822.0,13604031.0,13756007.0,1.551,562312000.0,0.0,0.0,0.0,41.334,
89,ARE,MRQ,1999-03-31,1999-03-31,1999-03-31,2021-07-26,0.0,549883000.0,,,,,17.357,-12862000.0,1450000.0,1450000.0,4383000.0,5298000.0,,1.432,299220000.0,,,299220000.0,0.0,0.0,0.0,0.076,0.4,10261000.0,10261000.0,0.525,10261000.0,10261000.0,5298000.0,0.41,0.4,0.41,226083000.0,,226083000.0,671461794.0,18.0,14.204,1141000.0,0.088,1.0,15156000.0,0.776,0.0,4963000.0,847653000.0,,0.0,6000000.0,,,323800000.0,,,363186794.0,-104000.0,0.0,26456000.0,-22666000.0,-5035000.0,-1245000.0,-12862000.0,0.0,14003000.0,0.0,5298000.0,5298000.0,5298000.0,0.0,0.0,0.271,4895000.0,10261000.0,19140000.0,0.976,1.606,18.101,16.422,515339000.0,0.0,26.44,5.274,5.001,2915000.0,,19539000.0,19539000.0,0.0,,,,,0.0,1301000.0,1.0,13736263.0,13025303.0,13163695.0,1.5,549883000.0,0.0,0.0,0.0,42.217,
90,ARE,MRQ,1998-12-31,1998-12-31,1998-12-31,2021-07-26,0.0,530296000.0,,,,,15.869,-22366000.0,1554000.0,1554000.0,3929000.0,4926000.0,,1.655,309829000.0,,,309829000.0,0.0,10296000.0,0.0,0.065,0.8,9769000.0,20065000.0,1.094,20065000.0,9769000.0,4926000.0,0.39,0.39,0.39,199769000.0,,199769000.0,646791843.0,19.0,14.79,-12275000.0,-0.975,1.0,14420000.0,0.786,0.0,4843000.0,838571000.0,,0.0,6000000.0,,,330527000.0,,,389182843.0,307000.0,0.0,-562000.0,18175000.0,-5031000.0,12582000.0,-22366000.0,0.0,10091000.0,0.0,4926000.0,4926000.0,4926000.0,0.0,0.0,0.268,4651000.0,9769000.0,15663000.0,2.051,1.948,20.058,19.337,493746000.0,0.0,30.94,6.378,6.135,2884000.0,,18349000.0,18349000.0,0.0,,,,,0.0,1304000.0,1.0,12578631.0,12588346.0,12741476.0,1.458,530296000.0,0.0,0.0,0.0,42.126,
91,ARE,MRQ,1998-09-30,1998-09-30,1998-09-30,2021-07-26,0.0,476201000.0,,,,,15.948,-53875000.0,1247000.0,1247000.0,3337000.0,5117000.0,,1.376,258856000.0,,,258856000.0,0.0,0.0,0.0,0.059,0.4,8744000.0,8744000.0,0.553,8744000.0,8744000.0,5117000.0,0.41,0.4,0.41,200440000.0,,200440000.0,545477439.0,19.0,16.046,-48435000.0,-3.854,1.0,12474000.0,0.789,0.0,3627000.0,733810000.0,,0.0,6000000.0,,,275761000.0,,,340878439.0,-763000.0,0.0,447000.0,52247000.0,-5022000.0,47672000.0,-53875000.0,0.0,5440000.0,0.0,5117000.0,5117000.0,5117000.0,0.0,0.0,0.324,3730000.0,8744000.0,11874000.0,0.976,1.701,18.243,14.586,441707000.0,0.0,27.13,6.44,6.442,7102000.0,,15811000.0,15811000.0,0.0,,,,,0.0,957000.0,1.0,12564631.0,12568407.0,12763525.0,1.258,476201000.0,0.0,0.0,0.0,37.889,
92,ARE,MRQ,1998-06-30,1998-06-30,1998-06-30,2021-07-26,0.0,420897000.0,,,,,16.91,-43910000.0,2010000.0,2010000.0,3620000.0,4724000.0,,1.105,206609000.0,,,206609000.0,0.0,0.0,0.0,0.044,0.4,8202000.0,8202000.0,0.541,8202000.0,8202000.0,4724000.0,0.4,0.39,0.4,199906000.0,,199906000.0,532693652.0,21.0,17.413,-42012000.0,-3.554,1.0,11540000.0,0.761,0.0,3478000.0,625496000.0,,0.0,6000000.0,,,220991000.0,,,341454652.0,545000.0,0.0,33214000.0,13905000.0,-4562000.0,42557000.0,-43910000.0,0.0,1898000.0,0.0,4724000.0,4724000.0,4724000.0,0.0,0.0,0.312,3338000.0,8202000.0,9360000.0,1.0,1.708,19.298,16.541,390476000.0,0.0,29.94,7.297,7.563,5751000.0,,15160000.0,15160000.0,0.0,,,,,0.0,882000.0,1.0,11404631.0,11821664.0,12053983.0,1.282,420897000.0,0.0,0.0,0.0,35.604,
93,ARE,MRQ,1998-03-31,1998-03-31,1998-03-31,2021-07-26,0.0,372143000.0,,,,,14.642,-120602000.0,1465000.0,1465000.0,2504000.0,4635000.0,,1.229,192704000.0,,,192704000.0,0.0,0.0,0.0,0.029,0.4,6720000.0,6720000.0,0.575,6720000.0,6720000.0,4635000.0,0.41,0.4,0.41,166990000.0,,166990000.0,430169756.0,50.0,31.763,-111920000.0,-9.814,1.0,9192000.0,0.786,0.0,2085000.0,563382000.0,,0.0,6000000.0,,,205153000.0,,,361412756.0,-595000.0,0.0,0.0,121887000.0,-4562000.0,117325000.0,-126602000.0,0.0,8682000.0,0.0,4635000.0,4635000.0,4635000.0,0.0,0.0,0.396,2472000.0,6720000.0,7887000.0,0.976,2.164,603.36,-83.395,348910000.0,0.0,31.69,9.178,9.178,4189000.0,-2297000.0,11696000.0,11696000.0,0.0,,,,,0.0,751000.0,1.0,11404631.0,11404631.0,11652772.0,1.026,372143000.0,0.0,0.0,0.0,32.631,
94,ARE,MRQ,1997-12-31,1997-12-31,1997-12-31,2021-07-26,0.0,248454000.0,,,,,20.669,-16430000.0,2060000.0,2060000.0,2550000.0,4209000.0,,0.488,70817000.0,,,70817000.0,0.0,4866000.0,0.0,0.017,0.4,5463000.0,10329000.0,1.006,10329000.0,5463000.0,4209000.0,0.64,0.64,0.64,166917000.0,,166917000.0,,,,-16257000.0,-2.013,1.0,7714000.0,0.752,0.0,1254000.0,317211000.0,,0.0,0.0,,,81537000.0,,,359930154.0,-4729000.0,0.0,0.0,16091000.0,-4563000.0,11528000.0,-16430000.0,0.0,173000.0,0.0,4209000.0,4209000.0,4209000.0,0.0,0.0,0.41,2103000.0,5611000.0,6158000.0,0.625,2.156,-61.685,-90.171,229970000.0,0.0,31.56,10.329,7.314,3630000.0,-6932000.0,10264000.0,10264000.0,0.0,,,,,4161000.0,671000.0,1.0,11404631.0,8075864.0,8075864.0,1.271,248454000.0,0.0,0.0,0.0,30.765,
95,ARE,MRQ,1997-09-30,1997-09-30,1997-09-30,2021-07-26,,,,,,,,-17368000.0,,,2383000.0,4126000.0,,,,,,,,0.0,,0.004,0.128,5340000.0,5340000.0,0.552,5340000.0,5340000.0,4126000.0,0.36,0.36,0.36,,,,,,,-12996000.0,-1.14,1.0,7294000.0,0.754,,1214000.0,,,,,,,,,,,-15140000.0,0.0,-266000.0,-2925000.0,-1452000.0,-2144000.0,-17368000.0,0.0,4372000.0,0.0,4126000.0,4126000.0,4126000.0,0.0,0.0,0.426,1954000.0,5340000.0,,0.356,,,,,0.0,28.56,,,,,9677000.0,9677000.0,0.0,,,,,0.0,629000.0,1.0,,11404631.0,11534714.0,0.849,,,0.0,,,
96,ARE,MRQ,1997-06-30,1997-06-30,1997-06-30,2021-07-26,,,,,,,,-52503000.0,,,2003000.0,-10912000.0,,,,,,,,0.0,,0.0,0.0,-8846000.0,-8846000.0,-1.142,-8846000.0,-8846000.0,-10912000.0,-1.79,-1.79,-1.79,,,,,,,-56404000.0,-9.249,1.0,5740000.0,0.741,,2066000.0,,,,,,,,,,,19179000.0,0.0,139185000.0,-57664000.0,-476000.0,75583000.0,-52503000.0,0.0,-3901000.0,0.0,-10912000.0,-12371000.0,-12371000.0,0.0,0.0,-1.598,12440000.0,-6700000.0,,0.0,,,,,1459000.0,21.94,,,,,7743000.0,7743000.0,0.0,,,,,0.0,593000.0,1.0,,6098381.0,6098381.0,1.27,,,0.0,,,
97,ARE,MRQ,1997-03-31,1997-03-31,1997-03-31,2021-07-26,,,,,,,,-1319000.0,,,1830000.0,-143000.0,,,,,,,,0.0,,,0.0,2366000.0,2366000.0,0.33,2366000.0,2366000.0,-143000.0,-0.04,-0.04,-0.04,,,,,,,1920000.0,0.527,1.0,5331000.0,0.744,,2509000.0,,,,,,,,,,,1054000.0,0.0,0.0,2133000.0,-2309000.0,-866000.0,-1319000.0,0.0,3239000.0,0.0,-143000.0,-1720000.0,-1720000.0,0.0,0.0,-0.24,2965000.0,2366000.0,,0.0,,,,,1577000.0,,,,,,7161000.0,7161000.0,0.0,,,,,0.0,583000.0,1.0,,3642131.0,3642131.0,1.966,,,0.0,,,
98,ARE,MRQ,1996-12-31,1996-12-31,1996-12-31,2021-07-26,0.0,160480000.0,,,,,3.99,,1696000.0,1696000.0,,,,10.044,113182000.0,,,113182000.0,0.0,,0.0,,0.0,,,,,,,,,,14531000.0,,14531000.0,,,,,,1.0,,,0.0,,271966000.0,,0.0,0.0,,,145949000.0,,,,,,,,,,,,,,,,,,,,,,2525000.0,,,,,146960000.0,,,,,1332000.0,-1775000.0,,,,,,,,,,1.0,,3642131.0,,,160480000.0,0.0,,0.0,44.062,
0,ARE,MRT,2021-06-30,2021-06-30,2021-06-30,2021-07-26,-4508000.0,27018850000.0,24247936250.0,,,0.082,96.208,-5792653000.0,357573000.0,357573000.0,559053000.0,982985000.0,,0.764,8840999000.0,,,8840999000.0,0.0,725546000.0,0.0,0.024,4.36,1068226000.0,1793772000.0,0.898,1793772000.0,1068226000.0,915745000.0,6.7,6.68,6.7,14191022000.0,12402238500.0,14191022000.0,34843263219.0,33.0,19.425,-4851986000.0,-32.894,1.0,1439177000.0,0.72,0.0,152481000.0,35502276000.0,31946348750.0,0.0,2322905000.0,,,10837033000.0,,,26836748219.0,116033000.0,-10351000.0,4077988000.0,1200490000.0,-588481000.0,5191469000.0,-6017558000.0,-240249000.0,940667000.0,1455000.0,915745000.0,902616000.0,902616000.0,0.0,67240000.0,0.452,907158000.0,532019000.0,1825387000.0,0.651,1.891,29.732,27.155,21692385000.0,13129000.0,181.94,13.43,13.43,6710000.0,,1998230000.0,1998230000.0,0.0,0.037,0.073,0.033,0.535,49076000.0,141479000.0,1.0,147503288.0,147503288.0,,13.547,27018850000.0,0.0,0.0,0.0,183.175,
1,ARE,MRT,2021-03-31,2021-03-31,2021-03-31,2021-07-26,-5799000.0,25234346000.0,22510500750.0,,,0.086,95.034,-4749390000.0,534403000.0,534403000.0,539009000.0,822026000.0,,0.805,8540918000.0,,,8540918000.0,0.0,703521000.0,0.0,0.026,4.3,922652000.0,1626173000.0,0.845,1626173000.0,922652000.0,760315000.0,5.91,5.89,5.91,12990406000.0,11212343000.0,12990406000.0,29424199168.0,32.0,18.094,-3846094000.0,-28.137,1.0,1386558000.0,0.72,0.0,162337000.0,33240861000.0,29908489250.0,0.0,1967739000.0,,,10452384000.0,,,22458618168.0,46032000.0,-9899000.0,3209173000.0,1118709000.0,-557684000.0,4022935000.0,-4882449000.0,-148855000.0,903296000.0,2250000.0,760315000.0,748653000.0,748653000.0,0.0,61711000.0,0.389,887320000.0,499238000.0,1750687000.0,0.728,1.729,29.999,27.8,20253418000.0,11662000.0,164.3,11.663,11.663,7556000.0,,1925567000.0,1925567000.0,0.0,0.033,0.067,0.031,0.479,46019000.0,135374000.0,1.0,136692746.0,136692746.0,,14.087,25234346000.0,0.0,0.0,0.0,184.606,
2,ARE,MRT,2020-12-31,2020-12-31,2020-12-31,2021-07-26,-6625000.0,22827878000.0,21127398000.0,,,0.089,86.893,-3268844000.0,597705000.0,597705000.0,530224000.0,827171000.0,,0.8,7563286000.0,,,7563286000.0,0.0,698104000.0,0.0,0.024,4.24,942568000.0,1640672000.0,0.87,1640672000.0,942568000.0,770959000.0,6.03,6.01,6.03,11725712000.0,10295388000.0,11725712000.0,31387782986.0,33.0,19.131,-2386334000.0,-17.684,1.0,1355413000.0,0.719,0.0,171609000.0,29793459000.0,28227948750.0,0.0,1943463000.0,,,9384100000.0,,,24049654986.0,355016000.0,16781000.0,2315862000.0,742297000.0,-532980000.0,2750356000.0,-3278161000.0,-26098000.0,882510000.0,311000.0,770959000.0,760791000.0,760791000.0,0.0,56212000.0,0.403,879523000.0,475890000.0,1669832000.0,0.703,2.051,31.611,29.556,18092372000.0,10168000.0,178.22,12.754,12.754,7333000.0,,1885637000.0,1885637000.0,0.0,0.036,0.074,0.033,0.5,43502000.0,133341000.0,1.0,134943637.0,134943637.0,,13.974,22827878000.0,0.0,0.0,0.0,169.166,
3,ARE,MRT,2020-09-30,2020-09-30,2020-09-30,2021-07-26,-10638000.0,21910671000.0,20018054250.0,,,0.091,84.858,-4335409000.0,485043000.0,485043000.0,515309000.0,586091000.0,,0.895,7823171000.0,,,7823171000.0,0.0,660872000.0,0.0,0.026,4.18,711480000.0,1372352000.0,0.75,1372352000.0,711480000.0,531916000.0,4.38,4.36,4.38,10701814000.0,9580416500.0,10701814000.0,27460061680.0,39.0,20.009,-3448177000.0,-27.342,1.0,1314722000.0,0.718,0.0,179564000.0,29248799000.0,27010907250.0,0.0,1661737000.0,,,9575551000.0,,,20178331680.0,32073000.0,14822000.0,2794531000.0,1042839000.0,-504511000.0,3300587000.0,-4155466000.0,-34416000.0,887232000.0,-280000.0,531916000.0,523353000.0,523353000.0,0.0,54175000.0,0.286,824954000.0,489768000.0,1609340000.0,0.954,1.886,38.556,36.53,17600648000.0,8563000.0,160.0,11.026,11.026,7641000.0,,1830031000.0,1830031000.0,0.0,0.026,0.055,0.026,0.389,42347000.0,130433000.0,1.0,126114573.0,126114573.0,,14.511,21910671000.0,0.0,0.0,0.0,173.736,
4,ARE,MRT,2020-06-30,2020-06-30,2020-06-30,2021-07-26,-13080000.0,20069108000.0,18804925000.0,,,0.089,74.737,-3610991000.0,241540000.0,241540000.0,491316000.0,454289000.0,,0.954,7523270000.0,,,7523270000.0,0.0,619611000.0,0.0,0.025,4.12,586107000.0,1205718000.0,0.72,1205718000.0,586107000.0,403658000.0,3.3,3.29,3.3,9431440000.0,8852521000.0,9431440000.0,27291876952.0,47.0,22.635,-2841817000.0,-22.519,1.0,1184157000.0,0.707,0.0,182449000.0,27350838000.0,25534424250.0,0.0,1645323000.0,,,9000132000.0,,,20475112952.0,3315000.0,11247000.0,1635389000.0,1144732000.0,-484374000.0,2821233000.0,-3586143000.0,13601000.0,769174000.0,-949000.0,403658000.0,394254000.0,394254000.0,0.0,50631000.0,0.235,768616000.0,415541000.0,1343181000.0,1.248,2.171,51.934,49.167,16281125000.0,9404000.0,162.25,12.22,12.22,7208000.0,,1675473000.0,1675473000.0,0.0,0.021,0.045,0.023,0.35,40288000.0,121450000.0,1.0,126194841.0,126194841.0,,13.277,20069108000.0,0.0,0.0,0.0,159.033,
5,ARE,MRT,2020-03-31,2020-03-31,2020-03-31,2021-07-26,-15606000.0,19701935000.0,17797515500.0,,,0.091,75.979,-3674201000.0,488371000.0,488371000.0,473094000.0,297907000.0,,0.943,7305135000.0,,,7305135000.0,0.0,586021000.0,0.0,0.03,4.06,433085000.0,1019106000.0,0.632,1019106000.0,433085000.0,252771000.0,2.16,2.15,2.16,9322586000.0,8401916000.0,9322586000.0,23352034868.0,54.0,22.914,-2935807000.0,-23.927,1.0,1139279000.0,0.707,0.0,180314000.0,26518699000.0,24236077250.0,0.0,1449147000.0,,,8787670000.0,,,16817244868.0,172566000.0,-31801000.0,1720783000.0,1439805000.0,-463965000.0,3176351000.0,-3740579000.0,-34077000.0,738394000.0,-1600000.0,252771000.0,243984000.0,243984000.0,0.0,45136000.0,0.151,716467000.0,422812000.0,1352554000.0,1.88,1.804,68.928,63.454,15832182000.0,8787000.0,137.06,10.43,10.43,14976000.0,,1612373000.0,1612373000.0,0.0,0.014,0.029,0.018,0.269,42540000.0,116109000.0,1.0,122699875.0,122699875.0,,13.141,19701935000.0,0.0,0.0,0.0,160.57,
6,ARE,MRT,2019-12-31,2019-12-31,2019-12-31,2021-07-26,-9749000.0,18390503000.0,16742083250.0,,,0.091,76.993,-3477700000.0,242689000.0,242689000.0,445492000.0,404047000.0,,0.928,6777479000.0,,,6777479000.0,0.0,544612000.0,0.0,0.025,4.0,536840000.0,1081452000.0,0.706,1081452000.0,536840000.0,363165000.0,3.13,3.12,3.13,8865826000.0,7962913750.0,8865826000.0,24890766984.0,46.0,23.016,-2793843000.0,-24.262,1.0,1085804000.0,0.709,0.0,173675000.0,24925293000.0,22858378500.0,0.0,1487484000.0,,,8224025000.0,,,18606053984.0,-29441000.0,-102067000.0,1216445000.0,1249619000.0,-447029000.0,2927482000.0,-3641320000.0,-61553000.0,683857000.0,540000.0,363165000.0,350995000.0,350995000.0,0.0,40882000.0,0.229,665769000.0,420035000.0,1320268000.0,1.278,2.099,53.009,51.623,14844038000.0,12170000.0,161.58,12.151,12.151,10691000.0,,1531296000.0,1531296000.0,0.0,0.021,0.044,0.023,0.351,43640000.0,108823000.0,1.0,115150724.0,115150724.0,,13.298,18390503000.0,0.0,0.0,0.0,159.708,
7,ARE,MRT,2019-09-30,2019-09-30,2019-09-30,2021-07-26,-11549000.0,17058154000.0,15760696500.0,,,0.093,68.686,-2543246000.0,452970000.0,452970000.0,421322000.0,169363000.0,,1.039,6737683000.0,,,6737683000.0,0.0,529084000.0,0.0,0.026,3.94,304461000.0,833545000.0,0.569,833545000.0,304461000.0,136040000.0,1.02,1.02,1.02,7790232000.0,7581948500.0,7790232000.0,23588813394.0,77.0,28.299,-1881429000.0,-16.589,1.0,1042323000.0,0.712,0.0,168421000.0,23342867000.0,21544825500.0,0.0,1330644000.0,,,8094534000.0,,,17470833394.0,219090000.0,-138462000.0,832256000.0,1010304000.0,-432458000.0,2306303000.0,-2748481000.0,-64273000.0,661817000.0,-549000.0,136040000.0,120057000.0,120057000.0,0.0,33323000.0,0.082,630510000.0,411813000.0,1241276000.0,3.863,2.243,145.521,151.02,13618280000.0,15983000.0,154.04,11.937,11.937,10668000.0,,1463645000.0,1463645000.0,0.0,0.008,0.016,0.014,0.208,43211000.0,101426000.0,1.0,113417511.0,113417511.0,,12.905,17058154000.0,0.0,0.0,0.0,150.401,
8,ARE,MRT,2019-06-30,2019-06-30,2019-06-30,2021-07-26,-11134000.0,16039470000.0,15022549500.0,,,0.094,67.552,-2116587000.0,238225000.0,238225000.0,404631000.0,424725000.0,,1.0,6356205000.0,,,6356205000.0,0.0,513114000.0,0.0,0.027,3.87,561340000.0,1074454000.0,0.759,1074454000.0,561340000.0,396878000.0,3.47,3.45,3.47,7629020000.0,7352586250.0,7629020000.0,21461796336.0,38.0,19.975,-1496149000.0,-13.248,1.0,1010353000.0,0.714,0.0,164462000.0,22157450000.0,20598031250.0,0.0,1392016000.0,,,7628001000.0,,,15934098336.0,-83616000.0,-98880000.0,978488000.0,720345000.0,-416506000.0,1641165000.0,-2345098000.0,-124131000.0,620438000.0,-121000.0,396878000.0,378770000.0,378770000.0,0.0,27847000.0,0.268,609270000.0,401083000.0,1157417000.0,1.115,2.089,42.068,40.66,12872824000.0,18108000.0,141.09,11.261,11.261,9228000.0,,1414984000.0,1414984000.0,0.0,0.025,0.052,0.027,0.397,42262000.0,96156000.0,1.0,112935703.0,112935703.0,,12.529,16039470000.0,0.0,0.0,0.0,142.023,
9,ARE,MRT,2019-03-31,2019-03-31,2019-03-31,2021-07-26,-10712000.0,15480206000.0,14403229500.0,,,0.095,67.122,-2094005000.0,315805000.0,315805000.0,390850000.0,398093000.0,,0.942,5843503000.0,,,5843503000.0,0.0,497529000.0,0.0,0.027,3.8,532521000.0,1030050000.0,0.754,1030050000.0,532521000.0,372841000.0,3.3,3.28,3.3,7566577000.0,7060446500.0,7566577000.0,21276688840.0,40.0,20.656,-1515857000.0,-13.447,1.0,975312000.0,0.714,0.0,159680000.0,21007904000.0,19772282250.0,0.0,1291309000.0,,,7125292000.0,,,16070563840.0,56823000.0,-77725000.0,1193932000.0,618130000.0,-398914000.0,1777920000.0,-2298055000.0,-126825000.0,578148000.0,-1190000.0,372841000.0,354456000.0,354456000.0,0.0,25252000.0,0.259,596501000.0,378811000.0,1171377000.0,1.152,2.124,45.339,43.2,12410350000.0,18385000.0,142.56,11.763,11.763,9645000.0,,1366162000.0,1366162000.0,0.0,0.025,0.05,0.027,0.39,38800000.0,92661000.0,1.0,112728422.0,112728422.0,,12.119,15480206000.0,0.0,0.0,0.0,137.323,
10,ARE,MRT,2018-12-31,2018-12-31,2018-12-31,2021-07-26,-10435000.0,14464956000.0,13738477000.0,,,0.097,68.28,-1944158000.0,272130000.0,272130000.0,381120000.0,402793000.0,,0.895,5478255000.0,,,5478255000.0,0.0,477661000.0,0.0,0.032,3.73,536807000.0,1014468000.0,0.764,1014468000.0,536807000.0,379312000.0,3.53,3.52,3.53,7341965000.0,6717451500.0,7341965000.0,17841489499.0,33.0,17.587,-1373819000.0,-12.777,1.0,946339000.0,0.713,0.0,157495000.0,19671081000.0,18963559250.0,0.0,1129771000.0,,,6570242000.0,,,12391365499.0,-5056000.0,-83338000.0,1293301000.0,718217000.0,-380632000.0,1588433000.0,-2161760000.0,-134264000.0,570339000.0,-2068000.0,379312000.0,363983000.0,363983000.0,0.0,23481000.0,0.274,574377000.0,371962000.0,981707000.0,1.057,1.688,34.044,32.646,11913693000.0,15329000.0,115.24,9.335,9.335,9798000.0,,1327459000.0,1327459000.0,0.0,0.026,0.054,0.028,0.404,35019000.0,90405000.0,1.0,107526601.0,107526601.0,,12.345,14464956000.0,0.0,0.0,0.0,134.524,
11,ARE,MRT,2018-09-30,2018-09-30,2018-09-30,2021-07-26,-3811000.0,14105566000.0,13148226250.0,,,0.098,64.986,-1911292000.0,233880000.0,233880000.0,371511000.0,467031000.0,,0.974,5684004000.0,,,5684004000.0,0.0,460385000.0,0.0,0.029,3.66,596722000.0,1057107000.0,0.822,1057107000.0,596722000.0,443384000.0,4.24,4.2,4.24,6872783000.0,6369376750.0,6872783000.0,18595483698.0,31.0,17.591,-1403564000.0,-13.272,1.0,914276000.0,0.711,0.0,153338000.0,19555690000.0,18193682500.0,0.0,1155326000.0,,,6692182000.0,,,13303219698.0,87605000.0,-122750000.0,1266538000.0,874603000.0,-362949000.0,1768295000.0,-2187511000.0,-148969000.0,507728000.0,-907000.0,443384000.0,430174000.0,430174000.0,0.0,23647000.0,0.335,553626000.0,360650000.0,907094000.0,0.863,1.936,30.925,29.667,11587312000.0,13210000.0,125.79,10.346,10.346,11041000.0,,1285787000.0,1285787000.0,0.0,0.033,0.068,0.033,0.464,32170000.0,86930000.0,1.0,105757371.0,105757371.0,,12.158,14105566000.0,0.0,0.0,0.0,133.377,
12,ARE,MRT,2018-06-30,2018-06-30,2018-06-30,2021-07-26,-2485000.0,13562190000.0,12508165500.0,,,0.098,62.734,-1760368000.0,321841000.0,321841000.0,355221000.0,307218000.0,,1.016,5614105000.0,,,5614105000.0,0.0,448573000.0,0.0,0.028,3.59,425646000.0,874219000.0,0.711,874219000.0,425646000.0,283521000.0,2.78,2.76,2.78,6460461000.0,6002923500.0,6460461000.0,17945130516.0,42.0,20.527,-1274991000.0,-12.381,1.0,874113000.0,0.711,0.0,142125000.0,18854454000.0,17358782000.0,0.0,983725000.0,,,6562055000.0,,,12993314516.0,176962000.0,-119836000.0,1215997000.0,845257000.0,-345875000.0,1716072000.0,-2024305000.0,-146851000.0,485377000.0,-182000.0,283521000.0,272507000.0,272507000.0,0.0,23697000.0,0.222,536790000.0,337323000.0,849274000.0,1.291,2.011,47.681,45.385,11190771000.0,11014000.0,126.17,10.569,10.569,8704000.0,,1229334000.0,1229334000.0,0.0,0.022,0.045,0.025,0.346,30077000.0,81906000.0,1.0,102982599.0,102982599.0,,11.937,13562190000.0,0.0,0.0,0.0,131.694,
13,ARE,MRT,2018-03-31,2018-03-31,2018-03-31,2021-07-26,1228000.0,12821196000.0,11929034750.0,,,0.099,61.188,-1630108000.0,258982000.0,258982000.0,340293000.0,288167000.0,,0.983,5210798000.0,,,5210798000.0,0.0,433819000.0,0.0,0.028,3.52,398788000.0,832607000.0,0.707,832607000.0,398788000.0,263012000.0,2.62,2.6,2.62,6194597000.0,5677099250.0,6194597000.0,17131341851.0,43.0,20.576,-1157949000.0,-11.438,1.0,837066000.0,0.711,0.0,135776000.0,17773012000.0,16614211750.0,0.0,894175000.0,,,6087849000.0,,,12643720851.0,89453000.0,-97838000.0,1157007000.0,778424000.0,-329486000.0,1482970000.0,-1866808000.0,-133362000.0,472159000.0,1132000.0,263012000.0,252121000.0,252121000.0,0.0,25155000.0,0.214,512223000.0,324843000.0,783986000.0,1.344,2.041,50.149,47.668,10671227000.0,10891000.0,124.89,10.739,10.739,11258000.0,,1177359000.0,1177359000.0,0.0,0.021,0.044,0.024,0.339,27606000.0,78201000.0,1.0,101238857.0,101238857.0,,11.63,12821196000.0,0.0,0.0,0.0,126.643,
14,ARE,MRT,2017-12-31,2017-12-31,2017-12-31,2021-07-26,50024000.0,12103953000.0,11440892250.0,,,0.099,62.158,-1553837000.0,277186000.0,277186000.0,325609000.0,194204000.0,,0.945,4764807000.0,,,4764807000.0,0.0,416783000.0,0.0,0.026,3.45,297738000.0,714521000.0,0.633,714521000.0,297738000.0,169093000.0,1.59,1.58,1.59,5949666000.0,5366557750.0,5949666000.0,17170555897.0,58.0,24.031,-1102955000.0,-11.523,1.0,802488000.0,0.711,0.0,128645000.0,16591574000.0,15953404500.0,0.0,633872000.0,,,5620784000.0,,,12499790897.0,135820000.0,-39591000.0,1275397000.0,602427000.0,-312131000.0,1420341000.0,-1737126000.0,-141398000.0,450882000.0,1723000.0,169093000.0,145395000.0,145395000.0,0.0,25111000.0,0.129,491995000.0,310493000.0,763832000.0,2.17,2.101,85.971,82.132,10298019000.0,23698000.0,130.59,11.08,11.08,10262000.0,,1128097000.0,1128097000.0,0.0,0.013,0.027,0.019,0.264,25610000.0,75009000.0,1.0,95717826.0,95717826.0,,11.786,12103953000.0,0.0,0.0,0.0,126.455,
15,ARE,MRT,2017-09-30,2017-09-30,2017-09-30,2021-07-26,43864000.0,11545323000.0,11003626000.0,,,0.098,57.751,-2056441000.0,146275000.0,146275000.0,310780000.0,168389000.0,,1.043,4817040000.0,,,4817040000.0,0.0,404291000.0,0.0,0.028,3.38,268795000.0,673086000.0,0.624,673086000.0,268795000.0,145009000.0,0.89,0.89,0.89,5406970000.0,5103090250.0,5406970000.0,15769209066.0,59.0,23.428,-1597563000.0,-17.063,1.0,767688000.0,0.712,0.0,123786000.0,16216088000.0,15399897750.0,0.0,518954000.0,,,5640512000.0,,,11138703066.0,-40525000.0,33723000.0,1769766000.0,264037000.0,-292195000.0,1595907000.0,-2096869000.0,-133399000.0,458878000.0,1559000.0,145009000.0,83437000.0,83437000.0,0.0,23380000.0,0.077,494075000.0,273613000.0,740070000.0,3.798,2.06,133.498,133.674,10046521000.0,61572000.0,118.97,10.328,10.328,9899000.0,,1078468000.0,1078468000.0,0.0,0.008,0.016,0.017,0.249,25075000.0,73557000.0,1.0,93626150.0,93626150.0,,11.519,11545323000.0,0.0,0.0,0.0,123.313,
16,ARE,MRT,2017-06-30,2017-06-30,2017-06-30,2021-07-26,22677000.0,11245667000.0,10440770500.0,,,0.098,56.626,-2005523000.0,144879000.0,144879000.0,299313000.0,137402000.0,,1.084,4775385000.0,,,4775385000.0,0.0,373636000.0,0.0,0.028,3.32,234316000.0,607952000.0,0.594,607952000.0,234316000.0,115711000.0,0.41,0.41,0.41,5157164000.0,4728867250.0,5157164000.0,15232769137.0,65.0,25.056,-1560398000.0,-17.133,1.0,724164000.0,0.708,0.0,118605000.0,15876173000.0,14708041000.0,0.0,483003000.0,,,5591176000.0,,,10971612137.0,-139993000.0,-5746000.0,1523982000.0,433316000.0,-274054000.0,1520971000.0,-2106162000.0,-94968000.0,445125000.0,73000.0,115711000.0,37616000.0,37616000.0,0.0,21691000.0,0.037,469752000.0,254412000.0,734189000.0,8.098,2.127,291.674,293.829,9819413000.0,78095000.0,120.47,10.72,10.72,8393000.0,,1023477000.0,1023477000.0,0.0,0.004,0.008,0.016,0.229,24633000.0,71775000.0,1.0,91073397.0,91073397.0,,11.238,11245667000.0,0.0,0.0,0.0,123.479,
17,ARE,MRT,2017-03-31,2017-03-31,2017-03-31,2021-07-26,21460000.0,10868626000.0,9915561250.0,,,0.098,55.723,-1712075000.0,169529000.0,169529000.0,289658000.0,-12210000.0,,1.095,4430686000.0,,,4430686000.0,0.0,339707000.0,0.0,0.029,3.26,81756000.0,421463000.0,0.432,421463000.0,81756000.0,-30126000.0,-1.66,-1.66,-1.66,4952431000.0,4445003500.0,4952431000.0,13845199485.0,169.0,32.85,-1312726000.0,-14.77,1.0,686836000.0,0.703,0.0,111882000.0,15129783000.0,13987056750.0,0.0,444928000.0,,,5422299000.0,,,9822540485.0,-5540000.0,-11080000.0,1624658000.0,120792000.0,-257562000.0,1391685000.0,-1795640000.0,-75235000.0,399349000.0,-934000.0,-30126000.0,-121662000.0,-121662000.0,0.0,17916000.0,-0.125,587913000.0,98923000.0,782637000.0,-1.964,1.983,-80.736,-66.578,9470667000.0,91536000.0,110.52,10.059,10.059,9979000.0,,976494000.0,976494000.0,0.0,-0.012,-0.027,0.006,0.084,25246000.0,67925000.0,1.0,88875683.0,88875683.0,,10.987,10868626000.0,0.0,0.0,0.0,122.29,
18,ARE,MRT,2016-12-31,2016-12-31,2016-12-31,2021-07-26,5355000.0,10354888000.0,9441287750.0,,,0.098,61.649,-1438287000.0,141366000.0,141366000.0,278408000.0,-49799000.0,,1.016,4164025000.0,,,4164025000.0,0.0,313390000.0,0.0,0.029,3.23,41052000.0,354442000.0,0.385,354442000.0,41052000.0,-65901000.0,-1.99,-1.99,-1.99,4895796000.0,4173325750.0,4895796000.0,12980051267.0,316.0,36.621,-1044800000.0,-13.156,1.0,643298000.0,0.698,0.0,106953000.0,14377547000.0,13430098250.0,0.0,392698000.0,,,4972610000.0,,,8825291267.0,-12604000.0,-11529000.0,1432177000.0,6101000.0,-240347000.0,1093775000.0,-1498406000.0,-48140000.0,393487000.0,-1460000.0,-65901000.0,-151141000.0,-151141000.0,0.0,16102000.0,-0.164,586535000.0,56763000.0,731671000.0,-1.623,1.803,-58.391,-55.844,9077972000.0,85240000.0,111.13,9.575,9.575,9744000.0,,921706000.0,921706000.0,0.0,-0.016,-0.036,0.003,0.045,25433000.0,63884000.0,1.0,79414121.0,79414121.0,,11.606,10354888000.0,0.0,0.0,0.0,130.391,
19,ARE,MRT,2016-09-30,2016-09-30,2016-09-30,2021-07-26,-31745000.0,9293901000.0,9072820000.0,,,0.099,50.146,-701536000.0,174334000.0,174334000.0,274077000.0,-26614000.0,,1.279,4329094000.0,,,4329094000.0,0.0,290413000.0,0.0,0.029,3.17,64760000.0,355173000.0,0.396,355173000.0,64760000.0,-39200000.0,-1.21,-1.21,-1.21,3910078000.0,3943148500.0,3910078000.0,12328591318.0,190.0,34.712,-313485000.0,-4.02,1.0,622422000.0,0.694,0.0,103960000.0,13448661000.0,13001396250.0,0.0,454569000.0,,,5000980000.0,,,8481185318.0,81545000.0,-7972000.0,441213000.0,46491000.0,-233790000.0,575208000.0,-880206000.0,-24451000.0,388051000.0,-1508000.0,-39200000.0,-90883000.0,-90883000.0,0.0,12586000.0,-0.101,553918000.0,68504000.0,605181000.0,-2.62,2.169,-93.32,-89.893,7939179000.0,51683000.0,108.77,9.46,9.46,9635000.0,,896499000.0,896499000.0,0.0,-0.01,-0.023,0.005,0.072,23597000.0,61528000.0,1.0,77973571.0,77973571.0,,11.497,9293901000.0,0.0,0.0,0.0,119.193,
20,ARE,MRT,2016-06-30,2016-06-30,2016-06-30,2021-07-26,8272000.0,9144830000.0,8933680750.0,,,0.099,54.44,-758156000.0,269131000.0,269131000.0,270921000.0,-15474000.0,,1.188,4116537000.0,,,4116537000.0,0.0,281233000.0,0.0,0.03,3.14,81643000.0,362876000.0,0.41,362876000.0,81643000.0,-24146000.0,-0.82,-0.82,-0.82,4021709000.0,3905419500.0,4021709000.0,11577872942.0,142.0,31.906,-394837000.0,-5.345,1.0,613809000.0,0.694,0.0,105789000.0,12992236000.0,12873781000.0,0.0,492483000.0,,,4777353000.0,,,7647455942.0,187383000.0,-11791000.0,441213000.0,58177000.0,-227090000.0,605566000.0,-780319000.0,-20297000.0,363319000.0,-1183000.0,-24146000.0,-63676000.0,-63676000.0,0.0,8672000.0,-0.072,535913000.0,77896000.0,593628000.0,-3.829,1.902,-120.1,-126.244,7774608000.0,39530000.0,103.52,8.644,8.644,9196000.0,,884730000.0,884730000.0,0.0,-0.007,-0.016,0.006,0.092,21324000.0,60817000.0,1.0,73874188.0,73874188.0,,11.976,9144830000.0,0.0,0.0,0.0,123.789,
21,ARE,MRT,2016-03-31,2016-03-31,2016-03-31,2021-07-26,-8533000.0,8971532000.0,8778696000.0,,,0.098,52.682,-711887000.0,161082000.0,161082000.0,265846000.0,131072000.0,,1.238,4091499000.0,,,4091499000.0,0.0,273235000.0,0.0,0.034,3.11,233069000.0,506304000.0,0.587,506304000.0,233069000.0,125637000.0,1.34,1.34,1.34,3865720000.0,3855711250.0,3865720000.0,10481137150.0,45.0,20.701,-374335000.0,-5.101,1.0,596964000.0,0.692,0.0,107432000.0,12901949000.0,12751984250.0,0.0,443328000.0,,,4784241000.0,,,6669312150.0,55556000.0,-6937000.0,103741000.0,216425000.0,-221299000.0,442235000.0,-723465000.0,-27140000.0,337552000.0,-766000.0,125637000.0,95263000.0,95263000.0,0.0,5435000.0,0.11,371377000.0,225587000.0,628467000.0,2.321,1.725,70.009,67.828,7741466000.0,30374000.0,90.89,7.73,7.73,9979000.0,,862810000.0,862810000.0,0.0,0.011,0.025,0.018,0.27,19261000.0,60422000.0,1.0,73377843.0,73377843.0,,11.758,8971532000.0,0.0,0.0,0.0,122.265,
22,ARE,MRT,2015-12-31,2015-12-31,2015-12-31,2021-07-26,49191000.0,8881017000.0,8637118250.0,,,0.098,54.83,-683340000.0,153970000.0,153970000.0,261232000.0,146114000.0,,1.154,3935692000.0,,,3935692000.0,0.0,261289000.0,0.0,0.034,3.05,250030000.0,511319000.0,0.606,511319000.0,250030000.0,144217000.0,1.63,1.63,1.63,3975087000.0,3834418250.0,3975087000.0,10751860761.0,43.0,21.028,-340729000.0,-4.7,1.0,582242000.0,0.69,0.0,105813000.0,12662739000.0,12566947500.0,0.0,480677000.0,,,4587053000.0,,,6551004761.0,39087000.0,-9027000.0,78463000.0,200811000.0,-218104000.0,419126000.0,-722395000.0,-24527000.0,342611000.0,-255000.0,144217000.0,116867000.0,116867000.0,43000.0,1897000.0,0.139,344160000.0,238082000.0,589356000.0,1.871,1.648,56.055,55.436,7629922000.0,27350000.0,90.36,7.767,7.767,10485000.0,,843474000.0,843474000.0,0.0,0.014,0.03,0.02,0.296,17512000.0,59621000.0,1.0,72498946.0,72498946.0,,11.634,8881017000.0,0.0,0.0,0.0,122.499,
23,ARE,MRT,2015-09-30,2015-09-30,2015-09-30,2021-07-26,35238000.0,8737344000.0,8450873000.0,,,0.096,51.988,-740747000.0,113376000.0,113376000.0,249200000.0,97107000.0,,1.32,4314232000.0,,,4314232000.0,0.0,247017000.0,0.0,0.036,3.02,194591000.0,441608000.0,0.546,441608000.0,194591000.0,94820000.0,0.92,0.92,0.92,3759162000.0,3797756250.0,3759162000.0,10102442153.0,52.0,22.876,-415135000.0,-5.741,1.0,558993000.0,0.692,0.0,99771000.0,12938200000.0,12326692750.0,0.0,330570000.0,,,4962166000.0,,,6122284153.0,9360000.0,-11212000.0,5052000.0,726605000.0,-214126000.0,402970000.0,-717980000.0,-43750000.0,325612000.0,-1242000.0,94820000.0,65582000.0,65582000.0,-1679000.0,2287000.0,0.081,371582000.0,187411000.0,586594000.0,3.283,1.629,93.353,92.033,7654209000.0,29238000.0,84.67,7.575,7.575,10124000.0,,808193000.0,808193000.0,0.0,0.008,0.017,0.016,0.241,17546000.0,58380000.0,1.0,72307596.0,72307596.0,,11.177,8737344000.0,0.0,0.0,0.0,120.836,
24,ARE,MRT,2015-06-30,2015-06-30,2015-06-30,2021-07-26,83980000.0,8524891000.0,8271615500.0,,,0.094,53.066,-524711000.0,112808000.0,112808000.0,237777000.0,93351000.0,,1.226,4092966000.0,,,4092966000.0,0.0,237452000.0,0.0,0.034,2.97,182541000.0,419993000.0,0.542,419993000.0,182541000.0,89894000.0,0.85,0.85,0.85,3822876000.0,3826765250.0,3822876000.0,10057216192.0,55.0,23.946,-183477000.0,-2.547,1.0,537421000.0,0.693,0.0,92647000.0,12505049000.0,11949683000.0,0.0,360614000.0,,,4685772000.0,,,6300635192.0,6916000.0,-72535000.0,5052000.0,671529000.0,-210122000.0,346577000.0,-677692000.0,-50678000.0,341234000.0,-3203000.0,89894000.0,60549000.0,60549000.0,-1499000.0,3457000.0,0.078,359483000.0,177938000.0,531612000.0,3.494,1.648,104.058,102.894,7442875000.0,29345000.0,87.46,8.128,8.128,9279000.0,,775198000.0,775198000.0,0.0,0.007,0.016,0.015,0.235,15436000.0,55846000.0,1.0,72040192.0,72040192.0,,10.761,8524891000.0,0.0,0.0,0.0,118.335,
25,ARE,MRT,2015-03-31,2015-03-31,2015-03-31,2021-07-26,29213000.0,8405221000.0,8094305000.0,,,0.092,52.483,-521109000.0,147345000.0,147345000.0,227880000.0,91037000.0,,1.219,3903926000.0,,,3903926000.0,0.0,232595000.0,0.0,0.03,2.92,169948000.0,402543000.0,0.539,402543000.0,169948000.0,86536000.0,0.8,0.8,0.8,3780548000.0,3847746750.0,3780548000.0,10627891674.0,63.0,26.402,-153202000.0,-2.127,1.0,519564000.0,0.695,0.0,83412000.0,12161802000.0,11589493250.0,0.0,283062000.0,,,4608369000.0,,,7062207674.0,15671000.0,-72550000.0,0.0,565537000.0,-206967000.0,292509000.0,-642162000.0,-12026000.0,367907000.0,-2583000.0,86536000.0,57190000.0,57190000.0,-1352000.0,4501000.0,0.077,353473000.0,166091000.0,645619000.0,3.65,1.868,123.487,122.55,7388059000.0,29346000.0,98.04,9.448,9.448,10627000.0,,747444000.0,747444000.0,0.0,0.007,0.015,0.015,0.227,14458000.0,54693000.0,1.0,72033942.0,72033942.0,,10.376,8405221000.0,0.0,0.0,0.0,116.684,
26,ARE,MRT,2014-12-31,2014-12-31,2014-12-31,2021-07-26,-628000.0,8136036000.0,7932009500.0,,,0.092,53.167,-544080000.0,112895000.0,112895000.0,219164000.0,106778000.0,,1.104,3678579000.0,,,3678579000.0,0.0,224096000.0,0.0,0.032,2.88,180873000.0,404969000.0,0.557,404969000.0,180873000.0,101574000.0,1.01,1.01,1.01,3828439000.0,3883293750.0,3828439000.0,9799822100.0,54.0,24.199,-209755000.0,-2.913,1.0,507713000.0,0.698,0.0,79299000.0,11701720000.0,11274641750.0,0.0,353795000.0,,,4226478000.0,,,6389975100.0,28315000.0,-70758000.0,0.0,569072000.0,-202386000.0,331312000.0,-634829000.0,-11374000.0,334325000.0,-2493000.0,101574000.0,72113000.0,72113000.0,-1233000.0,5204000.0,0.099,329301000.0,178412000.0,489085000.0,2.851,1.669,88.611,87.861,7108610000.0,29461000.0,88.74,8.791,8.791,10548000.0,,726877000.0,726877000.0,0.0,0.009,0.019,0.016,0.249,13996000.0,53530000.0,1.0,72007833.0,72007833.0,,10.094,8136036000.0,0.0,0.0,0.0,112.988,
27,ARE,MRT,2014-09-30,2014-09-30,2014-09-30,2021-07-26,-28711000.0,8020314000.0,7780441500.0,,,0.091,54.01,-603109000.0,91268000.0,91268000.0,212175000.0,157030000.0,,1.049,3501115000.0,,,3501115000.0,0.0,214224000.0,0.0,0.038,2.82,226972000.0,441196000.0,0.624,441196000.0,226972000.0,152078000.0,1.76,1.76,1.76,3875198000.0,3905381250.0,3875198000.0,8540161684.0,38.0,19.357,-271634000.0,-3.786,1.0,494851000.0,0.7,0.0,74894000.0,11430161000.0,10975566750.0,0.0,177577000.0,,,4063199000.0,,,5291520684.0,13184000.0,-71631000.0,-1217000.0,581696000.0,-199249000.0,360693000.0,-674597000.0,-1203000.0,331475000.0,-4387000.0,152078000.0,124514000.0,124514000.0,632000.0,4952000.0,0.176,266627000.0,228224000.0,504535000.0,1.602,1.365,42.497,41.903,7197630000.0,27564000.0,73.75,7.484,7.484,10830000.0,,707026000.0,707026000.0,0.0,0.016,0.032,0.021,0.321,13383000.0,52420000.0,1.0,71749433.0,71749433.0,,9.854,8020314000.0,0.0,0.0,0.0,111.782,
28,ARE,MRT,2014-06-30,2014-06-30,2014-06-30,2021-07-26,-16245000.0,7815649000.0,7614955250.0,,,0.089,54.527,-655087000.0,86220000.0,86220000.0,202436000.0,153540000.0,,0.98,3334861000.0,,,3334861000.0,0.0,204938000.0,0.0,0.036,2.78,219478000.0,424416000.0,0.624,424416000.0,219478000.0,148968000.0,1.72,1.72,1.72,3906802000.0,3916338750.0,3906802000.0,8709205702.0,40.0,20.52,-342010000.0,-4.773,1.0,477290000.0,0.702,0.0,70510000.0,11064290000.0,10654206250.0,0.0,174802000.0,,,3826766000.0,,,5562848702.0,-240504000.0,-14503000.0,0.0,329794000.0,-194011000.0,93899000.0,-648080000.0,-977000.0,313077000.0,600000.0,148968000.0,121467000.0,121467000.0,495000.0,4572000.0,0.179,256162000.0,221128000.0,434528000.0,1.616,1.424,45.797,45.14,7030117000.0,27501000.0,77.64,8.184,8.184,10654000.0,,679726000.0,679726000.0,0.0,0.016,0.031,0.021,0.323,14044000.0,51477000.0,1.0,71649262.0,71649262.0,,9.487,7815649000.0,0.0,0.0,0.0,109.082,
29,ARE,MRT,2014-03-31,2014-03-31,2014-03-31,2021-07-26,-18429000.0,7756039000.0,7505865250.0,,,0.088,54.755,-656373000.0,105424000.0,105424000.0,196360000.0,150761000.0,,0.956,3251781000.0,,,3251781000.0,0.0,194204000.0,0.0,0.037,2.71,215571000.0,409775000.0,0.623,409775000.0,215571000.0,146516000.0,1.71,1.71,1.71,3922736000.0,3924043750.0,3922736000.0,8173946696.0,38.0,19.947,-317628000.0,-4.434,1.0,460894000.0,0.701,0.0,69055000.0,10902396000.0,10389532250.0,0.0,169322000.0,,,3751534000.0,,,5198290696.0,-12031000.0,-16660000.0,534469000.0,18167000.0,-182103000.0,335553000.0,-684570000.0,-19069000.0,338745000.0,-1759000.0,146516000.0,119018000.0,119018000.0,99000.0,4245000.0,0.181,243039000.0,217855000.0,443893000.0,1.585,1.325,43.677,42.433,6930262000.0,27498000.0,72.56,7.909,7.909,10619000.0,,657254000.0,657254000.0,0.0,0.016,0.03,0.021,0.328,15431000.0,50096000.0,1.0,71641272.0,71641272.0,,9.174,7756039000.0,0.0,0.0,0.0,108.262,
30,ARE,MRT,2013-12-31,2013-12-31,2013-12-31,2021-07-26,-36204000.0,7529764000.0,7339585250.0,,,0.086,54.683,-561490000.0,85405000.0,85405000.0,189039000.0,140249000.0,,0.907,3061061000.0,,,3061061000.0,0.0,190778000.0,0.0,0.041,2.61,204169000.0,394947000.0,0.626,394947000.0,204169000.0,136217000.0,1.6,1.6,1.6,3916789000.0,3801760500.0,3916789000.0,7343301411.0,36.0,18.593,-248763000.0,-3.473,1.0,442112000.0,0.7,0.0,67952000.0,10505420000.0,10203543250.0,0.0,140288000.0,,,3550823000.0,,,4556951411.0,-83275000.0,-17987000.0,534469000.0,-121553000.0,-169076000.0,197570000.0,-591375000.0,-19553000.0,312727000.0,-2197000.0,136217000.0,108751000.0,108751000.0,-900000.0,4032000.0,0.172,237643000.0,204469000.0,435342000.0,1.631,1.163,41.903,39.763,6776914000.0,27466000.0,63.62,7.22,7.22,9918000.0,,631151000.0,631151000.0,0.0,0.015,0.029,0.02,0.323,15552000.0,48520000.0,1.0,71627655.0,71627655.0,,8.812,7529764000.0,0.0,0.0,0.0,105.124,
31,ARE,MRT,2013-09-30,2013-09-30,2013-09-30,2021-07-26,-40026000.0,7358369000.0,7244673250.0,,,0.085,54.858,-515826000.0,84493000.0,84493000.0,185145000.0,124834000.0,,0.862,2870843000.0,,,2870843000.0,0.0,190749000.0,0.0,0.039,2.49,189013000.0,379762000.0,0.62,379762000.0,189013000.0,120900000.0,1.43,1.43,1.43,3919028000.0,3683026000.0,3919028000.0,7187701368.0,38.0,18.927,-201407000.0,-2.819,1.0,427526000.0,0.698,0.0,68113000.0,10144719000.0,10114975000.0,0.0,129163000.0,,,3377395000.0,,,4561396368.0,-41065000.0,-15539000.0,535133000.0,-166813000.0,-154122000.0,185513000.0,-540822000.0,-17244000.0,314419000.0,-175000.0,120900000.0,93504000.0,93504000.0,-4697000.0,3934000.0,0.153,237284000.0,190242000.0,452139000.0,1.741,1.164,48.783,44.65,6613761000.0,27396000.0,63.85,7.445,7.445,8671000.0,,612671000.0,612671000.0,0.0,0.013,0.025,0.019,0.309,15289000.0,48391000.0,1.0,71439254.0,71439254.0,,8.576,7358369000.0,0.0,0.0,0.0,103.002,
32,ARE,MRT,2013-06-30,2013-06-30,2013-06-30,2021-07-26,-39565000.0,7379289000.0,7146335250.0,,,0.084,61.682,-452388000.0,333119000.0,333119000.0,181664000.0,110686000.0,,0.858,2959424000.0,,,2959424000.0,0.0,189820000.0,0.0,0.036,2.34,175918000.0,365738000.0,0.612,365738000.0,175918000.0,106884000.0,1.25,1.25,1.25,3937622000.0,3567241500.0,3937622000.0,7262915191.0,41.0,19.858,-146241000.0,-2.291,1.0,415542000.0,0.696,0.0,69034000.0,10005594000.0,10043143750.0,0.0,122605000.0,,,3379814000.0,,,4195394191.0,221268000.0,-6671000.0,594974000.0,-43043000.0,-139639000.0,401817000.0,-481841000.0,-15755000.0,306147000.0,-4855000.0,106884000.0,79571000.0,79571000.0,-544000.0,3802000.0,0.133,235806000.0,179736000.0,368249000.0,1.872,1.065,52.725,52.576,6453379000.0,27313000.0,65.72,7.025,7.025,7577000.0,,597206000.0,597206000.0,0.0,0.011,0.022,0.018,0.295,15405000.0,49195000.0,1.0,63837404.0,63837404.0,,9.355,7379289000.0,0.0,0.0,0.0,115.595,
33,ARE,MRT,2013-03-31,2013-03-31,2013-03-31,2021-07-26,-22890000.0,7090919000.0,7011947750.0,,,0.084,53.868,-473533000.0,117009000.0,117009000.0,177489000.0,102990000.0,,1.047,3184530000.0,,,3184530000.0,0.0,195595000.0,0.0,0.031,2.2,170295000.0,365890000.0,0.621,365890000.0,170295000.0,99317000.0,1.16,1.16,1.16,3433603000.0,3431966250.0,3433603000.0,7525394649.0,44.0,20.567,-170444000.0,-2.674,1.0,411380000.0,0.699,0.0,70978000.0,10158440000.0,9971161500.0,0.0,123543000.0,,,3595638000.0,,,4524363649.0,9640000.0,-4860000.0,97933000.0,394598000.0,-131799000.0,212000000.0,-503376000.0,-16989000.0,303089000.0,-2073000.0,99317000.0,71704000.0,71704000.0,-5008000.0,3673000.0,0.122,240818000.0,170562000.0,367153000.0,1.897,1.318,63.098,61.19,6375182000.0,27613000.0,70.98,7.683,7.683,9261000.0,,588869000.0,588869000.0,0.0,0.01,0.021,0.017,0.289,14216000.0,49038000.0,1.0,63741387.0,63741387.0,,9.238,7090919000.0,0.0,0.0,0.0,111.245,
34,ARE,MRT,2012-12-31,2012-12-31,2012-12-31,2021-07-26,-24833000.0,7150116000.0,6918740750.0,,,0.083,54.042,-555022000.0,180918000.0,180918000.0,172756000.0,105528000.0,,1.06,3181949000.0,,,3181949000.0,0.0,192005000.0,0.0,0.03,2.09,171310000.0,363315000.0,0.632,363315000.0,171310000.0,102126000.0,1.09,1.09,1.09,3441851000.0,3418508000.0,3441851000.0,7307236231.0,43.0,20.113,-249489000.0,-3.917,1.0,401741000.0,0.699,0.0,69184000.0,10151147000.0,9779155000.0,0.0,115048000.0,,,3647058000.0,,,4414859231.0,62432000.0,15550000.0,98045000.0,397292000.0,-126498000.0,314860000.0,-558100000.0,-9251000.0,305533000.0,139000.0,102126000.0,67630000.0,67630000.0,-8816000.0,3402000.0,0.118,235484000.0,166257000.0,423708000.0,1.917,1.283,65.28,63.596,6424578000.0,34496000.0,69.32,7.685,7.685,8449000.0,,574497000.0,574497000.0,0.0,0.01,0.02,0.018,0.298,14160000.0,47747000.0,1.0,63688102.0,63688102.0,,9.02,7150116000.0,0.0,0.0,0.0,112.268,
35,ARE,MRT,2012-09-30,2012-09-30,2012-09-30,2021-07-26,-19729000.0,6965017000.0,6774744000.0,,,0.081,55.052,-542860000.0,139767000.0,139767000.0,166378000.0,112183000.0,,0.998,3032144000.0,,,3032144000.0,0.0,184899000.0,0.0,0.027,2.02,174643000.0,359542000.0,0.651,359542000.0,174643000.0,108651000.0,1.2,1.2,1.2,3455890000.0,3401620500.0,3455890000.0,7491179069.0,43.0,20.835,-248382000.0,-3.957,1.0,385576000.0,0.699,0.0,65992000.0,9857394000.0,9554248750.0,0.0,107808000.0,,,3448397000.0,,,4615253069.0,21848000.0,15208000.0,99550000.0,371813000.0,-121845000.0,278031000.0,-546472000.0,-8075000.0,294478000.0,-4189000.0,108651000.0,73590000.0,73590000.0,-15360000.0,3532000.0,0.133,220536000.0,165040000.0,376785000.0,1.683,1.335,62.716,61.267,6300027000.0,35061000.0,73.52,8.362,8.362,10124000.0,,551954000.0,551954000.0,0.0,0.011,0.022,0.018,0.316,13718000.0,45709000.0,1.0,62775477.0,62775477.0,,8.793,6965017000.0,0.0,0.0,0.0,110.951,
36,ARE,MRT,2012-06-30,2012-06-30,2012-06-30,2021-07-26,-37370000.0,6841739000.0,6647378750.0,,,0.082,54.708,-545135000.0,122834000.0,122834000.0,163034000.0,126873000.0,,0.997,2998760000.0,,,2998760000.0,0.0,176716000.0,0.0,0.027,1.96,186376000.0,363092000.0,0.664,363092000.0,186376000.0,123203000.0,1.43,1.43,1.43,3396521000.0,3381021500.0,3396521000.0,7187133001.0,39.0,19.794,-264876000.0,-4.266,1.0,384124000.0,0.702,0.0,63173000.0,9717665000.0,9343384500.0,0.0,104454000.0,,,3385154000.0,,,4514810001.0,20012000.0,14114000.0,38493000.0,435922000.0,-117784000.0,292374000.0,-550527000.0,-5795000.0,280259000.0,-2094000.0,123203000.0,87606000.0,87606000.0,-21361000.0,3670000.0,0.16,210518000.0,173606000.0,348037000.0,1.371,1.329,51.535,50.853,6208354000.0,35597000.0,72.72,8.251,8.251,6143000.0,,547158000.0,547158000.0,0.0,0.013,0.026,0.02,0.341,13217000.0,43528000.0,1.0,62084846.0,62084846.0,,8.813,6841739000.0,0.0,0.0,0.0,110.2,
37,ARE,MRT,2012-03-31,2012-03-31,2012-03-31,2021-07-26,-23088000.0,6718091000.0,6522765000.0,,,0.084,54.485,-773776000.0,117164000.0,117164000.0,161527000.0,135543000.0,,0.97,2789487000.0,,,2789487000.0,0.0,164724000.0,0.0,0.026,1.9,193604000.0,358328000.0,0.658,358328000.0,193604000.0,131786000.0,1.58,1.58,1.58,3379770000.0,3381537000.0,3379770000.0,7213722955.0,37.0,20.132,-521599000.0,-8.409,1.0,383359000.0,0.704,0.0,61818000.0,9390414000.0,9117032250.0,0.0,98152000.0,,,3279089000.0,,,4536329955.0,-835000.0,13837000.0,452972000.0,109453000.0,-112352000.0,520807000.0,-771565000.0,-7784000.0,252177000.0,-2254000.0,131786000.0,95976000.0,95976000.0,-16985000.0,3757000.0,0.176,198416000.0,184943000.0,323002000.0,1.203,1.342,47.265,46.285,6113252000.0,35810000.0,73.13,8.325,8.325,8836000.0,,544886000.0,544886000.0,0.0,0.015,0.028,0.021,0.355,12692000.0,41994000.0,1.0,62031040.0,62031040.0,,8.784,6718091000.0,0.0,0.0,0.0,108.302,
38,ARE,MRT,2011-12-31,2011-12-31,2011-12-31,2021-07-26,-34511000.0,6574129000.0,6339078000.0,,,0.085,54.464,-714990000.0,101871000.0,101871000.0,157634000.0,135393000.0,,0.931,2779264000.0,,,2779264000.0,0.0,158026000.0,0.0,0.027,1.86,194791000.0,352817000.0,0.657,352817000.0,194791000.0,131418000.0,1.73,1.73,1.73,3374301000.0,3272177500.0,3374301000.0,6831363209.0,35.0,19.362,-468030000.0,-7.554,1.0,379146000.0,0.706,0.0,63373000.0,9251522000.0,8905453750.0,0.0,95777000.0,,,3141236000.0,,,4272982209.0,-12693000.0,-5256000.0,453656000.0,183712000.0,-106889000.0,479156000.0,-733579000.0,-11150000.0,246960000.0,-5230000.0,131418000.0,101973000.0,101973000.0,-18077000.0,3975000.0,0.19,192018000.0,187128000.0,325393000.0,1.075,1.266,41.903,39.867,6008440000.0,29445000.0,68.97,7.96,7.96,7480000.0,0.0,536780000.0,536780000.0,0.0,0.016,0.031,0.022,0.363,11755000.0,41112000.0,1.0,61954215.0,61954215.0,,8.664,6574129000.0,0.0,0.0,0.0,106.113,
39,ARE,MRT,2011-09-30,2011-09-30,2011-09-30,2021-07-26,-32202000.0,6455556000.0,6172011000.0,,,0.086,54.471,-687033000.0,100985000.0,100985000.0,151549000.0,191931000.0,,0.897,2659366000.0,,,2659366000.0,0.0,151611000.0,0.0,0.03,1.82,253962000.0,405573000.0,0.765,405573000.0,253962000.0,188154000.0,2.98,2.98,2.98,3373494000.0,3160808500.0,3373494000.0,6270985829.0,25.0,15.462,-442507000.0,-7.145,1.0,378808000.0,0.714,0.0,65808000.0,9013937000.0,8685182500.0,0.0,88777000.0,,,3024697000.0,,,3802013829.0,-37755000.0,-3973000.0,452908000.0,64228000.0,-97158000.0,414952000.0,-697689000.0,-6938000.0,244526000.0,456000.0,188154000.0,158487000.0,158487000.0,-12793000.0,3777000.0,0.299,184493000.0,194315000.0,330044000.0,0.611,1.127,23.989,20.601,5925292000.0,29667000.0,61.39,7.169,7.169,6599000.0,0.0,530357000.0,530357000.0,0.0,0.026,0.05,0.029,0.479,11216000.0,39118000.0,1.0,61932136.0,61932136.0,,8.564,6455556000.0,0.0,0.0,0.0,104.236,
40,ARE,MRT,2011-06-30,2011-06-30,2011-06-30,2021-07-26,-6272000.0,6343284000.0,5995278250.0,,,0.086,61.221,-710534000.0,84357000.0,84357000.0,143844000.0,189397000.0,,0.85,2553329000.0,,,2553329000.0,0.0,143630000.0,0.0,0.022,1.7,253279000.0,396909000.0,0.774,396909000.0,253279000.0,185666000.0,3.03,3.03,3.03,3398583000.0,3030236000.0,3398583000.0,6858583912.0,27.0,17.28,-499264000.0,-8.994,1.0,368773000.0,0.719,0.0,67613000.0,8812256000.0,8462193750.0,0.0,88862000.0,,,2887427000.0,,,4297826912.0,-12329000.0,-3504000.0,796079000.0,-218016000.0,-86764000.0,493605000.0,-717533000.0,-8963000.0,211270000.0,329000.0,185666000.0,156060000.0,156060000.0,-11467000.0,3731000.0,0.304,175257000.0,193516000.0,300030000.0,0.561,1.265,27.54,25.551,5855352000.0,29606000.0,77.42,8.384,8.384,4487000.0,0.0,512617000.0,512617000.0,0.0,0.026,0.052,0.03,0.494,10532000.0,36871000.0,1.0,55513135.0,55513135.0,,9.234,6343284000.0,0.0,0.0,0.0,114.266,
41,ARE,MRT,2011-03-31,2011-03-31,2011-03-31,2021-07-26,-7193000.0,5983343000.0,5800747000.0,,,0.084,53.096,-445597000.0,108709000.0,108709000.0,133584000.0,142862000.0,,1.014,2669466000.0,,,2669466000.0,0.0,133609000.0,0.0,0.021,1.6,208963000.0,342572000.0,0.704,342572000.0,208963000.0,139139000.0,2.14,2.14,2.14,2942332000.0,2805177250.0,2942332000.0,6785268736.0,32.0,19.807,-225403000.0,-4.068,1.0,352722000.0,0.725,0.0,69824000.0,8544100000.0,8293793750.0,0.0,88694000.0,,,2983651000.0,,,4320692736.0,7216000.0,-3009000.0,340821000.0,29358000.0,-77316000.0,237732000.0,-450199000.0,-10982000.0,220194000.0,-511000.0,139139000.0,109681000.0,109681000.0,-11070000.0,3723000.0,0.226,162885000.0,189837000.0,283013000.0,0.748,1.468,39.393,36.435,5498465000.0,29458000.0,77.97,8.885,8.885,7018000.0,360000.0,486306000.0,486306000.0,0.0,0.019,0.039,0.025,0.43,10441000.0,34373000.0,1.0,55414810.0,55414810.0,,8.776,5983343000.0,0.0,0.0,0.0,107.974,
42,ARE,MRT,2010-12-31,2010-12-31,2010-12-31,2021-07-26,-18335000.0,5905861000.0,5672044750.0,,,0.081,52.925,-449660000.0,119586000.0,119586000.0,123309000.0,139022000.0,,0.997,2584162000.0,,,2584162000.0,0.0,126640000.0,0.0,0.02,1.5,204802000.0,331442000.0,0.72,331442000.0,204802000.0,135293000.0,2.19,2.19,2.19,2928825000.0,2654744000.0,2928825000.0,6427521884.0,31.0,19.393,-222654000.0,-4.023,1.0,337312000.0,0.732,0.0,69509000.0,8370437000.0,8188902750.0,0.0,83899000.0,,,2919533000.0,,,4054164884.0,20604000.0,-3170000.0,345219000.0,1225000.0,-67874000.0,237912000.0,-444745000.0,-10093000.0,227006000.0,431000.0,135293000.0,105941000.0,105941000.0,-12497000.0,3729000.0,0.23,155552000.0,181760000.0,304257000.0,0.685,1.384,38.268,33.452,5444814000.0,29352000.0,73.26,8.802,8.802,5492000.0,734000.0,460621000.0,460621000.0,0.0,0.019,0.04,0.025,0.445,10816000.0,34345000.0,1.0,55339406.0,55339406.0,,8.324,5905861000.0,0.0,0.0,0.0,106.721,
43,ARE,MRT,2010-09-30,2010-09-30,2010-09-30,2021-07-26,-33348000.0,5748625000.0,5559886250.0,,,0.084,57.028,-442398000.0,146106000.0,146106000.0,124299000.0,76927000.0,,0.996,2519463000.0,,,2519463000.0,0.0,121093000.0,0.0,0.02,1.4,144950000.0,266043000.0,0.57,266043000.0,144950000.0,73218000.0,0.93,0.93,0.93,2851204000.0,2503389750.0,2851204000.0,6073266140.0,42.0,22.828,-244158000.0,-4.883,1.0,342647000.0,0.734,0.0,71732000.0,8121982000.0,8117857000.0,0.0,80941000.0,,,2839850000.0,,,3499769140.0,42531000.0,-2453000.0,347730000.0,79229000.0,-63964000.0,253397000.0,-409830000.0,-9121000.0,198240000.0,724000.0,73218000.0,44044000.0,44044000.0,-3219000.0,3709000.0,0.094,154387000.0,188260000.0,294833000.0,1.505,1.227,79.461,75.269,5273649000.0,29174000.0,70.0,7.495,7.495,4929000.0,,466946000.0,466946000.0,0.0,0.008,0.018,0.018,0.31,11243000.0,34250000.0,1.0,49996702.0,49996702.0,,9.34,5748625000.0,0.0,0.0,0.0,114.98,
44,ARE,MRT,2010-06-30,2010-06-30,2010-06-30,2021-07-26,-40377000.0,5565159000.0,5471064250.0,,,0.085,56.399,-404114000.0,110914000.0,110914000.0,122363000.0,72844000.0,,1.204,2684411000.0,,,2684411000.0,0.0,117420000.0,0.0,0.022,1.4,146048000.0,263468000.0,0.57,263468000.0,146048000.0,69169000.0,0.95,0.95,0.95,2498348000.0,2364922250.0,2498348000.0,5463143827.0,37.0,20.736,-183237000.0,-4.136,1.0,340095000.0,0.735,0.0,76879000.0,8138656000.0,8085149750.0,0.0,77088000.0,,,3008129000.0,,,2807141827.0,2941000.0,-1704000.0,238362000.0,95795000.0,-60261000.0,180196000.0,-398856000.0,-9991000.0,220877000.0,724000.0,69169000.0,40012000.0,40012000.0,-3458000.0,3675000.0,0.087,152310000.0,187785000.0,300035000.0,1.474,1.124,70.157,66.705,5155737000.0,29157000.0,63.37,6.07,6.07,3059000.0,,462458000.0,462458000.0,0.0,0.007,0.017,0.018,0.316,12724000.0,35819000.0,1.0,44297646.0,44297646.0,,10.44,5565159000.0,0.0,0.0,0.0,125.631,
45,ARE,MRT,2010-03-31,2010-03-31,2010-03-31,2021-07-26,-26990000.0,5468534000.0,5401437750.0,,,0.086,52.851,-390013000.0,106812000.0,106812000.0,121252000.0,129184000.0,,1.311,2762814000.0,,,2762814000.0,0.0,116800000.0,0.0,0.021,1.4,201551000.0,318351000.0,0.682,318351000.0,201551000.0,122077000.0,2.23,2.22,2.23,2340599000.0,2251773250.0,2340599000.0,5670110480.0,28.0,17.811,-186554000.0,-4.212,1.0,345235000.0,0.74,0.0,79474000.0,8124536000.0,8061216750.0,0.0,76918000.0,,,3069353000.0,,,2993792480.0,-54301000.0,-918000.0,241714000.0,-8775000.0,-76233000.0,120145000.0,-378629000.0,-7816000.0,203459000.0,724000.0,122077000.0,92703000.0,92703000.0,-4242000.0,7107000.0,0.199,152049000.0,193186000.0,284830000.0,0.628,1.279,32.294,30.314,5055223000.0,29374000.0,67.6,6.418,6.418,2710000.0,,466487000.0,466487000.0,0.0,0.017,0.041,0.025,0.432,13760000.0,36357000.0,1.0,44286871.0,44286871.0,,10.533,5468534000.0,0.0,0.0,0.0,123.48,
46,ARE,MRT,2009-12-31,2009-12-31,2009-12-31,2021-07-26,-33730000.0,5457227000.0,5343099500.0,,,0.09,52.597,-425064000.0,117919000.0,117919000.0,122138000.0,141648000.0,,1.313,2746946000.0,,,2746946000.0,0.0,118508000.0,0.0,0.029,1.85,216712000.0,335220000.0,0.696,335220000.0,216712000.0,134601000.0,2.72,2.72,2.72,2323408000.0,2157337000.0,2323408000.0,5437747802.0,25.0,16.221,-218110000.0,-4.938,1.0,359415000.0,0.746,0.0,82111000.0,8086254000.0,8014837750.0,0.0,72882000.0,,,3051148000.0,,,2839931802.0,-533000.0,0.0,491180000.0,-170169000.0,-86652000.0,198355000.0,-406566000.0,-7262000.0,206954000.0,724000.0,134601000.0,104974000.0,104974000.0,-6632000.0,7047000.0,0.218,153542000.0,205873000.0,282516000.0,0.68,1.222,27.054,23.636,5039128000.0,29627000.0,64.29,5.897,5.897,3902000.0,0.0,481553000.0,481553000.0,0.0,0.02,0.049,0.027,0.45,14051000.0,36296000.0,1.0,44173772.0,44173772.0,,10.901,5457227000.0,0.0,0.0,0.0,123.54,
47,ARE,MRT,2009-09-30,2009-09-30,2009-09-30,2021-07-26,-44162000.0,5393337000.0,5261812000.0,,,0.094,58.264,-465067000.0,68280000.0,68280000.0,122743000.0,139311000.0,,1.312,2666096000.0,,,2666096000.0,0.0,117987000.0,0.0,0.042,2.3,217206000.0,335193000.0,0.675,335193000.0,217206000.0,132217000.0,2.92,2.91,2.92,2297334000.0,2001487500.0,2297334000.0,4899268238.0,23.0,14.616,-206199000.0,-5.23,1.0,373782000.0,0.753,0.0,84989000.0,7991153000.0,7993030250.0,0.0,71080000.0,,,3013481000.0,,,2142997238.0,52889000.0,0.0,488476000.0,-85567000.0,-96906000.0,296733000.0,-502712000.0,-8523000.0,258868000.0,0.0,132217000.0,102498000.0,102498000.0,-5033000.0,7094000.0,0.206,154503000.0,219279000.0,325720000.0,0.788,0.933,20.908,18.613,4971165000.0,29719000.0,54.35,4.316,4.316,3789000.0,,496525000.0,496525000.0,0.0,0.019,0.051,0.027,0.437,14420000.0,36811000.0,1.0,39429572.0,39429572.0,,12.593,5393337000.0,0.0,0.0,0.0,136.784,
48,ARE,MRT,2009-06-30,2009-06-30,2009-06-30,2021-07-26,-53013000.0,5286653000.0,5146762750.0,,,0.096,51.96,-521118000.0,70313000.0,70313000.0,120582000.0,140535000.0,,1.544,2826584000.0,,,2826584000.0,0.0,117098000.0,0.0,0.077,2.75,218451000.0,335549000.0,0.68,335549000.0,218451000.0,133398000.0,3.06,3.05,3.06,2045752000.0,1862331000.0,2045752000.0,4112947562.0,19.0,12.257,-234252000.0,-5.95,1.0,372648000.0,0.756,0.0,85053000.0,8042924000.0,7925817000.0,0.0,66068000.0,,,3158902000.0,,,1409108562.0,63241000.0,0.0,255210000.0,189189000.0,-108794000.0,306843000.0,-530468000.0,-5091000.0,286866000.0,0.0,133398000.0,103613000.0,103613000.0,-5243000.0,7137000.0,0.21,152291000.0,220357000.0,312313000.0,0.899,0.689,13.6,11.696,4890130000.0,29785000.0,35.79,2.857,2.857,4665000.0,,493230000.0,493230000.0,0.0,0.02,0.056,0.028,0.443,13802000.0,35787000.0,1.0,39371572.0,39371572.0,,12.528,5286653000.0,0.0,0.0,0.0,134.276,
49,ARE,MRT,2009-03-31,2009-03-31,2009-03-31,2021-07-26,-79868000.0,5235181000.0,5026001500.0,,,0.096,60.435,-541652000.0,125281000.0,125281000.0,118503000.0,124195000.0,,1.63,2829120000.0,,,2829120000.0,0.0,114379000.0,0.0,0.088,3.2,202891000.0,317270000.0,0.66,317270000.0,202891000.0,120472000.0,2.84,2.84,2.84,1962854000.0,1788632500.0,1962854000.0,4074012561.0,20.0,12.841,-255010000.0,-7.852,1.0,362466000.0,0.754,0.0,82419000.0,7939020000.0,7787553250.0,0.0,64788000.0,,,3198536000.0,,,1178210561.0,117627000.0,0.0,256758000.0,231291000.0,-102291000.0,386642000.0,-555657000.0,-2923000.0,286642000.0,0.0,120472000.0,90735000.0,90735000.0,-4583000.0,3723000.0,0.189,149169000.0,213297000.0,331715000.0,1.127,0.6,12.985,12.817,4791558000.0,29737000.0,36.4,2.45,2.458,5992000.0,,480969000.0,480969000.0,0.0,0.018,0.051,0.026,0.422,13163000.0,35430000.0,1.0,32368422.0,32478671.0,32498107.0,14.809,5235181000.0,0.0,0.0,0.0,161.188,
50,ARE,MRT,2008-12-31,2008-12-31,2008-12-31,2021-07-26,-87241000.0,5132077000.0,4888467500.0,,,0.093,53.706,-469466000.0,71161000.0,71161000.0,113434000.0,120097000.0,,1.975,2938108000.0,,,2938108000.0,0.0,108743000.0,0.0,0.053,3.18,201664000.0,310407000.0,0.682,310407000.0,201664000.0,116298000.0,2.87,2.86,2.87,1700010000.0,1720847500.0,1700010000.0,4733810252.0,23.0,15.25,-212266000.0,-6.706,1.0,341800000.0,0.751,0.0,85366000.0,7999024000.0,7628609000.0,0.0,61861000.0,,,3357014000.0,,,1944650252.0,63131000.0,0.0,2509000.0,179530000.0,-101393000.0,300864000.0,-494933000.0,305000.0,257200000.0,0.0,116298000.0,90746000.0,90746000.0,-19066000.0,3799000.0,0.199,142152000.0,199648000.0,386801000.0,1.108,1.144,21.43,21.024,4724096000.0,25552000.0,60.34,4.272,4.196,6453000.0,,455234000.0,455234000.0,0.0,0.019,0.053,0.026,0.443,13677000.0,34794000.0,1.0,32228211.0,31653829.0,31907956.0,14.382,5132077000.0,0.0,0.0,0.0,162.131,
51,ARE,MRT,2008-09-30,2008-09-30,2008-09-30,2021-07-26,-16528000.0,4933140000.0,4765971750.0,,,0.09,54.921,-611415000.0,15391000.0,15391000.0,108978000.0,113777000.0,,1.791,2804551000.0,,,2804551000.0,0.0,107229000.0,0.0,0.028,3.16,199536000.0,306765000.0,0.716,306765000.0,199536000.0,107280000.0,2.68,2.68,2.68,1740708000.0,1671800000.0,1740708000.0,6299123238.0,32.0,20.534,-392433000.0,-12.382,1.0,319570000.0,0.746,0.0,92256000.0,7722300000.0,7484345000.0,0.0,72509000.0,,,3117312000.0,,,3612862238.0,4611000.0,0.0,30478000.0,244406000.0,-99676000.0,412856000.0,-627227000.0,2101000.0,218982000.0,0.0,107280000.0,85296000.0,85296000.0,-23027000.0,6497000.0,0.199,137297000.0,182273000.0,280822000.0,1.179,2.076,42.357,41.978,4564460000.0,21984000.0,112.5,8.43,8.32,6849000.0,,428548000.0,428548000.0,0.0,0.018,0.051,0.027,0.466,13102000.0,33940000.0,1.0,32114331.0,31694711.0,31959890.0,13.521,4933140000.0,0.0,0.0,0.0,155.646,
52,ARE,MRT,2008-06-30,2008-06-30,2008-06-30,2021-07-26,-4631000.0,4803608000.0,4609437500.0,,,0.091,55.383,-901391000.0,7072000.0,7072000.0,104865000.0,109075000.0,,1.701,2693333000.0,,,2693333000.0,0.0,103976000.0,0.0,0.032,3.12,198133000.0,302109000.0,0.723,302109000.0,198133000.0,103507000.0,2.76,2.75,2.76,1750958000.0,1609300000.0,1750958000.0,5740866271.0,29.0,19.003,-712378000.0,-22.533,1.0,313259000.0,0.749,0.0,94626000.0,7489869000.0,7253533750.0,0.0,75131000.0,,,2977862000.0,,,3122668271.0,55000.0,0.0,217238000.0,361302000.0,-96461000.0,726054000.0,-915012000.0,4292000.0,189013000.0,0.0,103507000.0,86164000.0,86164000.0,-24440000.0,5568000.0,0.206,133822000.0,179437000.0,251652000.0,1.13,1.783,36.241,35.268,4436104000.0,17343000.0,97.34,7.468,7.36,6448000.0,,418124000.0,418124000.0,0.0,0.019,0.054,0.027,0.474,12353000.0,33663000.0,1.0,32080011.0,31615359.0,31887477.0,13.225,4803608000.0,0.0,0.0,0.0,151.939,
53,ARE,MRT,2008-03-31,2008-03-31,2008-03-31,2021-07-26,-32692000.0,4685045000.0,4370257000.0,,,0.092,53.626,-895731000.0,7654000.0,7654000.0,99889000.0,105347000.0,,1.725,2625852000.0,,,2625852000.0,0.0,99627000.0,0.0,0.033,3.08,196194000.0,295821000.0,0.734,295821000.0,196194000.0,100727000.0,2.88,2.87,2.88,1691714000.0,1499608000.0,1691714000.0,5748689217.0,29.0,19.433,-714280000.0,-22.642,1.0,303226000.0,0.752,0.0,95467000.0,7303243000.0,6909601000.0,0.0,74134000.0,,,2918474000.0,,,2968815217.0,-1358000.0,0.0,215909000.0,390995000.0,-93276000.0,728576000.0,-911385000.0,2259000.0,181451000.0,0.0,100727000.0,88078000.0,88078000.0,-27248000.0,4620000.0,0.218,128582000.0,174644000.0,264850000.0,1.069,1.755,33.707,32.194,4326193000.0,12649000.0,92.72,7.365,7.256,8853000.0,,403115000.0,403115000.0,0.0,0.02,0.059,0.028,0.487,11984000.0,33024000.0,1.0,32019146.0,31546591.0,31687241.0,12.778,4685045000.0,0.0,0.0,0.0,148.512,
54,ARE,MRT,2007-12-31,2007-12-31,2007-12-31,2021-07-26,8093000.0,4642094000.0,4129428500.0,,,0.094,50.688,-934373000.0,8030000.0,8030000.0,94905000.0,89980000.0,,2.037,2787904000.0,,,2787904000.0,0.0,97335000.0,0.0,0.03,3.04,178581000.0,275916000.0,0.711,275916000.0,178581000.0,86311000.0,2.37,2.36,2.37,1503820000.0,1399594750.0,1503820000.0,5733081346.0,32.0,20.778,-746342000.0,-25.156,1.0,293434000.0,0.756,0.0,92270000.0,7421968000.0,6556118500.0,0.0,84322000.0,,,3062768000.0,,,3241029346.0,5082000.0,0.0,216898000.0,695562000.0,-89951000.0,766304000.0,-949253000.0,3033000.0,188031000.0,0.0,86311000.0,70417000.0,70417000.0,-14014000.0,3669000.0,0.181,125198000.0,168236000.0,247289000.0,1.283,2.155,46.026,42.899,4290217000.0,15894000.0,101.67,8.346,7.767,6759000.0,,388339000.0,388339000.0,0.0,0.017,0.05,0.027,0.46,11176000.0,32311000.0,1.0,31877932.0,29668231.0,30004462.0,13.089,4642094000.0,0.0,0.0,0.0,156.467,
55,ARE,MRT,2007-09-30,2007-09-30,2007-09-30,2021-07-26,26341000.0,4307003000.0,3873274250.0,,,0.095,50.95,-976247000.0,10780000.0,10780000.0,88878000.0,89267000.0,,1.849,2502832000.0,,,2502832000.0,0.0,92820000.0,0.0,0.031,3.0,171633000.0,264453000.0,0.715,264453000.0,171633000.0,89267000.0,2.51,2.5,2.51,1490708000.0,1361552750.0,1490708000.0,5113218078.0,30.0,19.335,-798600000.0,-27.295,1.0,280925000.0,0.76,0.0,82366000.0,6799055000.0,6110475250.0,0.0,79290000.0,,,2756576000.0,,,2845966078.0,2959000.0,0.0,189582000.0,767687000.0,-86988000.0,797137000.0,-971825000.0,4422000.0,177647000.0,0.0,89267000.0,73140000.0,73140000.0,-13801000.0,0.0,0.198,119537000.0,161388000.0,227140000.0,1.195,1.909,38.911,38.351,3952271000.0,16127000.0,96.26,7.696,7.616,7001000.0,,369803000.0,369803000.0,0.0,0.019,0.054,0.028,0.464,10214000.0,30829000.0,1.0,29565407.0,29258184.0,29507316.0,12.639,4307003000.0,0.0,0.0,0.0,147.207,
56,ARE,MRT,2007-06-30,2007-06-30,2007-06-30,2021-07-26,36159000.0,3846886000.0,3622984000.0,,,0.097,45.177,-963814000.0,7017000.0,7017000.0,83731000.0,85331000.0,,1.887,2274269000.0,,,2274269000.0,0.0,88599000.0,0.0,0.031,2.96,163079000.0,251678000.0,0.714,251678000.0,163079000.0,85331000.0,2.39,2.38,2.39,1312190000.0,1327159500.0,1312190000.0,5021256616.0,31.0,19.951,-813412000.0,-28.005,1.0,268719000.0,0.762,0.0,77748000.0,6114138000.0,5665553750.0,0.0,77698000.0,,,2476267000.0,,,2853674616.0,3370000.0,0.0,235801000.0,732403000.0,-83138000.0,809839000.0,-956871000.0,6943000.0,150402000.0,0.0,85331000.0,67896000.0,67896000.0,-11677000.0,0.0,0.193,113961000.0,154758000.0,176993000.0,1.238,2.175,42.03,40.51,3507609000.0,17435000.0,96.82,8.097,7.979,6360000.0,,352450000.0,352450000.0,0.0,0.019,0.051,0.029,0.463,9015000.0,29171000.0,1.0,29474020.0,29045354.0,29362514.0,12.134,3846886000.0,0.0,0.0,0.0,132.444,
57,ARE,MRT,2007-03-31,2007-03-31,2007-03-31,2021-07-26,19295000.0,3721731000.0,3305422250.0,,,0.099,44.695,-902444000.0,9012000.0,9012000.0,75791000.0,78445000.0,,1.836,2176594000.0,,,2176594000.0,0.0,82114000.0,0.0,0.029,2.9,152930000.0,235044000.0,0.715,235044000.0,152930000.0,78445000.0,2.23,2.22,2.23,1291661000.0,1283421250.0,1291661000.0,4975341484.0,33.0,21.168,-785979000.0,-27.197,1.0,253077000.0,0.77,0.0,74485000.0,5889313000.0,5106543000.0,0.0,73760000.0,,,2371600000.0,,,2953423484.0,5582000.0,0.0,538968000.0,395791000.0,-77278000.0,781496000.0,-892379000.0,10065000.0,116465000.0,0.0,78445000.0,59701000.0,59701000.0,-9056000.0,0.0,0.182,106379000.0,146698000.0,170593000.0,1.3,2.287,49.47,45.009,3394872000.0,18744000.0,100.37,8.981,8.82,7104000.0,,328868000.0,328868000.0,0.0,0.018,0.047,0.03,0.465,8300000.0,27632000.0,1.0,29425361.0,28899303.0,29299733.0,11.38,3721731000.0,0.0,0.0,0.0,128.783,
58,ARE,MRT,2006-12-31,2006-12-31,2006-12-31,2021-07-26,24595000.0,3617477000.0,3002770750.0,,,0.101,53.846,-968638000.0,2948000.0,2948000.0,67793000.0,73416000.0,,1.634,2024866000.0,,,2024866000.0,0.0,74039000.0,0.0,0.028,2.86,142503000.0,216542000.0,0.717,216542000.0,142503000.0,73416000.0,2.28,2.25,2.28,1351652000.0,1168753500.0,1351652000.0,4652357789.0,33.0,21.485,-849888000.0,-33.857,1.0,234268000.0,0.776,0.0,69087000.0,5639395000.0,4647246000.0,0.0,74824000.0,,,2208348000.0,,,2938830789.0,-963000.0,0.0,539560000.0,391184000.0,-71489000.0,841237000.0,-960950000.0,7688000.0,118750000.0,0.0,73416000.0,57326000.0,57326000.0,-7434000.0,0.0,0.19,96912000.0,137356000.0,158119000.0,1.254,2.174,51.265,44.035,3322582000.0,16090000.0,100.4,9.729,8.344,6330000.0,,302061000.0,302061000.0,0.0,0.019,0.049,0.031,0.472,7909000.0,26008000.0,1.0,29271223.0,25102200.0,25524478.0,12.033,3617477000.0,0.0,0.0,0.0,144.11,
59,ARE,MRT,2006-09-30,2006-09-30,2006-09-30,2021-07-26,25619000.0,3305842000.0,2689014000.0,,,0.104,51.404,-797732000.0,7821000.0,7821000.0,61868000.0,69061000.0,,1.401,1721348000.0,,,1721348000.0,0.0,67036000.0,0.0,0.03,2.82,132671000.0,199707000.0,0.712,199707000.0,132671000.0,69061000.0,2.25,2.22,2.25,1353135000.0,1038290500.0,1353135000.0,3796854639.0,29.0,19.012,-684070000.0,-25.987,1.0,218604000.0,0.779,0.0,63610000.0,5019369000.0,4178698500.0,0.0,72096000.0,,,1895318000.0,,,2495398639.0,3270000.0,0.0,543572000.0,220612000.0,-65657000.0,680866000.0,-791258000.0,6474000.0,113662000.0,0.0,69061000.0,52971000.0,52971000.0,-5817000.0,0.0,0.189,89924000.0,128680000.0,149278000.0,1.253,1.844,47.109,41.689,3009614000.0,16090000.0,93.8,8.897,8.803,5012000.0,,280472000.0,280472000.0,0.0,0.02,0.051,0.032,0.473,6384000.0,25260000.0,1.0,26603397.0,26323345.0,26714050.0,10.655,3305842000.0,0.0,0.0,0.0,125.586,
60,ARE,MRT,2006-06-30,2006-06-30,2006-06-30,2021-07-26,40096000.0,2576639000.0,2411753250.0,,,0.107,49.756,-443143000.0,3647000.0,3647000.0,56021000.0,66088000.0,,1.248,1305103000.0,,,1305103000.0,0.0,61136000.0,0.0,0.031,2.78,123817000.0,184953000.0,0.718,184953000.0,123817000.0,66088000.0,2.25,2.22,2.25,1137237000.0,905162500.0,1137237000.0,3561256237.0,29.0,19.255,-321096000.0,-14.048,1.0,201723000.0,0.783,0.0,57729000.0,3878095000.0,3789842750.0,0.0,77719000.0,,,1419226000.0,,,2020256237.0,1257000.0,0.0,407397000.0,-8332000.0,-61246000.0,320277000.0,-441067000.0,2076000.0,122047000.0,0.0,66088000.0,49998000.0,49998000.0,-6646000.0,0.0,0.194,83201000.0,118522000.0,91826000.0,1.236,1.776,40.407,39.413,2310088000.0,16090000.0,88.68,7.838,7.864,3656000.0,,257744000.0,257744000.0,0.0,0.021,0.055,0.033,0.48,6860000.0,24601000.0,1.0,22781419.0,22856380.0,23250681.0,11.277,2576639000.0,0.0,0.0,0.0,112.732,
61,ARE,MRT,2006-03-31,2006-03-31,2006-03-31,2021-07-26,36506000.0,2511125000.0,2290517500.0,,,0.107,37.317,-462594000.0,3430000.0,3430000.0,54277000.0,65199000.0,,1.99,1544430000.0,,,1544430000.0,0.0,58218000.0,0.0,0.029,2.76,117859000.0,176077000.0,0.719,176077000.0,117859000.0,65199000.0,2.27,2.23,2.27,832990000.0,799931000.0,832990000.0,3574259911.0,30.0,20.299,-339086000.0,-15.19,1.0,190557000.0,0.778,0.0,52660000.0,4052125000.0,3668129000.0,0.0,82604000.0,,,1657937000.0,,,2171504911.0,-340000.0,0.0,105425000.0,309945000.0,-59265000.0,338955000.0,-462803000.0,-209000.0,123508000.0,0.0,65199000.0,49109000.0,49109000.0,-6977000.0,0.0,0.201,78694000.0,111863000.0,93873000.0,1.216,2.607,44.218,41.996,2256099000.0,16090000.0,95.33,8.869,8.692,5830000.0,,244834000.0,244834000.0,0.0,0.021,0.061,0.032,0.481,6481000.0,23097000.0,1.0,22778820.0,22322290.0,22759795.0,10.968,2511125000.0,0.0,0.0,0.0,112.494,
62,ARE,MRT,2005-12-31,2005-12-31,2005-12-31,2021-07-26,35033000.0,2362450000.0,2163789000.0,,,0.107,39.611,-433042000.0,3911000.0,3911000.0,51337000.0,63433000.0,,1.823,1406666000.0,,,1406666000.0,0.0,55416000.0,0.0,0.034,2.72,112549000.0,167965000.0,0.725,167965000.0,112549000.0,63433000.0,2.26,2.22,2.26,829800000.0,769668750.0,829800000.0,3077502082.0,27.0,18.322,-312364000.0,-14.911,1.0,180269000.0,0.778,0.0,49116000.0,3765205000.0,3459687250.0,0.0,82010000.0,,,1512535000.0,,,1810355082.0,753000.0,0.0,193662000.0,192383000.0,-56312000.0,312975000.0,-432900000.0,142000.0,120678000.0,0.0,63433000.0,47343000.0,47343000.0,-6888000.0,0.0,0.204,73974000.0,106295000.0,86391000.0,1.204,2.182,38.239,35.619,2118156000.0,16090000.0,80.5,7.817,7.281,4764000.0,,231606000.0,231606000.0,0.0,0.022,0.062,0.033,0.486,5136000.0,21068000.0,1.0,22488883.0,20948915.0,21316886.0,11.056,2362450000.0,0.0,0.0,0.0,112.772,
63,ARE,MRT,2005-09-30,2005-09-30,2005-09-30,2021-07-26,28904000.0,2196799000.0,2041247500.0,,,0.108,38.908,-511263000.0,4551000.0,4551000.0,48209000.0,62757000.0,,1.652,1271698000.0,,,1271698000.0,0.0,51845000.0,0.0,0.032,2.68,106895000.0,158740000.0,0.722,158740000.0,106895000.0,62757000.0,2.32,2.28,2.32,820623000.0,717337000.0,820623000.0,3057386212.0,29.0,19.26,-415791000.0,-19.714,1.0,171794000.0,0.781,0.0,44138000.0,3463946000.0,3282404000.0,0.0,77101000.0,,,1356044000.0,,,1757842212.0,-779000.0,0.0,189839000.0,294164000.0,-53612000.0,413545000.0,-509796000.0,1467000.0,95472000.0,0.0,62757000.0,46698000.0,46698000.0,-4601000.0,0.0,0.212,69266000.0,102528000.0,65454000.0,1.155,2.142,37.643,35.642,1975381000.0,16059000.0,82.69,7.99,7.927,3265000.0,,220003000.0,220003000.0,0.0,0.023,0.065,0.033,0.486,5210000.0,19196000.0,1.0,21258220.0,21091183.0,21486731.0,10.431,2196799000.0,0.0,0.0,0.0,104.157,
64,ARE,MRT,2005-06-30,2005-06-30,2005-06-30,2021-07-26,20627000.0,2091696000.0,1872967500.0,,,0.109,34.214,-550724000.0,2390000.0,2390000.0,44437000.0,62230000.0,,1.92,1301934000.0,,,1301934000.0,0.0,48346000.0,0.0,0.036,2.64,99834000.0,148180000.0,0.725,148180000.0,99834000.0,62230000.0,2.34,2.3,2.34,716311000.0,665708750.0,716311000.0,2769173844.0,28.0,18.688,-471981000.0,-22.544,1.0,159999000.0,0.783,0.0,37604000.0,3391240000.0,3007766250.0,0.0,73396000.0,,,1375385000.0,,,1555026844.0,-640000.0,0.0,94706000.0,480497000.0,-51433000.0,470290000.0,-549673000.0,1051000.0,78743000.0,0.0,62230000.0,46099000.0,46099000.0,-3591000.0,0.0,0.225,63756000.0,96243000.0,55680000.0,1.128,2.171,33.732,31.389,1882018000.0,16131000.0,73.45,7.606,7.522,2198000.0,93000.0,204436000.0,204436000.0,0.0,0.025,0.069,0.033,0.488,3475000.0,16865000.0,1.0,21171230.0,20936265.0,21275364.0,9.765,2091696000.0,0.0,0.0,0.0,99.908,
65,ARE,MRT,2005-03-31,2005-03-31,2005-03-31,2021-07-26,17036000.0,2004211000.0,1694979500.0,,,0.112,36.569,-550445000.0,3770000.0,3770000.0,40753000.0,59844000.0,,1.815,1217917000.0,,,1217917000.0,0.0,45183000.0,0.0,0.04,2.58,93126000.0,138309000.0,0.726,138309000.0,93126000.0,59844000.0,2.25,2.22,2.25,711941000.0,637792500.0,711941000.0,2448101303.0,26.0,17.7,-473277000.0,-24.31,1.0,149878000.0,0.786,0.0,33282000.0,3218358000.0,2675256250.0,0.0,65970000.0,,,1292270000.0,,,1264313303.0,-586000.0,0.0,93601000.0,357631000.0,-49092000.0,474667000.0,-552421000.0,-1976000.0,77168000.0,0.0,59844000.0,43576000.0,43576000.0,-3043000.0,0.0,0.229,59795000.0,90083000.0,57091000.0,1.147,1.776,29.014,28.613,1803558000.0,16268000.0,64.38,6.632,6.575,3579000.0,2322000.0,190631000.0,190631000.0,0.0,0.026,0.068,0.035,0.489,2536000.0,15914000.0,1.0,19638293.0,19468620.0,19789798.0,9.792,2004211000.0,0.0,0.0,0.0,102.946,
66,ARE,MRT,2004-12-31,2004-12-31,2004-12-31,2021-07-26,13844000.0,1872284000.0,1517631750.0,,,0.117,32.123,-445505000.0,3158000.0,3158000.0,37081000.0,60195000.0,,2.018,1186946000.0,,,1186946000.0,0.0,42523000.0,0.0,0.034,2.52,88865000.0,131388000.0,0.737,131388000.0,88865000.0,60195000.0,2.37,2.33,2.37,620473000.0,587738250.0,620473000.0,2295533845.0,26.0,17.471,-380189000.0,-19.683,1.0,141219000.0,0.792,0.0,28670000.0,3056072000.0,2373007250.0,0.0,67419000.0,,,1251811000.0,,,1453817845.0,-1827000.0,0.0,7094000.0,347024000.0,-47333000.0,381109000.0,-448252000.0,-2747000.0,65316000.0,0.0,60195000.0,45724000.0,45724000.0,-4098000.0,0.0,0.256,56452000.0,84767000.0,48581000.0,1.063,2.343,31.796,31.401,1680102000.0,14471000.0,74.42,8.154,8.062,2542000.0,5267000.0,178300000.0,178300000.0,0.0,0.03,0.078,0.037,0.498,2470000.0,15105000.0,1.0,19535311.0,19315364.0,19658759.0,9.231,1872284000.0,0.0,0.0,0.0,96.932,
67,ARE,MRT,2004-09-30,2004-09-30,2004-09-30,2021-07-26,7697000.0,1523679000.0,1367705000.0,,,0.127,31.733,-279002000.0,5330000.0,5330000.0,35601000.0,58042000.0,,1.481,847046000.0,,,847046000.0,0.0,40510000.0,0.0,0.037,2.44,84804000.0,125314000.0,0.722,125314000.0,84804000.0,58042000.0,2.0,1.98,2.0,614110000.0,559403750.0,614110000.0,1956347896.0,23.0,15.612,-203590000.0,-10.52,1.0,137878000.0,0.795,0.0,26762000.0,2365395000.0,2103139000.0,0.0,62349000.0,,,909569000.0,,,1274891896.0,2105000.0,0.0,9534000.0,170082000.0,-45560000.0,210660000.0,-283967000.0,-4965000.0,75412000.0,0.0,58042000.0,45339000.0,45339000.0,-2021000.0,0.0,0.261,55095000.0,82783000.0,46234000.0,1.22,2.076,28.119,32.86,1348967000.0,12703000.0,65.72,7.349,7.331,2351000.0,6735000.0,173479000.0,173479000.0,0.0,0.033,0.081,0.04,0.489,2655000.0,14662000.0,1.0,19398842.0,19352670.0,19668360.0,8.964,1523679000.0,0.0,0.0,0.0,78.732,
68,ARE,MRT,2004-06-30,2004-06-30,2004-06-30,2021-07-26,-359000.0,1379744000.0,1289571500.0,,,0.13,31.354,-156863000.0,3030000.0,3030000.0,33594000.0,64172000.0,,1.282,684486000.0,,,684486000.0,0.0,39749000.0,0.0,0.042,2.36,90840000.0,130589000.0,0.781,130589000.0,90840000.0,64172000.0,2.55,2.52,2.55,604646000.0,531216750.0,604646000.0,1814860725.0,20.0,13.898,-87543000.0,-4.54,1.0,133511000.0,0.799,0.0,26668000.0,2061200000.0,1977599250.0,0.0,50622000.0,,,775098000.0,,,1100318725.0,-968000.0,0.0,8154000.0,11821000.0,-43667000.0,91619000.0,-161907000.0,-5044000.0,69320000.0,0.0,64172000.0,53338000.0,53338000.0,-11502000.0,0.0,0.319,54173000.0,79338000.0,38090000.0,0.925,1.82,20.629,22.267,1230383000.0,10834000.0,56.78,6.585,6.553,2097000.0,7826000.0,167105000.0,167105000.0,0.0,0.041,0.1,0.046,0.544,2976000.0,14568000.0,1.0,19378632.0,19284631.0,19608854.0,8.665,1379744000.0,0.0,0.0,0.0,71.546,
69,ARE,MRT,2004-03-31,2004-03-31,2004-03-31,2021-07-26,-7019000.0,1294820000.0,1252573250.0,,,0.13,26.643,-98815000.0,4356000.0,4356000.0,32929000.0,62834000.0,,1.53,718898000.0,,,718898000.0,0.0,39421000.0,0.0,0.036,2.27,89088000.0,128509000.0,0.788,128509000.0,89088000.0,62834000.0,2.71,2.67,2.71,511724000.0,502423500.0,511724000.0,1924853766.0,22.0,14.978,-22624000.0,-1.178,1.0,130160000.0,0.798,0.0,26254000.0,2009362000.0,1939690500.0,0.0,48842000.0,,,783096000.0,,,1220831766.0,682000.0,0.0,8943000.0,71221000.0,-42112000.0,29154000.0,-104663000.0,-5848000.0,76191000.0,0.0,62834000.0,53935000.0,53935000.0,-12431000.0,0.0,0.331,53503000.0,76657000.0,50717000.0,0.838,2.386,22.635,23.247,1148340000.0,8899000.0,63.0,7.486,7.419,2504000.0,10120000.0,163089000.0,163089000.0,0.0,0.043,0.107,0.046,0.546,2705000.0,14298000.0,1.0,19378282.0,19206954.0,19584003.0,8.491,1294820000.0,0.0,0.0,0.0,67.414,
70,ARE,MRT,2003-12-31,2003-12-31,2003-12-31,2021-07-26,-5475000.0,1272577000.0,1231691000.0,,,0.13,26.7,-132944000.0,4985000.0,4985000.0,32770000.0,59643000.0,,1.509,709007000.0,,,709007000.0,0.0,38901000.0,0.0,0.038,2.2,86059000.0,124960000.0,0.779,124960000.0,86059000.0,59643000.0,2.67,2.64,2.67,507135000.0,496415500.0,507135000.0,1761556672.0,20.0,14.097,-58633000.0,-3.087,1.0,127584000.0,0.796,0.0,26416000.0,1976599000.0,1905855500.0,0.0,47126000.0,,,765442000.0,,,1109465672.0,1195000.0,0.0,5941000.0,109542000.0,-40427000.0,66158000.0,-139274000.0,-6330000.0,74311000.0,0.0,59643000.0,50745000.0,50745000.0,-11284000.0,0.0,0.316,52809000.0,74775000.0,43408000.0,0.824,2.188,21.864,21.685,1135676000.0,8898000.0,57.9,6.919,6.858,1969000.0,8635000.0,160354000.0,160354000.0,0.0,0.041,0.102,0.045,0.537,2734000.0,14211000.0,1.0,19161756.0,18993856.0,19247790.0,8.442,1272577000.0,0.0,0.0,0.0,66.999,
71,ARE,MRT,2003-09-30,2003-09-30,2003-09-30,2021-07-26,-7104000.0,1211145000.0,1203357500.0,,,0.13,26.355,-160010000.0,3225000.0,3225000.0,32207000.0,55746000.0,,1.416,655316000.0,,,655316000.0,0.0,37729000.0,0.0,0.055,2.62,82043000.0,119772000.0,0.765,119772000.0,82043000.0,55746000.0,2.45,2.41,2.45,501362000.0,491095000.0,501362000.0,1596414070.0,19.0,13.329,-76147000.0,-4.003,1.0,124267000.0,0.794,0.0,26297000.0,1863236000.0,1854288500.0,0.0,0.0,,,709783000.0,,,918600070.0,-368000.0,0.0,2735000.0,128812000.0,-39182000.0,83467000.0,-167698000.0,-7688000.0,83863000.0,0.0,55746000.0,46846000.0,46846000.0,-11479000.0,0.0,0.299,53703000.0,70564000.0,41883000.0,1.069,1.832,19.609,19.604,1086081000.0,8900000.0,48.03,5.871,5.839,1821000.0,,156474000.0,156474000.0,0.0,0.039,0.095,0.044,0.524,2889000.0,14113000.0,1.0,19125548.0,19023162.0,19276932.0,8.225,1211145000.0,0.0,0.0,0.0,63.667,
72,ARE,MRT,2003-06-30,2003-06-30,2003-06-30,2021-07-26,-8703000.0,1231751000.0,1170402500.0,,,0.131,25.826,-199830000.0,3998000.0,3998000.0,32291000.0,44907000.0,,1.516,681812000.0,,,681812000.0,0.0,36498000.0,0.0,0.045,2.03,70398000.0,106896000.0,0.698,106896000.0,70398000.0,44907000.0,1.9,1.87,1.9,489473000.0,487409250.0,489473000.0,1518029035.0,22.0,14.201,-119804000.0,-6.321,1.0,120962000.0,0.789,0.0,25491000.0,1909565000.0,1792906500.0,0.0,0.0,,,742278000.0,,,855298035.0,1056000.0,0.0,83605000.0,93835000.0,-37530000.0,131010000.0,-209980000.0,-10150000.0,80026000.0,0.0,44907000.0,36007000.0,36007000.0,-2373000.0,0.0,0.235,51935000.0,69027000.0,48476000.0,1.068,1.747,23.754,23.684,1107752000.0,8900000.0,45.0,5.581,5.565,2470000.0,,153253000.0,153253000.0,0.0,0.031,0.074,0.039,0.459,3059000.0,13748000.0,1.0,19006623.0,18952445.0,19190472.0,8.086,1231751000.0,0.0,0.0,0.0,64.992,
73,ARE,MRT,2003-03-31,2003-03-31,2003-03-31,2021-07-26,-8673000.0,1211291000.0,1122903250.0,,,0.132,25.81,-245518000.0,3674000.0,3674000.0,31053000.0,42578000.0,,1.484,666405000.0,,,666405000.0,0.0,35295000.0,0.0,0.06,2.53,68074000.0,103369000.0,0.695,103369000.0,68074000.0,42578000.0,1.85,1.82,1.85,487692000.0,466834250.0,487692000.0,1410299677.0,21.0,13.643,-172066000.0,-9.106,1.0,117585000.0,0.791,0.0,25496000.0,1874022000.0,1721248500.0,0.0,0.0,,,723599000.0,,,799211677.0,-1338000.0,0.0,84097000.0,143285000.0,-35879000.0,182706000.0,-257496000.0,-11978000.0,73452000.0,0.0,42578000.0,33678000.0,33678000.0,-1826000.0,0.0,0.227,50335000.0,67250000.0,45264000.0,1.368,1.639,23.731,22.73,1092599000.0,8900000.0,42.05,5.377,5.346,3306000.0,,148638000.0,148638000.0,0.0,0.03,0.072,0.04,0.458,3654000.0,13512000.0,1.0,19006223.0,18895821.0,19136372.0,7.866,1211291000.0,0.0,0.0,0.0,64.104,
74,ARE,MRT,2002-12-31,2002-12-31,2002-12-31,2021-07-26,-8824000.0,1159243000.0,1064577000.0,,,0.134,27.614,-213469000.0,3790000.0,3790000.0,29135000.0,40032000.0,,1.386,614878000.0,,,614878000.0,0.0,34071000.0,0.0,0.058,2.46,65016000.0,99087000.0,0.696,99087000.0,65016000.0,40032000.0,1.79,1.76,1.79,485853000.0,446574250.0,485853000.0,1346611798.0,21.0,13.59,-146419000.0,-8.322,1.0,113136000.0,0.795,0.0,24984000.0,1770331000.0,1625804500.0,0.0,39650000.0,,,673390000.0,,,808228798.0,1414000.0,0.0,101239000.0,41236000.0,-33912000.0,162204000.0,-227840000.0,-14371000.0,67050000.0,0.0,40032000.0,31453000.0,31453000.0,-1761000.0,0.0,0.221,48879000.0,64257000.0,47118000.0,1.374,1.664,25.696,23.799,1044808000.0,8579000.0,42.6,5.681,5.268,2641000.0,,142271000.0,142271000.0,0.0,0.03,0.07,0.04,0.457,3651000.0,13436000.0,1.0,18972507.0,17594228.0,17859787.0,8.086,1159243000.0,0.0,0.0,0.0,65.888,
75,ARE,MRT,2002-09-30,2002-09-30,2002-09-30,2021-07-26,-9250000.0,1079325000.0,1015302750.0,,,0.13,26.548,-165332000.0,3593000.0,3593000.0,26911000.0,38774000.0,,1.218,541976000.0,,,541976000.0,0.0,33566000.0,0.0,0.045,1.92,63520000.0,97086000.0,0.735,97086000.0,63520000.0,38774000.0,2.47,2.42,2.47,486619000.0,408270500.0,486619000.0,1386766534.0,22.0,14.284,-99315000.0,-5.418,1.0,105203000.0,0.796,0.0,24746000.0,1617708000.0,1566454500.0,0.0,0.0,,,592706000.0,,,805587534.0,873000.0,0.0,103008000.0,-11203000.0,-31921000.0,114830000.0,-179974000.0,-14642000.0,66017000.0,0.0,38774000.0,31501000.0,31501000.0,-3937000.0,0.0,0.238,44618000.0,60585000.0,39384000.0,0.777,1.655,25.573,17.198,966569000.0,7273000.0,42.48,6.098,5.894,1517000.0,,132114000.0,132114000.0,0.0,0.031,0.077,0.041,0.481,3680000.0,13100000.0,1.0,18963925.0,18329443.0,18556300.0,7.208,1079325000.0,0.0,0.0,0.0,58.885,
76,ARE,MRT,2002-06-30,2002-06-30,2002-06-30,2021-07-26,-6949000.0,1041754000.0,977668500.0,,,0.131,24.313,-190098000.0,2942000.0,2942000.0,25581000.0,35470000.0,,1.559,584121000.0,,,584121000.0,0.0,33175000.0,0.0,0.038,1.88,61768000.0,94943000.0,0.742,94943000.0,61768000.0,35470000.0,2.29,2.24,2.29,407173000.0,368832250.0,407173000.0,1345330378.0,22.0,14.17,-122114000.0,-7.292,1.0,102399000.0,0.8,0.0,26298000.0,1622933000.0,1531718750.0,0.0,0.0,,,634581000.0,,,831070378.0,-724000.0,0.0,21621000.0,83164000.0,-30916000.0,130126000.0,-198834000.0,-8736000.0,67984000.0,0.0,35470000.0,29506000.0,29506000.0,-3526000.0,0.0,0.231,44157000.0,58242000.0,40154000.0,0.821,2.041,28.166,21.546,938066000.0,5964000.0,49.34,6.494,6.457,1500000.0,,127980000.0,127980000.0,0.0,0.03,0.08,0.04,0.483,3509000.0,12782000.0,1.0,16843745.0,16747201.0,17117830.0,7.642,1041754000.0,0.0,0.0,0.0,62.205,
77,ARE,MRT,2002-03-31,2002-03-31,2002-03-31,2021-07-26,-5357000.0,977986000.0,937120250.0,,,0.132,24.782,-171030000.0,5012000.0,5012000.0,24593000.0,32574000.0,,1.405,519272000.0,,,519272000.0,0.0,32081000.0,0.0,0.041,1.84,59238000.0,91319000.0,0.739,91319000.0,59238000.0,32574000.0,2.08,2.03,2.08,406652000.0,351004500.0,406652000.0,1321913447.0,22.0,14.476,-116923000.0,-7.125,1.0,98945000.0,0.801,0.0,26664000.0,1492246000.0,1470287250.0,0.0,0.0,,,571334000.0,,,751128447.0,-784000.0,0.0,39182000.0,59244000.0,-29931000.0,125958000.0,-180849000.0,-9819000.0,54107000.0,0.0,32574000.0,27919000.0,27919000.0,-3110000.0,0.0,0.226,42817000.0,56128000.0,41889000.0,0.885,1.847,26.904,21.442,876024000.0,4655000.0,44.6,6.08,5.924,2864000.0,,123538000.0,123538000.0,0.0,0.03,0.08,0.04,0.48,3156000.0,12293000.0,1.0,16841445.0,16409258.0,16720857.0,7.529,977986000.0,0.0,0.0,0.0,59.6,
78,ARE,MRT,2001-12-31,2001-12-31,2001-12-31,2021-07-26,-6149000.0,962146000.0,897651250.0,,,0.135,20.851,-182666000.0,2376000.0,2376000.0,24655000.0,30277000.0,,1.892,573161000.0,,,573161000.0,0.0,30578000.0,0.0,0.044,1.81,57943000.0,88521000.0,0.732,88521000.0,57943000.0,30277000.0,1.9,1.87,1.9,332638000.0,327860500.0,332638000.0,1219808648.0,21.0,13.78,-122326000.0,-7.668,1.0,96206000.0,0.796,0.0,27666000.0,1532931000.0,1415898750.0,0.0,0.0,,,629508000.0,,,669831648.0,-400000.0,0.0,21951000.0,142251000.0,-29097000.0,131439000.0,-192179000.0,-9513000.0,60340000.0,0.0,30277000.0,26611000.0,26611000.0,-2695000.0,0.0,0.22,40958000.0,55248000.0,48057000.0,0.953,2.014,25.171,21.632,861876000.0,3666000.0,41.1,5.542,5.425,3123000.0,,120861000.0,120861000.0,0.0,0.03,0.081,0.041,0.479,2841000.0,11694000.0,1.0,16297607.0,15953459.0,16208178.0,7.576,962146000.0,0.0,0.0,0.0,60.31,
79,ARE,MRT,2001-09-30,2001-09-30,2001-09-30,2021-07-26,-7375000.0,928788000.0,852360750.0,,,0.14,20.382,-161341000.0,2720000.0,2720000.0,24937000.0,29481000.0,,1.824,552697000.0,,,552697000.0,0.0,28902000.0,0.0,0.045,1.78,56725000.0,85627000.0,0.72,85627000.0,56725000.0,29481000.0,1.9,1.87,1.9,328866000.0,324489000.0,328866000.0,1138956009.0,20.0,13.301,-117365000.0,-7.274,1.0,94066000.0,0.79,0.0,27244000.0,1478765000.0,1335032000.0,0.0,6000000.0,,,599922000.0,,,641310009.0,1945000.0,0.0,20228000.0,141423000.0,-28281000.0,129705000.0,-171736000.0,-10395000.0,43976000.0,0.0,29481000.0,25815000.0,25815000.0,-1563000.0,0.0,0.217,38904000.0,55162000.0,38975000.0,0.937,1.95,24.843,20.763,829780000.0,3666000.0,39.45,5.389,5.349,2929000.0,,119003000.0,119003000.0,0.0,0.03,0.08,0.042,0.477,2490000.0,10976000.0,1.0,16256274.0,16135399.0,16413591.0,7.375,928788000.0,0.0,0.0,0.0,57.562,
80,ARE,MRT,2001-06-30,2001-06-30,2001-06-30,2021-07-26,-379000.0,879561000.0,811647250.0,,,0.141,20.976,-147085000.0,3666000.0,3666000.0,24039000.0,28561000.0,,1.619,501312000.0,,,501312000.0,0.0,27171000.0,0.0,0.033,1.32,55593000.0,82764000.0,0.721,82764000.0,55593000.0,28561000.0,1.88,1.85,1.88,335862000.0,323295500.0,335862000.0,1098203561.0,20.0,13.269,-109023000.0,-6.809,1.0,90709000.0,0.791,0.0,27032000.0,1377207000.0,1259533750.0,0.0,6000000.0,,,543699000.0,,,643621561.0,2933000.0,0.0,58179000.0,99949000.0,-26995000.0,127467000.0,-162596000.0,-15511000.0,38062000.0,0.0,28561000.0,24895000.0,24895000.0,-1563000.0,0.0,0.217,36679000.0,54030000.0,34144000.0,0.702,1.916,25.853,21.17,776114000.0,3666000.0,39.8,5.609,5.554,3001000.0,,114748000.0,114748000.0,0.0,0.031,0.077,0.044,0.484,2238000.0,10482000.0,1.0,16171396.0,16011654.0,16253036.0,7.167,879561000.0,0.0,0.0,0.0,54.933,
81,ARE,MRT,2001-03-31,2001-03-31,2001-03-31,2021-07-26,-3694000.0,820110000.0,766663500.0,,,0.143,20.301,-134889000.0,5796000.0,5796000.0,22956000.0,27578000.0,,1.611,460378000.0,,,460378000.0,0.0,25375000.0,0.0,0.034,1.29,53695000.0,79070000.0,0.724,79070000.0,53695000.0,27578000.0,1.86,1.84,1.86,314076000.0,309215750.0,314076000.0,1019603324.0,19.0,12.895,-90541000.0,-5.852,1.0,86303000.0,0.79,0.0,26117000.0,1274692000.0,1187869750.0,0.0,6000000.0,,,506034000.0,,,591123324.0,3828000.0,0.0,55963000.0,80795000.0,-25491000.0,107601000.0,-148121000.0,-13232000.0,44348000.0,0.0,27578000.0,23912000.0,23912000.0,-1563000.0,0.0,0.219,34171000.0,52132000.0,37689000.0,0.694,1.882,24.721,20.296,732577000.0,3666000.0,37.75,5.41,5.345,2917000.0,,109259000.0,109259000.0,0.0,0.031,0.077,0.045,0.491,2047000.0,9767000.0,1.0,15658896.0,15471100.0,15704458.0,7.062,820110000.0,0.0,0.0,0.0,53.009,
82,ARE,MRT,2000-12-31,2000-12-31,2000-12-31,2021-07-26,1837000.0,780984000.0,726954750.0,,,0.141,22.07,-118936000.0,2776000.0,2776000.0,21210000.0,26009000.0,,1.447,431256000.0,,,431256000.0,0.0,24251000.0,0.0,0.035,1.29,50316000.0,74567000.0,0.729,74567000.0,50316000.0,26009000.0,1.8,1.77,1.8,319152000.0,296425250.0,319152000.0,988653675.0,20.0,13.259,-86005000.0,-5.947,1.0,81016000.0,0.793,0.0,24307000.0,1209464000.0,1126492000.0,0.0,6000000.0,,,461832000.0,,,577815675.0,-670000.0,0.0,56232000.0,71035000.0,-24722000.0,98879000.0,-132480000.0,-13544000.0,32931000.0,0.0,26009000.0,22343000.0,22343000.0,-1563000.0,0.0,0.219,32263000.0,48753000.0,23123000.0,0.717,1.81,25.861,20.661,705745000.0,3666000.0,37.19,5.652,5.261,2835000.0,,102226000.0,102226000.0,0.0,0.031,0.075,0.045,0.492,1831000.0,8986000.0,1.0,15536856.0,14460711.0,14699478.0,7.069,780984000.0,0.0,0.0,0.0,54.007,
83,ARE,MRT,2000-09-30,2000-09-30,2000-09-30,2021-07-26,7301000.0,765934000.0,692488250.0,,,0.145,22.323,-126156000.0,775000.0,775000.0,20940000.0,23698000.0,,1.363,411613000.0,,,411613000.0,0.0,36269000.0,0.0,0.038,1.29,47332000.0,83601000.0,0.831,83601000.0,47332000.0,23698000.0,1.42,1.41,1.42,324092000.0,282283000.0,324092000.0,884869670.0,19.0,10.584,-88444000.0,-6.092,1.0,79641000.0,0.792,0.0,23634000.0,1176772000.0,1071672000.0,0.0,6000000.0,,,441842000.0,,,493944670.0,-1728000.0,0.0,56198000.0,69345000.0,-23951000.0,97916000.0,-137356000.0,-11200000.0,37712000.0,0.0,23698000.0,20034000.0,20034000.0,0.0,0.0,0.199,32309000.0,47332000.0,22782000.0,0.908,1.524,24.655,24.162,693769000.0,3664000.0,34.31,4.911,4.952,3735000.0,,100581000.0,100581000.0,0.0,0.029,0.071,0.044,0.471,2896000.0,8650000.0,1.0,14396522.0,14518005.0,14782077.0,6.928,765934000.0,0.0,0.0,0.0,52.758,
84,ARE,MRT,2000-06-30,2000-06-30,2000-06-30,2021-07-26,0.0,699626000.0,656023750.0,,,0.144,19.586,-164483000.0,733000.0,733000.0,19685000.0,23016000.0,,1.503,391658000.0,,,391658000.0,0.0,29809000.0,0.0,0.05,1.72,44419000.0,74228000.0,0.785,74228000.0,44419000.0,23016000.0,1.39,1.39,1.39,279543000.0,267139500.0,279543000.0,858156655.0,19.0,11.561,-125482000.0,-8.792,1.0,74816000.0,0.792,0.0,21403000.0,1090551000.0,1015011500.0,0.0,6000000.0,,,420083000.0,,,490250655.0,-2130000.0,0.0,18396000.0,115967000.0,-23656000.0,107591000.0,-175907000.0,-11424000.0,39001000.0,0.0,23016000.0,19352000.0,19352000.0,0.0,0.0,0.205,30397000.0,44419000.0,21471000.0,1.237,1.754,25.333,24.676,643098000.0,3664000.0,34.3,5.188,5.18,2523000.0,,94501000.0,94501000.0,0.0,0.029,0.072,0.044,0.47,2512000.0,8181000.0,1.0,14293022.0,14272509.0,14450365.0,6.621,699626000.0,0.0,0.0,0.0,49.019,
85,ARE,MRT,2000-03-31,2000-03-31,2000-03-31,2021-07-26,0.0,661275000.0,621695250.0,,,0.146,19.079,-113751000.0,1968000.0,1968000.0,19594000.0,22492000.0,,1.515,369874000.0,,,369874000.0,0.0,24142000.0,0.0,0.057,1.72,42777000.0,66919000.0,0.738,66919000.0,42777000.0,22492000.0,1.42,1.42,1.42,262914000.0,262993750.0,262914000.0,760838660.0,18.0,11.37,-75693000.0,-5.493,1.0,71091000.0,0.784,0.0,20285000.0,1029181000.0,951238750.0,0.0,6000000.0,,,398361000.0,,,413772660.0,518000.0,0.0,1688000.0,70967000.0,-23164000.0,84179000.0,-121719000.0,-7968000.0,38058000.0,0.0,22492000.0,19540000.0,19540000.0,0.0,0.0,0.215,28314000.0,42777000.0,21791000.0,1.211,1.574,21.176,21.127,610472000.0,2952000.0,30.0,4.563,4.559,2889000.0,,90685000.0,90685000.0,0.0,0.031,0.074,0.045,0.472,2079000.0,7769000.0,1.0,13792422.0,13780276.0,13912400.0,6.581,661275000.0,0.0,0.0,0.0,47.987,
86,ARE,MRT,1999-12-31,1999-12-31,1999-12-31,2021-07-26,172000.0,643118000.0,593847250.0,,,0.145,19.413,-109833000.0,3446000.0,3446000.0,19003000.0,22053000.0,,1.449,350512000.0,,,350512000.0,0.0,18532000.0,0.0,0.053,1.69,41750000.0,60282000.0,0.699,60282000.0,41750000.0,22053000.0,1.48,1.46,1.48,262583000.0,253786000.0,262583000.0,767143186.0,18.0,12.726,-63822000.0,-4.719,1.0,67259000.0,0.78,0.0,19697000.0,990184000.0,905856750.0,0.0,6000000.0,,,380535000.0,,,437089186.0,1892000.0,0.0,27244000.0,28860000.0,-22278000.0,69430000.0,-113549000.0,-3716000.0,46011000.0,0.0,22053000.0,20017000.0,20017000.0,0.0,0.0,0.232,25509000.0,41750000.0,23349000.0,1.142,1.665,21.836,21.493,598827000.0,2036000.0,31.81,5.067,4.988,3432000.0,,86262000.0,86262000.0,0.0,0.034,0.079,0.046,0.484,1658000.0,6977000.0,1.0,13740622.0,13525840.0,13670568.0,6.378,643118000.0,0.0,0.0,0.0,47.547,
87,ARE,MRT,1999-09-30,1999-09-30,1999-09-30,2021-07-26,0.0,620076000.0,565641750.0,,,0.144,19.202,-107154000.0,2503000.0,2503000.0,17820000.0,21890000.0,,1.353,332557000.0,,,332557000.0,0.0,10296000.0,0.0,0.055,1.63,41381000.0,51677000.0,0.635,51677000.0,41381000.0,21890000.0,1.57,1.56,1.57,263518000.0,238082500.0,263518000.0,676868200.0,16.0,13.098,-66890000.0,-4.874,1.0,63557000.0,0.781,0.0,19491000.0,950130000.0,867953500.0,0.0,6000000.0,,,356558000.0,,,403720200.0,1256000.0,0.0,26583000.0,29000000.0,-21402000.0,70713000.0,-109721000.0,-2567000.0,40264000.0,0.0,21890000.0,20770000.0,20770000.0,0.0,0.0,0.255,22176000.0,41381000.0,17330000.0,1.038,1.532,19.438,18.752,579111000.0,1120000.0,29.44,4.961,4.965,3296000.0,,81377000.0,81377000.0,0.0,0.037,0.087,0.048,0.509,0.0,6219000.0,1.0,13713322.0,13723327.0,13877678.0,5.93,620076000.0,0.0,0.0,0.0,45.184,
88,ARE,MRT,1999-06-30,1999-06-30,1999-06-30,2021-07-26,0.0,562312000.0,529673000.0,,,0.141,19.33,-76241000.0,2863000.0,2863000.0,16385000.0,21158000.0,,1.138,276011000.0,,,276011000.0,0.0,10296000.0,0.0,0.065,2.03,39441000.0,49737000.0,0.665,49737000.0,39441000.0,21158000.0,1.62,1.6,1.62,262960000.0,222313000.0,262960000.0,722733188.0,18.0,14.531,-39515000.0,-2.905,1.0,58408000.0,0.781,0.0,18283000.0,835460000.0,813873500.0,0.0,6000000.0,,,299352000.0,,,424963188.0,853000.0,0.0,26569000.0,24624000.0,-20528000.0,67553000.0,-76241000.0,0.0,36726000.0,0.0,21158000.0,20954000.0,20954000.0,0.0,0.0,0.28,18967000.0,39441000.0,17284000.0,1.253,1.616,20.281,19.29,525978000.0,204000.0,31.25,5.682,5.684,2518000.0,,74793000.0,74793000.0,0.0,0.04,0.094,0.048,0.527,0.0,5254000.0,1.0,13598822.0,13604031.0,13756007.0,5.498,562312000.0,0.0,0.0,0.0,41.334,
89,ARE,MRT,1999-03-31,1999-03-31,1999-03-31,2021-07-26,0.0,549883000.0,494319250.0,,,0.139,17.357,-133013000.0,1450000.0,1450000.0,15269000.0,20065000.0,,1.432,299220000.0,,,299220000.0,0.0,10296000.0,0.0,0.076,2.0,36976000.0,47272000.0,0.687,47272000.0,36976000.0,20065000.0,1.61,1.58,1.61,226083000.0,206549500.0,226083000.0,671461794.0,18.0,14.204,-101581000.0,-7.799,1.0,53590000.0,0.778,0.0,16911000.0,847653000.0,761382500.0,0.0,6000000.0,,,323800000.0,,,363186794.0,-15000.0,0.0,59555000.0,61661000.0,-19650000.0,101566000.0,-133013000.0,0.0,31432000.0,0.0,20065000.0,20065000.0,20065000.0,0.0,0.0,0.291,16614000.0,36976000.0,19140000.0,1.242,1.606,18.101,16.422,515339000.0,0.0,26.44,5.274,5.001,2915000.0,,68859000.0,68859000.0,0.0,0.041,0.097,0.049,0.537,0.0,4444000.0,1.0,13736263.0,13025303.0,13163695.0,5.287,549883000.0,0.0,0.0,0.0,42.217,
90,ARE,MRT,1998-12-31,1998-12-31,1998-12-31,2021-07-26,0.0,530296000.0,449884250.0,,,0.136,16.511,-240753000.0,1554000.0,1554000.0,13390000.0,19403000.0,,1.655,309829000.0,,,309829000.0,0.0,10296000.0,0.0,0.065,2.0,33436000.0,43732000.0,0.717,43732000.0,33436000.0,19403000.0,1.6,1.58,1.6,199769000.0,191776250.0,199769000.0,646791843.0,19.0,14.79,-214642000.0,-17.741,1.0,47626000.0,0.781,0.0,14033000.0,838571000.0,690314750.0,0.0,6000000.0,,,330527000.0,,,389182843.0,-506000.0,0.0,33099000.0,206214000.0,-19177000.0,220136000.0,-246753000.0,0.0,26111000.0,0.0,19403000.0,19403000.0,19403000.0,0.0,0.0,0.318,14190000.0,33436000.0,15663000.0,1.25,1.948,20.058,19.337,493746000.0,0.0,30.94,6.378,6.135,2884000.0,,61016000.0,61016000.0,0.0,0.043,0.101,0.048,0.548,0.0,3894000.0,1.0,12578631.0,12098959.0,12306470.0,5.043,530296000.0,0.0,0.0,0.0,43.83,
91,ARE,MRT,1998-09-30,1998-09-30,1998-09-30,2021-07-26,0.0,476201000.0,379423750.0,,,0.14,15.948,-234817000.0,1247000.0,1247000.0,12011000.0,18685000.0,,1.376,258856000.0,,,258856000.0,0.0,4866000.0,0.0,0.059,1.6,29129000.0,33995000.0,0.642,33995000.0,29129000.0,18685000.0,1.86,1.83,1.86,200440000.0,183563250.0,200440000.0,545477439.0,19.0,16.046,-218624000.0,-17.395,1.0,40920000.0,0.773,0.0,10444000.0,733810000.0,559974750.0,0.0,6000000.0,,,275761000.0,,,340878439.0,-5542000.0,0.0,33661000.0,204130000.0,-18709000.0,219082000.0,-240817000.0,0.0,16193000.0,0.0,18685000.0,18685000.0,18685000.0,0.0,0.0,0.353,11643000.0,29277000.0,11874000.0,0.86,1.701,18.243,14.586,441707000.0,0.0,27.13,6.44,6.442,7102000.0,,52931000.0,52931000.0,0.0,0.049,0.102,0.052,0.55,4161000.0,3261000.0,1.0,12564631.0,12568407.0,12763525.0,4.211,476201000.0,0.0,0.0,0.0,37.889,
92,ARE,MRT,1998-06-30,1998-06-30,1998-06-30,2021-07-26,0.0,420897000.0,,,,,16.91,-198310000.0,2010000.0,2010000.0,11057000.0,17694000.0,,1.105,206609000.0,,,206609000.0,0.0,4866000.0,0.0,0.044,1.328,25725000.0,30591000.0,0.654,30591000.0,25725000.0,17694000.0,1.81,1.79,1.81,199906000.0,,199906000.0,532693652.0,21.0,17.413,-183185000.0,-15.496,1.0,35740000.0,0.764,0.0,8031000.0,625496000.0,,0.0,6000000.0,,,220991000.0,,,341454652.0,-19919000.0,0.0,32948000.0,148958000.0,-15139000.0,169266000.0,-204310000.0,0.0,15125000.0,0.0,17694000.0,17694000.0,17694000.0,0.0,0.0,0.378,9867000.0,25873000.0,9360000.0,0.734,1.708,19.298,16.541,390476000.0,0.0,29.94,7.297,7.563,5751000.0,,46797000.0,46797000.0,0.0,,,,0.55,4161000.0,2933000.0,1.0,11404631.0,11821664.0,12053983.0,3.959,420897000.0,0.0,0.0,0.0,35.604,
93,ARE,MRT,1998-03-31,1998-03-31,1998-03-31,2021-07-26,0.0,372143000.0,,,,,14.642,-206903000.0,1465000.0,1465000.0,9440000.0,2058000.0,,1.229,192704000.0,,,192704000.0,0.0,4866000.0,0.0,0.029,0.927,8677000.0,13543000.0,0.344,13543000.0,8677000.0,2058000.0,-0.38,-0.39,-0.38,166990000.0,,166990000.0,430169756.0,50.0,31.763,-197577000.0,-17.324,1.0,29940000.0,0.76,0.0,6619000.0,563382000.0,,0.0,6000000.0,,,205153000.0,,,361412756.0,-1285000.0,0.0,138919000.0,77389000.0,-11053000.0,202292000.0,-212903000.0,0.0,9326000.0,0.0,2058000.0,599000.0,599000.0,0.0,0.0,0.015,18969000.0,10971000.0,7887000.0,-2.439,2.164,603.36,-83.395,348910000.0,1459000.0,31.69,9.178,9.178,4189000.0,-2297000.0,39380000.0,39380000.0,0.0,,,,0.22,4161000.0,2644000.0,1.0,11404631.0,11404631.0,11652772.0,3.453,372143000.0,0.0,0.0,0.0,32.631,
94,ARE,MRT,1997-12-31,1997-12-31,1997-12-31,2021-07-26,0.0,248454000.0,204467000.0,,,0.17,20.669,-87620000.0,2060000.0,2060000.0,8766000.0,-2797000.0,,0.488,70817000.0,,,70817000.0,0.0,4866000.0,0.0,0.017,0.528,4246000.0,9112000.0,0.261,9112000.0,4246000.0,-2797000.0,-0.35,-0.35,-0.35,166917000.0,90724000.0,166917000.0,,,,-83737000.0,-10.369,1.0,26080000.0,0.748,0.0,7043000.0,317211000.0,294588500.0,0.0,0.0,,,81537000.0,,,359930154.0,364000.0,0.0,138919000.0,-42365000.0,-8800000.0,84101000.0,-87620000.0,0.0,3883000.0,0.0,-2797000.0,-5835000.0,-5835000.0,0.0,0.0,-0.167,19539000.0,6541000.0,6158000.0,-1.509,2.156,-61.685,-90.171,229970000.0,3038000.0,31.56,10.329,7.314,3630000.0,-6932000.0,34846000.0,34846000.0,0.0,-0.029,-0.064,0.014,0.122,4161000.0,2476000.0,1.0,11404631.0,8075864.0,8075864.0,4.315,248454000.0,0.0,0.0,0.0,30.765,
95,ARE,MRT,1997-09-30,1997-09-30,1997-09-30,2021-07-26,,,,,,,,,,,,,,,,,,,,,,0.004,0.128,,,,,,,,,,,,,,,,,,1.0,,,,,,,,,,,,,,,,,,,,,,,,,,,,,,,,,,,,,,,,28.56,,,,,,,,,,,,,,1.0,,11404631.0,,,,,,,,
96,ARE,MRT,1997-06-30,1997-06-30,1997-06-30,2021-07-26,,,,,,,,,,,,,,,,,,,,,,0.0,0.0,,,,,,,,,,,,,,,,,,1.0,,,,,,,,,,,,,,,,,,,,,,,,,,,,,,,,,,,,,,,,21.94,,,,,,,,,,,,,,1.0,,6098381.0,,,,,,,,
97,ARE,MRT,1997-03-31,1997-03-31,1997-03-31,2021-07-26,,,,,,,,,,,,,,,,,,,,,,,0.0,,,,,,,,,,,,,,,,,,1.0,,,,,,,,,,,,,,,,,,,,,,,,,,,,,,,,,,,,,,,,,,,,,,,,,,,,,,1.0,,3642131.0,,,,,,,,
98,ARE,MRT,1996-12-31,1996-12-31,1996-12-31,2021-07-26,0.0,160480000.0,,,,,3.99,-94900000.0,1696000.0,1696000.0,4356000.0,2175000.0,,10.044,113182000.0,,,113182000.0,0.0,2405000.0,0.0,,0.0,8502000.0,10907000.0,0.617,10907000.0,8502000.0,2175000.0,0.6,0.6,0.6,14531000.0,,14531000.0,,,,-96546000.0,-26.508,1.0,13317000.0,0.754,0.0,6327000.0,271966000.0,,0.0,0.0,,,145949000.0,,,,777000.0,0.0,0.0,72288000.0,-939000.0,97323000.0,-94900000.0,0.0,-1646000.0,0.0,2175000.0,585000.0,585000.0,0.0,0.0,0.033,4815000.0,8502000.0,2525000.0,0.0,,,,146960000.0,1590000.0,,,,1332000.0,-1775000.0,17673000.0,17673000.0,0.0,,,,0.481,0.0,1972000.0,1.0,,3642131.0,3642131.0,4.852,160480000.0,0.0,0.0,0.0,44.062,
99,ARE,MRT,1995-12-31,1995-12-31,1995-12-31,2021-07-26,,,,,,,,-1554000.0,,,2228000.0,761000.0,,,,,,,,1668000.0,,,0.0,4419000.0,6087000.0,0.613,6087000.0,4419000.0,866000.0,0.43,0.43,0.43,,,,,,,-1199000.0,,1.0,7695000.0,0.775,,3553000.0,,,,,,,,,,,-272000.0,0.0,0.0,1731000.0,-909000.0,927000.0,-1554000.0,0.0,355000.0,0.0,761000.0,761000.0,761000.0,0.0,0.0,0.077,3276000.0,4419000.0,,0.0,,,,,0.0,,,,,,9923000.0,9923000.0,0.0,,,,0.445,0.0,1608000.0,1.0,,,,,,,105000.0,,,
