None,ticker,dimension,calendardate,datekey,reportperiod,lastupdated,accoci,assets,assetsavg,assetsc,assetsnc,assetturnover,bvps,capex,cashneq,cashnequsd,cor,consolinc,currentratio,de,debt,debtc,debtnc,debtusd,deferredrev,depamor,deposits,divyield,dps,ebit,ebitda,ebitdamargin,ebitdausd,ebitusd,ebt,eps,epsdil,epsusd,equity,equityavg,equityusd,ev,evebit,evebitda,fcf,fcfps,fxusd,gp,grossmargin,intangibles,intexp,invcap,invcapavg,inventory,investments,investmentsc,investmentsnc,liabilities,liabilitiesc,liabilitiesnc,marketcap,ncf,ncfbus,ncfcommon,ncfdebt,ncfdiv,ncff,ncfi,ncfinv,ncfo,ncfx,netinc,netinccmn,netinccmnusd,netincdis,netincnci,netmargin,opex,opinc,payables,payoutratio,pb,pe,pe1,ppnenet,prefdivis,price,ps,ps1,receivables,retearn,revenue,revenueusd,rnd,roa,roe,roic,ros,sbcomp,sgna,sharefactor,sharesbas,shareswa,shareswadil,sps,tangibles,taxassets,taxexp,taxliabilities,tbvps,workingcapital
0,AIV,MRY,2020-12-31,2020-12-31,2020-12-31,2021-08-25,0.0,1840492000.0,5763003250.0,,,0.026,3.364,-131797000.0,298735000.0,298735000.0,61514000.0,-5771000.0,,2.555,1082590000.0,,,1082590000.0,0.0,77965000.0,0.0,0.481,2.538,12322000.0,90287000.0,0.596,90287000.0,12322000.0,-15190000.0,-0.03,-0.03,-0.03,499778000.0,1509159000.0,499778000.0,4773102815.0,387.0,52.866,-83951000.0,-0.565,1.0,89937000.0,0.594,0.0,27512000.0,2624347000.0,9212891250.0,0.0,307362000.0,,,1277138000.0,,,634796815.0,288615000.0,0.0,0.0,-44193000.0,0.0,370094000.0,-129325000.0,0.0,47846000.0,0.0,-5041000.0,-5041000.0,-5041000.0,0.0,-730000.0,-0.033,104294000.0,-14357000.0,0.0,-84.6,1.27,-125.927,-176.0,1103539000.0,0.0,5.28,4.191,5.18,0.0,-16839000.0,151451000.0,151451000.0,0.0,-0.001,-0.003,0.001,0.081,0.0,10469000.0,1.0,120226670.0,148569000,148569000.0,1.019,1840492000.0,0.0,-10149000.0,131560000.0,12.388,
1,AIV,MRY,2019-12-31,2019-12-31,2019-12-31,2021-08-25,0.0,1260125000.0,5080969000.0,,,0.028,3.455,-135229000.0,10120000.0,10120000.0,57541000.0,113000.0,,1.445,558933000.0,,,558933000.0,0.0,64030000.0,0.0,0.06,3.838,15601000.0,79631000.0,0.554,79631000.0,15601000.0,-2997000.0,0.0,0.0,0.0,513264000.0,1466394250.0,513264000.0,11851379032.0,760.0,148.829,-77300000.0,-0.52,1.0,86151000.0,0.6,0.0,18598000.0,1808938000.0,8174087000.0,0.0,292999000.0,,,741845000.0,,,7689894032.0,5315000.0,0.0,0.0,70900000.0,0.0,360242000.0,-412856000.0,-277627000.0,57929000.0,0.0,304000.0,304000.0,304000.0,0.0,-191000.0,0.002,71092000.0,15059000.0,0.0,,14.982,25295.704,,935968000.0,0.0,63.954,53.517,66.115,0.0,0.0,143692000.0,143692000.0,0.0,0.0,0.0,0.002,0.109,0.0,7062000.0,1.0,120241803.0,148549000,148569000.0,0.967,1260125000.0,0.0,-3301000.0,148227000.0,8.483,
2,AIV,MRY,2018-12-31,2018-12-31,2018-12-31,2021-08-25,4794000.0,6190004000.0,6293667750.0,,,0.021,11.44,-37844000.0,72595000.0,72595000.0,53552000.0,3411000.0,,2.545,4075665000.0,,,4075665000.0,0.0,49375000.0,0.0,0.035,1.941,23147000.0,72522000.0,0.549,72522000.0,23147000.0,3504000.0,0.02,0.02,0.02,1699419000.0,1777558000.0,1699419000.0,10372159514.0,448.0,143.021,15642000.0,0.105,1.0,78611000.0,0.595,0.0,19643000.0,10193074000.0,10295698750.0,0.0,0.0,,,4325072000.0,,,6829669514.0,-281000.0,0.0,0.0,-24729000.0,0.0,-15923000.0,-37844000.0,0.0,53486000.0,0.0,3243000.0,3243000.0,3243000.0,0.0,168000.0,0.025,55141000.0,23470000.0,0.0,97.05,4.019,2105.973,2801.367,5723475000.0,0.0,56.027,51.676,62.974,0.0,-1947507000.0,132163000.0,132163000.0,0.0,0.001,0.002,0.002,0.175,0.0,5766000.0,1.0,121898863.0,148549000,148569000.0,0.89,6190004000.0,0.0,261000.0,0.0,41.67,
3,AIV,MRY,2017-12-31,2017-12-31,2017-12-31,2021-08-25,3603000.0,6079040000.0,6158755000.0,,,0.163,13.584,-387375000.0,142541000.0,142541000.0,354584000.0,347079000.0,,2.599,4088911000.0,,,4088911000.0,0.0,366184000.0,0.0,0.033,1.839,479553000.0,845737000.0,0.841,845737000.0,479553000.0,284938000.0,2.501,2.501,2.501,1663144000.0,1574992000.0,1663144000.0,11120415055.0,23.0,13.149,4697000.0,0.038,1.0,650853000.0,0.647,0.0,194615000.0,10025410000.0,10219730250.0,0.0,0.0,,,4321750000.0,,,6863489055.0,11391000.0,401983000.0,0.0,197347000.0,-225377000.0,-393700000.0,13019000.0,430000.0,392072000.0,0.0,315774000.0,306861000.0,306861000.0,0.0,31305000.0,0.305,456870000.0,193983000.0,0.0,0.735,4.127,22.367,22.315,5630268000.0,8913000.0,55.81,6.826,6.796,0.0,-2367073000.0,1005437000.0,1005437000.0,0.0,0.05,0.195,0.047,0.477,7877000.0,43657000.0,1.0,122978934.0,122430699,122806241.0,8.212,6079040000.0,0.0,-30836000.0,0.0,49.653,
4,AIV,MRY,2016-12-31,2016-12-31,2016-12-31,2021-08-25,1011000.0,6232818000.0,6235776500.0,,,0.16,14.683,-109401000.0,131150000.0,131150000.0,354913000.0,483273000.0,,2.333,3884632000.0,,,3884632000.0,18452000.0,333066000.0,0.0,0.029,1.685,607957000.0,941023000.0,0.945,941023000.0,607957000.0,411568000.0,3.422,3.409,3.422,1793903000.0,1712782000.0,1793903000.0,11028681464.0,18.0,11.72,267100000.0,2.186,1.0,640941000.0,0.644,0.0,196389000.0,9986300000.0,9970752250.0,0.0,0.0,,,4184651000.0,,,7130559464.0,-6595000.0,0.0,0.0,28490000.0,-206279000.0,-283949000.0,-99147000.0,412000.0,376501000.0,0.0,430410000.0,417781000.0,417781000.0,0.0,52863000.0,0.42,394145000.0,246796000.0,0.0,0.492,3.975,17.068,16.958,5755408000.0,12629000.0,58.032,7.16,7.12,0.0,-2385399000.0,995854000.0,995854000.0,0.0,0.067,0.244,0.061,0.61,7629000.0,46784000.0,1.0,122872955.0,122178269,122483712.0,8.151,6232818000.0,0.0,-18842000.0,0.0,51.014,
5,AIV,MRY,2015-12-31,2015-12-31,2015-12-31,2021-08-25,-6040000.0,6118681000.0,6177372500.0,,,0.159,13.349,-175721000.0,137745000.0,137745000.0,362116000.0,271983000.0,,2.63,3849141000.0,,,3849141000.0,64052000.0,306301000.0,0.0,0.029,1.507,420871000.0,727172000.0,0.741,727172000.0,420871000.0,221186000.0,1.941,1.941,1.941,1622391000.0,1617129500.0,1622391000.0,10059062506.0,24.0,13.833,184170000.0,1.515,1.0,619194000.0,0.631,0.0,199685000.0,9830077000.0,9894192250.0,0.0,0.0,,,4266850000.0,,,6261634506.0,21818000.0,0.0,366580000.0,-247022000.0,-184082000.0,-167176000.0,-170897000.0,0.0,359891000.0,0.0,248710000.0,235966000.0,235966000.0,0.0,23273000.0,0.24,362979000.0,256215000.0,36123000.0,0.776,3.86,26.536,26.333,5529461000.0,12744000.0,51.112,6.381,6.33,0.0,-2596917000.0,981310000.0,981310000.0,0.0,0.038,0.146,0.043,0.429,6640000.0,46310000.0,1.0,122509201.0,121532921,121840714.0,8.074,6118681000.0,0.0,-27524000.0,0.0,50.346,
6,AIV,MRY,2014-12-31,2014-12-31,2014-12-31,2021-08-25,-6456000.0,6097028000.0,6049077000.0,,,0.163,10.764,-19800000.0,120416000.0,120416000.0,380964000.0,356111000.0,,3.72,4135139000.0,,,4135139000.0,81882000.0,282608000.0,0.0,0.036,1.685,510173000.0,792781000.0,0.805,792781000.0,510173000.0,289202000.0,2.63,2.63,2.63,1227735000.0,1144796000.0,1227735000.0,9198555533.0,18.0,11.603,301624000.0,2.644,1.0,603399000.0,0.613,0.0,220971000.0,10111751000.0,10030614500.0,0.0,0.0,,,4566986000.0,,,5431529533.0,-26780000.0,0.0,0.0,-263166000.0,-152002000.0,-361882000.0,13678000.0,0.0,321424000.0,0.0,309249000.0,300220000.0,300220000.0,0.0,46862000.0,0.305,341049000.0,262350000.0,41919000.0,0.641,4.424,18.092,18.036,5472779000.0,9029000.0,47.434,5.518,5.496,0.0,-2649542000.0,984363000.0,984363000.0,0.0,0.05,0.262,0.051,0.518,5781000.0,44092000.0,1.0,114506440.0,114062864,114347162.0,8.63,6097028000.0,0.0,-20047000.0,0.0,53.453,
7,AIV,MRY,2013-12-31,2013-12-31,2013-12-31,2021-08-25,-4602000.0,6079413000.0,6352506750.0,,,0.153,8.502,-55178000.0,182788000.0,182788000.0,380051000.0,237825000.0,,4.989,4388185000.0,,,4388185000.0,107775000.0,291910000.0,0.0,0.037,1.226,442379000.0,734289000.0,0.754,734289000.0,442379000.0,205331000.0,1.788,1.788,1.788,967457000.0,897338750.0,967457000.0,8412082934.0,19.0,11.456,270418000.0,2.376,1.0,594002000.0,0.61,0.0,237048000.0,10284810000.0,10857020750.0,0.0,0.0,,,4826716000.0,,,3780694934.0,-28662000.0,0.0,993000.0,-188911000.0,-140052000.0,-419450000.0,65192000.0,96416000.0,325596000.0,0.0,207290000.0,203673000.0,203673000.0,-203229000.0,30535000.0,0.209,344983000.0,249019000.0,43161000.0,0.686,3.908,18.563,18.503,5391209000.0,3617000.0,33.083,3.881,3.865,0.0,-2798853000.0,974053000.0,974053000.0,0.0,0.032,0.227,0.041,0.454,5645000.0,45670000.0,1.0,114280151.0,113790314,113979063.0,8.56,6079413000.0,0.0,-1959000.0,0.0,53.426,
8,AIV,MRY,2012-12-31,2012-12-31,2012-12-31,2021-08-25,-3542000.0,6401380000.0,6684376000.0,,,0.143,8.692,117160000.0,229998000.0,229998000.0,386355000.0,195361000.0,,5.644,4413083000.0,,,4413083000.0,127561000.0,366750000.0,0.0,0.028,0.97,360971000.0,727721000.0,0.759,727721000.0,360971000.0,131598000.0,0.779,0.779,0.779,915425000.0,950189000.0,915425000.0,8615461669.0,24.0,11.839,433987000.0,4.121,1.0,572156000.0,0.597,0.0,229373000.0,10584465000.0,11287554750.0,0.0,102897000.0,,,5166440000.0,,,3938444669.0,-6653000.0,0.0,643286000.0,-204539000.0,-104006000.0,-435147000.0,111667000.0,31192000.0,316827000.0,0.0,132456000.0,82146000.0,82146000.0,-214117000.0,62905000.0,0.086,393140000.0,179016000.0,30747000.0,1.245,4.302,47.944,44.353,5234961000.0,50310000.0,34.551,4.109,3.797,0.0,-2863287000.0,958511000.0,958511000.0,0.0,0.012,0.086,0.032,0.377,4871000.0,49602000.0,1.0,113989157.0,105322475,105322475.0,9.101,6401380000.0,0.0,-858000.0,0.0,60.779,
9,AIV,MRY,2011-12-31,2011-12-31,2011-12-31,2021-08-25,-6860000.0,6871862000.0,7085342000.0,,,0.129,9.721,61505000.0,275036000.0,275036000.0,386623000.0,-58164000.0,,6.213,4772774000.0,,,4772774000.0,138808000.0,395332000.0,0.0,0.021,0.613,209287000.0,604619000.0,0.661,604619000.0,209287000.0,-63028000.0,-1.098,-1.098,-1.098,908329000.0,963345250.0,908329000.0,7744601859.0,37.0,12.809,320324000.0,3.428,1.0,527732000.0,0.577,0.0,272315000.0,11369600000.0,12015342750.0,0.0,111205000.0,,,5643804000.0,,,2770188859.0,-20259000.0,0.0,73748000.0,-156597000.0,-57583000.0,-319572000.0,40494000.0,-34439000.0,258819000.0,0.0,-57087000.0,-103161000.0,-103161000.0,-78073000.0,-1077000.0,-0.113,392441000.0,135291000.0,32607000.0,-0.558,3.05,-26.853,-26.641,5590329000.0,46074000.0,29.252,3.03,2.989,41796000.0,-2841467000.0,914355000.0,914355000.0,0.0,-0.015,-0.107,0.017,0.229,5381000.0,50906000.0,1.0,94700195.0,93443847,93443847.0,9.785,6871862000.0,0.0,-5941000.0,0.0,73.54,
10,AIV,MRY,2010-12-31,2010-12-31,2010-12-31,2021-08-25,-2076000.0,7378566000.0,7647129750.0,,,0.125,11.477,39642000.0,310515000.0,310515000.0,429990000.0,-89624000.0,,5.706,5181538000.0,,,5181538000.0,150199000.0,436833000.0,32876000.0,0.012,0.383,187971000.0,624804000.0,0.652,624804000.0,187971000.0,-88567000.0,-1.379,-1.379,-1.379,1046042000.0,1136709750.0,1046042000.0,8205282273.0,44.0,13.133,297142000.0,3.26,1.0,528550000.0,0.551,0.0,276538000.0,12249589000.0,12853622750.0,0.0,176008000.0,,,5968366000.0,,,3024151273.0,30065000.0,13128000.0,15852000.0,-133744000.0,-46729000.0,-313810000.0,86375000.0,19707000.0,257500000.0,0.0,-71728000.0,-125318000.0,-125318000.0,-71153000.0,-17896000.0,-0.131,425967000.0,102583000.0,27323000.0,-0.278,2.891,-24.132,-23.926,6153671000.0,53590000.0,32.993,3.155,3.137,49855000.0,-2680955000.0,958540000.0,958540000.0,0.0,-0.016,-0.11,0.015,0.196,7331000.0,53374000.0,1.0,91659522.0,91138922,91138922.0,10.517,7378566000.0,58736000.0,-16839000.0,0.0,80.96,
11,AIV,MRY,2009-12-31,2009-12-31,2009-12-31,2021-08-25,-1138000.0,7906468000.0,8576161250.0,,,0.122,13.849,575587000.0,299920000.0,299920000.0,480430000.0,-44800000.0,,5.046,5479476000.0,,,5479476000.0,178878000.0,495568000.0,34052000.0,0.025,0.511,212678000.0,708246000.0,0.676,708246000.0,212678000.0,-84747000.0,-1.277,-1.277,-1.277,1239718000.0,1299020000.0,1239718000.0,7681462358.0,36.0,10.846,809399000.0,9.042,1.0,567272000.0,0.541,0.0,297425000.0,13086024000.0,14449138750.0,0.0,244888000.0,,,6255109000.0,,,1862664358.0,-218416000.0,98000.0,0.0,-756010000.0,-95335000.0,-1082482000.0,630254000.0,24553000.0,233812000.0,0.0,-64274000.0,-114840000.0,-114840000.0,-152705000.0,19474000.0,-0.11,484110000.0,83162000.0,29819000.0,-0.4,1.502,-16.22,-15.918,6711327000.0,50566000.0,20.327,1.778,1.737,83566000.0,-2492082000.0,1047702000.0,1047702000.0,0.0,-0.013,-0.088,0.015,0.203,6666000.0,56643000.0,1.0,91634312.0,89519287,89519287.0,11.704,7906468000.0,42015000.0,-20473000.0,0.0,88.321,
12,AIV,MRY,2008-12-31,2008-12-31,2008-12-31,2021-08-25,-2249000.0,9441870000.0,10054381500.0,,,0.117,18.226,1282456000.0,552991000.0,552991000.0,544025000.0,627002000.0,,6.088,6069804000.0,,,6069804000.0,193810000.0,515548000.0,37244000.0,0.648,9.551,666881000.0,1182429000.0,1.003,1182429000.0,666881000.0,355433000.0,5.056,5.056,5.056,1266024000.0,1498791250.0,1266024000.0,7363603819.0,11.0,6.228,1722824000.0,24.803,1.0,634853000.0,0.539,0.0,311448000.0,14958683000.0,16542731250.0,0.0,281500000.0,,,7706973000.0,,,1023918819.0,89215000.0,241000.0,-501815000.0,-562888000.0,-212286000.0,-1696022000.0,1344869000.0,68174000.0,440368000.0,0.0,412007000.0,351314000.0,351314000.0,-744928000.0,214995000.0,0.298,592538000.0,42315000.0,64241000.0,1.889,0.809,2.915,2.917,7125637000.0,60693000.0,14.747,0.869,0.869,129296000.0,-2335628000.0,1178878000.0,1178878000.0,0.0,0.035,0.234,0.04,0.566,13833000.0,80376000.0,1.0,69430473.0,69461033,69461033.0,16.972,9441870000.0,28326000.0,-56574000.0,0.0,135.93,
13,AIV,MRY,2007-12-31,2007-12-31,2007-12-31,2021-08-25,0.0,10606532000.0,10457812250.0,,,0.112,23.49,-459290000.0,524155000.0,524155000.0,531075000.0,125506000.0,,4.745,6402972000.0,,,6402972000.0,200199000.0,499937000.0,41141000.0,0.124,5.503,323154000.0,823091000.0,0.701,823091000.0,323154000.0,10116000.0,-0.549,-0.549,-0.549,1749704000.0,2101898500.0,1749704000.0,10046926617.0,31.0,12.206,23652000.0,0.318,1.0,643382000.0,0.548,0.0,313038000.0,16485349000.0,16874979500.0,0.0,295457000.0,,,8301787000.0,,,3319562617.0,-19363000.0,0.0,-253663000.0,640417000.0,-230806000.0,-230706000.0,-271599000.0,116352000.0,482942000.0,0.0,29911000.0,-40586000.0,-40586000.0,-171615000.0,95595000.0,-0.035,457503000.0,185879000.0,65235000.0,-10.024,1.897,-81.791,-80.773,7887042000.0,70497000.0,44.344,2.826,2.812,106421000.0,-2478049000.0,1174457000.0,1174457000.0,0.0,-0.004,-0.019,0.019,0.275,14921000.0,90674000.0,1.0,74858766.0,74486757,74486757.0,15.767,10606532000.0,14426000.0,-19795000.0,0.0,142.395,
14,AIV,MRY,2006-12-31,2006-12-31,2006-12-31,2021-08-25,0.0,10289775000.0,10317329000.0,,,0.123,21.181,315883000.0,575853000.0,575853000.0,570747000.0,176787000.0,,3.228,6633528000.0,,,6633528000.0,142260000.0,498777000.0,42401000.0,0.043,3.064,491752000.0,990529000.0,0.777,990529000.0,491752000.0,165692000.0,0.868,0.868,0.868,2339892000.0,2520926500.0,2339892000.0,11663741520.0,24.0,11.775,834793000.0,7.557,1.0,703416000.0,0.552,0.0,326060000.0,16347450000.0,16400558500.0,0.0,218993000.0,,,7552287000.0,,,5405369520.0,68094000.0,0.0,-2334000.0,-72029000.0,-231697000.0,-683856000.0,233040000.0,-76944000.0,518910000.0,0.0,176787000.0,95655000.0,95655000.0,-226891000.0,0.0,0.075,473305000.0,230111000.0,54972000.0,3.53,2.31,56.509,82.406,8758689000.0,81132000.0,71.528,4.242,6.202,106536000.0,-1752406000.0,1274163000.0,1274163000.0,0.0,0.009,0.038,0.03,0.386,12314000.0,91571000.0,1.0,75569904.0,110471159,110471159.0,11.534,10289775000.0,0.0,-11095000.0,4379000.0,93.144,
15,AIV,MRY,2005-12-31,2005-12-31,2005-12-31,2021-08-25,0.0,10019160000.0,10258519000.0,,,0.131,35.245,34742000.0,445414000.0,445414000.0,626023000.0,70982000.0,,2.528,6021857000.0,,,6021857000.0,46466000.0,450498000.0,36767000.0,0.079,3.83,401699000.0,852197000.0,0.633,852197000.0,401699000.0,70982000.0,-0.217,-0.217,-0.217,2716103000.0,2832011000.0,2716103000.0,9461365875.0,24.0,11.102,382312000.0,4.961,1.0,719669000.0,0.535,0.0,330717000.0,15595603000.0,16122726750.0,0.0,374397000.0,,,6867649000.0,,,3624304875.0,56387000.0,0.0,2315000.0,155250000.0,-226815000.0,-241222000.0,-49961000.0,-77851000.0,347570000.0,0.0,70982000.0,-16966000.0,-16966000.0,-95077000.0,0.0,-0.013,452527000.0,267142000.0,34381000.0,-17.65,1.334,-213.622,-222.828,8189238000.0,87948000.0,48.354,2.693,2.769,102959000.0,-1350899000.0,1345692000.0,1345692000.0,0.0,-0.002,-0.006,0.025,0.299,8558000.0,83012000.0,1.0,74954205.0,77063449,77063449.0,17.462,10019160000.0,9835000.0,0.0,0.0,130.012,
16,AIV,MRY,2004-12-31,2004-12-31,2004-12-31,2021-08-25,0.0,10072241000.0,10239953750.0,,,0.125,41.248,404394000.0,394478000.0,394478000.0,589605000.0,263497000.0,,2.187,5618831000.0,,,5618831000.0,43808000.0,382728000.0,35070000.0,0.062,3.064,581503000.0,964231000.0,0.754,964231000.0,581503000.0,263497000.0,2.4,2.4,2.4,3008160000.0,2950974250.0,3008160000.0,9264105037.0,16.0,9.608,769917000.0,10.557,1.0,689600000.0,0.539,0.0,318006000.0,15296594000.0,15936563000.0,0.0,404844000.0,,,6580240000.0,,,3652798037.0,-9089000.0,0.0,-10714000.0,-373395000.0,-225903000.0,-711525000.0,336913000.0,-57109000.0,365523000.0,0.0,263497000.0,174693000.0,174693000.0,-209669000.0,0.0,0.137,405365000.0,284235000.0,34663000.0,1.277,1.214,20.91,20.504,8228451000.0,88804000.0,49.209,2.856,2.805,114260000.0,-1047897000.0,1279205000.0,1279205000.0,0.0,0.017,0.059,0.036,0.455,6506000.0,77424000.0,1.0,74230184.0,72928994,72928994.0,17.54,10072241000.0,0.0,0.0,20139000.0,138.11,
17,AIV,MRY,2003-12-31,2003-12-31,2003-12-31,2021-08-25,0.0,10087394000.0,10218923250.0,,,0.128,39.338,331903000.0,356498000.0,356498000.0,570268000.0,158857000.0,,2.352,5731701000.0,,,5731701000.0,25573000.0,373215000.0,38099000.0,0.089,3.907,476117000.0,849332000.0,0.649,849332000.0,476117000.0,158857000.0,0.894,0.894,0.894,2860657000.0,2963731250.0,2860657000.0,9247153899.0,19.0,10.888,795782000.0,10.943,1.0,737638000.0,0.564,0.0,317260000.0,15462597000.0,15993744000.0,0.0,438755000.0,,,6728370000.0,,,3250248899.0,14879000.0,-16383000.0,3265000.0,-343905000.0,-285054000.0,-727283000.0,278283000.0,8027000.0,463879000.0,0.0,158857000.0,65292000.0,65292000.0,-97189000.0,0.0,0.05,349485000.0,388153000.0,30765000.0,4.37,1.136,49.78,49.274,8145443000.0,93565000.0,44.051,2.485,2.449,119344000.0,-998018000.0,1307906000.0,1307906000.0,0.0,0.006,0.022,0.03,0.364,4980000.0,48357000.0,1.0,73784325.0,72719099,72719099.0,17.986,10087394000.0,0.0,0.0,19993000.0,138.717,
18,AIV,MRY,2002-12-31,2002-12-31,2002-12-31,2021-08-25,0.0,10316601000.0,9888137500.0,,,0.128,47.132,-464402000.0,313621000.0,313621000.0,482405000.0,169046000.0,,2.119,6021990000.0,,,6021990000.0,15190000.0,322982000.0,39588000.0,0.088,4.188,463787000.0,786769000.0,0.621,786769000.0,463787000.0,169046000.0,1.124,1.111,1.124,3163387000.0,3138682750.0,3163387000.0,9130653001.0,20.0,11.605,43551000.0,0.649,1.0,784514000.0,0.619,0.0,294741000.0,16024970000.0,15274300000.0,0.0,537877000.0,,,6702742000.0,,,3509977001.0,19553000.0,-260874000.0,372820000.0,380267000.0,-278867000.0,308641000.0,-797041000.0,-68601000.0,507953000.0,0.0,169046000.0,75488000.0,75488000.0,-20440000.0,0.0,0.06,319188000.0,465326000.0,11232000.0,3.726,1.11,46.497,42.576,8615782000.0,93558000.0,47.856,2.77,2.535,131248000.0,-776577000.0,1266919000.0,1266919000.0,0.0,0.008,0.024,0.03,0.366,4233000.0,49068000.0,1.0,73345128.0,67117732,67959660.0,18.876,10316601000.0,0.0,0.0,36680000.0,153.709,
19,AIV,MRY,2001-12-31,2001-12-31,2001-12-31,2021-08-25,0.0,8300672000.0,8143691000.0,,,0.156,47.766,-174868000.0,218223000.0,218223000.0,525839000.0,107352000.0,,1.877,4585913000.0,,,4585913000.0,9075000.0,321319000.0,31174000.0,0.068,3.984,387444000.0,708763000.0,0.557,708763000.0,387444000.0,107352000.0,0.294,0.294,0.294,2710615000.0,2714224000.0,2710615000.0,7625207153.0,20.0,10.758,319589000.0,5.632,1.0,747198000.0,0.587,0.0,280092000.0,12668362000.0,12372515000.0,0.0,831904000.0,,,5088514000.0,,,3396836153.0,-77115000.0,-80630000.0,-7917000.0,-161735000.0,-226342000.0,-439562000.0,-132010000.0,123488000.0,494457000.0,0.0,107352000.0,17021000.0,17021000.0,-12237000.0,0.0,0.013,346249000.0,400949000.0,10597000.0,13.551,1.253,199.567,198.604,6587119000.0,90331000.0,58.389,2.668,2.603,100339000.0,-572165000.0,1273037000.0,1273037000.0,0.0,0.002,0.006,0.031,0.304,0.0,24930000.0,1.0,58175481.0,56748309,57680304.0,22.433,8300672000.0,0.0,0.0,36348000.0,146.272,
20,AIV,MRY,2000-12-31,2000-12-31,2000-12-31,2021-08-25,0.0,7699874000.0,6803183500.0,,,0.152,47.271,-279389000.0,284029000.0,284029000.0,424214000.0,99178000.0,,1.876,4360115000.0,,,4360115000.0,4987000.0,294507000.0,28956000.0,0.056,3.575,359311000.0,653818000.0,0.633,653818000.0,359311000.0,99178000.0,0.677,0.664,0.677,2501657000.0,2386246250.0,2501657000.0,7164205908.0,20.0,10.957,120975000.0,2.286,1.0,607968000.0,0.589,100532000.0,260133000.0,11675428000.0,10180689750.0,0.0,1134646000.0,,,4694200000.0,,,3559091908.0,55511000.0,-31889000.0,248768000.0,329679000.0,-188600000.0,202128000.0,-546981000.0,-395043000.0,400364000.0,0.0,99178000.0,35995000.0,35995000.0,-4355000.0,0.0,0.035,312630000.0,295338000.0,27247000.0,5.281,1.423,98.877,94.188,6099189000.0,63183000.0,63.765,3.448,3.269,2873000.0,-364679000.0,1032182000.0,1032182000.0,0.0,0.005,0.015,0.035,0.348,0.0,18123000.0,1.0,55815812.0,52921648,54089383.0,19.504,7599342000.0,0.0,0.0,0.0,143.596,
21,AIV,MRY,1999-12-31,1999-12-31,1999-12-31,2021-08-25,0.0,5684951000.0,4721139000.0,,,0.121,46.349,-149253000.0,186199000.0,186199000.0,230345000.0,77527000.0,,1.274,2584289000.0,,,2584289000.0,0.0,151166000.0,22793000.0,0.063,3.192,217621000.0,368787000.0,0.644,368787000.0,217621000.0,77527000.0,0.498,0.485,0.498,2259396000.0,2245695750.0,2259396000.0,4240411759.0,19.0,11.498,104004000.0,2.134,1.0,341949000.0,0.598,0.0,140094000.0,8083041000.0,6428689000.0,0.0,1185059000.0,,,2878709000.0,,,2657824759.0,30299000.0,-9772000.0,285187000.0,67179000.0,-154654000.0,58148000.0,-281106000.0,-171104000.0,253257000.0,0.0,77527000.0,24074000.0,24074000.0,0.0,0.0,0.042,163083000.0,178866000.0,271627000.0,6.41,1.176,110.402,102.07,4096200000.0,53453000.0,50.831,4.644,4.33,0.0,-216327000.0,572294000.0,572294000.0,0.0,0.005,0.011,0.034,0.38,0.0,15248000.0,1.0,52287846.0,48747250,49690210.0,11.74,5684951000.0,0.0,0.0,0.0,116.621,
22,AIV,MRY,1998-12-31,1998-12-31,1998-12-31,2021-08-25,0.0,4248800000.0,3161490250.0,,,0.119,53.76,-235131000.0,127131000.0,127131000.0,250949000.0,64474000.0,,0.979,1660715000.0,,,1660715000.0,0.0,101610000.0,12654000.0,0.061,2.873,153898000.0,255508000.0,0.677,255508000.0,153898000.0,64474000.0,1.073,1.021,1.073,1902564000.0,1493387000.0,1902564000.0,2938533109.0,19.0,11.501,-86717000.0,-2.45,1.0,126190000.0,0.335,0.0,89424000.0,5782384000.0,4224066750.0,0.0,1227946000.0,,,1862184000.0,,,1790000109.0,34217000.0,-30823000.0,375704000.0,-28484000.0,-100045000.0,214124000.0,-328321000.0,-98835000.0,148414000.0,0.0,64474000.0,37941000.0,37941000.0,0.0,0.0,0.101,-2999000.0,129189000.0,188815000.0,2.678,0.941,47.179,44.255,2601022000.0,26533000.0,47.485,4.746,4.456,0.0,-87693000.0,377139000.0,377139000.0,0.0,0.012,0.025,0.036,0.408,0.0,13764000.0,1.0,37695843.0,35389962,37298593.0,10.657,4248800000.0,0.0,0.0,0.0,120.057,
23,AIV,MRY,1997-12-31,1997-12-31,1997-12-31,2021-08-25,-1683000.0,2100510000.0,1464091500.0,,,0.132,55.484,-381186000.0,61317000.0,61317000.0,131490000.0,28633000.0,,0.868,808530000.0,,,808530000.0,0.0,43520000.0,10213000.0,0.05,2.362,80018000.0,123538000.0,0.64,123538000.0,80018000.0,28633000.0,1.392,1.379,1.392,1045300000.0,630524500.0,1045300000.0,,,,-308154000.0,-16.357,1.0,61516000.0,0.319,125239000.0,51385000.0,2722484000.0,2021651000.0,0.0,318753000.0,,,906913000.0,,,1528060443.0,23918000.0,-256021000.0,644095000.0,49513000.0,-44660000.0,668549000.0,-717663000.0,-80456000.0,73032000.0,0.0,28633000.0,26318000.0,26318000.0,0.0,0.0,0.136,-10313000.0,71829000.0,88170000.0,1.697,1.462,58.061,33.709,1510206000.0,2315000.0,46.924,7.917,4.58,0.0,-30928000.0,193006000.0,193006000.0,0.0,0.018,0.042,0.04,0.415,0.0,5396000.0,1.0,32564902.0,18839612,19138007.0,10.245,1975271000.0,0.0,0.0,0.0,104.847,
24,AIV,MRY,1996-12-31,1996-12-31,1996-12-31,2021-08-25,0.0,827673000.0,,,,,22.196,-34266000.0,29001000.0,29001000.0,66262000.0,12984000.0,,2.516,522146000.0,,,522146000.0,0.0,21209000.0,4316000.0,0.06,2.171,37786000.0,58995000.0,0.587,58995000.0,37786000.0,12984000.0,1.341,1.328,1.341,215749000.0,,215749000.0,,,,4540000.0,0.467,1.0,34254000.0,0.341,0.0,24802000.0,1320818000.0,,0.0,0.0,,,542761000.0,,,,10791000.0,-53878000.0,23881000.0,60799000.0,-20736000.0,60129000.0,-88144000.0,0.0,38806000.0,0.0,12984000.0,12984000.0,12984000.0,0.0,0.0,0.129,-5809000.0,40063000.0,16299000.0,1.619,,,26.898,751914000.0,0.0,36.07,,3.488,4344000.0,-14055000.0,100516000.0,100516000.0,0.0,,,,0.376,0.0,2102000.0,1.0,,9720159,9732690.0,10.341,827673000.0,0.0,0.0,0.0,85.15,
25,AIV,MRY,1995-12-31,1995-12-31,1995-12-31,2021-08-25,,,,,,,,-60821000.0,,,42511000.0,13375000.0,,,,,,,,15859000.0,,0.086,2.12,26697000.0,42556000.0,0.568,42556000.0,26697000.0,13375000.0,1.098,1.098,1.098,,,,,,,-34910000.0,-4.657,1.0,32436000.0,0.433,,13322000.0,,,,,,,,,,,-4765000.0,0.0,46792000.0,114432000.0,-15757000.0,30145000.0,-60821000.0,0.0,25911000.0,0.0,13375000.0,8206000.0,8206000.0,0.0,0.0,0.109,5151000.0,27285000.0,,1.931,,,22.536,,5169000.0,24.745,,2.475,,,74947000.0,74947000.0,0.0,,,,0.356,0.0,-2385000.0,1.0,,7495902,7502168.0,9.998,,,0.0,,,
0,AIV,MRQ,2021-06-30,2021-06-30,2021-06-30,2021-08-25,0.0,2312139000.0,,,,,3.37,-62679000.0,295233000.0,295233000.0,16403000.0,-20386000.0,,3.475,1526965000.0,,,1526965000.0,0.0,20639000.0,0.0,0.227,0.0,-9812000.0,10827000.0,0.268,10827000.0,-9812000.0,-22450000.0,-0.13,-0.13,-0.13,502721000.0,,502721000.0,2182602417.0,-22.0,-12.224,-48537000.0,-0.325,1.0,24015000.0,0.594,0.0,12638000.0,3543871000.0,,0.0,322380000.0,,,1746740000.0,,,1006945417.0,59928000.0,0.0,0.0,116532000.0,0.0,109900000.0,-64114000.0,0.0,14142000.0,0.0,-19690000.0,-19690000.0,-19690000.0,0.0,-696000.0,-0.487,28022000.0,-4007000.0,0.0,0.0,2.003,-19.976,-16.609,1542367000.0,0.0,6.71,-4.757,-4.728,0.0,-16315000.0,40418000.0,40418000.0,0.0,,,,,1110000.0,7383000.0,1.0,150066381.0,149166000,149166000.0,0.271,2312139000.0,0.0,-2760000.0,128279000.0,15.5,
1,AIV,MRQ,2021-03-31,2021-03-31,2021-03-31,2021-08-25,0.0,2217890000.0,,,,,3.498,-37888000.0,235305000.0,235305000.0,16942000.0,21434000.0,,3.134,1410962000.0,,,1410962000.0,0.0,20717000.0,0.0,0.331,0.0,27791000.0,48508000.0,1.219,48508000.0,27791000.0,15114000.0,0.14,0.14,0.14,520917000.0,,520917000.0,1699995061.0,-20.0,-10.397,-35564000.0,-0.239,1.0,22862000.0,0.574,0.0,12677000.0,3393547000.0,,0.0,314829000.0,,,1632427000.0,,,916140061.0,-63430000.0,0.0,0.0,-21873000.0,0.0,-27817000.0,-37937000.0,0.0,2324000.0,0.0,20214000.0,20214000.0,20214000.0,0.0,1220000.0,0.508,27028000.0,-4166000.0,0.0,0.0,1.759,-33.127,-24.173,1489281000.0,0.0,6.14,-4.262,-4.254,0.0,3375000.0,39804000.0,39804000.0,0.0,,,,,704000.0,6311000.0,1.0,149208479.0,148914000,149046000.0,0.267,2217890000.0,0.0,-5100000.0,125732000.0,14.894,
2,AIV,MRQ,2020-12-31,2020-12-31,2020-12-31,2021-08-25,0.0,1840492000.0,,,,,3.364,215715000.0,298735000.0,298735000.0,-168142000.0,-33137000.0,,2.555,1082590000.0,,,1082590000.0,0.0,-218449000.0,0.0,0.481,1.015,-141446000.0,-359895000.0,0.709,-359895000.0,-141446000.0,-28301000.0,-0.203,-0.203,-0.203,499778000.0,,499778000.0,4773102815.0,387.0,52.866,-2315000.0,-0.016,1.0,-339222000.0,0.669,0.0,-113145000.0,2624347000.0,,0.0,307362000.0,,,1277138000.0,,,634796815.0,197826000.0,0.0,10004000.0,-4757000.0,183003000.0,189212000.0,226644000.0,0.0,-218030000.0,0.0,-26011000.0,-25886000.0,-25886000.0,0.0,-7126000.0,0.051,-243494000.0,-95728000.0,0.0,-5.0,1.27,-125.927,-176.0,1103539000.0,-125000.0,5.28,4.191,5.18,0.0,-16839000.0,-507364000.0,-507364000.0,0.0,,,,,0.0,-17453000.0,1.0,120226670.0,148569000,148569000.0,-3.415,1840492000.0,0.0,-2290000.0,131560000.0,12.388,
3,AIV,MRQ,2020-09-30,2020-09-30,2020-09-30,2021-08-25,3579000.0,7042129000.0,,,,,17.683,-185496000.0,268491000.0,268491000.0,77748000.0,-24815000.0,,2.273,4406797000.0,,,4406797000.0,0.0,98249000.0,0.0,0.048,0.508,23765000.0,122014000.0,0.566,122014000.0,23765000.0,-26754000.0,-0.21,-0.21,-0.21,2121391000.0,,2121391000.0,9469404385.0,-23.0,-19.337,-103977000.0,-0.867,1.0,137707000.0,0.639,0.0,50519000.0,11180435000.0,,0.0,300326000.0,,,4821512000.0,,,5019729385.0,-174017000.0,0.0,0.0,-448845000.0,-60945000.0,-59637000.0,-195899000.0,0.0,81519000.0,0.0,-25007000.0,-25046000.0,-25046000.0,0.0,192000.0,-0.116,123938000.0,13769000.0,0.0,-2.419,2.366,-14.34,-14.11,6039984000.0,39000.0,41.752,-20.108,-20.064,0.0,-1884602000.0,215455000.0,215455000.0,0.0,,,,,0.0,8118000.0,1.0,120225943.0,119966660,119966660.0,1.796,7042129000.0,0.0,-1747000.0,0.0,58.701,
4,AIV,MRQ,2020-06-30,2020-06-30,2020-06-30,2021-08-25,3807000.0,7121147000.0,,,,,11.431,-4068000.0,442508000.0,442508000.0,15322000.0,3113000.0,,3.089,4892183000.0,,,4892183000.0,0.0,19030000.0,0.0,0.043,0.508,6840000.0,25870000.0,0.696,25870000.0,6840000.0,1031000.0,0.02,0.02,0.02,1698012000.0,,1698012000.0,10030962418.0,-26.0,-21.194,8790000.0,0.059,1.0,21843000.0,0.588,0.0,5809000.0,11570822000.0,,0.0,293427000.0,,,5245970000.0,,,5603246418.0,-181000.0,0.0,0.0,-2464000.0,0.0,-8936000.0,-4103000.0,0.0,12858000.0,0.0,3063000.0,3063000.0,3063000.0,0.0,50000.0,0.082,20655000.0,1188000.0,0.0,25.4,3.3,-17.347,-17.034,6008489000.0,0.0,46.606,-23.816,-29.427,0.0,-1798561000.0,37165000.0,37165000.0,0.0,,,,,0.0,1625000.0,1.0,120225214.0,148549000,148569000.0,0.25,7121147000.0,0.0,-2032000.0,0.0,47.938,
5,AIV,MRQ,2020-03-31,2020-03-31,2020-03-31,2021-08-25,4139000.0,7048245000.0,,,,,11.562,-6653000.0,374816000.0,374816000.0,15349000.0,4555000.0,,3.0,4802532000.0,,,4802532000.0,0.0,19347000.0,0.0,0.045,0.508,8055000.0,27402000.0,0.715,27402000.0,8055000.0,2404000.0,0.03,0.03,0.03,1717455000.0,,1717455000.0,9562791630.0,-32.0,-31.348,8902000.0,0.06,1.0,22960000.0,0.599,0.0,5651000.0,11475961000.0,,0.0,286472000.0,,,5151631000.0,,,5234903630.0,32000.0,0.0,0.0,-2449000.0,0.0,-8870000.0,-6653000.0,0.0,15555000.0,0.0,4427000.0,4427000.0,4427000.0,0.0,128000.0,0.116,21109000.0,1851000.0,0.0,16.933,3.048,-19.618,-19.249,6025659000.0,0.0,43.523,-108.531,-134.041,0.0,-1776782000.0,38309000.0,38309000.0,0.0,,,,,0.0,1762000.0,1.0,120278724.0,148549000,148569000.0,0.258,7048245000.0,0.0,-2023000.0,0.0,47.447,
6,AIV,MRQ,2019-12-31,2019-12-31,2019-12-31,2021-08-25,0.0,1260125000.0,,,,,3.455,-118505000.0,10120000.0,10120000.0,-178868000.0,-365148000.0,,1.445,558933000.0,,,558933000.0,0.0,-218997000.0,0.0,0.06,0.483,-445989000.0,-664986000.0,1.23,-664986000.0,-445989000.0,-341626000.0,-2.798,-2.798,-2.798,513264000.0,,513264000.0,11851379032.0,760.0,148.829,-339324000.0,-2.284,1.0,-361702000.0,0.669,0.0,-104363000.0,1808938000.0,,0.0,292999000.0,,,741845000.0,,,7689894032.0,-15315000.0,0.0,20682000.0,-41894000.0,183319000.0,602355000.0,-396851000.0,-277627000.0,-220819000.0,0.0,-340267000.0,-332501000.0,-332501000.0,0.0,-24881000.0,0.615,-256616000.0,-105086000.0,0.0,-0.173,14.982,25295.704,,935968000.0,-7766000.0,63.954,53.517,66.115,0.0,0.0,-540570000.0,-540570000.0,0.0,,,,,0.0,-24860000.0,1.0,120241803.0,148549000,148569000.0,-3.639,1260125000.0,0.0,-1359000.0,148227000.0,8.483,
7,AIV,MRQ,2019-09-30,2019-09-30,2019-09-30,2021-08-25,4488000.0,6539178000.0,,,,,14.227,-211763000.0,93225000.0,93225000.0,79065000.0,3970000.0,,2.728,4254710000.0,,,4254710000.0,0.0,97538000.0,0.0,0.059,0.483,40894000.0,138432000.0,0.602,138432000.0,40894000.0,-1117000.0,0.012,0.012,0.012,1705459000.0,,1705459000.0,11694362136.0,-38.0,-45.205,-103054000.0,-0.86,1.0,150762000.0,0.656,0.0,42011000.0,10700663000.0,,0.0,0.0,,,4651926000.0,,,7762822136.0,27318000.0,0.0,0.0,185984000.0,-57969000.0,132139000.0,-213530000.0,0.0,108709000.0,0.0,1979000.0,2003000.0,2003000.0,0.0,1991000.0,0.009,112135000.0,38627000.0,0.0,40.25,4.552,-24.619,-26.287,6050892000.0,-24000.0,64.56,102.093,101.784,0.0,-1797851000.0,229827000.0,229827000.0,0.0,,,,,0.0,10595000.0,1.0,120241410.0,119877822,120040960.0,1.917,6539178000.0,0.0,-3096000.0,0.0,54.549,
8,AIV,MRQ,2019-06-30,2019-06-30,2019-06-30,2021-08-25,4866000.0,6240804000.0,,,,,14.715,-55943000.0,65907000.0,65907000.0,77053000.0,69996000.0,,2.437,3997447000.0,,,3997447000.0,0.0,91924000.0,0.0,0.062,0.483,102173000.0,194097000.0,0.866,194097000.0,102173000.0,62632000.0,0.495,0.495,0.495,1763218000.0,,1763218000.0,11189916866.0,38.0,32.818,32479000.0,0.271,1.0,147147000.0,0.656,0.0,39541000.0,10172344000.0,,0.0,0.0,,,4296760000.0,,,7459282866.0,-132482000.0,0.0,0.0,36750000.0,-57945000.0,-166025000.0,-54879000.0,0.0,88422000.0,0.0,64459000.0,59234000.0,59234000.0,0.0,5537000.0,0.264,107043000.0,40104000.0,0.0,0.976,4.23,29.873,28.865,5719000000.0,5225000.0,62.059,84.104,83.843,0.0,-1741765000.0,224200000.0,224200000.0,0.0,,,,,0.0,11498000.0,1.0,120196402.0,119823711,120011079.0,1.871,6240804000.0,0.0,-1827000.0,0.0,52.083,
9,AIV,MRQ,2019-03-31,2019-03-31,2019-03-31,2021-08-25,4851000.0,6283769000.0,,,,,16.171,250982000.0,198389000.0,198389000.0,80291000.0,291295000.0,,2.242,3929023000.0,,,3929023000.0,0.0,93565000.0,0.0,0.062,2.39,318523000.0,412088000.0,1.79,412088000.0,318523000.0,277114000.0,2.328,2.328,2.328,1883636000.0,,1883636000.0,11258251001.0,46.0,38.165,332599000.0,2.855,1.0,149944000.0,0.651,0.0,41409000.0,10014403000.0,,0.0,0.0,,,4222302000.0,,,7255181001.0,125794000.0,0.0,-20682000.0,-109940000.0,-67405000.0,-208227000.0,252404000.0,0.0,81617000.0,0.0,274133000.0,271568000.0,271568000.0,0.0,17162000.0,1.18,108530000.0,41414000.0,0.0,1.027,3.852,37.536,37.087,5643853000.0,2565000.0,62.27,63.266,63.25,0.0,-1742998000.0,230235000.0,230235000.0,0.0,,,,,0.0,9829000.0,1.0,116512378.0,116484215,116656238.0,1.977,6283769000.0,0.0,2981000.0,0.0,53.945,
10,AIV,MRQ,2018-12-31,2018-12-31,2018-12-31,2021-08-25,4794000.0,6190004000.0,,,,,11.44,-275271000.0,72595000.0,72595000.0,-199885000.0,-703352000.0,,2.545,4075665000.0,,,4075665000.0,0.0,-237064000.0,0.0,0.035,0.485,-766249000.0,-1003313000.0,1.65,-1003313000.0,-766249000.0,-642699000.0,-5.292,-5.28,-5.292,1699419000.0,,1699419000.0,10372159514.0,448.0,143.021,-524711000.0,-3.532,1.0,-408340000.0,0.671,0.0,-123550000.0,10193074000.0,,0.0,0.0,,,4325072000.0,,,6829669514.0,37961000.0,0.0,0.0,334959000.0,178937000.0,564367000.0,-276966000.0,-3242000.0,-249440000.0,0.0,-655577000.0,-648128000.0,-648128000.0,0.0,-47775000.0,1.066,-282118000.0,-126222000.0,0.0,-0.092,4.019,2105.973,2801.367,5723475000.0,-7449000.0,56.027,51.676,62.974,0.0,-1947507000.0,-608225000.0,-608225000.0,0.0,,,,,0.0,-31430000.0,1.0,121898863.0,148549000,148569000.0,-4.094,6190004000.0,0.0,12878000.0,0.0,41.67,
11,AIV,MRQ,2018-09-30,2018-09-30,2018-09-30,2021-08-25,4850000.0,6185021000.0,,,,,17.319,533193000.0,104299000.0,104299000.0,80862000.0,603917000.0,,1.83,3646789000.0,,,3646789000.0,0.0,96406000.0,0.0,0.034,0.485,641689000.0,738095000.0,3.044,738095000.0,641689000.0,596197000.0,4.619,4.619,4.619,2125682000.0,,2125682000.0,11290668518.0,10.0,7.677,650493000.0,5.3,1.0,161619000.0,0.667,0.0,45492000.0,9727511000.0,,0.0,0.0,,,3889571000.0,,,6943918518.0,-34641000.0,0.0,0.0,-616167000.0,-59649000.0,-684750000.0,532809000.0,3242000.0,117300000.0,0.0,569991000.0,567029000.0,567029000.0,0.0,33926000.0,2.338,114665000.0,46954000.0,0.0,0.105,3.267,7.602,7.57,5730655000.0,2962000.0,56.347,6.974,6.946,0.0,-1894054000.0,242481000.0,242481000.0,0.0,,,,,0.0,12479000.0,1.0,123235909.0,122734363,122913654.0,1.976,6185021000.0,0.0,26206000.0,0.0,50.394,
12,AIV,MRQ,2018-06-30,2018-06-30,2018-06-30,2021-08-25,3208000.0,6544356000.0,,,,,13.159,-124356000.0,138571000.0,138571000.0,85093000.0,7156000.0,,2.965,4485321000.0,,,4485321000.0,0.0,97485000.0,0.0,0.035,0.485,50636000.0,148121000.0,0.592,148121000.0,50636000.0,730000.0,0.025,0.025,0.025,1614941000.0,,1614941000.0,10771725768.0,21.0,12.094,-20053000.0,-0.163,1.0,165094000.0,0.66,0.0,49906000.0,10891106000.0,,0.0,0.0,,,4788239000.0,,,6655911768.0,-91000.0,0.0,0.0,90653000.0,-59636000.0,17665000.0,-122059000.0,0.0,104303000.0,0.0,5037000.0,2817000.0,2817000.0,0.0,2119000.0,0.011,115733000.0,49361000.0,0.0,19.4,4.121,18.292,18.216,5935579000.0,2220000.0,54.01,6.605,6.577,0.0,-2402101000.0,250187000.0,250187000.0,0.0,,,,,0.0,13882000.0,1.0,123234916.0,122727902,122832892.0,2.039,6544356000.0,0.0,-4307000.0,0.0,53.324,
13,AIV,MRQ,2018-03-31,2018-03-31,2018-03-31,2021-08-25,3544000.0,6255290000.0,,,,,13.617,-171410000.0,139031000.0,139031000.0,87482000.0,95690000.0,,2.689,4254845000.0,,,4254845000.0,11814000.0,92548000.0,0.0,0.036,0.485,97070000.0,189618000.0,0.765,189618000.0,97070000.0,49275000.0,0.669,0.669,0.669,1670190000.0,,1670190000.0,10357578177.0,20.0,11.617,-90087000.0,-0.734,1.0,160238000.0,0.647,0.0,47795000.0,10371104000.0,,0.0,0.0,,,4491265000.0,,,6411208177.0,-3510000.0,0.0,0.0,165826000.0,-59652000.0,86795000.0,-171628000.0,0.0,81323000.0,0.0,83792000.0,81525000.0,81525000.0,0.0,11898000.0,0.329,106861000.0,53377000.0,0.0,0.725,3.839,17.011,16.959,5734738000.0,2267000.0,52.031,6.369,6.339,0.0,-2345206000.0,247720000.0,247720000.0,0.0,,,,,0.0,11355000.0,1.0,123219332.0,122654409,122757784.0,2.02,6255290000.0,0.0,-34517000.0,0.0,50.999,
14,AIV,MRQ,2017-12-31,2017-12-31,2017-12-31,2021-08-25,3603000.0,6079040000.0,,,,,13.576,-112576000.0,142541000.0,142541000.0,88172000.0,286189000.0,,2.599,4088911000.0,,,4088911000.0,0.0,97348000.0,0.0,0.033,0.46,297624000.0,394972000.0,1.548,394972000.0,297624000.0,248431000.0,2.131,2.131,2.131,1663144000.0,,1663144000.0,11120415055.0,23.0,13.149,-15653000.0,-0.128,1.0,167057000.0,0.655,0.0,49193000.0,10025410000.0,,0.0,0.0,,,4321750000.0,,,6863489055.0,8945000.0,401983000.0,0.0,-306054000.0,-56390000.0,-376882000.0,288904000.0,430000.0,96923000.0,0.0,264389000.0,262097000.0,262097000.0,0.0,21800000.0,1.027,149774000.0,17283000.0,0.0,0.216,4.127,22.367,22.315,5630268000.0,2292000.0,55.81,6.826,6.796,0.0,-2367073000.0,255229000.0,255229000.0,0.0,,,,,7877000.0,12058000.0,1.0,122978934.0,122508966,122888039.0,2.083,6079040000.0,0.0,-15958000.0,0.0,49.621,
15,AIV,MRQ,2017-09-30,2017-09-30,2017-09-30,2021-08-25,1898000.0,6169338000.0,,,,,11.879,-95132000.0,133596000.0,133596000.0,90116000.0,22144000.0,,3.185,4390522000.0,,,4390522000.0,13922000.0,92513000.0,0.0,0.032,0.46,65447000.0,157960000.0,0.62,157960000.0,65447000.0,14765000.0,0.14,0.14,0.14,1454186000.0,,1454186000.0,11095208499.0,28.0,14.774,22511000.0,0.184,1.0,164519000.0,0.646,0.0,50682000.0,10426264000.0,,0.0,0.0,,,4632112000.0,,,6887016499.0,215000.0,0.0,0.0,48496000.0,-56326000.0,-20477000.0,-96951000.0,0.0,117643000.0,0.0,19635000.0,17430000.0,17430000.0,0.0,2509000.0,0.068,105314000.0,59205000.0,0.0,3.286,4.736,33.309,33.235,5771527000.0,2205000.0,56.002,6.889,6.858,0.0,-2572723000.0,254635000.0,254635000.0,0.0,,,,,0.0,10529000.0,1.0,122978468.0,122417141,122831448.0,2.08,6169338000.0,0.0,-4870000.0,0.0,50.396,
16,AIV,MRQ,2017-06-30,2017-06-30,2017-06-30,2021-08-25,896000.0,6199202000.0,,,,,12.208,-91890000.0,133381000.0,133381000.0,87473000.0,21591000.0,,3.091,4341573000.0,,,4341573000.0,15355000.0,89155000.0,0.0,0.032,0.46,59887000.0,149042000.0,0.598,149042000.0,59887000.0,13029000.0,0.128,0.128,0.128,1494502000.0,,1494502000.0,10579658997.0,27.0,14.31,12012000.0,0.098,1.0,161619000.0,0.649,0.0,46858000.0,10407394000.0,,0.0,0.0,,,4619566000.0,,,6747245997.0,-5242000.0,0.0,0.0,366626000.0,-56333000.0,-17893000.0,-91251000.0,0.0,103902000.0,0.0,18052000.0,15843000.0,15843000.0,0.0,3539000.0,0.064,101913000.0,59706000.0,0.0,3.594,4.515,33.65,33.577,5767352000.0,2209000.0,54.865,6.788,6.757,0.0,-2530585000.0,249092000.0,249092000.0,0.0,,,,,0.0,10108000.0,1.0,122978099.0,122416358,122737465.0,2.035,6199202000.0,0.0,-5023000.0,0.0,50.64,
17,AIV,MRQ,2017-03-31,2017-03-31,2017-03-31,2021-08-25,-118000.0,6187440000.0,,,,,13.794,-87777000.0,138623000.0,138623000.0,88824000.0,17155000.0,,2.517,3971036000.0,,,3971036000.0,16868000.0,87168000.0,0.0,0.03,0.46,56595000.0,143763000.0,0.583,143763000.0,56595000.0,8713000.0,0.089,0.089,0.089,1688136000.0,,1688136000.0,10717202626.0,18.0,11.436,-14173000.0,-0.116,1.0,157657000.0,0.64,0.0,47882000.0,10019853000.0,,0.0,0.0,,,4249457000.0,,,6963720626.0,7473000.0,0.0,0.0,88279000.0,-56328000.0,21552000.0,-87683000.0,0.0,73604000.0,0.0,13698000.0,11491000.0,11491000.0,0.0,3457000.0,0.047,99868000.0,57789000.0,0.0,5.169,4.125,17.15,17.056,5745171000.0,2207000.0,56.627,6.991,6.957,0.0,-2489961000.0,246481000.0,246481000.0,0.0,,,,,0.0,10962000.0,1.0,122974283.0,122380331,122768010.0,2.014,6187440000.0,0.0,-4985000.0,0.0,50.559,
18,AIV,MRQ,2016-12-31,2016-12-31,2016-12-31,2021-08-25,1011000.0,6232818000.0,,,,,14.667,119002000.0,131150000.0,131150000.0,84778000.0,177399000.0,,2.333,3884632000.0,,,3884632000.0,18452000.0,87710000.0,0.0,0.029,0.421,212518000.0,300228000.0,1.203,300228000.0,212518000.0,162034000.0,1.328,1.315,1.328,1793903000.0,,1793903000.0,11028681464.0,18.0,11.72,219047000.0,1.791,1.0,164715000.0,0.66,0.0,50484000.0,9986300000.0,,0.0,0.0,,,4184651000.0,,,7130559464.0,-3714000.0,0.0,0.0,-176676000.0,-51618000.0,-238873000.0,135114000.0,412000.0,100045000.0,0.0,164407000.0,162000000.0,162000000.0,0.0,12992000.0,0.649,104621000.0,60094000.0,0.0,0.317,3.975,17.068,16.958,5755408000.0,2407000.0,58.032,7.16,7.12,0.0,-2385399000.0,249493000.0,249493000.0,0.0,,,,,7629000.0,11255000.0,1.0,122872955.0,122312195,122601189.0,2.04,6232818000.0,0.0,-2373000.0,0.0,50.958,
19,AIV,MRQ,2016-09-30,2016-09-30,2016-09-30,2021-08-25,-434000.0,6293847000.0,,,,,13.767,-350520000.0,157419000.0,157419000.0,92166000.0,30036000.0,,2.593,4055541000.0,,,4055541000.0,46490000.0,84848000.0,0.0,0.028,0.421,61428000.0,146276000.0,0.588,146276000.0,61428000.0,12051000.0,0.089,0.089,0.089,1682907000.0,,1682907000.0,10715444535.0,21.0,12.884,-250829000.0,-2.052,1.0,156738000.0,0.63,0.0,49377000.0,10191969000.0,,0.0,0.0,,,4363039000.0,,,7190123535.0,-7317000.0,0.0,0.0,92632000.0,-51611000.0,-27458000.0,-79550000.0,0.0,99691000.0,0.0,15513000.0,11176000.0,11176000.0,0.0,14523000.0,0.045,98006000.0,58732000.0,47944000.0,4.73,4.272,22.3,22.179,5755678000.0,4337000.0,58.619,7.246,7.222,0.0,-2495877000.0,248904000.0,248904000.0,0.0,,,,,0.0,11615000.0,1.0,122657933.0,122239357,122590226.0,2.036,6293847000.0,0.0,-3462000.0,0.0,51.488,
20,AIV,MRQ,2016-06-30,2016-06-30,2016-06-30,2021-08-25,-710000.0,6274228000.0,,,,,14.462,196131000.0,430317000.0,430317000.0,88960000.0,245953000.0,,2.41,3955638000.0,,,3955638000.0,57819000.0,80680000.0,0.0,0.029,0.421,266206000.0,346886000.0,1.381,346886000.0,266206000.0,217312000.0,1.813,1.8,1.813,1771156000.0,,1771156000.0,10678661512.0,21.0,12.95,298943000.0,2.441,1.0,162258000.0,0.646,0.0,48894000.0,9799549000.0,,0.0,0.0,,,4269189000.0,,,6915683512.0,-9229000.0,0.0,0.0,44867000.0,-51527000.0,-22901000.0,-89140000.0,0.0,102812000.0,0.0,224433000.0,221382000.0,221382000.0,0.0,21520000.0,0.881,97822000.0,64436000.0,43414000.0,0.232,3.905,20.93,20.829,5474290000.0,3051000.0,56.385,6.988,6.977,0.0,-2455302000.0,251218000.0,251218000.0,0.0,,,,,0.0,11616000.0,1.0,122651434.0,122471181,122798554.0,2.051,6274228000.0,0.0,-7121000.0,0.0,51.23,
21,AIV,MRQ,2016-03-31,2016-03-31,2016-03-31,2021-08-25,-431000.0,6142213000.0,,,,,13.139,-74014000.0,154612000.0,154612000.0,89372000.0,29885000.0,,2.695,3917590000.0,,,3917590000.0,59961000.0,79828000.0,0.0,0.029,0.421,67805000.0,147633000.0,0.6,147633000.0,67805000.0,20171000.0,0.192,0.192,0.192,1603162000.0,,1603162000.0,10284417590.0,29.0,15.57,-61000.0,0.0,1.0,156867000.0,0.637,0.0,47634000.0,9905191000.0,,0.0,0.0,,,4320947000.0,,,6549002590.0,13665000.0,0.0,0.0,67667000.0,-51523000.0,5283000.0,-65571000.0,0.0,73953000.0,0.0,26057000.0,23223000.0,23223000.0,0.0,3828000.0,0.094,93333000.0,63534000.0,37792000.0,2.193,4.085,38.559,38.36,5527521000.0,2834000.0,53.397,6.66,6.626,0.0,-2625295000.0,246239000.0,246239000.0,0.0,,,,,0.0,11935000.0,1.0,122647223.0,122013799,122269118.0,2.018,6142213000.0,0.0,-5886000.0,0.0,50.34,
22,AIV,MRQ,2015-12-31,2015-12-31,2015-12-31,2021-08-25,-6040000.0,6118681000.0,,,,,13.302,46576000.0,137745000.0,137745000.0,85479000.0,75376000.0,,2.63,3849141000.0,,,3849141000.0,64052000.0,79482000.0,0.0,0.029,0.383,111421000.0,190903000.0,0.776,190903000.0,111421000.0,63146000.0,0.549,0.549,0.549,1622391000.0,,1622391000.0,10059062506.0,24.0,13.833,148023000.0,1.214,1.0,160396000.0,0.652,0.0,48275000.0,9830077000.0,,0.0,0.0,,,4266850000.0,,,6261634506.0,5548000.0,0.0,0.0,-77142000.0,-46814000.0,-140721000.0,44822000.0,0.0,101447000.0,0.0,69656000.0,66639000.0,66639000.0,0.0,5720000.0,0.271,94912000.0,65484000.0,36123000.0,0.698,3.86,26.536,26.333,5529461000.0,3017000.0,51.112,6.381,6.33,0.0,-2596917000.0,245875000.0,245875000.0,0.0,,,,,6640000.0,12583000.0,1.0,122509201.0,121962893,122211946.0,2.016,6118681000.0,0.0,-6510000.0,0.0,50.168,
23,AIV,MRQ,2015-09-30,2015-09-30,2015-09-30,2021-08-25,-6810000.0,6217662000.0,,,,,13.14,-132517000.0,138471000.0,138471000.0,90526000.0,23769000.0,,2.735,3935899000.0,,,3935899000.0,65694000.0,77237000.0,0.0,0.031,0.383,61931000.0,139168000.0,0.565,139168000.0,61931000.0,13646000.0,0.153,0.153,0.153,1601690000.0,,1601690000.0,9515630833.0,24.0,13.743,-31377000.0,-0.257,1.0,155861000.0,0.633,0.0,48285000.0,10015090000.0,,0.0,0.0,,,4380961000.0,,,5785541833.0,-1594000.0,0.0,0.0,87518000.0,-46795000.0,29137000.0,-131871000.0,0.0,101140000.0,0.0,21925000.0,19179000.0,19179000.0,0.0,1844000.0,0.078,91840000.0,64021000.0,37311000.0,2.503,3.612,28.14,27.626,5580271000.0,2746000.0,47.268,5.918,5.894,0.0,-2616919000.0,246387000.0,246387000.0,0.0,,,,,0.0,11013000.0,1.0,122397968.0,121894754,122183751.0,2.021,6217662000.0,0.0,-8279000.0,0.0,51.008,
24,AIV,MRQ,2015-06-30,2015-06-30,2015-06-30,2021-08-25,-7402000.0,6157694000.0,,,,,13.373,-108376000.0,135918000.0,135918000.0,89016000.0,68688000.0,,2.61,3866007000.0,,,3866007000.0,70303000.0,75150000.0,0.0,0.03,0.383,107660000.0,182810000.0,0.747,182810000.0,107660000.0,58055000.0,0.498,0.498,0.498,1628910000.0,,1628910000.0,9399726500.0,18.0,11.698,-15723000.0,-0.129,1.0,155767000.0,0.636,0.0,49605000.0,9887783000.0,,0.0,0.0,,,4251667000.0,,,5771360500.0,-117655000.0,0.0,-5000.0,-22683000.0,-46715000.0,-106017000.0,-104291000.0,0.0,92653000.0,0.0,63869000.0,60804000.0,60804000.0,0.0,4819000.0,0.248,90124000.0,65643000.0,35239000.0,0.769,3.543,18.55,17.754,5564185000.0,3065000.0,47.153,5.901,5.872,0.0,-2589336000.0,244783000.0,244783000.0,0.0,,,,,0.0,12062000.0,1.0,122395508.0,121804687,122141459.0,2.01,6157694000.0,0.0,-5814000.0,0.0,50.554,
25,AIV,MRQ,2015-03-31,2015-03-31,2015-03-31,2021-08-25,-7009000.0,6215453000.0,,,,,13.41,18596000.0,259918000.0,259918000.0,97095000.0,104150000.0,,2.657,3888284000.0,,,3888284000.0,76682000.0,74432000.0,0.0,0.034,0.358,139859000.0,214291000.0,0.877,214291000.0,139859000.0,86339000.0,0.741,0.741,0.741,1615527000.0,,1615527000.0,10165815712.0,19.0,12.415,83247000.0,0.691,1.0,147170000.0,0.603,0.0,53520000.0,9843819000.0,,0.0,0.0,,,4292885000.0,,,6151092712.0,135519000.0,0.0,366585000.0,-234715000.0,-43758000.0,50425000.0,20443000.0,0.0,64651000.0,0.0,93260000.0,89344000.0,89344000.0,0.0,10890000.0,0.366,86103000.0,61067000.0,50860000.0,0.483,3.807,18.907,17.891,5484023000.0,3916000.0,50.256,6.279,6.18,0.0,-2603564000.0,244265000.0,244265000.0,0.0,,,,,0.0,10652000.0,1.0,122395025.0,120470916,120828051.0,2.028,6215453000.0,0.0,-6921000.0,0.0,51.593,
26,AIV,MRQ,2014-12-31,2014-12-31,2014-12-31,2021-08-25,-6456000.0,6097028000.0,,,,,10.764,-168405000.0,120416000.0,120416000.0,88404000.0,45459000.0,,3.72,4135139000.0,,,4135139000.0,81882000.0,71465000.0,0.0,0.036,0.332,84673000.0,156138000.0,0.645,156138000.0,84673000.0,32315000.0,0.319,0.319,0.319,1227735000.0,,1227735000.0,9198555533.0,18.0,11.603,-80370000.0,-0.705,1.0,153774000.0,0.635,0.0,52358000.0,10111751000.0,,0.0,0.0,,,4566986000.0,,,5431529533.0,-215000.0,0.0,0.0,66367000.0,-38014000.0,13747000.0,-101997000.0,0.0,88035000.0,0.0,39252000.0,36272000.0,36272000.0,0.0,6207000.0,0.15,89966000.0,63808000.0,41919000.0,1.041,4.424,18.092,18.036,5472779000.0,2980000.0,47.434,5.518,5.496,0.0,-2649542000.0,242178000.0,242178000.0,0.0,,,,,5781000.0,12788000.0,1.0,114506440.0,114062864,,2.123,6097028000.0,0.0,-6937000.0,0.0,53.453,
27,AIV,MRQ,2014-09-30,2014-09-30,2014-09-30,2021-08-25,-5517000.0,5937463000.0,,,,,10.728,110285000.0,195210000.0,195210000.0,96519000.0,144515000.0,,3.595,3962236000.0,,,3962236000.0,86853000.0,69437000.0,0.0,0.041,0.332,180829000.0,250266000.0,1.014,250266000.0,180829000.0,123023000.0,1.098,1.085,1.098,1228251000.0,,1228251000.0,8600513943.0,14.0,9.67,199395000.0,1.742,1.0,150324000.0,0.609,0.0,57806000.0,9704489000.0,,0.0,0.0,,,4414999000.0,,,4651717943.0,-4640000.0,0.0,0.0,-216768000.0,-37984000.0,-270738000.0,176988000.0,0.0,89110000.0,0.0,128028000.0,124706000.0,124706000.0,0.0,16487000.0,0.505,82857000.0,67467000.0,40166000.0,0.302,3.787,12.049,12.006,5224875000.0,3322000.0,40.629,4.684,4.684,0.0,-2647921000.0,246843000.0,246843000.0,0.0,,,,,0.0,10658000.0,1.0,114493223.0,114493223,,2.156,5937463000.0,0.0,-5005000.0,0.0,51.859,
28,AIV,MRQ,2014-06-30,2014-06-30,2014-06-30,2021-08-25,-5243000.0,6078665000.0,,,,,9.964,47149000.0,257406000.0,257406000.0,95521000.0,84605000.0,,4.079,4206202000.0,,,4206202000.0,93294000.0,71399000.0,0.0,0.04,0.689,126756000.0,198155000.0,0.804,198155000.0,126756000.0,71695000.0,0.651,0.651,0.651,1140102000.0,,1140102000.0,8910241964.0,16.0,10.634,136627000.0,1.194,1.0,150897000.0,0.612,0.0,55061000.0,10027461000.0,,0.0,0.0,,,4649938000.0,,,4714636964.0,-4576000.0,0.0,0.0,-149574000.0,-38034000.0,-78830000.0,-15224000.0,0.0,89478000.0,0.0,77042000.0,75010000.0,75010000.0,0.0,7563000.0,0.304,85100000.0,65797000.0,37158000.0,1.058,4.135,14.39,14.342,5264939000.0,2032000.0,41.203,4.762,4.762,0.0,-2735097000.0,246418000.0,246418000.0,0.0,,,,,0.0,10119000.0,1.0,114423671.0,114423671,,2.154,6078665000.0,0.0,-5347000.0,0.0,53.124,
29,AIV,MRQ,2014-03-31,2014-03-31,2014-03-31,2021-08-25,-4503000.0,6083152000.0,,,,,8.629,-8829000.0,199218000.0,199218000.0,100520000.0,81532000.0,,4.906,4394823000.0,,,4394823000.0,102347000.0,70307000.0,0.0,0.032,0.332,117914000.0,188221000.0,0.756,188221000.0,117914000.0,62169000.0,0.562,0.562,0.562,983096000.0,,983096000.0,8620510623.0,17.0,11.017,45972000.0,0.404,1.0,148404000.0,0.596,0.0,55745000.0,10278757000.0,,0.0,0.0,,,4822580000.0,,,4415113623.0,-17349000.0,0.0,0.0,36809000.0,-37970000.0,-26061000.0,-46089000.0,0.0,54801000.0,0.0,64927000.0,64234000.0,64234000.0,0.0,16605000.0,0.258,83130000.0,65274000.0,35795000.0,0.591,4.491,16.805,16.697,5369420000.0,693000.0,38.586,4.48,4.461,0.0,-2772345000.0,248924000.0,248924000.0,0.0,,,,,0.0,10527000.0,1.0,114423179.0,113932855,114095758.0,2.185,6083152000.0,0.0,-2758000.0,0.0,53.392,
30,AIV,MRQ,2013-12-31,2013-12-31,2013-12-31,2021-08-25,-4602000.0,6079413000.0,,,,,8.499,158547000.0,182788000.0,182788000.0,94484000.0,148603000.0,,4.989,4388185000.0,,,4388185000.0,107775000.0,70322000.0,0.0,0.037,0.306,182396000.0,252718000.0,1.007,252718000.0,182396000.0,121072000.0,1.073,1.073,1.073,967457000.0,,967457000.0,8412082934.0,19.0,11.456,236020000.0,2.073,1.0,156377000.0,0.623,0.0,61324000.0,10284810000.0,,0.0,0.0,,,4826716000.0,,,3780694934.0,-11871000.0,0.0,0.0,-379378000.0,-35019000.0,-453695000.0,364351000.0,215517000.0,77473000.0,0.0,123218000.0,122124000.0,122124000.0,-121798000.0,25385000.0,0.487,83220000.0,73157000.0,43161000.0,0.285,3.908,18.563,18.503,5391209000.0,1094000.0,33.083,3.881,3.865,0.0,-2798853000.0,250861000.0,250861000.0,0.0,,,,,5645000.0,11776000.0,1.0,114280151.0,113830256,113955567.0,2.204,6079413000.0,0.0,-2146000.0,0.0,53.408,
31,AIV,MRQ,2013-09-30,2013-09-30,2013-09-30,2021-08-25,-5467000.0,6489506000.0,,,,,7.75,-33750000.0,198133000.0,198133000.0,94271000.0,79410000.0,,6.024,4829521000.0,,,4829521000.0,111390000.0,72040000.0,0.0,0.033,0.306,126793000.0,198833000.0,0.815,198833000.0,126793000.0,67145000.0,0.587,0.587,0.587,882147000.0,,882147000.0,8750147964.0,23.0,12.315,41347000.0,0.363,1.0,149672000.0,0.614,0.0,59648000.0,11120894000.0,,0.0,215821000.0,,,5314377000.0,,,4076635964.0,20699000.0,0.0,10000.0,45942000.0,-35019000.0,-22008000.0,-32390000.0,0.0,75097000.0,0.0,67232000.0,66268000.0,66268000.0,-72435000.0,12178000.0,0.272,85160000.0,64512000.0,27438000.0,0.521,4.621,27.27,26.367,5510043000.0,964000.0,35.675,4.347,4.33,32925000.0,-2886352000.0,243943000.0,243943000.0,0.0,,,,,0.0,10962000.0,1.0,114272601.0,113823991,114003342.0,2.143,6489506000.0,0.0,-87000.0,0.0,57.014,
32,AIV,MRQ,2013-06-30,2013-06-30,2013-06-30,2021-08-25,-4365000.0,6470715000.0,,,,,7.48,-113884000.0,170035000.0,170035000.0,95995000.0,6979000.0,,6.258,4843547000.0,,,4843547000.0,116238000.0,73832000.0,0.0,0.029,0.306,68847000.0,142679000.0,0.59,142679000.0,68847000.0,11117000.0,0.089,0.089,0.089,851371000.0,,851371000.0,8890783351.0,26.0,12.87,10250000.0,0.09,1.0,145750000.0,0.603,0.0,57730000.0,11144227000.0,,0.0,217013000.0,,,5327673000.0,,,4383024351.0,-2635000.0,0.0,0.0,117850000.0,-35018000.0,66431000.0,-193200000.0,-119101000.0,124134000.0,0.0,10948000.0,10107000.0,10107000.0,-4502000.0,-3969000.0,0.042,87038000.0,58712000.0,33415000.0,3.438,5.148,40.814,39.019,5540513000.0,841000.0,38.356,4.63,4.612,29906000.0,-2917863000.0,241745000.0,241745000.0,0.0,,,,,0.0,11153000.0,1.0,114272187.0,113813810,114090276.0,2.124,6470715000.0,0.0,169000.0,0.0,56.854,
33,AIV,MRQ,2013-03-31,2013-03-31,2013-03-31,2021-08-25,-4664000.0,6370393000.0,,,,,7.814,-66091000.0,205701000.0,205701000.0,95301000.0,2833000.0,,5.833,4713460000.0,,,4713460000.0,123652000.0,75716000.0,0.0,0.027,0.306,64342000.0,140058000.0,0.59,140058000.0,64342000.0,5997000.0,0.038,0.038,0.038,888380000.0,,888380000.0,8928043549.0,25.0,12.431,-17199000.0,-0.151,1.0,142203000.0,0.599,0.0,58345000.0,10878152000.0,,0.0,102748000.0,,,5181764000.0,,,4470868549.0,-34855000.0,0.0,983000.0,26675000.0,-34996000.0,-10178000.0,-73569000.0,0.0,48892000.0,0.0,5892000.0,5050000.0,5050000.0,-4496000.0,-3059000.0,0.021,89564000.0,52639000.0,25235000.0,8.053,5.033,45.712,43.789,5497884000.0,842000.0,39.148,4.666,4.645,34477000.0,-2893093000.0,237504000.0,237504000.0,0.0,,,,,0.0,11779000.0,1.0,114205320.0,113694765,113694765.0,2.089,6370393000.0,0.0,105000.0,0.0,56.031,
34,AIV,MRQ,2012-12-31,2012-12-31,2012-12-31,2021-08-25,-3542000.0,6401380000.0,,,,,8.059,116764000.0,229998000.0,229998000.0,83805000.0,97248000.0,,5.644,4413083000.0,,,4413083000.0,127561000.0,113802000.0,0.0,0.028,0.255,115179000.0,228981000.0,1.067,228981000.0,115179000.0,68420000.0,0.638,0.638,0.638,915425000.0,,915425000.0,8615461669.0,24.0,11.839,191294000.0,1.684,1.0,130718000.0,0.609,0.0,46759000.0,10584465000.0,,0.0,102897000.0,,,5166440000.0,,,3938444669.0,-18102000.0,0.0,-57000.0,-112134000.0,-29124000.0,-168077000.0,75445000.0,2643000.0,74530000.0,0.0,68926000.0,68069000.0,68069000.0,-92014000.0,28322000.0,0.317,85292000.0,45426000.0,30747000.0,0.4,4.302,47.944,44.353,5234961000.0,857000.0,34.551,4.109,3.797,0.0,-2863287000.0,214523000.0,214523000.0,0.0,,,,,4871000.0,12111000.0,1.0,113989157.0,113590601,113590601.0,1.889,6401380000.0,0.0,-506000.0,0.0,56.355,
35,AIV,MRQ,2012-09-30,2012-09-30,2012-09-30,2021-08-25,-6397000.0,6565388000.0,,,,,7.713,48552000.0,261164000.0,261164000.0,103805000.0,53335000.0,,6.147,4938181000.0,,,4938181000.0,133054000.0,79153000.0,0.0,0.026,0.255,99937000.0,179090000.0,0.708,179090000.0,99937000.0,38741000.0,0.217,0.217,0.217,875672000.0,,875672000.0,8391308758.0,30.0,12.548,138817000.0,1.223,1.0,149040000.0,0.589,0.0,61196000.0,11242405000.0,,0.0,141537000.0,,,5382333000.0,,,3782693758.0,-210449000.0,0.0,35837000.0,-34112000.0,-29109000.0,-366274000.0,65560000.0,13851000.0,90265000.0,0.0,38781000.0,24163000.0,24163000.0,-47412000.0,14554000.0,0.096,100189000.0,48851000.0,28488000.0,1.175,4.32,-405.303,-237.035,5751208000.0,14618000.0,33.185,4.116,4.1,36540000.0,-2902175000.0,252845000.0,252845000.0,0.0,,,,,0.0,12311000.0,1.0,113988618.0,113530295,113530295.0,2.227,6565388000.0,0.0,-40000.0,0.0,57.829,
36,AIV,MRQ,2012-06-30,2012-06-30,2012-06-30,2021-08-25,-6292000.0,6947106000.0,,,,,11.502,-27901000.0,481828000.0,481828000.0,103047000.0,34131000.0,,4.79,5090443000.0,,,5090443000.0,133097000.0,87163000.0,0.0,0.022,0.23,82888000.0,170051000.0,0.671,170051000.0,82888000.0,22566000.0,0.0,0.0,0.0,1147640000.0,,1147640000.0,8224134289.0,34.0,12.94,75659000.0,0.758,1.0,150241000.0,0.593,0.0,60322000.0,11555721000.0,,0.0,137198000.0,,,5497483000.0,,,3280136289.0,229730000.0,0.0,605652000.0,-65130000.0,-23967000.0,148542000.0,-22372000.0,6194000.0,103560000.0,0.0,22800000.0,523000.0,523000.0,-41612000.0,11331000.0,0.002,102103000.0,48138000.0,27054000.0,,2.858,-67.916,-67.54,5944794000.0,22277000.0,34.513,3.563,3.741,35592000.0,-2897490000.0,253288000.0,253288000.0,0.0,,,,,0.0,13556000.0,1.0,95041313.0,99774364,99774364.0,2.539,6947106000.0,0.0,-234000.0,0.0,69.628,
37,AIV,MRQ,2012-03-31,2012-03-31,2012-03-31,2021-08-25,-4191000.0,6823630000.0,,,,,9.132,-20255000.0,257197000.0,257197000.0,102180000.0,10647000.0,,6.565,5201195000.0,,,5201195000.0,137892000.0,86632000.0,0.0,0.02,0.23,66588000.0,153220000.0,0.607,153220000.0,66588000.0,1724000.0,-0.115,-0.115,-0.115,862019000.0,,862019000.0,8093940295.0,35.0,13.097,28217000.0,0.299,1.0,150140000.0,0.595,0.0,64864000.0,11767628000.0,,0.0,148481000.0,,,5659357000.0,,,3199403295.0,-7832000.0,0.0,1854000.0,6837000.0,-21806000.0,-49338000.0,-6966000.0,8504000.0,48472000.0,0.0,1949000.0,-10609000.0,-10609000.0,-33230000.0,8698000.0,-0.042,110071000.0,40069000.0,22822000.0,-2.0,3.712,-39.019,-38.849,6004802000.0,12558000.0,33.721,3.453,3.435,42957000.0,-2873679000.0,252320000.0,252320000.0,0.0,,,,,0.0,11624000.0,1.0,94878360.0,94394638,94394638.0,2.673,6823630000.0,0.0,-225000.0,0.0,72.288,
38,AIV,MRQ,2011-12-31,2011-12-31,2011-12-31,2021-08-25,-6860000.0,6871862000.0,,,,,9.63,67942000.0,275036000.0,275036000.0,62283000.0,-8573000.0,,6.213,4772774000.0,,,4772774000.0,138808000.0,136263000.0,0.0,0.021,0.153,30102000.0,166365000.0,1.037,166365000.0,30102000.0,-13962000.0,-0.243,-0.243,-0.243,908329000.0,,908329000.0,7744601859.0,37.0,12.809,150380000.0,1.594,1.0,98210000.0,0.612,0.0,44064000.0,11369600000.0,,0.0,111205000.0,,,5643804000.0,,,2770188859.0,15235000.0,0.0,-70000.0,-44529000.0,-14508000.0,-125941000.0,58738000.0,5753000.0,82438000.0,0.0,-12934000.0,-23410000.0,-23410000.0,-30059000.0,4361000.0,-0.146,84674000.0,13536000.0,32607000.0,-0.63,3.05,-26.853,-26.641,5590329000.0,10476000.0,29.252,3.03,2.989,41796000.0,-2841467000.0,160493000.0,160493000.0,0.0,,,,,5381000.0,14536000.0,1.0,94700195.0,94320237,94320237.0,1.702,6871862000.0,0.0,-1028000.0,0.0,72.857,
39,AIV,MRQ,2011-09-30,2011-09-30,2011-09-30,2021-08-25,-8312000.0,7042702000.0,,,,,10.094,-31901000.0,285312000.0,285312000.0,108769000.0,4657000.0,,6.042,5259725000.0,,,5259725000.0,150357000.0,80188000.0,34516000.0,0.021,0.153,65733000.0,145921000.0,0.573,145921000.0,65733000.0,-2335000.0,-0.153,-0.153,-0.153,951312000.0,,951312000.0,7760027158.0,37.0,12.959,49272000.0,0.523,1.0,145690000.0,0.573,0.0,68068000.0,12017115000.0,,0.0,178572000.0,,,5748203000.0,,,2672153158.0,-9493000.0,0.0,11039000.0,-50003000.0,-14498000.0,-105960000.0,15294000.0,8039000.0,81173000.0,0.0,-1442000.0,-14801000.0,-14801000.0,-28928000.0,6099000.0,-0.058,104266000.0,41424000.0,24999000.0,-1.0,2.809,-22.611,-22.117,6179415000.0,13359000.0,28.244,2.892,2.88,40848000.0,-2803679000.0,254459000.0,254459000.0,0.0,,,,,0.0,12741000.0,1.0,94611256.0,94248182,94248182.0,2.7,7042702000.0,61589000.0,-893000.0,0.0,74.725,
40,AIV,MRQ,2011-06-30,2011-06-30,2011-06-30,2021-08-25,-1147000.0,7164972000.0,,,,,10.494,37327000.0,281750000.0,281750000.0,108520000.0,-26971000.0,,5.953,5369624000.0,,,5369624000.0,147082000.0,84914000.0,34982000.0,0.017,0.153,67601000.0,152515000.0,0.588,152515000.0,67601000.0,-25310000.0,-0.358,-0.358,-0.358,979300000.0,,979300000.0,8211079916.0,42.0,13.525,104855000.0,1.124,1.0,150846000.0,0.582,0.0,92911000.0,12252846000.0,,0.0,201636000.0,,,5830249000.0,,,3051101916.0,3964000.0,0.0,33799000.0,-14288000.0,-14338000.0,-31046000.0,-32518000.0,-49560000.0,67528000.0,0.0,-23451000.0,-33177000.0,-33177000.0,-16592000.0,-3520000.0,-0.128,104334000.0,46512000.0,25988000.0,-0.427,3.116,-23.136,-22.59,6262701000.0,9726000.0,32.597,3.236,3.226,46472000.0,-2774353000.0,259366000.0,259366000.0,0.0,,,,,0.0,12448000.0,1.0,93599275.0,93321670,93321670.0,2.779,7164972000.0,61919000.0,-1859000.0,0.0,76.777,
41,AIV,MRQ,2011-03-31,2011-03-31,2011-03-31,2021-08-25,-2042000.0,7261832000.0,,,,,11.04,-11863000.0,280601000.0,280601000.0,118323000.0,-27277000.0,,5.798,5440579000.0,,,5440579000.0,153345000.0,93967000.0,35323000.0,0.016,0.153,50683000.0,144650000.0,0.548,144650000.0,50683000.0,-21672000.0,-0.345,-0.345,-0.345,1014440000.0,,1014440000.0,8200889289.0,42.0,13.213,15817000.0,0.172,1.0,145716000.0,0.552,0.0,72355000.0,12421810000.0,,0.0,189999000.0,,,5881429000.0,,,3008819289.0,-29965000.0,0.0,28980000.0,-47777000.0,-14239000.0,-56625000.0,-1020000.0,1329000.0,27680000.0,0.0,-19260000.0,-31773000.0,-31773000.0,-4394000.0,-8017000.0,-0.12,109045000.0,36671000.0,21818000.0,-0.443,2.966,-25.784,-25.467,6417197000.0,12513000.0,32.521,3.134,3.113,67398000.0,-2726882000.0,264039000.0,264039000.0,0.0,,,,,0.0,11181000.0,1.0,92519599.0,91883734,91883734.0,2.874,7261832000.0,59435000.0,-2412000.0,0.0,79.033,
42,AIV,MRQ,2010-12-31,2010-12-31,2010-12-31,2021-08-25,-2076000.0,7378566000.0,,,,,11.446,33495000.0,310515000.0,310515000.0,56227000.0,-34212000.0,,5.706,5181538000.0,,,5181538000.0,150199000.0,131767000.0,32876000.0,0.012,0.128,23973000.0,155740000.0,1.065,155740000.0,23973000.0,-27260000.0,-0.421,-0.421,-0.421,1046042000.0,,1046042000.0,8205282273.0,44.0,13.133,100826000.0,1.103,1.0,90048000.0,0.616,0.0,51233000.0,12249589000.0,,0.0,176008000.0,,,5968366000.0,,,3024151273.0,-33737000.0,10000.0,14046000.0,2184000.0,-11702000.0,-145918000.0,44850000.0,7192000.0,67331000.0,0.0,-21463000.0,-38427000.0,-38427000.0,-5272000.0,-12749000.0,-0.263,79713000.0,10335000.0,27323000.0,-0.304,2.891,-24.132,-23.926,6153671000.0,16964000.0,32.993,3.155,3.137,49855000.0,-2680955000.0,146275000.0,146275000.0,0.0,,,,,7331000.0,14359000.0,1.0,91659522.0,91385627,91385627.0,1.601,7378566000.0,58736000.0,-5797000.0,0.0,80.741,
43,AIV,MRQ,2010-09-30,2010-09-30,2010-09-30,2021-08-25,-4455000.0,7617072000.0,,,,,13.091,-21993000.0,361431000.0,361431000.0,119395000.0,-28482000.0,,5.069,5542562000.0,,,5542562000.0,152533000.0,98974000.0,35833000.0,0.019,0.128,55237000.0,154211000.0,0.564,154211000.0,55237000.0,-19307000.0,-0.319,-0.319,-0.319,1193770000.0,,1193770000.0,7856097913.0,36.0,11.227,57213000.0,0.627,1.0,153797000.0,0.563,0.0,74544000.0,12798203000.0,,0.0,220064000.0,,,6050727000.0,,,2502299913.0,66744000.0,0.0,0.0,-40564000.0,-11693000.0,2370000.0,-14832000.0,2466000.0,79206000.0,0.0,-14922000.0,-28500000.0,-28500000.0,-18510000.0,-13560000.0,-0.104,118216000.0,35581000.0,23879000.0,-0.401,2.096,-26.716,-26.737,6685389000.0,13578000.0,27.299,2.467,2.454,59169000.0,-2637513000.0,273192000.0,273192000.0,0.0,,,,,0.0,12096000.0,1.0,91663882.0,91189829,91189829.0,2.996,7617072000.0,55290000.0,-4385000.0,0.0,83.53,
44,AIV,MRQ,2010-06-30,2010-06-30,2010-06-30,2021-08-25,-2872000.0,7707801000.0,,,,,12.51,40663000.0,290113000.0,290113000.0,128267000.0,-10170000.0,,5.394,5643911000.0,,,5643911000.0,158402000.0,101057000.0,35794000.0,0.021,0.128,64993000.0,166050000.0,0.6,166050000.0,64993000.0,-11210000.0,-0.192,-0.192,-0.192,1139738000.0,,1139738000.0,7683138298.0,36.0,10.958,124848000.0,1.37,1.0,148257000.0,0.536,0.0,76203000.0,13061599000.0,,0.0,256256000.0,,,6148093000.0,,,2263118298.0,443000.0,0.0,1806000.0,-78763000.0,-11685000.0,-131273000.0,47531000.0,8087000.0,84185000.0,0.0,-7825000.0,-17995000.0,-17995000.0,-28096000.0,-2345000.0,-0.065,113508000.0,34749000.0,27647000.0,-0.667,1.986,-21.42,-21.525,6810113000.0,10170000.0,24.732,2.204,2.195,60383000.0,-2597379000.0,276524000.0,276524000.0,0.0,,,,,0.0,15184000.0,1.0,91504872.0,91102895,91102895.0,3.035,7707801000.0,49943000.0,-3385000.0,0.0,84.605,
45,AIV,MRQ,2010-03-31,2010-03-31,2010-03-31,2021-08-25,-1251000.0,7885080000.0,,,,,12.845,-12523000.0,298937000.0,298937000.0,134028000.0,-16760000.0,,5.371,5718957000.0,,,5718957000.0,173656000.0,105035000.0,36123000.0,0.022,0.0,46535000.0,151570000.0,0.548,151570000.0,46535000.0,-31142000.0,-0.447,-0.447,-0.447,1167289000.0,,1167289000.0,7545572772.0,36.0,10.722,14255000.0,0.157,1.0,142797000.0,0.516,0.0,77677000.0,13305100000.0,,0.0,274511000.0,,,6269361000.0,,,2156559772.0,-3385000.0,13118000.0,0.0,-16601000.0,-11649000.0,-38989000.0,8826000.0,1962000.0,26778000.0,0.0,-27518000.0,-40440000.0,-40440000.0,-20173000.0,10758000.0,-0.146,119044000.0,23753000.0,20662000.0,0.0,1.847,-18.341,-18.222,6913370000.0,12922000.0,23.506,2.07,2.051,63620000.0,-2567772000.0,276825000.0,276825000.0,0.0,,,,,0.0,11736000.0,1.0,91743287.0,90877337,90877337.0,3.046,7885080000.0,45909000.0,-3624000.0,0.0,86.766,
46,AIV,MRQ,2009-12-31,2009-12-31,2009-12-31,2021-08-25,-1138000.0,7906468000.0,,,,,13.661,230735000.0,299920000.0,299920000.0,76690000.0,4956000.0,,5.046,5479476000.0,,,5479476000.0,178878000.0,173907000.0,34052000.0,0.025,0.255,54035000.0,227942000.0,1.213,227942000.0,54035000.0,-6592000.0,-0.064,-0.064,-0.064,1239718000.0,,1239718000.0,7681462358.0,36.0,10.846,327176000.0,3.605,1.0,111164000.0,0.592,0.0,60627000.0,13086024000.0,,0.0,244888000.0,,,6255109000.0,,,1862664358.0,-25774000.0,98000.0,0.0,-280549000.0,-11543000.0,-366641000.0,244426000.0,10949000.0,96441000.0,0.0,6207000.0,-6728000.0,-6728000.0,-66416000.0,-1251000.0,-0.036,106384000.0,4780000.0,29819000.0,-3.984,1.502,-16.22,-15.918,6711327000.0,12935000.0,20.327,1.778,1.737,83566000.0,-2492082000.0,187854000.0,187854000.0,0.0,,,,,6666000.0,13031000.0,1.0,91634312.0,90748111,90748111.0,2.07,7906468000.0,42015000.0,-12799000.0,0.0,87.125,
47,AIV,MRQ,2009-09-30,2009-09-30,2009-09-30,2021-08-25,-1846000.0,8474538000.0,,,,,13.926,226252000.0,353798000.0,353798000.0,137437000.0,-9556000.0,,5.371,6172596000.0,,,6172596000.0,177754000.0,109055000.0,38865000.0,0.277,0.128,46551000.0,155606000.0,0.545,155606000.0,46551000.0,-30227000.0,-0.447,-0.447,-0.447,1260388000.0,,1260388000.0,7843640226.0,44.0,11.058,304222000.0,3.361,1.0,147960000.0,0.518,0.0,76778000.0,14293336000.0,,0.0,270567000.0,,,6769640000.0,,,1726381226.0,-5080000.0,0.0,0.0,-282809000.0,-11628000.0,-319531000.0,236481000.0,3310000.0,77970000.0,0.0,-27502000.0,-40490000.0,-40490000.0,-45404000.0,17946000.0,-0.142,130699000.0,17261000.0,36317000.0,-0.286,1.37,-14.724,184.64,7439829000.0,12988000.0,18.833,1.656,1.636,88353000.0,-2465312000.0,285397000.0,285397000.0,0.0,,,,,0.0,12772000.0,1.0,91666631.0,90507671,90507671.0,3.153,8474538000.0,33267000.0,-2725000.0,0.0,93.633,
48,AIV,MRQ,2009-06-30,2009-06-30,2009-06-30,2021-08-25,-473000.0,8841421000.0,,,,,14.496,133340000.0,369546000.0,369546000.0,130381000.0,-7626000.0,,5.422,6486805000.0,,,6486805000.0,183594000.0,107746000.0,41427000.0,0.789,0.128,60854000.0,168600000.0,0.578,168600000.0,60854000.0,-20917000.0,-0.332,-0.332,-0.332,1311396000.0,,1311396000.0,7412669338.0,19.0,8.179,210515000.0,2.327,1.0,161266000.0,0.553,0.0,81771000.0,14958680000.0,,0.0,273375000.0,,,7109841000.0,,,1036372338.0,18881000.0,0.0,0.0,-138556000.0,-11781000.0,-216540000.0,158246000.0,4646000.0,77175000.0,0.0,-18444000.0,-29921000.0,-29921000.0,-36279000.0,10818000.0,-0.103,126762000.0,34504000.0,33335000.0,-0.386,0.79,12.519,4.971,7692947000.0,11477000.0,11.3,0.941,0.928,95373000.0,-2413472000.0,291647000.0,291647000.0,0.0,,,,,0.0,14577000.0,1.0,91714737.0,90466162,90466162.0,3.224,8841421000.0,28332000.0,-2473000.0,0.0,97.732,
49,AIV,MRQ,2009-03-31,2009-03-31,2009-03-31,2021-08-25,0.0,9082218000.0,,,,,16.033,-14740000.0,358872000.0,358872000.0,139419000.0,-32571000.0,,5.267,6735169000.0,,,6735169000.0,184796000.0,104860000.0,42774000.0,1.365,0.0,53710000.0,158570000.0,0.54,158570000.0,53710000.0,-27007000.0,-0.434,-0.434,-0.434,1384578000.0,,1384578000.0,6861936426.0,10.0,5.809,-32514000.0,-0.377,1.0,154032000.0,0.525,0.0,80717000.0,15458515000.0,,0.0,285538000.0,,,7291898000.0,,,642794426.0,-206443000.0,0.0,0.0,-54096000.0,-60383000.0,-179770000.0,-8899000.0,5648000.0,-17774000.0,0.0,-24532000.0,-37698000.0,-37698000.0,-2867000.0,-8039000.0,-0.128,122703000.0,31329000.0,32902000.0,0.0,0.464,1.827,1.377,8022385000.0,13166000.0,6.997,0.551,0.518,113522000.0,-2372038000.0,293451000.0,293451000.0,0.0,,,,,0.0,16260000.0,1.0,91866702.0,86355986,86355986.0,3.398,9082218000.0,27052000.0,-2475000.0,0.0,105.172,
50,AIV,MRQ,2008-12-31,2008-12-31,2008-12-31,2021-08-25,-2249000.0,9441870000.0,,,,,18.226,414484000.0,552991000.0,552991000.0,91623000.0,70322000.0,,6.088,6069804000.0,,,6069804000.0,193810000.0,210880000.0,37244000.0,0.648,4.954,15654000.0,226534000.0,1.319,226534000.0,15654000.0,-38752000.0,1.315,1.315,1.315,1266024000.0,,1266024000.0,7363603819.0,11.0,6.228,506034000.0,7.285,1.0,80086000.0,0.466,0.0,54406000.0,14958683000.0,,0.0,281500000.0,,,7706973000.0,,,1023918819.0,80629000.0,241000.0,-49518000.0,-169818000.0,-53456000.0,-419130000.0,408209000.0,4444000.0,91550000.0,0.0,6960000.0,-9143000.0,-9143000.0,-209066000.0,63362000.0,-0.053,193190000.0,-113104000.0,64241000.0,3.767,0.809,2.915,2.917,7125637000.0,16103000.0,14.747,0.869,0.869,129296000.0,-2335628000.0,171709000.0,171709000.0,0.0,,,,,13833000.0,4622000.0,1.0,69430473.0,69461033,69461033.0,2.472,9441870000.0,28326000.0,-45712000.0,0.0,135.93,
51,AIV,MRQ,2008-09-30,2008-09-30,2008-09-30,2021-08-25,0.0,9897215000.0,,,,,17.121,374952000.0,526046000.0,526046000.0,156618000.0,237386000.0,,4.923,6865731000.0,,,6865731000.0,190617000.0,100009000.0,45840000.0,0.192,3.83,252567000.0,352576000.0,1.024,352576000.0,252567000.0,167680000.0,1.724,1.724,1.724,1584666000.0,,1584666000.0,9779417423.0,15.0,8.463,473611000.0,5.117,1.0,187796000.0,0.545,0.0,84887000.0,16236900000.0,,0.0,295279000.0,,,7801665000.0,,,2998382423.0,-111116000.0,0.0,-99991000.0,-381615000.0,-51022000.0,-672711000.0,462936000.0,83681000.0,98659000.0,0.0,173742000.0,159544000.0,159544000.0,-162269000.0,63644000.0,0.463,136100000.0,51696000.0,36477000.0,2.222,1.892,9.12,13.214,8370999000.0,14198000.0,44.715,2.596,3.583,124545000.0,-1959369000.0,344414000.0,344414000.0,0.0,,,,,0.0,27383000.0,1.0,67055973.0,92558843,92848623.0,3.721,9897215000.0,12706000.0,-6062000.0,0.0,106.929,
52,AIV,MRQ,2008-06-30,2008-06-30,2008-06-30,2021-08-25,0.0,10326678000.0,,,,,16.478,610492000.0,647055000.0,647055000.0,148274000.0,342955000.0,,5.141,7428090000.0,,,7428090000.0,205494000.0,101159000.0,48450000.0,0.127,0.766,342464000.0,443623000.0,1.244,443623000.0,342464000.0,252674000.0,2.477,2.477,2.477,1593621000.0,,1593621000.0,10372557607.0,20.0,10.476,802164000.0,8.294,1.0,208286000.0,0.584,0.0,89790000.0,17107713000.0,,0.0,285892000.0,,,8192885000.0,,,3056691607.0,167080000.0,0.0,-152936000.0,-327351000.0,-53153000.0,-611850000.0,587258000.0,-12921000.0,191672000.0,0.0,255955000.0,239140000.0,239140000.0,-363639000.0,87000000.0,0.671,143579000.0,64707000.0,30931000.0,0.309,1.918,20.673,30.953,8864524000.0,16815000.0,43.489,2.611,3.593,110859000.0,-1867518000.0,356560000.0,356560000.0,0.0,,,,,0.0,27004000.0,1.0,70286767.0,96711312,96711312.0,3.687,10326678000.0,11059000.0,-3281000.0,0.0,106.778,
53,AIV,MRQ,2008-03-31,2008-03-31,2008-03-31,2021-08-25,0.0,10551763000.0,,,,,15.475,-117472000.0,465098000.0,465098000.0,167486000.0,-25131000.0,,5.463,7780964000.0,,,7780964000.0,201966000.0,103500000.0,50600000.0,0.12,0.0,65113000.0,168613000.0,0.485,168613000.0,65113000.0,-26420000.0,-0.383,-0.383,-0.383,1550854000.0,,1550854000.0,10287458133.0,37.0,13.451,-58985000.0,-0.589,1.0,180362000.0,0.519,0.0,91533000.0,17867629000.0,,0.0,301400000.0,,,8471778000.0,,,3285096133.0,-47378000.0,0.0,-199370000.0,315896000.0,-54655000.0,7669000.0,-113534000.0,-7030000.0,58487000.0,0.0,-24648000.0,-38856000.0,-38856000.0,-8159000.0,-483000.0,-0.112,130617000.0,49745000.0,31775000.0,0.0,2.118,-37.205,-44.22,9285468000.0,14208000.0,45.723,2.731,3.81,107010000.0,-2057487000.0,347848000.0,347848000.0,0.0,,,,,0.0,21366000.0,1.0,71847282.0,100217649,100217649.0,3.471,10551763000.0,15256000.0,-1772000.0,0.0,105.288,
54,AIV,MRQ,2007-12-31,2007-12-31,2007-12-31,2021-08-25,0.0,10606532000.0,,,,,23.49,-160858000.0,524155000.0,524155000.0,36562000.0,83314000.0,,4.745,6402972000.0,,,6402972000.0,200199000.0,181246000.0,41141000.0,0.124,3.971,9501000.0,190747000.0,1.794,190747000.0,9501000.0,-32076000.0,-0.434,-0.434,-0.434,1749704000.0,,1749704000.0,10046926617.0,31.0,12.206,4650000.0,0.062,1.0,69759000.0,0.656,0.0,41577000.0,16485349000.0,,0.0,295457000.0,,,8301787000.0,,,3319562617.0,-127033000.0,0.0,-121672000.0,125038000.0,-57203000.0,-310084000.0,17543000.0,151713000.0,165508000.0,0.0,-12281000.0,-31063000.0,-31063000.0,-93272000.0,95595000.0,-0.292,77825000.0,-8066000.0,65235000.0,-9.15,1.897,-81.791,-80.773,7887042000.0,18782000.0,44.344,2.826,2.812,106421000.0,-2478049000.0,106321000.0,106321000.0,0.0,,,,,14921000.0,23911000.0,1.0,74858766.0,74486757,74486757.0,1.427,10606532000.0,14426000.0,-19795000.0,0.0,142.395,
55,AIV,MRQ,2007-09-30,2007-09-30,2007-09-30,2021-08-25,0.0,10519010000.0,,,,,24.489,-114464000.0,643944000.0,643944000.0,169974000.0,-2341000.0,,3.966,7371308000.0,,,7371308000.0,154293000.0,96768000.0,48860000.0,0.053,0.766,90358000.0,187126000.0,0.52,187126000.0,90358000.0,-2341000.0,-0.255,-0.255,-0.255,2036991000.0,,2036991000.0,10933530345.0,25.0,11.886,10332000.0,0.124,1.0,189794000.0,0.528,0.0,92699000.0,17246374000.0,,0.0,218265000.0,,,8079024000.0,,,4365881345.0,79467000.0,0.0,-48620000.0,214817000.0,-57240000.0,56849000.0,-102178000.0,-17236000.0,124796000.0,0.0,-2341000.0,-21361000.0,-21361000.0,-19074000.0,0.0,-0.059,126656000.0,63138000.0,57572000.0,-3.004,2.143,77.144,155.739,9227619000.0,19020000.0,57.623,3.545,3.892,108643000.0,-1700714000.0,359768000.0,359768000.0,0.0,,,,,0.0,20663000.0,1.0,75765794.0,83180938,83180938.0,4.325,10519010000.0,12583000.0,0.0,0.0,126.459,
56,AIV,MRQ,2007-06-30,2007-06-30,2007-06-30,2021-08-25,0.0,10399641000.0,,,,,28.886,-50107000.0,590982000.0,590982000.0,176965000.0,19329000.0,,3.39,7158631000.0,,,7158631000.0,150326000.0,103398000.0,48038000.0,0.048,0.766,114907000.0,218305000.0,0.562,218305000.0,114907000.0,19329000.0,0.038,0.038,0.038,2273459000.0,,2273459000.0,11393394100.0,27.0,12.338,61769000.0,0.785,1.0,211773000.0,0.545,0.0,95578000.0,16967290000.0,,0.0,218908000.0,,,7708010000.0,,,4898555100.0,867000.0,0.0,-24266000.0,61354000.0,-58206000.0,-34384000.0,-76625000.0,-16560000.0,111876000.0,0.0,19329000.0,2983000.0,2983000.0,-25050000.0,0.0,0.008,131639000.0,80134000.0,42096000.0,20.158,2.155,155.886,4952.14,9189708000.0,16346000.0,64.378,3.834,3.966,110027000.0,-1607931000.0,388738000.0,388738000.0,0.0,,,,,0.0,24024000.0,1.0,76090728.0,78705796,78705796.0,4.939,10399641000.0,5139000.0,0.0,0.0,132.133,
57,AIV,MRQ,2007-03-31,2007-03-31,2007-03-31,2021-08-25,0.0,10306066000.0,,,,,29.826,-133861000.0,571894000.0,571894000.0,190927000.0,25208000.0,,3.233,7066733000.0,,,7066733000.0,134761000.0,118525000.0,45920000.0,0.042,0.0,126756000.0,245281000.0,0.601,245281000.0,126756000.0,25208000.0,0.115,0.115,0.115,2347440000.0,,2347440000.0,11924666610.0,27.0,12.524,-53099000.0,-0.675,1.0,217147000.0,0.532,0.0,101548000.0,16800905000.0,,0.0,212219000.0,,,7588149000.0,,,5629243610.0,27336000.0,0.0,-59105000.0,239208000.0,-58157000.0,56913000.0,-110339000.0,-1565000.0,80762000.0,0.0,25208000.0,8860000.0,8860000.0,-31253000.0,0.0,0.022,143572000.0,73575000.0,31347000.0,0.0,2.398,126.503,383.648,9116359000.0,16348000.0,73.66,4.34,4.469,92029000.0,-1552706000.0,408074000.0,408074000.0,0.0,,,,,0.0,22077000.0,1.0,76421593.0,78705796,78705796.0,5.185,10306066000.0,2719000.0,0.0,0.0,130.944,
58,AIV,MRQ,2006-12-31,2006-12-31,2006-12-31,2021-08-25,0.0,10289775000.0,,,,,21.181,106086000.0,575853000.0,575853000.0,30015000.0,82500000.0,,3.228,6633528000.0,,,6633528000.0,142260000.0,163879000.0,42401000.0,0.043,1.532,105255000.0,269134000.0,3.588,269134000.0,105255000.0,71405000.0,0.472,0.472,0.472,2339892000.0,,2339892000.0,11663741520.0,24.0,11.775,233217000.0,2.111,1.0,44989000.0,0.6,0.0,33850000.0,16347450000.0,,0.0,218993000.0,,,7552287000.0,,,5405369520.0,47541000.0,-22432000.0,35378000.0,-61334000.0,-58165000.0,-102991000.0,23401000.0,-62440000.0,127131000.0,0.0,82500000.0,66112000.0,66112000.0,-98581000.0,0.0,0.881,68695000.0,-23706000.0,54972000.0,3.246,2.31,56.509,82.406,8758689000.0,16388000.0,71.528,4.242,6.202,106536000.0,-1752406000.0,75004000.0,75004000.0,0.0,,,,,12314000.0,24824000.0,1.0,75569904.0,110471159,110471159.0,0.679,10289775000.0,0.0,-11095000.0,4379000.0,93.144,
59,AIV,MRQ,2006-09-30,2006-09-30,2006-09-30,2021-08-25,0.0,10221365000.0,,,,,31.547,-79515000.0,530603000.0,530603000.0,182114000.0,-24875000.0,,3.136,6788975000.0,,,6788975000.0,158156000.0,115437000.0,44623000.0,0.044,0.766,75318000.0,190755000.0,0.47,190755000.0,75318000.0,-24875000.0,-0.613,-0.613,-0.613,2373400000.0,,2373400000.0,11239926387.0,24.0,11.563,47324000.0,0.629,1.0,223730000.0,0.551,0.0,100193000.0,16479737000.0,,0.0,153732000.0,,,7442232000.0,,,5297837387.0,-141180000.0,22432000.0,-77171000.0,181231000.0,-58486000.0,-211723000.0,-56296000.0,-12382000.0,126839000.0,0.0,-24875000.0,-46531000.0,-46531000.0,-11084000.0,0.0,-0.115,141513000.0,82217000.0,39280000.0,-1.25,2.232,231.518,209.254,9136332000.0,21656000.0,69.472,3.543,3.495,81103000.0,-1509391000.0,405844000.0,405844000.0,0.0,,,,,0.0,23292000.0,1.0,76258188.0,75233919,75233919.0,5.394,10221365000.0,0.0,0.0,3934000.0,135.861,
60,AIV,MRQ,2006-06-30,2006-06-30,2006-06-30,2021-08-25,0.0,10392396000.0,,,,,36.107,-3258000.0,664730000.0,664730000.0,180603000.0,35092000.0,,2.651,6606819000.0,,,6606819000.0,98814000.0,113752000.0,43851000.0,0.055,0.766,133249000.0,247001000.0,0.605,247001000.0,133249000.0,35092000.0,0.217,0.217,0.217,2716740000.0,,2716740000.0,10297778919.0,20.0,10.314,149756000.0,1.99,1.0,227621000.0,0.558,0.0,98157000.0,16334485000.0,,0.0,156238000.0,,,7200772000.0,,,4222996919.0,99136000.0,0.0,592000.0,-20114000.0,-57786000.0,-28346000.0,-25532000.0,-2914000.0,153014000.0,0.0,35092000.0,16058000.0,16058000.0,-39277000.0,0.0,0.039,137094000.0,90527000.0,30460000.0,3.53,1.554,57.011,54.983,9151949000.0,19034000.0,55.478,2.897,2.863,90814000.0,-1405277000.0,408224000.0,408224000.0,0.0,,,,,0.0,23207000.0,1.0,76119788.0,75241751,75241751.0,5.425,10392396000.0,0.0,0.0,6219000.0,138.12,
61,AIV,MRQ,2006-03-31,2006-03-31,2006-03-31,2021-08-25,0.0,10365780000.0,,,,,35.598,292570000.0,579502000.0,579502000.0,188787000.0,84071000.0,,2.722,6654284000.0,,,6654284000.0,99213000.0,105709000.0,42914000.0,0.051,0.0,181347000.0,287056000.0,0.713,287056000.0,181347000.0,84071000.0,0.804,0.804,0.804,2653674000.0,,2653674000.0,10366657136.0,21.0,10.802,404496000.0,5.426,1.0,214093000.0,0.531,0.0,97276000.0,16440562000.0,,0.0,152233000.0,,,7224339000.0,,,4528978136.0,62597000.0,0.0,38867000.0,-171812000.0,-57260000.0,-340796000.0,291467000.0,792000.0,111926000.0,0.0,84071000.0,60017000.0,60017000.0,-78276000.0,0.0,0.149,129935000.0,84158000.0,28201000.0,0.0,1.707,70.889,68.99,9255703000.0,24054000.0,59.883,3.219,3.173,83272000.0,-1363546000.0,402880000.0,402880000.0,0.0,,,,,0.0,20237000.0,1.0,75629976.0,74546279,74546279.0,5.404,10365780000.0,0.0,0.0,9432000.0,139.052,
62,AIV,MRQ,2005-12-31,2005-12-31,2005-12-31,2021-08-25,0.0,10019160000.0,,,,,30.884,209765000.0,445414000.0,445414000.0,131948000.0,15032000.0,,2.528,6021857000.0,,,6021857000.0,46466000.0,162850000.0,36767000.0,0.079,1.532,84431000.0,247281000.0,0.888,247281000.0,84431000.0,15032000.0,-0.077,-0.077,-0.077,2716103000.0,,2716103000.0,9461365875.0,24.0,11.102,279657000.0,3.18,1.0,146454000.0,0.526,0.0,69399000.0,15595603000.0,,0.0,374397000.0,,,6867649000.0,,,3624304875.0,22094000.0,0.0,1417000.0,-165552000.0,-56848000.0,-254168000.0,206370000.0,-21075000.0,69892000.0,0.0,15032000.0,-6661000.0,-6661000.0,-30212000.0,0.0,-0.024,93499000.0,52955000.0,34381000.0,-19.896,1.334,-213.622,-222.828,8189238000.0,21693000.0,48.354,2.693,2.769,102959000.0,-1350899000.0,278402000.0,278402000.0,0.0,,,,,8558000.0,17349000.0,1.0,74954205.0,87946645,87946645.0,3.166,10019160000.0,9835000.0,0.0,0.0,113.923,
63,AIV,MRQ,2005-09-30,2005-09-30,2005-09-30,2021-08-25,0.0,10263056000.0,,,,,38.479,128591000.0,454221000.0,454221000.0,173887000.0,26352000.0,,2.466,6291282000.0,,,6291282000.0,46104000.0,100036000.0,39107000.0,0.062,0.766,117052000.0,217088000.0,0.589,217088000.0,117052000.0,26352000.0,0.064,0.064,0.064,2834046000.0,,2834046000.0,9777483323.0,22.0,11.302,223896000.0,3.04,1.0,194487000.0,0.528,0.0,90700000.0,16100117000.0,,0.0,383298000.0,,,6988001000.0,,,3703721323.0,-9143000.0,0.0,-288000.0,-95808000.0,-57006000.0,-188628000.0,84180000.0,-26736000.0,95305000.0,0.0,26352000.0,4659000.0,4659000.0,-33509000.0,0.0,0.013,127142000.0,67345000.0,44731000.0,11.969,1.307,93.829,90.192,8786703000.0,21693000.0,49.516,2.802,2.759,118838000.0,-1227925000.0,368374000.0,368374000.0,0.0,,,,,0.0,23095000.0,1.0,74799222.0,73651878,73651878.0,5.002,10263056000.0,0.0,0.0,8257000.0,139.345,
64,AIV,MRQ,2005-06-30,2005-06-30,2005-06-30,2021-08-25,0.0,10421366000.0,,,,,39.055,-6016000.0,426082000.0,426082000.0,164841000.0,27566000.0,,2.47,6499844000.0,,,6499844000.0,53535000.0,94335000.0,40254000.0,0.059,0.766,113894000.0,208229000.0,0.583,208229000.0,113894000.0,27566000.0,0.077,0.077,0.077,2869286000.0,,2869286000.0,9868698974.0,17.0,10.069,73242000.0,0.997,1.0,192424000.0,0.539,0.0,86328000.0,16495128000.0,,0.0,353522000.0,,,7087815000.0,,,3899133974.0,29150000.0,0.0,735000.0,66132000.0,-56443000.0,-17599000.0,-32509000.0,-19833000.0,79258000.0,0.0,27566000.0,5873000.0,5873000.0,-28320000.0,0.0,0.016,116647000.0,75777000.0,46666000.0,9.948,1.359,22.492,21.879,9148380000.0,21693000.0,52.248,2.978,2.932,133700000.0,-1175579000.0,357265000.0,357265000.0,0.0,,,,,0.0,21723000.0,1.0,74627538.0,73468611,73468611.0,4.863,10421366000.0,0.0,0.0,14312000.0,141.848,
65,AIV,MRQ,2005-03-31,2005-03-31,2005-03-31,2021-08-25,0.0,10330494000.0,,,,,39.742,-297598000.0,389641000.0,389641000.0,168270000.0,2032000.0,,2.391,6359206000.0,,,6359206000.0,47563000.0,93277000.0,39375000.0,0.065,0.766,86383000.0,179660000.0,0.51,179660000.0,86383000.0,2032000.0,-0.281,-0.281,-0.281,2908609000.0,,2908609000.0,9143087186.0,16.0,9.476,-194483000.0,-2.657,1.0,184275000.0,0.523,0.0,84351000.0,16300059000.0,,0.0,374799000.0,,,6955125000.0,,,3529426186.0,14286000.0,0.0,451000.0,350478000.0,-56518000.0,219173000.0,-308002000.0,-10207000.0,103115000.0,0.0,2032000.0,-20837000.0,-20837000.0,-3067000.0,0.0,-0.059,113495000.0,70780000.0,40663000.0,-2.726,1.213,22.101,21.502,9060996000.0,22869000.0,47.498,2.686,2.645,126167000.0,-1124556000.0,352545000.0,352545000.0,0.0,,,,,0.0,20851000.0,1.0,74306661.0,73187446,73187446.0,4.817,10330494000.0,0.0,0.0,20770000.0,141.151,
66,AIV,MRQ,2004-12-31,2004-12-31,2004-12-31,2021-08-25,0.0,10072241000.0,,,,,41.146,177077000.0,394478000.0,394478000.0,98536000.0,72275000.0,,2.187,5618831000.0,,,5618831000.0,43808000.0,131643000.0,35070000.0,0.062,0.766,128455000.0,260098000.0,1.068,260098000.0,128455000.0,72275000.0,0.689,0.689,0.689,3008160000.0,,3008160000.0,9264105037.0,16.0,9.608,239962000.0,3.282,1.0,145108000.0,0.596,0.0,56180000.0,15296594000.0,,0.0,404844000.0,,,6580240000.0,,,3652798037.0,-17227000.0,0.0,2755000.0,-197999000.0,-56724000.0,-268154000.0,188042000.0,-4299000.0,62885000.0,0.0,72275000.0,49778000.0,49778000.0,-44537000.0,0.0,0.204,102780000.0,42328000.0,34663000.0,1.112,1.214,20.91,20.504,8228451000.0,22497000.0,49.209,2.856,2.805,114260000.0,-1047897000.0,243644000.0,243644000.0,0.0,,,,,6506000.0,23404000.0,1.0,74230184.0,73109909,73109909.0,3.333,10072241000.0,0.0,0.0,20139000.0,137.768,
67,AIV,MRQ,2004-09-30,2004-09-30,2004-09-30,2021-08-25,0.0,10184975000.0,,,,,40.511,349350000.0,391793000.0,391793000.0,174909000.0,163208000.0,,2.274,6003100000.0,,,6003100000.0,25289000.0,76880000.0,37879000.0,0.069,0.766,255251000.0,332131000.0,0.933,332131000.0,255251000.0,163208000.0,1.902,1.89,1.902,2958541000.0,,2958541000.0,9329736058.0,17.0,10.279,486004000.0,6.655,1.0,180905000.0,0.508,0.0,92043000.0,15796282000.0,,0.0,389800000.0,,,6726354000.0,,,3291853058.0,29117000.0,0.0,-381000.0,-365049000.0,-56647000.0,-434571000.0,327034000.0,-49923000.0,136654000.0,0.0,163208000.0,138541000.0,138541000.0,-137230000.0,0.0,0.389,101476000.0,79429000.0,46369000.0,0.403,1.113,23.092,22.588,8651356000.0,24667000.0,44.408,2.463,2.426,110778000.0,-1043052000.0,355814000.0,355814000.0,0.0,,,,,0.0,18434000.0,1.0,74127175.0,73030025,73145154.0,4.872,10184975000.0,0.0,0.0,29613000.0,139.463,
68,AIV,MRQ,2004-06-30,2004-06-30,2004-06-30,2021-08-25,0.0,10359191000.0,,,,,39.002,8170000.0,376205000.0,376205000.0,169393000.0,13986000.0,,2.475,6414088000.0,,,6414088000.0,31245000.0,87989000.0,40615000.0,0.084,0.766,105033000.0,193022000.0,0.533,193022000.0,105033000.0,13986000.0,-0.102,-0.102,-0.102,2842784000.0,,2842784000.0,8842968610.0,20.0,11.159,111990000.0,1.536,1.0,192667000.0,0.532,0.0,91047000.0,16397074000.0,,0.0,384010000.0,,,7036403000.0,,,2930074610.0,797000.0,0.0,-199000.0,95761000.0,-56552000.0,-93779000.0,-9244000.0,10645000.0,103820000.0,0.0,13986000.0,-7787000.0,-7787000.0,-11603000.0,0.0,-0.022,106429000.0,86238000.0,40965000.0,-7.51,1.031,165.401,155.874,8947544000.0,21773000.0,39.748,2.196,2.171,128060000.0,-1121842000.0,362060000.0,362060000.0,0.0,,,,,0.0,17411000.0,1.0,73716744.0,72887485,72887485.0,4.967,10359191000.0,0.0,0.0,18235000.0,142.126,
69,AIV,MRQ,2004-03-31,2004-03-31,2004-03-31,2021-08-25,0.0,10343408000.0,,,,,41.195,-130203000.0,367063000.0,367063000.0,165222000.0,14028000.0,,2.289,6279957000.0,,,6279957000.0,33106000.0,86216000.0,40964000.0,0.091,0.766,102163000.0,188379000.0,0.531,188379000.0,102163000.0,14028000.0,-0.077,-0.077,-0.077,2994412000.0,,2994412000.0,8763277355.0,18.0,10.369,-68039000.0,-0.936,1.0,189834000.0,0.535,0.0,88135000.0,16256302000.0,,0.0,403098000.0,,,6855237000.0,,,2909317355.0,-21776000.0,0.0,-12889000.0,93892000.0,-55980000.0,84979000.0,-168919000.0,-13532000.0,62164000.0,0.0,14028000.0,-5839000.0,-5839000.0,-15783000.0,0.0,-0.016,103455000.0,86379000.0,26643000.0,-9.948,0.972,48.674,47.827,8955397000.0,19867000.0,39.697,2.173,2.155,133093000.0,-1059503000.0,355056000.0,355056000.0,0.0,,,,,0.0,18262000.0,1.0,73288690.0,72688555,72688555.0,4.885,10343408000.0,0.0,0.0,21742000.0,142.298,
70,AIV,MRQ,2003-12-31,2003-12-31,2003-12-31,2021-08-25,0.0,10087394000.0,,,,,39.223,153300000.0,356498000.0,356498000.0,118425000.0,37169000.0,,2.352,5731701000.0,,,5731701000.0,25573000.0,94570000.0,38099000.0,0.089,0.766,99536000.0,194106000.0,0.736,194106000.0,99536000.0,37169000.0,0.243,0.243,0.243,2860657000.0,,2860657000.0,9247153899.0,19.0,10.888,213124000.0,2.922,1.0,145290000.0,0.551,0.0,62367000.0,15462597000.0,,0.0,438755000.0,,,6728370000.0,,,3250248899.0,-15651000.0,-2400000.0,-142620000.0,-202956000.0,-56121000.0,-197065000.0,121590000.0,536000.0,59824000.0,0.0,37169000.0,17636000.0,17636000.0,-32027000.0,0.0,0.067,85538000.0,59752000.0,30765000.0,3.152,1.136,49.78,49.274,8145443000.0,19533000.0,44.051,2.485,2.449,119344000.0,-998018000.0,263715000.0,263715000.0,0.0,,,,,482000.0,20555000.0,1.0,73784325.0,72932909,72932909.0,3.616,10087394000.0,0.0,0.0,19993000.0,138.311,
71,AIV,MRQ,2003-09-30,2003-09-30,2003-09-30,2021-08-25,0.0,10182929000.0,,,,,39.978,57599000.0,337880000.0,337880000.0,157329000.0,40635000.0,,2.367,6334785000.0,,,6334785000.0,24129000.0,90307000.0,41967000.0,0.083,1.047,126664000.0,216971000.0,0.614,216971000.0,126664000.0,40635000.0,0.192,0.192,0.192,2906795000.0,,2906795000.0,9469150839.0,21.0,11.02,173739000.0,2.389,1.0,196016000.0,0.555,0.0,86029000.0,16179834000.0,,0.0,418048000.0,,,6881115000.0,,,3703389839.0,24168000.0,-2642000.0,144967000.0,33744000.0,-76508000.0,-135347000.0,43375000.0,-7438000.0,116140000.0,0.0,40635000.0,13705000.0,13705000.0,-29100000.0,0.0,0.039,90169000.0,105847000.0,15874000.0,5.453,1.274,115.109,126.909,8886635000.0,26930000.0,50.256,2.794,2.757,109192000.0,-959975000.0,353345000.0,353345000.0,0.0,,,,,4498000.0,10926000.0,1.0,73690402.0,72710484,72710484.0,4.86,10182929000.0,0.0,0.0,23947000.0,140.048,
72,AIV,MRQ,2003-06-30,2003-06-30,2003-06-30,2021-08-25,0.0,10234788000.0,,,,,41.204,100146000.0,304343000.0,304343000.0,154777000.0,59230000.0,,2.236,6070104000.0,,,6070104000.0,30193000.0,95309000.0,42900000.0,0.095,1.047,150404000.0,245713000.0,0.67,245713000.0,150404000.0,59230000.0,0.472,0.472,0.472,2992971000.0,,2992971000.0,9207949611.0,20.0,11.066,265354000.0,3.653,1.0,211839000.0,0.578,0.0,91174000.0,16000549000.0,,0.0,468755000.0,,,6692171000.0,,,3246535611.0,-1002000.0,-7935000.0,160000.0,-165858000.0,-76424000.0,-260238000.0,94028000.0,7036000.0,165208000.0,0.0,59230000.0,34269000.0,34269000.0,-34194000.0,0.0,0.093,91632000.0,120207000.0,20203000.0,2.218,1.085,75.994,82.422,8840650000.0,24961000.0,44.178,2.441,2.413,132910000.0,-893577000.0,366616000.0,366616000.0,0.0,,,,,0.0,7566000.0,1.0,73487023.0,72638431,72705002.0,5.047,10234788000.0,0.0,0.0,28071000.0,140.9,
73,AIV,MRQ,2003-03-31,2003-03-31,2003-03-31,2021-08-25,0.0,10370582000.0,,,,,42.627,20858000.0,319370000.0,319370000.0,156208000.0,21823000.0,,2.204,6280784000.0,,,6280784000.0,30060000.0,93029000.0,42206000.0,0.09,1.047,112484000.0,205513000.0,0.561,205513000.0,112484000.0,21823000.0,0.0,0.0,0.0,3094502000.0,,3094502000.0,9331278051.0,22.0,12.011,143565000.0,1.978,1.0,210217000.0,0.574,0.0,90661000.0,16331996000.0,,0.0,490304000.0,,,6820323000.0,,,3421988051.0,7364000.0,-3406000.0,758000.0,-8835000.0,-76001000.0,-134633000.0,19290000.0,7893000.0,122707000.0,0.0,21823000.0,-318000.0,-318000.0,501000.0,0.0,-0.001,91607000.0,118610000.0,16031000.0,,1.106,111.866,117.623,9020486000.0,22141000.0,46.579,2.589,2.558,135083000.0,-852846000.0,366425000.0,366425000.0,0.0,,,,,0.0,9735000.0,1.0,73466651.0,72595356,72668975.0,5.047,10370582000.0,0.0,0.0,28451000.0,142.855,
74,AIV,MRQ,2002-12-31,2002-12-31,2002-12-31,2021-08-25,0.0,10316601000.0,,,,,47.132,60819000.0,313621000.0,313621000.0,55774000.0,6609000.0,,2.119,6021990000.0,,,6021990000.0,15190000.0,124661000.0,39588000.0,0.088,1.047,66428000.0,191089000.0,0.799,191089000.0,66428000.0,6609000.0,-0.268,-0.255,-0.268,3163387000.0,,3163387000.0,9130653001.0,20.0,11.605,164529000.0,2.451,1.0,183297000.0,0.767,0.0,59819000.0,16024970000.0,,0.0,537877000.0,,,6702742000.0,,,3509977001.0,12078000.0,-11654000.0,-52910000.0,41867000.0,-76161000.0,-104500000.0,12868000.0,-33133000.0,103710000.0,0.0,6609000.0,-15483000.0,-15483000.0,-18156000.0,0.0,-0.065,108490000.0,74807000.0,11232000.0,-3.907,1.11,46.497,42.576,8615782000.0,22092000.0,47.856,2.77,2.535,131248000.0,-776577000.0,239071000.0,239071000.0,0.0,,,,,4233000.0,36691000.0,1.0,73345128.0,67117732,,3.562,10316601000.0,0.0,0.0,36680000.0,153.709,
75,AIV,MRQ,2002-09-30,2002-09-30,2002-09-30,2021-08-25,0.0,10111550000.0,,,,,45.047,-540775000.0,288817000.0,288817000.0,155934000.0,46345000.0,,1.976,5909493000.0,,,5909493000.0,19988000.0,66599000.0,40929000.0,0.083,1.047,123155000.0,189754000.0,0.53,189754000.0,123155000.0,46345000.0,0.332,0.332,0.332,3230456000.0,,3230456000.0,8498235565.0,18.0,11.842,-403424000.0,-5.626,1.0,201930000.0,0.564,0.0,76810000.0,15732226000.0,,0.0,846450000.0,,,6383818000.0,,,3557285565.0,26736000.0,-17417000.0,230000.0,570084000.0,-74406000.0,445832000.0,-556447000.0,1745000.0,137351000.0,0.0,46345000.0,24253000.0,24253000.0,-4336000.0,0.0,0.068,73153000.0,128777000.0,14204000.0,3.154,1.101,34.58,30.583,8547827000.0,22092000.0,49.605,2.814,2.814,110304000.0,-684933000.0,357864000.0,357864000.0,0.0,,,,,0.0,4360000.0,1.0,71712406.0,71712406,,4.99,10111550000.0,0.0,0.0,36239000.0,141.001,
76,AIV,MRQ,2002-06-30,2002-06-30,2002-06-30,2021-08-25,0.0,9449538000.0,,,,,50.974,62289000.0,256150000.0,256150000.0,150192000.0,46033000.0,,1.736,5197100000.0,,,5197100000.0,17063000.0,63518000.0,35967000.0,0.065,1.047,127041000.0,190559000.0,0.532,190559000.0,127041000.0,46033000.0,0.332,0.332,0.332,3263357000.0,,3263357000.0,9296422506.0,20.0,13.01,209337000.0,3.27,1.0,208115000.0,0.581,0.0,81008000.0,14390488000.0,,0.0,895189000.0,,,5663997000.0,,,4021767506.0,-46593000.0,-20984000.0,396787000.0,-503187000.0,-67536000.0,-230969000.0,37328000.0,-3977000.0,147048000.0,0.0,46033000.0,22138000.0,22138000.0,16570000.0,0.0,0.062,70478000.0,137637000.0,10896000.0,3.154,1.232,50.029,47.772,7829635000.0,23895000.0,62.82,3.172,3.172,124172000.0,-633651000.0,358307000.0,358307000.0,0.0,,,,,0.0,4921000.0,1.0,64020409.0,64020409,,5.597,9449538000.0,0.0,0.0,36707000.0,147.602,
77,AIV,MRQ,2002-03-31,2002-03-31,2002-03-31,2021-08-25,0.0,9674861000.0,,,,,49.057,-46735000.0,317541000.0,317541000.0,134326000.0,70059000.0,,2.145,5592196000.0,,,5592196000.0,22923000.0,68204000.0,36006000.0,0.065,1.047,148833000.0,217037000.0,0.644,217037000.0,148833000.0,70059000.0,0.753,0.741,0.753,2897531000.0,,2897531000.0,8190446468.0,19.0,11.221,73109000.0,1.238,1.0,202745000.0,0.601,0.0,78774000.0,14949516000.0,,0.0,889650000.0,,,6214845000.0,,,3647827468.0,27332000.0,-210819000.0,28713000.0,271503000.0,-60764000.0,198278000.0,-290790000.0,-33236000.0,119844000.0,0.0,70059000.0,44580000.0,44580000.0,-10471000.0,0.0,0.132,71300000.0,131445000.0,12180000.0,1.39,1.259,55.038,54.947,7794732000.0,25479000.0,61.76,2.893,2.893,136540000.0,-588254000.0,337071000.0,337071000.0,0.0,,,,,0.0,3096000.0,1.0,59064263.0,59064263,,5.707,9674861000.0,0.0,0.0,36413000.0,163.802,
78,AIV,MRQ,2001-12-31,2001-12-31,2001-12-31,2021-08-25,0.0,8300672000.0,,,,,47.766,70928000.0,218223000.0,218223000.0,84948000.0,36788000.0,,1.877,4585913000.0,,,4585913000.0,9075000.0,44593000.0,31174000.0,0.068,0.996,75708000.0,120301000.0,0.571,120301000.0,75708000.0,36788000.0,0.204,0.204,0.204,2710615000.0,,2710615000.0,7625207153.0,20.0,10.758,180446000.0,3.18,1.0,125909000.0,0.597,0.0,38920000.0,12668362000.0,,0.0,831904000.0,,,5088514000.0,,,3396836153.0,10814000.0,-34700000.0,-181360000.0,150508000.0,-57259000.0,46516000.0,-145220000.0,-29590000.0,109518000.0,0.0,36788000.0,11901000.0,11901000.0,-8290000.0,0.0,0.056,56655000.0,69254000.0,10597000.0,4.882,1.253,199.567,198.604,6587119000.0,24887000.0,58.389,2.668,2.603,100339000.0,-572165000.0,210857000.0,210857000.0,0.0,,,,,0.0,12062000.0,1.0,58175481.0,56748309,,3.716,8300672000.0,0.0,0.0,36348000.0,146.272,
79,AIV,MRQ,2001-09-30,2001-09-30,2001-09-30,2021-08-25,0.0,8054785000.0,,,,,47.413,-107572000.0,216790000.0,216790000.0,150601000.0,26111000.0,,1.74,4445161000.0,,,4445161000.0,8621000.0,81739000.0,31182000.0,0.067,0.996,104898000.0,186637000.0,0.516,186637000.0,104898000.0,26111000.0,0.026,0.026,0.026,2752135000.0,,2752135000.0,7668578508.0,19.0,10.138,36344000.0,0.626,1.0,211077000.0,0.584,106973000.0,78787000.0,12176183000.0,,0.0,983200000.0,,,4788717000.0,,,3354451508.0,-66207000.0,-9147000.0,118847000.0,-147416000.0,-57127000.0,-158770000.0,-51353000.0,-5717000.0,143916000.0,0.0,26111000.0,1770000.0,1770000.0,-1348000.0,0.0,0.005,87154000.0,123923000.0,18240000.0,38.308,1.219,186.172,188.854,6446743000.0,24341000.0,57.789,2.489,2.489,98836000.0,-526989000.0,361678000.0,361678000.0,0.0,,,,,0.0,4319000.0,1.0,58046168.0,58046168,,6.231,7947812000.0,0.0,0.0,33453000.0,136.922,
80,AIV,MRQ,2001-06-30,2001-06-30,2001-06-30,2021-08-25,0.0,8081680000.0,,,,,46.64,-95611000.0,275310000.0,275310000.0,147290000.0,30435000.0,,1.843,4589437000.0,,,4589437000.0,11901000.0,97029000.0,32258000.0,0.061,0.996,108916000.0,205945000.0,0.586,205945000.0,108916000.0,30435000.0,0.14,0.14,0.14,2679889000.0,,2679889000.0,7869173477.0,19.0,10.544,60259000.0,1.049,1.0,204053000.0,0.581,109313000.0,78481000.0,12286494000.0,,0.0,892856000.0,,,4938026000.0,,,3536240477.0,21654000.0,-9862000.0,548000.0,-22512000.0,-56818000.0,-141824000.0,7608000.0,62453000.0,155870000.0,0.0,30435000.0,8027000.0,8027000.0,-2931000.0,0.0,0.023,101905000.0,102148000.0,13627000.0,7.114,1.32,114.977,112.101,6468668000.0,22408000.0,61.543,2.813,2.813,135145000.0,-471787000.0,351343000.0,351343000.0,0.0,,,,,0.0,4457000.0,1.0,57459433.0,57459433,,6.115,7972367000.0,0.0,0.0,33897000.0,138.748,
81,AIV,MRQ,2001-03-31,2001-03-31,2001-03-31,2021-08-25,3550000.0,8137627000.0,,,,,48.456,-42613000.0,269014000.0,269014000.0,147494000.0,14018000.0,,1.826,4601947000.0,,,4601947000.0,11267000.0,97958000.0,31714000.0,0.065,0.996,98546000.0,196504000.0,0.552,196504000.0,98546000.0,14018000.0,-0.089,-0.089,-0.089,2714257000.0,,2714257000.0,7255224898.0,19.0,10.315,42540000.0,0.759,1.0,208419000.0,0.586,111539000.0,84528000.0,12359021000.0,,0.0,940645000.0,,,4957138000.0,,,3179138898.0,-43376000.0,-26921000.0,54048000.0,-142315000.0,-55138000.0,-185484000.0,56955000.0,96342000.0,85153000.0,0.0,14018000.0,-4677000.0,-4677000.0,681000.0,0.0,-0.013,102050000.0,106369000.0,67291000.0,-11.191,1.171,159.347,158.534,6485978000.0,18695000.0,56.755,2.732,2.732,78412000.0,-424928000.0,355913000.0,355913000.0,0.0,,,,,0.0,4092000.0,1.0,56014998.0,56014998,,6.354,8026088000.0,0.0,0.0,34167000.0,143.285,
82,AIV,MRQ,2000-12-31,2000-12-31,2000-12-31,2021-08-25,0.0,7699874000.0,,,,,47.271,35486000.0,284029000.0,284029000.0,92467000.0,31238000.0,,1.876,4360115000.0,,,4360115000.0,4987000.0,66411000.0,28956000.0,0.056,0.894,100912000.0,167323000.0,0.6,167323000.0,100912000.0,31238000.0,0.23,0.23,0.23,2501657000.0,,2501657000.0,7164205908.0,20.0,10.957,154665000.0,2.923,1.0,186252000.0,0.668,100532000.0,69674000.0,11675428000.0,,0.0,1134646000.0,,,4694200000.0,,,3559091908.0,50571000.0,-27405000.0,1063000.0,39725000.0,-49978000.0,-84653000.0,16045000.0,-67052000.0,119179000.0,0.0,31238000.0,12898000.0,12898000.0,-4355000.0,0.0,0.046,122020000.0,64232000.0,27247000.0,3.887,1.423,98.877,94.188,6099189000.0,18340000.0,63.765,3.448,3.269,2873000.0,-364679000.0,278719000.0,278719000.0,0.0,,,,,0.0,4510000.0,1.0,55815812.0,52921648,,5.267,7599342000.0,0.0,0.0,0.0,143.596,
83,AIV,MRQ,2000-09-30,2000-09-30,2000-09-30,2021-08-25,0.0,7156784000.0,,,,,47.764,-256007000.0,220089000.0,220089000.0,120724000.0,30236000.0,,1.622,3825203000.0,,,3825203000.0,0.0,78447000.0,32899000.0,0.059,0.894,98091000.0,176538000.0,0.651,176538000.0,98091000.0,30236000.0,0.268,0.255,0.268,2528429000.0,,2528429000.0,6265212350.0,19.0,10.307,-125733000.0,-2.375,1.0,150355000.0,0.555,0.0,67855000.0,10761898000.0,,0.0,1249094000.0,,,4101388000.0,,,3113212350.0,15835000.0,1171000.0,203644000.0,135729000.0,-46270000.0,251235000.0,-365674000.0,-181419000.0,130274000.0,0.0,30236000.0,14508000.0,14508000.0,0.0,0.0,0.054,60050000.0,90305000.0,243286000.0,3.336,1.231,94.742,92.18,5471364000.0,15728000.0,58.811,3.188,3.188,0.0,-330823000.0,271079000.0,271079000.0,0.0,,,,,0.0,4936000.0,1.0,52936033.0,52936033,,5.121,7156784000.0,0.0,0.0,0.0,135.197,
84,AIV,MRQ,2000-06-30,2000-06-30,2000-06-30,2021-08-25,0.0,6337567000.0,,,,,42.626,-33658000.0,199020000.0,199020000.0,114263000.0,11822000.0,,1.595,3351020000.0,,,3351020000.0,0.0,86783000.0,31835000.0,0.061,0.894,76219000.0,163002000.0,0.632,163002000.0,76219000.0,11822000.0,-0.051,-0.051,-0.051,2242215000.0,,2242215000.0,5702988039.0,20.0,11.069,47696000.0,0.907,1.0,143801000.0,0.557,0.0,64397000.0,9489567000.0,,0.0,971250000.0,,,3576861000.0,,,2925631039.0,-46181000.0,-976000.0,10856000.0,43117000.0,-46710000.0,-39387000.0,-88148000.0,-50304000.0,81354000.0,0.0,11822000.0,-2778000.0,-2778000.0,0.0,0.0,-0.011,78561000.0,65240000.0,194006000.0,-17.529,1.305,126.088,117.836,4953798000.0,14600000.0,55.619,3.543,3.543,0.0,-294309000.0,258064000.0,258064000.0,0.0,,,,,0.0,4414000.0,1.0,52601517.0,52601517,,4.906,6337567000.0,0.0,0.0,0.0,120.483,
85,AIV,MRQ,2000-03-31,2000-03-31,2000-03-31,2021-08-25,0.0,6018509000.0,,,,,43.249,-25210000.0,229693000.0,229693000.0,96759000.0,25882000.0,,1.418,3007050000.0,,,3007050000.0,0.0,62866000.0,26797000.0,0.067,0.894,84089000.0,146955000.0,0.655,146955000.0,84089000.0,25882000.0,0.217,0.217,0.217,2272684000.0,,2272684000.0,4960491663.0,19.0,11.305,44347000.0,0.844,1.0,127561000.0,0.569,0.0,58207000.0,8795866000.0,,0.0,1072205000.0,,,3222756000.0,,,2562401663.0,35286000.0,-4679000.0,33205000.0,111108000.0,-45642000.0,74933000.0,-109204000.0,-96268000.0,69557000.0,0.0,25882000.0,11367000.0,11367000.0,0.0,0.0,0.051,52000000.0,75561000.0,188909000.0,4.12,1.127,72.992,68.199,4511782000.0,14515000.0,48.762,3.746,3.746,0.0,-244821000.0,224320000.0,224320000.0,0.0,,,,,0.0,4264000.0,1.0,52548961.0,52548961,,4.269,6018509000.0,0.0,0.0,0.0,114.531,
86,AIV,MRQ,1999-12-31,1999-12-31,1999-12-31,2021-08-25,0.0,5684951000.0,,,,,43.839,-29099000.0,186199000.0,186199000.0,-15404000.0,23541000.0,,1.274,2584289000.0,,,2584289000.0,0.0,50100000.0,22793000.0,0.063,0.798,71249000.0,121349000.0,0.544,121349000.0,71249000.0,23541000.0,0.204,0.192,0.204,2259396000.0,,2259396000.0,4240411759.0,19.0,11.498,61429000.0,1.192,1.0,238477000.0,1.069,0.0,47708000.0,8083041000.0,,0.0,1185059000.0,,,2878709000.0,,,2657824759.0,45401000.0,-29620000.0,-6001000.0,114526000.0,-41283000.0,46917000.0,-92044000.0,-82348000.0,90528000.0,0.0,23541000.0,9763000.0,9763000.0,0.0,0.0,0.044,173096000.0,65381000.0,271627000.0,3.912,1.176,110.402,102.07,4096200000.0,13778000.0,50.831,4.644,4.33,0.0,-216327000.0,223073000.0,223073000.0,0.0,,,,,0.0,6942000.0,1.0,52287846.0,51538534,51978688.0,4.328,5684951000.0,0.0,0.0,0.0,110.305,
87,AIV,MRQ,1999-09-30,1999-09-30,1999-09-30,2021-08-25,0.0,4507168000.0,,,,,45.57,-78294000.0,110301000.0,110301000.0,91065000.0,18629000.0,,0.805,1692888000.0,,,1692888000.0,0.0,33971000.0,13461000.0,0.064,0.798,49951000.0,83922000.0,0.697,83922000.0,49951000.0,18629000.0,0.102,0.089,0.102,2297349000.0,,2297349000.0,3952039338.0,20.0,12.023,-19292000.0,-0.383,1.0,29333000.0,0.244,0.0,31322000.0,6089755000.0,,0.0,1378645000.0,,,1848881000.0,,,2490869338.0,4545000.0,1455000.0,54828000.0,103385000.0,-40010000.0,93064000.0,-147521000.0,-70682000.0,59002000.0,0.0,18629000.0,4851000.0,4851000.0,0.0,0.0,0.04,-4405000.0,33738000.0,142532000.0,7.824,1.084,148.904,136.421,2761364000.0,13778000.0,48.839,5.407,5.345,0.0,-182214000.0,120398000.0,120398000.0,0.0,,,,,0.0,2963000.0,1.0,51001869.0,50413876,51260504.0,2.388,4507168000.0,0.0,0.0,0.0,89.403,
88,AIV,MRQ,1999-06-30,1999-06-30,1999-06-30,2021-08-25,0.0,4400690000.0,,,,,46.576,-25997000.0,105925000.0,105925000.0,75433000.0,23117000.0,,0.775,1567095000.0,,,1567095000.0,0.0,33714000.0,13475000.0,0.056,0.798,52851000.0,86565000.0,0.745,86565000.0,52851000.0,23117000.0,0.192,0.179,0.192,2273425000.0,,2273425000.0,4167530626.0,23.0,13.356,13308000.0,0.273,1.0,40804000.0,0.351,0.0,29734000.0,5861860000.0,,0.0,1349025000.0,,,1762042000.0,,,2652461626.0,13097000.0,533000.0,121453000.0,-64337000.0,-38220000.0,-46862000.0,20654000.0,46118000.0,39305000.0,0.0,23117000.0,9124000.0,9124000.0,0.0,0.0,0.078,-2731000.0,43535000.0,181472000.0,4.156,1.167,127.59,109.607,2689942000.0,13993000.0,54.585,5.965,5.991,0.0,-148685000.0,116237000.0,116237000.0,0.0,,,,,0.0,2263000.0,1.0,48593656.0,48810689,49773228.0,2.381,4400690000.0,0.0,0.0,0.0,90.158,
89,AIV,MRQ,1999-03-31,1999-03-31,1999-03-31,2021-08-25,0.0,4291747000.0,,,,,48.674,-15863000.0,93826000.0,93826000.0,82686000.0,13956000.0,,0.822,1608895000.0,,,1608895000.0,0.0,33381000.0,13404000.0,0.064,0.798,45286000.0,78667000.0,0.699,78667000.0,45286000.0,13956000.0,0.013,0.013,0.013,2152613000.0,,2152613000.0,3768644341.0,23.0,13.401,48559000.0,1.098,1.0,29900000.0,0.266,126716000.0,31330000.0,5680100000.0,,0.0,1320889000.0,,,1768621000.0,,,2235060341.0,-32744000.0,17860000.0,114907000.0,-86395000.0,-35141000.0,-34971000.0,-62195000.0,-64192000.0,64422000.0,0.0,13956000.0,336000.0,336000.0,0.0,0.0,0.003,-3548000.0,33448000.0,146322000.0,61.385,1.038,110.015,84.308,2618043000.0,13620000.0,46.285,5.342,4.892,0.0,-121660000.0,112586000.0,112586000.0,0.0,,,,,0.0,3081000.0,1.0,48288957.0,44225117,45747636.0,2.546,4165031000.0,0.0,0.0,0.0,94.178,
90,AIV,MRQ,1998-12-31,1998-12-31,1998-12-31,2021-08-25,0.0,4248800000.0,,,,,51.618,-141055000.0,127131000.0,127131000.0,73511000.0,12630000.0,,0.979,1660715000.0,,,1660715000.0,0.0,34266000.0,12654000.0,0.061,0.718,45298000.0,79564000.0,0.714,79564000.0,45298000.0,12630000.0,0.051,0.013,0.051,1902564000.0,,1902564000.0,2938533109.0,19.0,11.501,-43466000.0,-1.179,1.0,37928000.0,0.34,0.0,32668000.0,5782384000.0,,0.0,1227946000.0,,,1862184000.0,,,1790000109.0,27624000.0,-22796000.0,133437000.0,-17582000.0,-26723000.0,72903000.0,-142868000.0,-15485000.0,97589000.0,0.0,12630000.0,2417000.0,2417000.0,0.0,0.0,0.022,1237000.0,36691000.0,188815000.0,14.078,0.941,47.179,44.255,2601022000.0,10213000.0,47.485,4.746,4.456,0.0,-87693000.0,111439000.0,111439000.0,0.0,,,,,0.0,6320000.0,1.0,37695843.0,36858441,44016004.0,3.023,4248800000.0,0.0,0.0,0.0,115.273,
91,AIV,MRQ,1998-09-30,1998-09-30,1998-09-30,2021-08-25,0.0,3121949000.0,,,,,41.28,-46636000.0,126868000.0,126868000.0,73124000.0,16582000.0,,0.934,1275401000.0,,,1275401000.0,0.0,28678000.0,13171000.0,0.057,0.718,38560000.0,67238000.0,0.644,67238000.0,38560000.0,16582000.0,0.243,0.243,0.243,1521527000.0,,1521527000.0,3006065097.0,22.0,,-1649000.0,-0.045,1.0,31312000.0,0.3,120503000.0,21978000.0,4149979000.0,,0.0,373929000.0,,,1420371000.0,,,1816033097.0,-5639000.0,-12519000.0,237267000.0,-72439000.0,-26650000.0,34158000.0,-84784000.0,-25629000.0,44987000.0,0.0,16582000.0,8912000.0,8912000.0,0.0,0.0,0.085,355000.0,30957000.0,131799000.0,2.955,1.194,39.598,33.105,2397334000.0,7670000.0,48.2,5.476,5.357,11545000.0,-63521000.0,104436000.0,104436000.0,0.0,,,,,0.0,3341000.0,1.0,37676746.0,36858441,37125509.0,2.833,3001446000.0,0.0,0.0,0.0,81.432,
92,AIV,MRQ,1998-06-30,1998-06-30,1998-06-30,2021-08-25,-217000.0,3054741000.0,,,,,39.304,-42297000.0,124443000.0,124443000.0,59785000.0,13620000.0,,1.063,1314475000.0,,,1314475000.0,0.0,22794000.0,12882000.0,0.052,0.718,32957000.0,55751000.0,0.62,55751000.0,32957000.0,13620000.0,0.243,0.243,0.243,1394394000.0,,1394394000.0,2377452844.0,20.0,12.87,-46120000.0,-1.3,1.0,30143000.0,0.335,122068000.0,19337000.0,4122705000.0,,0.0,357671000.0,,,1482486000.0,,,1633090844.0,13372000.0,46374000.0,1346000.0,107483000.0,-23424000.0,70839000.0,-53644000.0,-57721000.0,-3823000.0,0.0,13620000.0,8651000.0,8651000.0,0.0,0.0,0.096,-935000.0,31078000.0,155129000.0,2.955,1.171,37.907,32.921,2323004000.0,4969000.0,50.435,5.948,6.517,26201000.0,-48203000.0,89928000.0,89928000.0,0.0,,,,,0.0,2129000.0,1.0,32380223.0,35476896,35665644.0,2.535,2932673000.0,0.0,0.0,0.0,82.664,
93,AIV,MRQ,1998-03-31,1998-03-31,1998-03-31,2021-08-25,-1843000.0,2220471000.0,,,,,35.859,-5143000.0,67134000.0,67134000.0,44379000.0,21642000.0,,0.783,811496000.0,,,811496000.0,0.0,15872000.0,10023000.0,0.051,0.718,37083000.0,52955000.0,0.742,52955000.0,37083000.0,21642000.0,0.562,0.549,0.562,1155063000.0,,1155063000.0,2348038226.0,23.0,,4518000.0,0.14,1.0,26957000.0,0.378,123634000.0,15441000.0,2841199000.0,,0.0,358216000.0,,,904328000.0,,,1600825226.0,-1140000.0,-41882000.0,3654000.0,-45946000.0,-23248000.0,36224000.0,-47025000.0,0.0,9661000.0,0.0,21642000.0,17961000.0,17961000.0,0.0,0.0,0.252,-3505000.0,30462000.0,82809000.0,1.278,1.386,40.328,30.307,1573470000.0,3681000.0,49.158,7.074,6.997,24586000.0,-33900000.0,71336000.0,71336000.0,0.0,,,,,0.0,2125000.0,1.0,32564902.0,32210998,32353538.0,2.215,2096837000.0,0.0,0.0,0.0,65.097,
94,AIV,MRQ,1997-12-31,1997-12-31,1997-12-31,2021-08-25,-1683000.0,2100510000.0,,,,,55.484,,61317000.0,61317000.0,47532000.0,11818000.0,,0.868,808530000.0,,,808530000.0,0.0,,10213000.0,0.05,0.591,29844000.0,,,,29844000.0,11818000.0,0.409,0.396,0.409,1045300000.0,,1045300000.0,,,,,,1.0,18391000.0,0.279,125239000.0,18026000.0,2722484000.0,,0.0,318753000.0,,,906913000.0,,,1528060443.0,,,,,,,,,,,11818000.0,10338000.0,10338000.0,0.0,0.0,0.157,-4105000.0,22496000.0,88170000.0,1.445,1.462,58.061,33.709,1510206000.0,1480000.0,46.924,7.917,4.58,0.0,-30928000.0,65923000.0,65923000.0,0.0,,,,,,3547000.0,1.0,32564902.0,18839612,19138007.0,3.499,1975271000.0,0.0,0.0,0.0,104.847,
95,AIV,MRQ,1997-09-30,1997-09-30,1997-09-30,2021-08-25,,,,,,,,,,,32375000.0,6967000.0,,,,,,,,,,0.05,0.591,19722000.0,,,,19722000.0,6967000.0,0.319,0.319,0.319,,,,,,,,,1.0,14989000.0,0.316,,12755000.0,,,,,,,,,,,,,,,,,,,,,6967000.0,6132000.0,6132000.0,0.0,0.0,0.129,-2316000.0,17305000.0,,1.853,,,,,835000.0,46.132,,,,,47364000.0,47364000.0,0.0,,,,,,771000.0,1.0,,19129392,19273498.0,2.476,,,0.0,,,
96,AIV,MRQ,1997-06-30,1997-06-30,1997-06-30,2021-08-25,,,,,,,,-57705000.0,,,26931000.0,5264000.0,,,,,,,,8662000.0,,0.063,0.591,16416000.0,25078000.0,0.602,25078000.0,16416000.0,5264000.0,0.332,0.332,0.332,,,,,,,-58646000.0,-3.677,1.0,14748000.0,0.354,,11152000.0,,,,,,,,,,,9990000.0,-45426000.0,62872000.0,51133000.0,-10241000.0,114062000.0,-103131000.0,0.0,-941000.0,0.0,5264000.0,5264000.0,5264000.0,0.0,0.0,0.126,-2271000.0,17019000.0,,1.78,,,,,0.0,36.07,,,,,41679000.0,41679000.0,0.0,,,,,0.0,580000.0,1.0,,15950427,16058507.0,2.613,,,0.0,,,
97,AIV,MRQ,1997-03-31,1997-03-31,1997-03-31,2021-08-25,,,,,,,,-5003000.0,,,24652000.0,4584000.0,,,,,,,,8405000.0,,0.06,0.591,14036000.0,22441000.0,0.59,22441000.0,14036000.0,4584000.0,0.358,0.358,0.358,,,,,,,20973000.0,1.628,1.0,13388000.0,0.352,,9452000.0,,,,,,,,,,,-1639000.0,0.0,51463000.0,-65721000.0,-7183000.0,-22612000.0,-5003000.0,0.0,25976000.0,0.0,4584000.0,4584000.0,4584000.0,0.0,0.0,0.121,-2323000.0,15711000.0,,1.651,,,,,0.0,37.194,,,,,38040000.0,38040000.0,0.0,,,,,0.0,-204000.0,1.0,,12886592,12989973.0,2.952,,,0.0,,,
98,AIV,MRQ,1996-12-31,1996-12-31,1996-12-31,2021-08-25,0.0,827673000.0,,,,,22.196,,29001000.0,29001000.0,,,,2.516,522146000.0,,,522146000.0,0.0,,4316000.0,0.06,0.543,,,,,,,,,,215749000.0,,215749000.0,,,,,,1.0,,,0.0,,1320818000.0,,0.0,0.0,,,542761000.0,,,,,,,,,,,,,,,,,,,,,,16299000.0,,,,26.898,751914000.0,,36.07,,3.488,4344000.0,-14055000.0,,,,,,,,,,1.0,,9720159,,,827673000.0,0.0,,0.0,85.15,
0,AIV,MRT,2021-06-30,2021-06-30,2021-06-30,2021-08-25,0.0,2312139000.0,3353162500.0,,,-0.063,3.37,-70348000.0,295233000.0,295233000.0,-57049000.0,-56904000.0,,3.475,1526965000.0,,,1526965000.0,0.0,-78844000.0,0.0,0.227,1.523,-99702000.0,-178546000.0,0.843,-178546000.0,-99702000.0,-62391000.0,-0.404,-0.404,-0.404,502721000.0,911201750.0,502721000.0,2182602417.0,-22.0,-12.224,-190393000.0,-1.276,1.0,-154638000.0,0.731,0.0,-37311000.0,3543871000.0,5185550000.0,0.0,322380000.0,,,1746740000.0,,,1006945417.0,20307000.0,0.0,10004000.0,-358943000.0,122058000.0,211658000.0,-71306000.0,0.0,-120045000.0,0.0,-50494000.0,-50408000.0,-50408000.0,0.0,-6410000.0,0.238,-64506000.0,-90132000.0,0.0,-3.77,2.003,-19.976,-16.609,1542367000.0,-86000.0,6.71,-4.757,-4.728,0.0,-16315000.0,-211687000.0,-211687000.0,0.0,-0.015,-0.055,-0.019,0.471,1814000.0,4359000.0,1.0,150066381.0,149166000,149166000.0,-1.419,2312139000.0,0.0,-11897000.0,128279000.0,15.5,
1,AIV,MRT,2021-03-31,2021-03-31,2021-03-31,2021-08-25,0.0,2217890000.0,4555414500.0,,,-0.047,3.498,-11737000.0,235305000.0,235305000.0,-58130000.0,-33405000.0,,3.134,1410962000.0,,,1410962000.0,0.0,-80453000.0,0.0,0.331,2.031,-83050000.0,-163503000.0,0.761,-163503000.0,-83050000.0,-38910000.0,-0.254,-0.254,-0.254,520917000.0,1210024500.0,520917000.0,1699995061.0,-20.0,-10.397,-133066000.0,-0.894,1.0,-156810000.0,0.73,0.0,-44140000.0,3393547000.0,7192287750.0,0.0,314829000.0,,,1632427000.0,,,916140061.0,-39802000.0,0.0,10004000.0,-477939000.0,122058000.0,92822000.0,-11295000.0,0.0,-121329000.0,0.0,-27741000.0,-27655000.0,-27655000.0,0.0,-5664000.0,0.129,-71873000.0,-84937000.0,0.0,-7.996,1.759,-33.127,-24.173,1489281000.0,-86000.0,6.14,-4.262,-4.254,0.0,3375000.0,-214940000.0,-214940000.0,0.0,-0.006,-0.023,-0.012,0.386,704000.0,-1399000.0,1.0,149208479.0,148914000,149046000.0,-1.443,2217890000.0,0.0,-11169000.0,125732000.0,14.894,
2,AIV,MRT,2020-12-31,2020-12-31,2020-12-31,2021-08-25,0.0,1840492000.0,5763003250.0,,,0.026,3.364,-131797000.0,298735000.0,298735000.0,61514000.0,-5771000.0,,2.555,1082590000.0,,,1082590000.0,0.0,77965000.0,0.0,0.481,2.538,12322000.0,90287000.0,0.596,90287000.0,12322000.0,-15190000.0,-0.03,-0.03,-0.03,499778000.0,1509159000.0,499778000.0,4773102815.0,387.0,52.866,-83951000.0,-0.565,1.0,89937000.0,0.594,0.0,27512000.0,2624347000.0,9212891250.0,0.0,307362000.0,,,1277138000.0,,,634796815.0,288615000.0,0.0,0.0,-44193000.0,0.0,370094000.0,-129325000.0,0.0,47846000.0,0.0,-5041000.0,-5041000.0,-5041000.0,0.0,-730000.0,-0.033,104294000.0,-14357000.0,0.0,-84.6,1.27,-125.927,-176.0,1103539000.0,0.0,5.28,4.191,5.18,0.0,-16839000.0,151451000.0,151451000.0,0.0,-0.001,-0.003,0.001,0.081,0.0,10469000.0,1.0,120226670.0,148569000,148569000.0,1.019,1840492000.0,0.0,-10149000.0,131560000.0,12.388,
3,AIV,MRT,2020-09-30,2020-09-30,2020-09-30,2021-08-25,3579000.0,7042129000.0,5617911500.0,,,-0.044,17.683,-314722000.0,268491000.0,268491000.0,-70449000.0,-382295000.0,,2.273,4406797000.0,,,4406797000.0,0.0,-82371000.0,0.0,0.048,2.006,-407329000.0,-489700000.0,1.962,-489700000.0,-407329000.0,-364945000.0,-2.959,-2.959,-2.959,2121391000.0,1512530500.0,2121391000.0,9469404385.0,-23.0,-19.337,-425609000.0,-3.548,1.0,-179192000.0,0.718,0.0,-42384000.0,11180435000.0,9009039000.0,0.0,300326000.0,,,4821512000.0,,,5019729385.0,-189481000.0,0.0,20682000.0,-495652000.0,122374000.0,524912000.0,-603506000.0,-277627000.0,-110887000.0,0.0,-357784000.0,-350057000.0,-350057000.0,0.0,-24511000.0,1.402,-90914000.0,-88278000.0,0.0,-0.678,2.366,-14.34,-14.11,6039984000.0,-7727000.0,41.752,-20.108,-20.064,0.0,-1884602000.0,-249641000.0,-249641000.0,0.0,-0.062,-0.231,-0.045,1.632,0.0,-13355000.0,1.0,120225943.0,119966660,119966660.0,-2.081,7042129000.0,0.0,-7161000.0,0.0,58.701,
4,AIV,MRT,2020-06-30,2020-06-30,2020-06-30,2021-08-25,3807000.0,7121147000.0,5492173750.0,,,-0.043,11.431,-340989000.0,442508000.0,442508000.0,-69132000.0,-353510000.0,,3.089,4892183000.0,,,4892183000.0,0.0,-83082000.0,0.0,0.043,1.981,-390200000.0,-473282000.0,2.012,-473282000.0,-390200000.0,-339308000.0,-2.736,-2.736,-2.736,1698012000.0,1408547500.0,1698012000.0,10030962418.0,-26.0,-21.194,-424686000.0,-2.859,1.0,-166137000.0,0.706,0.0,-50892000.0,11570822000.0,8889096000.0,0.0,293427000.0,,,5245970000.0,,,5603246418.0,11854000.0,0.0,20682000.0,139177000.0,125350000.0,716688000.0,-621137000.0,-277627000.0,-83697000.0,0.0,-330798000.0,-323008000.0,-323008000.0,0.0,-22712000.0,1.373,-102717000.0,-63420000.0,0.0,-0.724,3.3,-17.347,-17.034,6008489000.0,-7790000.0,46.606,-23.816,-29.427,0.0,-1798561000.0,-235269000.0,-235269000.0,0.0,-0.059,-0.229,-0.044,1.659,0.0,-10878000.0,1.0,120225214.0,148549000,148569000.0,-1.584,7121147000.0,0.0,-8510000.0,0.0,47.938,
5,AIV,MRT,2020-03-31,2020-03-31,2020-03-31,2021-08-25,4139000.0,7048245000.0,5272088000.0,,,-0.009,11.562,-392864000.0,374816000.0,374816000.0,-7401000.0,-286627000.0,,3.0,4802532000.0,,,4802532000.0,0.0,-10188000.0,0.0,0.045,1.956,-294867000.0,-305055000.0,6.324,-305055000.0,-294867000.0,-277707000.0,-2.261,-2.261,-2.261,1717455000.0,1424849000.0,1717455000.0,9562791630.0,-32.0,-31.348,-400997000.0,-2.699,1.0,-40833000.0,0.847,0.0,-17160000.0,11475961000.0,8539476500.0,0.0,286472000.0,,,5151631000.0,,,5234903630.0,-120447000.0,0.0,20682000.0,178391000.0,67405000.0,559599000.0,-671913000.0,-277627000.0,-8133000.0,0.0,-269402000.0,-266837000.0,-266837000.0,0.0,-17225000.0,5.532,-16329000.0,-24504000.0,0.0,-0.865,3.048,-19.618,-19.249,6025659000.0,-2565000.0,43.523,-108.531,-134.041,0.0,-1776782000.0,-48234000.0,-48234000.0,0.0,-0.051,-0.187,-0.035,6.113,0.0,-1005000.0,1.0,120278724.0,148549000,148569000.0,-0.325,7048245000.0,0.0,-8305000.0,0.0,47.447,
6,AIV,MRT,2019-12-31,2019-12-31,2019-12-31,2021-08-25,0.0,1260125000.0,5080969000.0,,,0.028,3.455,-135229000.0,10120000.0,10120000.0,57541000.0,113000.0,,1.445,558933000.0,,,558933000.0,0.0,64030000.0,0.0,0.06,3.838,15601000.0,79631000.0,0.554,79631000.0,15601000.0,-2997000.0,0.0,0.0,0.0,513264000.0,1466394250.0,513264000.0,11851379032.0,760.0,148.829,-77300000.0,-0.52,1.0,86151000.0,0.6,0.0,18598000.0,1808938000.0,8174087000.0,0.0,292999000.0,,,741845000.0,,,7689894032.0,5315000.0,0.0,0.0,70900000.0,0.0,360242000.0,-412856000.0,-277627000.0,57929000.0,0.0,304000.0,304000.0,304000.0,0.0,-191000.0,0.002,71092000.0,15059000.0,0.0,,14.982,25295.704,,935968000.0,0.0,63.954,53.517,66.115,0.0,0.0,143692000.0,143692000.0,0.0,0.0,0.0,0.002,0.109,0.0,7062000.0,1.0,120241803.0,148549000,148569000.0,0.967,1260125000.0,0.0,-3301000.0,148227000.0,8.483,
7,AIV,MRT,2019-09-30,2019-09-30,2019-09-30,2021-08-25,4488000.0,6539178000.0,6313438750.0,,,0.012,14.227,-291995000.0,93225000.0,93225000.0,36524000.0,-338091000.0,,2.728,4254710000.0,,,4254710000.0,0.0,45963000.0,0.0,0.059,3.841,-304659000.0,-258696000.0,-3.402,-258696000.0,-304659000.0,-304070000.0,-2.456,-2.444,-2.456,1705459000.0,1762933000.0,1705459000.0,11694362136.0,-38.0,-45.205,-262687000.0,-2.191,1.0,39513000.0,0.52,0.0,-589000.0,10700663000.0,10270121000.0,0.0,0.0,,,4651926000.0,,,7762822136.0,58591000.0,0.0,-20682000.0,447753000.0,-4382000.0,322254000.0,-292971000.0,-3242000.0,29308000.0,0.0,-315006000.0,-315323000.0,-315323000.0,0.0,-23085000.0,-4.147,45590000.0,-6077000.0,0.0,-1.564,4.552,-24.619,-26.287,6050892000.0,317000.0,64.56,102.093,101.784,0.0,-1797851000.0,76037000.0,76037000.0,0.0,-0.05,-0.179,-0.03,-4.007,0.0,492000.0,1.0,120241410.0,119877822,120040960.0,0.634,6539178000.0,0.0,10936000.0,0.0,54.549,
8,AIV,MRT,2019-06-30,2019-06-30,2019-06-30,2021-08-25,4866000.0,6240804000.0,6224899500.0,,,0.014,14.715,452961000.0,65907000.0,65907000.0,38321000.0,261856000.0,,2.437,3997447000.0,,,3997447000.0,0.0,44831000.0,0.0,0.062,3.843,296136000.0,340967000.0,3.844,340967000.0,296136000.0,293244000.0,2.15,2.162,2.15,1763218000.0,1867988750.0,1763218000.0,11189916866.0,38.0,32.818,490860000.0,4.097,1.0,50370000.0,0.568,0.0,2892000.0,10172344000.0,10026833000.0,0.0,0.0,,,4296760000.0,,,7459282866.0,-3368000.0,0.0,-20682000.0,-354398000.0,-6062000.0,-494635000.0,453368000.0,0.0,37899000.0,0.0,253006000.0,249703000.0,249703000.0,0.0,8850000.0,2.815,48120000.0,2250000.0,0.0,1.787,4.23,29.873,28.865,5719000000.0,3303000.0,62.059,84.104,83.843,0.0,-1741765000.0,88691000.0,88691000.0,0.0,0.04,0.134,0.03,3.339,0.0,2376000.0,1.0,120196402.0,119823711,120011079.0,0.74,6240804000.0,0.0,40238000.0,0.0,52.083,
9,AIV,MRT,2019-03-31,2019-03-31,2019-03-31,2021-08-25,4851000.0,6283769000.0,6300787500.0,,,0.018,16.171,384548000.0,198389000.0,198389000.0,46361000.0,199016000.0,,2.242,3929023000.0,,,3929023000.0,0.0,50392000.0,0.0,0.062,3.845,244599000.0,294991000.0,2.572,294991000.0,244599000.0,231342000.0,1.679,1.692,1.679,1883636000.0,1830919500.0,1883636000.0,11258251001.0,46.0,38.165,438328000.0,3.763,1.0,68317000.0,0.596,0.0,13257000.0,10014403000.0,10206523500.0,0.0,0.0,,,4222302000.0,,,7255181001.0,129023000.0,0.0,-20682000.0,-300495000.0,-7753000.0,-310945000.0,386188000.0,0.0,53780000.0,0.0,193584000.0,193286000.0,193286000.0,0.0,5432000.0,1.685,56810000.0,11507000.0,0.0,2.29,3.852,37.536,37.087,5643853000.0,298000.0,62.27,63.266,63.25,0.0,-1742998000.0,114678000.0,114678000.0,0.0,0.031,0.106,0.024,2.133,0.0,4760000.0,1.0,116512378.0,116484215,116656238.0,0.984,6283769000.0,0.0,37758000.0,0.0,53.945,
10,AIV,MRT,2018-12-31,2018-12-31,2018-12-31,2021-08-25,4794000.0,6190004000.0,6293667750.0,,,0.021,11.44,-37844000.0,72595000.0,72595000.0,53552000.0,3411000.0,,2.545,4075665000.0,,,4075665000.0,0.0,49375000.0,0.0,0.035,1.941,23147000.0,72522000.0,0.549,72522000.0,23147000.0,3504000.0,0.02,0.02,0.02,1699419000.0,1777558000.0,1699419000.0,10372159514.0,448.0,143.021,15642000.0,0.105,1.0,78611000.0,0.595,0.0,19643000.0,10193074000.0,10295698750.0,0.0,0.0,,,4325072000.0,,,6829669514.0,-281000.0,0.0,0.0,-24729000.0,0.0,-15923000.0,-37844000.0,0.0,53486000.0,0.0,3243000.0,3243000.0,3243000.0,0.0,168000.0,0.025,55141000.0,23470000.0,0.0,97.05,4.019,2105.973,2801.367,5723475000.0,0.0,56.027,51.676,62.974,0.0,-1947507000.0,132163000.0,132163000.0,0.0,0.001,0.002,0.002,0.175,0.0,5766000.0,1.0,121898863.0,148549000,148569000.0,0.89,6190004000.0,0.0,261000.0,0.0,41.67,
11,AIV,MRT,2018-09-30,2018-09-30,2018-09-30,2021-08-25,4850000.0,6185021000.0,6265926750.0,,,0.159,17.319,124851000.0,104299000.0,104299000.0,341609000.0,992952000.0,,1.83,3646789000.0,,,3646789000.0,0.0,383787000.0,0.0,0.034,1.915,1087019000.0,1470806000.0,1.477,1470806000.0,1087019000.0,894633000.0,7.443,7.443,7.443,2125682000.0,1768489250.0,2125682000.0,11290668518.0,10.0,7.677,524700000.0,4.275,1.0,654008000.0,0.657,0.0,192386000.0,9727511000.0,10253782750.0,0.0,0.0,,,3889571000.0,,,6943918518.0,-29297000.0,401983000.0,0.0,-665742000.0,-235327000.0,-957172000.0,528026000.0,3672000.0,399849000.0,0.0,923209000.0,913468000.0,913468000.0,0.0,69743000.0,0.917,487033000.0,166975000.0,0.0,0.257,3.267,7.602,7.57,5730655000.0,9741000.0,56.347,6.974,6.946,0.0,-1894054000.0,995617000.0,995617000.0,0.0,0.146,0.517,0.106,1.092,7877000.0,49774000.0,1.0,123235909.0,122734363,122913654.0,8.112,6185021000.0,0.0,-28576000.0,0.0,50.394,
12,AIV,MRT,2018-06-30,2018-06-30,2018-06-30,2021-08-25,3208000.0,6544356000.0,6262006000.0,,,0.161,13.159,-503474000.0,138571000.0,138571000.0,350863000.0,411179000.0,,2.965,4485321000.0,,,4485321000.0,0.0,379894000.0,0.0,0.035,1.89,510777000.0,890671000.0,0.884,890671000.0,510777000.0,313201000.0,2.965,2.965,2.965,1614941000.0,1600615250.0,1614941000.0,10771725768.0,21.0,12.094,-103282000.0,-0.842,1.0,656908000.0,0.652,0.0,197576000.0,10891106000.0,10428471000.0,0.0,0.0,,,4788239000.0,,,6655911768.0,5559000.0,401983000.0,0.0,-1079000.0,-232004000.0,-292899000.0,-101734000.0,430000.0,400192000.0,0.0,372853000.0,363869000.0,363869000.0,0.0,38326000.0,0.361,477682000.0,179226000.0,0.0,0.637,4.121,18.292,18.216,5935579000.0,8984000.0,54.01,6.605,6.577,0.0,-2402101000.0,1007771000.0,1007771000.0,0.0,0.058,0.227,0.049,0.507,7877000.0,47824000.0,1.0,123234916.0,122727902,122832892.0,8.211,6544356000.0,0.0,-59652000.0,0.0,53.324,
13,AIV,MRT,2018-03-31,2018-03-31,2018-03-31,2021-08-25,3544000.0,6255290000.0,6175717500.0,,,0.163,13.617,-471008000.0,139031000.0,139031000.0,353243000.0,425614000.0,,2.689,4254845000.0,,,4254845000.0,11814000.0,371564000.0,0.0,0.036,1.864,520028000.0,891592000.0,0.886,891592000.0,520028000.0,325500000.0,3.068,3.068,3.068,1670190000.0,1570505500.0,1670190000.0,10357578177.0,20.0,11.617,-71217000.0,-0.581,1.0,653433000.0,0.649,0.0,194528000.0,10371104000.0,10307543000.0,0.0,0.0,,,4491265000.0,,,6411208177.0,408000.0,401983000.0,0.0,274894000.0,-228701000.0,-328457000.0,-70926000.0,430000.0,399791000.0,0.0,385868000.0,376895000.0,376895000.0,0.0,39746000.0,0.374,463862000.0,189571000.0,0.0,0.608,3.839,17.011,16.959,5734738000.0,8973000.0,52.031,6.369,6.339,0.0,-2345206000.0,1006676000.0,1006676000.0,0.0,0.061,0.24,0.05,0.517,7877000.0,44050000.0,1.0,123219332.0,122654409,122757784.0,8.207,6255290000.0,0.0,-60368000.0,0.0,50.999,
14,AIV,MRT,2017-12-31,2017-12-31,2017-12-31,2021-08-25,3603000.0,6079040000.0,6158755000.0,,,0.163,13.584,-387375000.0,142541000.0,142541000.0,354584000.0,347079000.0,,2.599,4088911000.0,,,4088911000.0,0.0,366184000.0,0.0,0.033,1.839,479553000.0,845737000.0,0.841,845737000.0,479553000.0,284938000.0,2.501,2.501,2.501,1663144000.0,1574992000.0,1663144000.0,11120415055.0,23.0,13.149,4697000.0,0.038,1.0,650853000.0,0.647,0.0,194615000.0,10025410000.0,10219730250.0,0.0,0.0,,,4321750000.0,,,6863489055.0,11391000.0,401983000.0,0.0,197347000.0,-225377000.0,-393700000.0,13019000.0,430000.0,392072000.0,0.0,315774000.0,306861000.0,306861000.0,0.0,31305000.0,0.305,456870000.0,193983000.0,0.0,0.735,4.127,22.367,22.315,5630268000.0,8913000.0,55.81,6.826,6.796,0.0,-2367073000.0,1005437000.0,1005437000.0,0.0,0.05,0.195,0.047,0.477,7877000.0,43657000.0,1.0,122978934.0,122430699,122806241.0,8.212,6079040000.0,0.0,-30836000.0,0.0,49.653,
15,AIV,MRT,2017-09-30,2017-09-30,2017-09-30,2021-08-25,1898000.0,6169338000.0,6197199500.0,,,0.161,11.879,-155797000.0,133596000.0,133596000.0,351191000.0,238289000.0,,3.185,4390522000.0,,,4390522000.0,13922000.0,356546000.0,0.0,0.032,1.8,394447000.0,750993000.0,0.751,750993000.0,394447000.0,198541000.0,1.685,1.673,1.685,1454186000.0,1607681750.0,1454186000.0,11095208499.0,28.0,14.774,239397000.0,1.956,1.0,648510000.0,0.649,0.0,195906000.0,10426264000.0,10209952750.0,0.0,0.0,,,4632112000.0,,,6887016499.0,-1268000.0,0.0,0.0,326725000.0,-220605000.0,-255691000.0,-140771000.0,412000.0,395194000.0,0.0,215792000.0,206764000.0,206764000.0,0.0,22497000.0,0.207,411716000.0,236794000.0,0.0,1.068,4.736,33.309,33.235,5771527000.0,9028000.0,56.002,6.889,6.858,0.0,-2572723000.0,999701000.0,999701000.0,0.0,0.033,0.129,0.039,0.395,7629000.0,42854000.0,1.0,122978468.0,122417141,122831448.0,8.166,6169338000.0,0.0,-17251000.0,0.0,50.396,
16,AIV,MRT,2017-06-30,2017-06-30,2017-06-30,2021-08-25,896000.0,6199202000.0,6228326750.0,,,0.16,12.208,-411185000.0,133381000.0,133381000.0,353241000.0,246181000.0,,3.091,4341573000.0,,,4341573000.0,15355000.0,348881000.0,0.0,0.032,1.762,390428000.0,739309000.0,0.744,739309000.0,390428000.0,195827000.0,1.634,1.622,1.634,1494502000.0,1664862000.0,1494502000.0,10579658997.0,27.0,14.31,-33943000.0,-0.277,1.0,640729000.0,0.645,0.0,194601000.0,10407394000.0,10151379000.0,0.0,0.0,,,4619566000.0,,,6747245997.0,-8800000.0,0.0,0.0,370861000.0,-215890000.0,-262672000.0,-123370000.0,412000.0,377242000.0,0.0,211670000.0,200510000.0,200510000.0,0.0,34511000.0,0.202,404408000.0,236321000.0,0.0,1.078,4.515,33.65,33.577,5767352000.0,11160000.0,54.865,6.788,6.757,0.0,-2530585000.0,993970000.0,993970000.0,0.0,0.032,0.12,0.038,0.393,7629000.0,43940000.0,1.0,122978099.0,122416358,122737465.0,8.12,6199202000.0,0.0,-15843000.0,0.0,50.64,
17,AIV,MRT,2017-03-31,2017-03-31,2017-03-31,2021-08-25,-118000.0,6187440000.0,6247083250.0,,,0.159,13.794,-123164000.0,138623000.0,138623000.0,354728000.0,470543000.0,,2.517,3971036000.0,,,3971036000.0,16868000.0,340406000.0,0.0,0.03,1.724,596747000.0,937153000.0,0.941,937153000.0,596747000.0,400110000.0,3.32,3.294,3.32,1688136000.0,1734025500.0,1688136000.0,10717202626.0,18.0,11.436,252988000.0,2.067,1.0,641368000.0,0.644,0.0,196637000.0,10019853000.0,9999417750.0,0.0,0.0,,,4249457000.0,,,6963720626.0,-12787000.0,0.0,0.0,49102000.0,-211084000.0,-267680000.0,-121259000.0,412000.0,376152000.0,0.0,418051000.0,406049000.0,406049000.0,0.0,52492000.0,0.408,400317000.0,241051000.0,0.0,0.519,4.125,17.15,17.056,5745171000.0,12002000.0,56.627,6.991,6.957,0.0,-2489961000.0,996096000.0,996096000.0,0.0,0.065,0.234,0.06,0.599,7629000.0,45448000.0,1.0,122974283.0,122380331,122768010.0,8.139,6187440000.0,0.0,-17941000.0,0.0,50.559,
18,AIV,MRT,2016-12-31,2016-12-31,2016-12-31,2021-08-25,1011000.0,6232818000.0,6235776500.0,,,0.16,14.683,-109401000.0,131150000.0,131150000.0,354913000.0,483273000.0,,2.333,3884632000.0,,,3884632000.0,18452000.0,333066000.0,0.0,0.029,1.685,607957000.0,941023000.0,0.945,941023000.0,607957000.0,411568000.0,3.422,3.409,3.422,1793903000.0,1712782000.0,1793903000.0,11028681464.0,18.0,11.72,267100000.0,2.186,1.0,640941000.0,0.644,0.0,196389000.0,9986300000.0,9970752250.0,0.0,0.0,,,4184651000.0,,,7130559464.0,-6595000.0,0.0,0.0,28490000.0,-206279000.0,-283949000.0,-99147000.0,412000.0,376501000.0,0.0,430410000.0,417781000.0,417781000.0,0.0,52863000.0,0.42,394145000.0,246796000.0,0.0,0.492,3.975,17.068,16.958,5755408000.0,12629000.0,58.032,7.16,7.12,0.0,-2385399000.0,995854000.0,995854000.0,0.0,0.067,0.244,0.061,0.61,7629000.0,46784000.0,1.0,122872955.0,122178269,122483712.0,8.151,6232818000.0,0.0,-18842000.0,0.0,51.014,
19,AIV,MRT,2016-09-30,2016-09-30,2016-09-30,2021-08-25,-434000.0,6293847000.0,6207242250.0,,,0.16,13.767,-181827000.0,157419000.0,157419000.0,355977000.0,381250000.0,,2.593,4055541000.0,,,4055541000.0,46490000.0,324838000.0,0.0,0.028,1.647,506860000.0,831698000.0,0.838,831698000.0,506860000.0,312680000.0,2.643,2.63,2.643,1682907000.0,1669904000.0,1682907000.0,10715444535.0,21.0,12.884,196076000.0,1.604,1.0,636259000.0,0.641,0.0,194180000.0,10191969000.0,9931696500.0,0.0,0.0,,,4363039000.0,,,7190123535.0,2667000.0,0.0,0.0,128024000.0,-201475000.0,-185797000.0,-189439000.0,0.0,377903000.0,0.0,335659000.0,322420000.0,322420000.0,0.0,45591000.0,0.325,384073000.0,252186000.0,47944000.0,0.623,4.272,22.3,22.179,5755678000.0,13239000.0,58.619,7.246,7.222,0.0,-2495877000.0,992236000.0,992236000.0,0.0,0.052,0.193,0.051,0.511,6640000.0,47749000.0,1.0,122657933.0,122239357,122590226.0,8.117,6293847000.0,0.0,-22979000.0,0.0,51.488,
20,AIV,MRT,2016-06-30,2016-06-30,2016-06-30,2021-08-25,-710000.0,6274228000.0,6188196000.0,,,0.16,14.462,36176000.0,430317000.0,430317000.0,354337000.0,374983000.0,,2.41,3955638000.0,,,3955638000.0,57819000.0,317227000.0,0.0,0.029,1.609,507363000.0,824590000.0,0.833,824590000.0,507363000.0,314275000.0,2.707,2.694,2.707,1771156000.0,1649599750.0,1771156000.0,10678661512.0,21.0,12.95,415528000.0,3.393,1.0,635382000.0,0.642,0.0,193088000.0,9799549000.0,9887476750.0,0.0,0.0,,,4269189000.0,,,6915683512.0,8390000.0,0.0,0.0,122910000.0,-196659000.0,-129202000.0,-241760000.0,0.0,379352000.0,0.0,342071000.0,330423000.0,330423000.0,0.0,32912000.0,0.334,377907000.0,257475000.0,43414000.0,0.594,3.905,20.93,20.829,5474290000.0,11648000.0,56.385,6.988,6.977,0.0,-2455302000.0,989719000.0,989719000.0,0.0,0.053,0.2,0.051,0.513,6640000.0,47147000.0,1.0,122651434.0,122471181,122798554.0,8.081,6274228000.0,0.0,-27796000.0,0.0,51.23,
21,AIV,MRT,2016-03-31,2016-03-31,2016-03-31,2021-08-25,-431000.0,6142213000.0,6159062500.0,,,0.16,13.139,-268331000.0,154612000.0,154612000.0,354393000.0,197718000.0,,2.695,3917590000.0,,,3917590000.0,59961000.0,311697000.0,0.0,0.029,1.571,348817000.0,660514000.0,0.672,660514000.0,348817000.0,155018000.0,1.392,1.392,1.392,1603162000.0,1614038250.0,1603162000.0,10284417590.0,29.0,15.57,100862000.0,0.827,1.0,628891000.0,0.64,0.0,193799000.0,9905191000.0,9909535250.0,0.0,0.0,,,4320947000.0,,,6549002590.0,-100036000.0,0.0,-5000.0,55360000.0,-191847000.0,-212318000.0,-256911000.0,0.0,369193000.0,0.0,181507000.0,169845000.0,169845000.0,0.0,16211000.0,0.173,370209000.0,258682000.0,37792000.0,1.129,4.085,38.559,38.36,5527521000.0,11662000.0,53.397,6.66,6.626,0.0,-2625295000.0,983284000.0,983284000.0,0.0,0.028,0.105,0.035,0.355,6640000.0,47593000.0,1.0,122647223.0,122013799,122269118.0,8.059,6142213000.0,0.0,-26489000.0,0.0,50.34,
22,AIV,MRT,2015-12-31,2015-12-31,2015-12-31,2021-08-25,-6040000.0,6118681000.0,6177372500.0,,,0.159,13.349,-175721000.0,137745000.0,137745000.0,362116000.0,271983000.0,,2.63,3849141000.0,,,3849141000.0,64052000.0,306301000.0,0.0,0.029,1.507,420871000.0,727172000.0,0.741,727172000.0,420871000.0,221186000.0,1.941,1.941,1.941,1622391000.0,1617129500.0,1622391000.0,10059062506.0,24.0,13.833,184170000.0,1.515,1.0,619194000.0,0.631,0.0,199685000.0,9830077000.0,9894192250.0,0.0,0.0,,,4266850000.0,,,6261634506.0,21818000.0,0.0,366580000.0,-247022000.0,-184082000.0,-167176000.0,-170897000.0,0.0,359891000.0,0.0,248710000.0,235966000.0,235966000.0,0.0,23273000.0,0.24,362979000.0,256215000.0,36123000.0,0.776,3.86,26.536,26.333,5529461000.0,12744000.0,51.112,6.381,6.33,0.0,-2596917000.0,981310000.0,981310000.0,0.0,0.038,0.146,0.043,0.429,6640000.0,46310000.0,1.0,122509201.0,121532921,121840714.0,8.074,6118681000.0,0.0,-27524000.0,0.0,50.346,
23,AIV,MRT,2015-09-30,2015-09-30,2015-09-30,2021-08-25,-6810000.0,6217662000.0,6171959250.0,,,0.158,13.14,-390702000.0,138471000.0,138471000.0,365041000.0,242066000.0,,2.735,3935899000.0,,,3935899000.0,65694000.0,298284000.0,0.0,0.031,1.456,394123000.0,692407000.0,0.708,692407000.0,394123000.0,190355000.0,1.711,1.711,1.711,1601690000.0,1518465500.0,1601690000.0,9515630833.0,24.0,13.743,-44223000.0,-0.363,1.0,612572000.0,0.627,0.0,203768000.0,10015090000.0,9964610750.0,0.0,0.0,,,4380961000.0,,,5785541833.0,16055000.0,0.0,366580000.0,-103513000.0,-175282000.0,-12708000.0,-317716000.0,0.0,346479000.0,0.0,218306000.0,205599000.0,205599000.0,0.0,23760000.0,0.21,358033000.0,254539000.0,37311000.0,0.851,3.612,28.14,27.626,5580271000.0,12707000.0,47.268,5.918,5.894,0.0,-2616919000.0,977613000.0,977613000.0,0.0,0.033,0.135,0.04,0.403,5781000.0,46515000.0,1.0,122397968.0,121894754,,8.02,6217662000.0,0.0,-27951000.0,0.0,51.008,
24,AIV,MRT,2015-06-30,2015-06-30,2015-06-30,2021-08-25,-7402000.0,6157694000.0,6101909500.0,,,0.16,13.373,-147900000.0,135918000.0,135918000.0,371034000.0,362812000.0,,2.61,3866007000.0,,,3866007000.0,70303000.0,290484000.0,0.0,0.03,1.405,513021000.0,803505000.0,0.822,803505000.0,513021000.0,299732000.0,2.656,2.643,2.656,1628910000.0,1425105750.0,1628910000.0,9399726500.0,18.0,11.698,186549000.0,1.532,1.0,607035000.0,0.621,0.0,213289000.0,9887783000.0,9886960500.0,0.0,0.0,,,4251667000.0,,,5771360500.0,13009000.0,0.0,366580000.0,-407799000.0,-166471000.0,-312583000.0,-8857000.0,0.0,334449000.0,0.0,324409000.0,311126000.0,311126000.0,0.0,38403000.0,0.318,349050000.0,257985000.0,35239000.0,0.529,3.543,18.55,17.754,5564185000.0,13283000.0,47.153,5.901,5.872,0.0,-2589336000.0,978069000.0,978069000.0,0.0,0.051,0.218,0.052,0.525,5781000.0,46160000.0,1.0,122395508.0,121804687,,8.03,6157694000.0,0.0,-24677000.0,0.0,50.554,
25,AIV,MRT,2015-03-31,2015-03-31,2015-03-31,2021-08-25,-7009000.0,6215453000.0,6082152250.0,,,0.161,13.41,7625000.0,259918000.0,259918000.0,377539000.0,378729000.0,,2.657,3888284000.0,,,3888284000.0,76682000.0,286733000.0,0.0,0.034,1.711,532117000.0,818850000.0,0.836,818850000.0,532117000.0,313372000.0,2.809,2.796,2.809,1615527000.0,1302903750.0,1615527000.0,10165815712.0,19.0,12.415,338899000.0,2.813,1.0,602165000.0,0.615,0.0,218745000.0,9843819000.0,9921880000.0,0.0,0.0,,,4292885000.0,,,6151092712.0,126088000.0,0.0,366585000.0,-534690000.0,-157790000.0,-285396000.0,80210000.0,0.0,331274000.0,0.0,337582000.0,325332000.0,325332000.0,0.0,41147000.0,0.332,344026000.0,258139000.0,50860000.0,0.609,3.807,18.907,17.891,5484023000.0,12250000.0,50.256,6.279,6.18,0.0,-2603564000.0,979704000.0,979704000.0,0.0,0.053,0.25,0.054,0.543,5781000.0,44217000.0,1.0,122395025.0,120470916,,8.132,6215453000.0,0.0,-24210000.0,0.0,51.593,
26,AIV,MRT,2014-12-31,2014-12-31,2014-12-31,2021-08-25,-6456000.0,6097028000.0,6049077000.0,,,0.163,10.764,-19800000.0,120416000.0,120416000.0,380964000.0,356111000.0,,3.72,4135139000.0,,,4135139000.0,81882000.0,282608000.0,0.0,0.036,1.685,510173000.0,792781000.0,0.805,792781000.0,510173000.0,289202000.0,2.63,2.63,2.63,1227735000.0,1144796000.0,1227735000.0,9198555533.0,18.0,11.603,301624000.0,2.644,1.0,603399000.0,0.613,0.0,220971000.0,10111751000.0,10030614500.0,0.0,0.0,,,4566986000.0,,,5431529533.0,-26780000.0,0.0,0.0,-263166000.0,-152002000.0,-361882000.0,13678000.0,0.0,321424000.0,0.0,309249000.0,300220000.0,300220000.0,0.0,46862000.0,0.305,341049000.0,262350000.0,41919000.0,0.641,4.424,18.092,18.036,5472779000.0,9029000.0,47.434,5.518,5.496,0.0,-2649542000.0,984363000.0,984363000.0,0.0,0.05,0.262,0.051,0.518,5781000.0,44092000.0,1.0,114506440.0,114062864,114347162.0,8.63,6097028000.0,0.0,-20047000.0,0.0,53.453,
27,AIV,MRT,2014-09-30,2014-09-30,2014-09-30,2021-08-25,-5517000.0,5937463000.0,6044673250.0,,,0.164,10.728,307152000.0,195210000.0,195210000.0,387044000.0,459255000.0,,3.595,3962236000.0,,,3962236000.0,86853000.0,281465000.0,0.0,0.041,1.66,607895000.0,889360000.0,0.896,889360000.0,607895000.0,377959000.0,3.384,3.371,3.384,1228251000.0,1079726500.0,1228251000.0,8600513943.0,14.0,9.67,618014000.0,5.398,1.0,606002000.0,0.61,0.0,229936000.0,9704489000.0,10073879250.0,0.0,0.0,,,4414999000.0,,,4651717943.0,-38436000.0,0.0,0.0,-708911000.0,-149007000.0,-829324000.0,480026000.0,215517000.0,310862000.0,0.0,393215000.0,386074000.0,386074000.0,-121798000.0,66040000.0,0.389,334307000.0,271695000.0,40166000.0,0.491,3.787,12.049,12.006,5224875000.0,7141000.0,40.629,4.684,4.684,0.0,-2647921000.0,993046000.0,993046000.0,0.0,0.064,0.358,0.06,0.612,5645000.0,43080000.0,1.0,114493223.0,114493223,,8.673,5937463000.0,0.0,-15256000.0,0.0,51.859,
28,AIV,MRT,2014-06-30,2014-06-30,2014-06-30,2021-08-25,-5243000.0,6078665000.0,6182684000.0,,,0.16,9.964,163117000.0,257406000.0,257406000.0,384796000.0,394150000.0,,4.079,4206202000.0,,,4206202000.0,93294000.0,284068000.0,0.0,0.04,1.634,553859000.0,837927000.0,0.846,837927000.0,553859000.0,322081000.0,2.873,2.873,2.873,1140102000.0,993200500.0,1140102000.0,8910241964.0,16.0,10.634,459966000.0,4.02,1.0,605350000.0,0.611,0.0,231778000.0,10027461000.0,10427980500.0,0.0,0.0,,,4649938000.0,,,4714636964.0,-13097000.0,0.0,10000.0,-446201000.0,-146042000.0,-580594000.0,270648000.0,215517000.0,296849000.0,0.0,332419000.0,327636000.0,327636000.0,-194233000.0,61731000.0,0.331,336610000.0,268740000.0,37158000.0,0.569,4.135,14.39,14.342,5264939000.0,4783000.0,41.203,4.762,4.762,0.0,-2735097000.0,990146000.0,990146000.0,0.0,0.053,0.33,0.053,0.559,5645000.0,43384000.0,1.0,114423671.0,114423671,,8.653,6078665000.0,0.0,-10338000.0,0.0,53.124,
29,AIV,MRT,2014-03-31,2014-03-31,2014-03-31,2021-08-25,-4503000.0,6083152000.0,6280696500.0,,,0.157,8.629,2084000.0,199218000.0,199218000.0,385270000.0,316524000.0,,4.906,4394823000.0,,,4394823000.0,102347000.0,286501000.0,0.0,0.032,1.251,495950000.0,782451000.0,0.794,782451000.0,495950000.0,261503000.0,2.311,2.311,2.311,983096000.0,921017750.0,983096000.0,8620510623.0,17.0,11.017,333589000.0,2.928,1.0,600203000.0,0.609,0.0,234447000.0,10278757000.0,10707172000.0,0.0,0.0,,,4822580000.0,,,4415113623.0,-11156000.0,0.0,10000.0,-178777000.0,-143026000.0,-435333000.0,92672000.0,96416000.0,331505000.0,0.0,266325000.0,262733000.0,262733000.0,-198735000.0,50199000.0,0.267,338548000.0,261655000.0,35795000.0,0.541,4.491,16.805,16.697,5369420000.0,3592000.0,38.586,4.48,4.461,0.0,-2772345000.0,985473000.0,985473000.0,0.0,0.042,0.285,0.046,0.503,5645000.0,44418000.0,1.0,114423179.0,113932855,114095758.0,8.65,6083152000.0,0.0,-4822000.0,0.0,53.392,
30,AIV,MRT,2013-12-31,2013-12-31,2013-12-31,2021-08-25,-4602000.0,6079413000.0,6352506750.0,,,0.153,8.502,-55178000.0,182788000.0,182788000.0,380051000.0,237825000.0,,4.989,4388185000.0,,,4388185000.0,107775000.0,291910000.0,0.0,0.037,1.226,442379000.0,734289000.0,0.754,734289000.0,442379000.0,205331000.0,1.788,1.788,1.788,967457000.0,897338750.0,967457000.0,8412082934.0,19.0,11.456,270418000.0,2.376,1.0,594002000.0,0.61,0.0,237048000.0,10284810000.0,10857020750.0,0.0,0.0,,,4826716000.0,,,3780694934.0,-28662000.0,0.0,993000.0,-188911000.0,-140052000.0,-419450000.0,65192000.0,96416000.0,325596000.0,0.0,207290000.0,203673000.0,203673000.0,-203229000.0,30535000.0,0.209,344983000.0,249019000.0,43161000.0,0.686,3.908,18.563,18.503,5391209000.0,3617000.0,33.083,3.881,3.865,0.0,-2798853000.0,974053000.0,974053000.0,0.0,0.032,0.227,0.041,0.454,5645000.0,45670000.0,1.0,114280151.0,113790314,113979063.0,8.56,6079413000.0,0.0,-1959000.0,0.0,53.426,
31,AIV,MRT,2013-09-30,2013-09-30,2013-09-30,2021-08-25,-5467000.0,6489506000.0,6432998500.0,,,0.146,7.75,-96961000.0,198133000.0,198133000.0,369372000.0,186470000.0,,6.024,4829521000.0,,,4829521000.0,111390000.0,335390000.0,0.0,0.033,1.175,375161000.0,710551000.0,0.758,710551000.0,375161000.0,152679000.0,1.353,1.353,1.353,882147000.0,884330750.0,882147000.0,8750147964.0,23.0,12.315,225692000.0,1.983,1.0,568343000.0,0.606,0.0,222482000.0,11120894000.0,10931934500.0,0.0,215821000.0,,,5314377000.0,,,4076635964.0,-34893000.0,0.0,936000.0,78333000.0,-134157000.0,-133832000.0,-223714000.0,-116458000.0,322653000.0,0.0,152998000.0,149494000.0,149494000.0,-173447000.0,33472000.0,0.159,347054000.0,221289000.0,27438000.0,0.868,4.621,27.27,26.367,5510043000.0,3504000.0,35.675,4.347,4.33,32925000.0,-2886352000.0,937715000.0,937715000.0,0.0,0.023,0.169,0.034,0.4,4871000.0,46005000.0,1.0,114272601.0,113823991,114003342.0,8.238,6489506000.0,0.0,-319000.0,0.0,57.014,
32,AIV,MRT,2013-06-30,2013-06-30,2013-06-30,2021-08-25,-4365000.0,6470715000.0,6451969000.0,,,0.147,7.48,-14659000.0,170035000.0,170035000.0,378906000.0,160395000.0,,6.258,4843547000.0,,,4843547000.0,116238000.0,342503000.0,0.0,0.029,1.124,348305000.0,690808000.0,0.73,690808000.0,348305000.0,124275000.0,0.983,0.983,0.983,851371000.0,882712000.0,851371000.0,8890783351.0,26.0,12.87,323162000.0,2.839,1.0,567711000.0,0.6,0.0,224030000.0,11144227000.0,10962312250.0,0.0,217013000.0,,,5327673000.0,,,4383024351.0,-266041000.0,0.0,36763000.0,-1721000.0,-128247000.0,-478098000.0,-125764000.0,-102607000.0,337821000.0,0.0,124547000.0,107389000.0,107389000.0,-148424000.0,35848000.0,0.113,362083000.0,205628000.0,33415000.0,1.143,5.148,40.814,39.019,5540513000.0,17158000.0,38.356,4.63,4.612,29906000.0,-2917863000.0,946617000.0,946617000.0,0.0,0.017,0.122,0.032,0.368,4871000.0,47354000.0,1.0,114272187.0,113813810,114090276.0,8.317,6470715000.0,0.0,-272000.0,0.0,56.854,
33,AIV,MRT,2013-03-31,2013-03-31,2013-03-31,2021-08-25,-4664000.0,6370393000.0,6571066750.0,,,0.146,7.814,71324000.0,205701000.0,205701000.0,385958000.0,187547000.0,,5.833,4713460000.0,,,4713460000.0,123652000.0,355834000.0,0.0,0.027,1.047,362346000.0,718180000.0,0.75,718180000.0,362346000.0,135724000.0,0.894,0.894,0.894,888380000.0,956779250.0,888380000.0,8928043549.0,25.0,12.431,388571000.0,3.418,1.0,572202000.0,0.597,0.0,226622000.0,10878152000.0,11065185750.0,0.0,102748000.0,,,5181764000.0,,,4470868549.0,-33676000.0,0.0,642415000.0,-184701000.0,-117196000.0,-395987000.0,45064000.0,22688000.0,317247000.0,0.0,136399000.0,97805000.0,97805000.0,-185534000.0,51148000.0,0.102,377148000.0,195054000.0,25235000.0,1.171,5.033,45.712,43.789,5497884000.0,38594000.0,39.148,4.666,4.645,34477000.0,-2893093000.0,958160000.0,958160000.0,0.0,0.015,0.102,0.033,0.378,4871000.0,49757000.0,1.0,114205320.0,113694765,113694765.0,8.427,6370393000.0,0.0,-675000.0,0.0,56.031,
34,AIV,MRT,2012-12-31,2012-12-31,2012-12-31,2021-08-25,-3542000.0,6401380000.0,6684376000.0,,,0.143,8.692,117160000.0,229998000.0,229998000.0,386355000.0,195361000.0,,5.644,4413083000.0,,,4413083000.0,127561000.0,366750000.0,0.0,0.028,0.97,360971000.0,727721000.0,0.759,727721000.0,360971000.0,131598000.0,0.779,0.779,0.779,915425000.0,950189000.0,915425000.0,8615461669.0,24.0,11.839,433987000.0,4.121,1.0,572156000.0,0.597,0.0,229373000.0,10584465000.0,11287554750.0,0.0,102897000.0,,,5166440000.0,,,3938444669.0,-6653000.0,0.0,643286000.0,-204539000.0,-104006000.0,-435147000.0,111667000.0,31192000.0,316827000.0,0.0,132456000.0,82146000.0,82146000.0,-214117000.0,62905000.0,0.086,393140000.0,179016000.0,30747000.0,1.245,4.302,47.944,44.353,5234961000.0,50310000.0,34.551,4.109,3.797,0.0,-2863287000.0,958511000.0,958511000.0,0.0,0.012,0.086,0.032,0.377,4871000.0,49602000.0,1.0,113989157.0,105322475,105322475.0,9.101,6401380000.0,0.0,-858000.0,0.0,60.779,
35,AIV,MRT,2012-09-30,2012-09-30,2012-09-30,2021-08-25,-6397000.0,6565388000.0,6801996500.0,,,0.135,7.713,68338000.0,261164000.0,261164000.0,371315000.0,89540000.0,,6.147,4938181000.0,,,4938181000.0,133054000.0,389211000.0,0.0,0.026,0.868,279515000.0,668726000.0,0.728,668726000.0,279515000.0,49069000.0,-0.14,-0.14,-0.14,875672000.0,948415000.0,875672000.0,8391308758.0,30.0,12.548,393073000.0,3.462,1.0,547631000.0,0.596,0.0,230446000.0,11242405000.0,11483838500.0,0.0,141537000.0,,,5382333000.0,,,3782693758.0,26684000.0,0.0,643273000.0,-136934000.0,-89390000.0,-393011000.0,94960000.0,34302000.0,324735000.0,0.0,50596000.0,-9333000.0,-9333000.0,-152313000.0,38944000.0,-0.01,397037000.0,150594000.0,28488000.0,-6.2,4.32,-405.303,-237.035,5751208000.0,59929000.0,33.185,4.116,4.1,36540000.0,-2902175000.0,918946000.0,918946000.0,0.0,-0.001,-0.01,0.024,0.304,5381000.0,52027000.0,1.0,113988618.0,113530295,113530295.0,8.094,6565388000.0,0.0,-1527000.0,0.0,57.829,
36,AIV,MRT,2012-06-30,2012-06-30,2012-06-30,2021-08-25,-6292000.0,6947106000.0,6921325000.0,,,0.133,11.502,-12115000.0,481828000.0,481828000.0,376279000.0,40862000.0,,4.79,5090443000.0,,,5090443000.0,133097000.0,390246000.0,0.0,0.022,0.766,245311000.0,635557000.0,0.69,635557000.0,245311000.0,7993000.0,-0.511,-0.511,-0.511,1147640000.0,967325000.0,1147640000.0,8224134289.0,34.0,12.94,303528000.0,3.042,1.0,544281000.0,0.591,0.0,237318000.0,11555721000.0,11677516000.0,0.0,137198000.0,,,5497483000.0,,,3280136289.0,227640000.0,0.0,618475000.0,-152825000.0,-74779000.0,-132697000.0,44694000.0,28490000.0,315643000.0,0.0,10373000.0,-48297000.0,-48297000.0,-133829000.0,30489000.0,-0.052,401114000.0,143167000.0,27054000.0,-1.499,2.858,-67.916,-67.54,5944794000.0,58670000.0,34.513,3.563,3.741,35592000.0,-2897490000.0,920560000.0,920560000.0,0.0,-0.007,-0.05,0.021,0.266,5381000.0,52457000.0,1.0,95041313.0,99774364,99774364.0,9.226,6947106000.0,0.0,-2380000.0,0.0,69.628,
37,AIV,MRT,2012-03-31,2012-03-31,2012-03-31,2021-08-25,-4191000.0,6823630000.0,6975791500.0,,,0.133,9.132,53113000.0,257197000.0,257197000.0,381752000.0,-20240000.0,,6.565,5201195000.0,,,5201195000.0,137892000.0,387997000.0,0.0,0.02,0.689,230024000.0,618021000.0,0.667,618021000.0,230024000.0,-39883000.0,-0.868,-0.868,-0.868,862019000.0,925240000.0,862019000.0,8093940295.0,35.0,13.097,332724000.0,3.525,1.0,544886000.0,0.588,0.0,269907000.0,11767628000.0,11851797250.0,0.0,148481000.0,,,5659357000.0,,,3199403295.0,1874000.0,0.0,46622000.0,-101983000.0,-65150000.0,-312285000.0,34548000.0,-27264000.0,279611000.0,0.0,-35878000.0,-81997000.0,-81997000.0,-108809000.0,15638000.0,-0.088,403345000.0,141541000.0,22822000.0,-0.794,3.712,-39.019,-38.849,6004802000.0,46119000.0,33.721,3.453,3.435,42957000.0,-2873679000.0,926638000.0,926638000.0,0.0,-0.012,-0.089,0.019,0.248,5381000.0,51349000.0,1.0,94878360.0,94394638,94394638.0,9.817,6823630000.0,0.0,-4005000.0,0.0,72.288,
38,AIV,MRT,2011-12-31,2011-12-31,2011-12-31,2021-08-25,-6860000.0,6871862000.0,7085342000.0,,,0.129,9.721,61505000.0,275036000.0,275036000.0,386623000.0,-58164000.0,,6.213,4772774000.0,,,4772774000.0,138808000.0,395332000.0,0.0,0.021,0.613,209287000.0,604619000.0,0.661,604619000.0,209287000.0,-63028000.0,-1.098,-1.098,-1.098,908329000.0,963345250.0,908329000.0,7744601859.0,37.0,12.809,320324000.0,3.428,1.0,527732000.0,0.577,0.0,272315000.0,11369600000.0,12015342750.0,0.0,111205000.0,,,5643804000.0,,,2770188859.0,-20259000.0,0.0,73748000.0,-156597000.0,-57583000.0,-319572000.0,40494000.0,-34439000.0,258819000.0,0.0,-57087000.0,-103161000.0,-103161000.0,-78073000.0,-1077000.0,-0.113,392441000.0,135291000.0,32607000.0,-0.558,3.05,-26.853,-26.641,5590329000.0,46074000.0,29.252,3.03,2.989,41796000.0,-2841467000.0,914355000.0,914355000.0,0.0,-0.015,-0.107,0.017,0.229,5381000.0,50906000.0,1.0,94700195.0,93443847,93443847.0,9.785,6871862000.0,0.0,-5941000.0,0.0,73.54,
39,AIV,MRT,2011-09-30,2011-09-30,2011-09-30,2021-08-25,-8312000.0,7042702000.0,7212018000.0,,,0.128,10.094,27058000.0,285312000.0,285312000.0,391839000.0,-83803000.0,,6.042,5259725000.0,,,5259725000.0,150357000.0,390836000.0,34516000.0,0.021,0.587,207990000.0,598826000.0,0.648,598826000.0,207990000.0,-76577000.0,-1.277,-1.277,-1.277,951312000.0,997773500.0,951312000.0,7760027158.0,37.0,12.959,270770000.0,2.873,1.0,532300000.0,0.576,0.0,284567000.0,12017115000.0,12235340000.0,0.0,178572000.0,,,5748203000.0,,,2672153158.0,-69231000.0,10000.0,87864000.0,-109884000.0,-54777000.0,-339549000.0,26606000.0,-33000000.0,243712000.0,0.0,-65616000.0,-118178000.0,-118178000.0,-55186000.0,-18187000.0,-0.128,397358000.0,134942000.0,24999000.0,-0.46,2.809,-22.611,-22.117,6179415000.0,52562000.0,28.244,2.892,2.88,40848000.0,-2803679000.0,924139000.0,924139000.0,0.0,-0.016,-0.118,0.017,0.225,7331000.0,50729000.0,1.0,94611256.0,94248182,94248182.0,9.805,7042702000.0,61589000.0,-10961000.0,0.0,74.725,
40,AIV,MRT,2011-06-30,2011-06-30,2011-06-30,2021-08-25,-1147000.0,7164972000.0,7355610500.0,,,0.128,10.494,36966000.0,281750000.0,281750000.0,402465000.0,-116942000.0,,5.953,5369624000.0,,,5369624000.0,147082000.0,409622000.0,34982000.0,0.017,0.562,197494000.0,607116000.0,0.644,607116000.0,197494000.0,-93549000.0,-1.443,-1.443,-1.443,979300000.0,1058388000.0,979300000.0,8211079916.0,42.0,13.525,278711000.0,2.987,1.0,540407000.0,0.573,0.0,291043000.0,12252846000.0,12430612000.0,0.0,201636000.0,,,5830249000.0,,,3051101916.0,7006000.0,10000.0,76825000.0,-100445000.0,-51972000.0,-231219000.0,-3520000.0,-38573000.0,241745000.0,0.0,-79096000.0,-131877000.0,-131877000.0,-44768000.0,-37846000.0,-0.14,411308000.0,129099000.0,25988000.0,-0.389,3.116,-23.136,-22.59,6262701000.0,52781000.0,32.597,3.236,3.226,46472000.0,-2774353000.0,942872000.0,942872000.0,0.0,-0.018,-0.125,0.016,0.209,7331000.0,50084000.0,1.0,93599275.0,93321670,93321670.0,10.103,7164972000.0,61919000.0,-14453000.0,0.0,76.777,
41,AIV,MRT,2011-03-31,2011-03-31,2011-03-31,2021-08-25,-2042000.0,7261832000.0,7491317750.0,,,0.128,11.04,40302000.0,280601000.0,280601000.0,422212000.0,-100141000.0,,5.798,5440579000.0,,,5440579000.0,153345000.0,425765000.0,35323000.0,0.016,0.536,194886000.0,620651000.0,0.646,620651000.0,194886000.0,-79449000.0,-1.277,-1.277,-1.277,1014440000.0,1098497500.0,1014440000.0,8200889289.0,42.0,13.213,298704000.0,3.251,1.0,537818000.0,0.56,0.0,274335000.0,12421810000.0,12632800250.0,0.0,189999000.0,,,5881429000.0,,,3008819289.0,3485000.0,10000.0,44832000.0,-164920000.0,-49319000.0,-331446000.0,76529000.0,19074000.0,258402000.0,0.0,-63470000.0,-116695000.0,-116695000.0,-56272000.0,-36671000.0,-0.122,420482000.0,117336000.0,21818000.0,-0.42,2.966,-25.784,-25.467,6417197000.0,53225000.0,32.521,3.134,3.113,67398000.0,-2726882000.0,960030000.0,960030000.0,0.0,-0.016,-0.106,0.015,0.203,7331000.0,52820000.0,1.0,92519599.0,91883734,91883734.0,10.448,7261832000.0,59435000.0,-15979000.0,0.0,79.033,
42,AIV,MRT,2010-12-31,2010-12-31,2010-12-31,2021-08-25,-2076000.0,7378566000.0,7647129750.0,,,0.125,11.477,39642000.0,310515000.0,310515000.0,429990000.0,-89624000.0,,5.706,5181538000.0,,,5181538000.0,150199000.0,436833000.0,32876000.0,0.012,0.383,187971000.0,624804000.0,0.652,624804000.0,187971000.0,-88567000.0,-1.379,-1.379,-1.379,1046042000.0,1136709750.0,1046042000.0,8205282273.0,44.0,13.133,297142000.0,3.26,1.0,528550000.0,0.551,0.0,276538000.0,12249589000.0,12853622750.0,0.0,176008000.0,,,5968366000.0,,,3024151273.0,30065000.0,13128000.0,15852000.0,-133744000.0,-46729000.0,-313810000.0,86375000.0,19707000.0,257500000.0,0.0,-71728000.0,-125318000.0,-125318000.0,-71153000.0,-17896000.0,-0.131,425967000.0,102583000.0,27323000.0,-0.278,2.891,-24.132,-23.926,6153671000.0,53590000.0,32.993,3.155,3.137,49855000.0,-2680955000.0,958540000.0,958540000.0,0.0,-0.016,-0.11,0.015,0.196,7331000.0,53374000.0,1.0,91659522.0,91138922,91138922.0,10.517,7378566000.0,58736000.0,-16839000.0,0.0,80.96,
43,AIV,MRT,2010-09-30,2010-09-30,2010-09-30,2021-08-25,-4455000.0,7617072000.0,7779105250.0,,,0.13,13.091,236882000.0,361431000.0,361431000.0,458380000.0,-50456000.0,,5.069,5542562000.0,,,5542562000.0,152533000.0,478973000.0,35833000.0,0.019,0.511,220800000.0,699773000.0,0.69,699773000.0,220800000.0,-68251000.0,-1.021,-1.021,-1.021,1193770000.0,1185128750.0,1193770000.0,7856097913.0,36.0,11.227,523492000.0,5.741,1.0,556015000.0,0.548,0.0,289051000.0,12798203000.0,13062731500.0,0.0,220064000.0,,,6050727000.0,,,2502299913.0,38028000.0,13216000.0,1806000.0,-416477000.0,-46570000.0,-534533000.0,285951000.0,23464000.0,286610000.0,0.0,-44058000.0,-93663000.0,-93663000.0,-133195000.0,-6398000.0,-0.092,457152000.0,98863000.0,23879000.0,-0.5,2.096,-26.716,-26.737,6685389000.0,49605000.0,27.299,2.467,2.454,59169000.0,-2637513000.0,1014395000.0,1014395000.0,0.0,-0.012,-0.079,0.017,0.218,6666000.0,52047000.0,1.0,91663882.0,91189829,91189829.0,11.124,7617072000.0,55290000.0,-24193000.0,0.0,83.53,
44,AIV,MRT,2010-06-30,2010-06-30,2010-06-30,2021-08-25,-2872000.0,7707801000.0,7993471750.0,,,0.128,12.51,485127000.0,290113000.0,290113000.0,476422000.0,-31530000.0,,5.394,5643911000.0,,,5643911000.0,158402000.0,489054000.0,35794000.0,0.021,0.511,212114000.0,701168000.0,0.683,701168000.0,212114000.0,-79171000.0,-1.149,-1.149,-1.149,1139738000.0,1201783250.0,1139738000.0,7683138298.0,36.0,10.958,770501000.0,8.457,1.0,550178000.0,0.536,0.0,291285000.0,13061599000.0,13436514750.0,0.0,256256000.0,,,6148093000.0,,,2263118298.0,-33796000.0,13216000.0,1806000.0,-658722000.0,-46505000.0,-856434000.0,537264000.0,24308000.0,285374000.0,0.0,-56638000.0,-105653000.0,-105653000.0,-160089000.0,25108000.0,-0.103,469635000.0,80543000.0,27647000.0,-0.445,1.986,-21.42,-21.525,6810113000.0,49015000.0,24.732,2.204,2.195,60383000.0,-2597379000.0,1026600000.0,1026600000.0,0.0,-0.013,-0.088,0.016,0.207,6666000.0,52723000.0,1.0,91504872.0,91102895,91102895.0,11.269,7707801000.0,49943000.0,-22533000.0,0.0,84.605,
45,AIV,MRT,2010-03-31,2010-03-31,2010-03-31,2021-08-25,-1251000.0,7885080000.0,8276876750.0,,,0.126,12.845,577804000.0,298937000.0,298937000.0,478536000.0,-28986000.0,,5.371,5718957000.0,,,5718957000.0,173656000.0,495743000.0,36123000.0,0.022,0.511,207975000.0,703718000.0,0.676,703718000.0,207975000.0,-88878000.0,-1.29,-1.29,-1.29,1167289000.0,1244697750.0,1167289000.0,7545572772.0,36.0,10.722,856168000.0,9.421,1.0,563187000.0,0.541,0.0,296853000.0,13305100000.0,13910785000.0,0.0,274511000.0,,,6269361000.0,,,2156559772.0,-15358000.0,13216000.0,0.0,-718515000.0,-46601000.0,-941701000.0,647979000.0,20867000.0,278364000.0,0.0,-67257000.0,-117579000.0,-117579000.0,-168272000.0,38271000.0,-0.113,482889000.0,80298000.0,20662000.0,-0.396,1.847,-18.341,-18.222,6913370000.0,50322000.0,23.506,2.07,2.051,63620000.0,-2567772000.0,1041723000.0,1041723000.0,0.0,-0.014,-0.094,0.015,0.2,6666000.0,52116000.0,1.0,91743287.0,90877337,90877337.0,11.463,7885080000.0,45909000.0,-21621000.0,0.0,86.766,
46,AIV,MRT,2009-12-31,2009-12-31,2009-12-31,2021-08-25,-1138000.0,7906468000.0,8576161250.0,,,0.122,13.849,575587000.0,299920000.0,299920000.0,480430000.0,-44800000.0,,5.046,5479476000.0,,,5479476000.0,178878000.0,495568000.0,34052000.0,0.025,0.511,212678000.0,708246000.0,0.676,708246000.0,212678000.0,-84747000.0,-1.277,-1.277,-1.277,1239718000.0,1299020000.0,1239718000.0,7681462358.0,36.0,10.846,809399000.0,9.042,1.0,567272000.0,0.541,0.0,297425000.0,13086024000.0,14449138750.0,0.0,244888000.0,,,6255109000.0,,,1862664358.0,-218416000.0,98000.0,0.0,-756010000.0,-95335000.0,-1082482000.0,630254000.0,24553000.0,233812000.0,0.0,-64274000.0,-114840000.0,-114840000.0,-152705000.0,19474000.0,-0.11,484110000.0,83162000.0,29819000.0,-0.4,1.502,-16.22,-15.918,6711327000.0,50566000.0,20.327,1.778,1.737,83566000.0,-2492082000.0,1047702000.0,1047702000.0,0.0,-0.013,-0.088,0.015,0.203,6666000.0,56643000.0,1.0,91634312.0,89519287,89519287.0,11.704,7906468000.0,42015000.0,-20473000.0,0.0,88.321,
47,AIV,MRT,2009-09-30,2009-09-30,2009-09-30,2021-08-25,-1846000.0,8474538000.0,8960011750.0,,,0.116,13.926,759336000.0,353798000.0,353798000.0,498860000.0,20569000.0,,5.371,6172596000.0,,,6172596000.0,177754000.0,532541000.0,38865000.0,0.277,5.209,176769000.0,709310000.0,0.681,709310000.0,176769000.0,-116903000.0,0.102,0.102,0.102,1260388000.0,1305596500.0,1260388000.0,7843640226.0,44.0,11.058,988257000.0,10.919,1.0,543344000.0,0.521,0.0,293672000.0,14293336000.0,14917303500.0,0.0,270567000.0,,,6769640000.0,,,1726381226.0,-112013000.0,241000.0,-49518000.0,-645279000.0,-137248000.0,-1134971000.0,794037000.0,18048000.0,228921000.0,0.0,-63518000.0,-117252000.0,-117252000.0,-293616000.0,84087000.0,-0.113,573354000.0,-30010000.0,36317000.0,51.069,1.37,-14.724,184.64,7439829000.0,53734000.0,18.833,1.656,1.636,88353000.0,-2465312000.0,1042204000.0,1042204000.0,0.0,-0.013,-0.09,0.012,0.17,13833000.0,48231000.0,1.0,91666631.0,90507671,90507671.0,11.515,8474538000.0,33267000.0,-53385000.0,0.0,93.633,
48,AIV,MRT,2009-06-30,2009-06-30,2009-06-30,2021-08-25,-473000.0,8841421000.0,9315681000.0,,,0.118,14.496,908036000.0,369546000.0,369546000.0,518041000.0,267511000.0,,5.422,6486805000.0,,,6486805000.0,183594000.0,523495000.0,41427000.0,0.789,8.912,382785000.0,906280000.0,0.823,906280000.0,382785000.0,81004000.0,2.273,2.273,2.273,1311396000.0,1386666000.0,1311396000.0,7412669338.0,19.0,8.179,1157646000.0,12.796,1.0,583180000.0,0.53,0.0,301781000.0,14958680000.0,15403194500.0,0.0,273375000.0,,,7109841000.0,,,1036372338.0,-218049000.0,241000.0,-149509000.0,-744085000.0,-176642000.0,-1488151000.0,1020492000.0,98419000.0,249610000.0,0.0,137726000.0,82782000.0,82782000.0,-410481000.0,129785000.0,0.075,578755000.0,4425000.0,33335000.0,3.921,0.79,12.519,4.971,7692947000.0,54944000.0,11.3,0.941,0.928,95373000.0,-2413472000.0,1101221000.0,1101221000.0,0.0,0.009,0.06,0.025,0.348,13833000.0,62842000.0,1.0,91714737.0,90466162,90466162.0,12.173,8841421000.0,28332000.0,-56722000.0,0.0,97.732,
49,AIV,MRT,2009-03-31,2009-03-31,2009-03-31,2021-08-25,0.0,9082218000.0,9686995250.0,,,0.12,16.033,1385188000.0,358872000.0,358872000.0,535934000.0,618092000.0,,5.267,6735169000.0,,,6735169000.0,184796000.0,516908000.0,42774000.0,1.365,9.551,664395000.0,1181303000.0,1.013,1181303000.0,664395000.0,354595000.0,5.082,5.082,5.082,1384578000.0,1457222250.0,1384578000.0,6861936426.0,10.0,5.809,1749295000.0,20.257,1.0,630200000.0,0.54,0.0,309800000.0,15458515000.0,15940452750.0,0.0,285538000.0,,,7291898000.0,,,642794426.0,-69850000.0,241000.0,-302445000.0,-932880000.0,-218014000.0,-1883461000.0,1449504000.0,80852000.0,364107000.0,0.0,412125000.0,351843000.0,351843000.0,-737841000.0,205967000.0,0.302,595572000.0,34628000.0,32902000.0,1.879,0.464,1.827,1.377,8022385000.0,60282000.0,6.997,0.551,0.518,113522000.0,-2372038000.0,1166134000.0,1166134000.0,0.0,0.036,0.241,0.042,0.57,13833000.0,75269000.0,1.0,91866702.0,86355986,86355986.0,13.504,9082218000.0,27052000.0,-57530000.0,0.0,105.172,
50,AIV,MRT,2008-12-31,2008-12-31,2008-12-31,2021-08-25,-2249000.0,9441870000.0,10054381500.0,,,0.117,18.226,1282456000.0,552991000.0,552991000.0,544025000.0,627002000.0,,6.088,6069804000.0,,,6069804000.0,193810000.0,515548000.0,37244000.0,0.648,9.551,666881000.0,1182429000.0,1.003,1182429000.0,666881000.0,355433000.0,5.056,5.056,5.056,1266024000.0,1498791250.0,1266024000.0,7363603819.0,11.0,6.228,1722824000.0,24.803,1.0,634853000.0,0.539,0.0,311448000.0,14958683000.0,16542731250.0,0.0,281500000.0,,,7706973000.0,,,1023918819.0,89215000.0,241000.0,-501815000.0,-562888000.0,-212286000.0,-1696022000.0,1344869000.0,68174000.0,440368000.0,0.0,412007000.0,351314000.0,351314000.0,-744928000.0,214995000.0,0.298,592538000.0,42315000.0,64241000.0,1.889,0.809,2.915,2.917,7125637000.0,60693000.0,14.747,0.869,0.869,129296000.0,-2335628000.0,1178878000.0,1178878000.0,0.0,0.035,0.234,0.04,0.566,13833000.0,80376000.0,1.0,69430473.0,69461033,69461033.0,16.972,9441870000.0,28326000.0,-56574000.0,0.0,135.93,
51,AIV,MRT,2008-09-30,2008-09-30,2008-09-30,2021-08-25,0.0,9897215000.0,10345547000.0,,,0.112,17.121,707114000.0,526046000.0,526046000.0,508940000.0,638524000.0,,4.923,6865731000.0,,,6865731000.0,190617000.0,485914000.0,45840000.0,0.192,8.568,669645000.0,1155559000.0,1.0,1155559000.0,669645000.0,361858000.0,3.384,3.384,3.384,1584666000.0,1619711250.0,1584666000.0,9779417423.0,15.0,8.463,1221440000.0,13.196,1.0,646203000.0,0.559,0.0,307787000.0,16236900000.0,16924397750.0,0.0,295279000.0,,,7801665000.0,,,2998382423.0,-118447000.0,0.0,-573969000.0,-268032000.0,-216033000.0,-1586976000.0,954203000.0,215443000.0,514326000.0,0.0,392768000.0,328765000.0,328765000.0,-627339000.0,245756000.0,0.285,488121000.0,158082000.0,36477000.0,2.532,1.892,9.12,13.214,8370999000.0,64003000.0,44.715,2.596,3.583,124545000.0,-1959369000.0,1155143000.0,1155143000.0,0.0,0.032,0.203,0.04,0.58,14921000.0,99664000.0,1.0,67055973.0,92558843,92848623.0,12.48,9897215000.0,12706000.0,-30910000.0,0.0,106.929,
52,AIV,MRT,2008-06-30,2008-06-30,2008-06-30,2021-08-25,0.0,10326678000.0,10500995750.0,,,0.111,16.478,217698000.0,647055000.0,647055000.0,522296000.0,398797000.0,,5.141,7428090000.0,,,7428090000.0,205494000.0,482673000.0,48450000.0,0.127,5.503,507436000.0,990109000.0,0.846,990109000.0,507436000.0,191837000.0,1.405,1.405,1.405,1593621000.0,1732792500.0,1593621000.0,10372557607.0,20.0,10.476,758161000.0,7.839,1.0,648201000.0,0.554,0.0,315599000.0,17107713000.0,17176766250.0,0.0,285892000.0,,,8192885000.0,,,3056691607.0,72136000.0,0.0,-522598000.0,328400000.0,-222251000.0,-857416000.0,389089000.0,114526000.0,540463000.0,0.0,216685000.0,147860000.0,147860000.0,-484144000.0,182112000.0,0.126,478677000.0,169524000.0,30931000.0,3.917,1.918,20.673,30.953,8864524000.0,68825000.0,43.489,2.611,3.593,110859000.0,-1867518000.0,1170497000.0,1170497000.0,0.0,0.014,0.085,0.03,0.434,14921000.0,92944000.0,1.0,70286767.0,96711312,96711312.0,12.103,10326678000.0,11059000.0,-24848000.0,0.0,106.778,
53,AIV,MRT,2008-03-31,2008-03-31,2008-03-31,2021-08-25,0.0,10551763000.0,10519236500.0,,,0.114,15.475,-442901000.0,465098000.0,465098000.0,550987000.0,75171000.0,,5.463,7780964000.0,,,7780964000.0,201966000.0,484912000.0,50600000.0,0.12,5.503,279879000.0,764791000.0,0.636,764791000.0,279879000.0,-41508000.0,-1.034,-1.034,-1.034,1550854000.0,1902752000.0,1550854000.0,10287458133.0,37.0,13.451,17766000.0,0.177,1.0,651688000.0,0.542,0.0,321387000.0,17867629000.0,17141660500.0,0.0,301400000.0,,,8471778000.0,,,3285096133.0,-94077000.0,0.0,-393928000.0,717105000.0,-227304000.0,-279950000.0,-274794000.0,110887000.0,460667000.0,0.0,-19941000.0,-88297000.0,-88297000.0,-145555000.0,95112000.0,-0.073,466737000.0,184951000.0,31775000.0,-5.322,2.118,-37.205,-44.22,9285468000.0,68356000.0,45.723,2.731,3.81,107010000.0,-2057487000.0,1202675000.0,1202675000.0,0.0,-0.008,-0.046,0.016,0.233,14921000.0,89964000.0,1.0,71847282.0,100217649,100217649.0,12.001,10551763000.0,15256000.0,-21567000.0,0.0,105.288,
54,AIV,MRT,2007-12-31,2007-12-31,2007-12-31,2021-08-25,0.0,10606532000.0,10457812250.0,,,0.112,23.49,-459290000.0,524155000.0,524155000.0,531075000.0,125506000.0,,4.745,6402972000.0,,,6402972000.0,200199000.0,499937000.0,41141000.0,0.124,5.503,323154000.0,823091000.0,0.701,823091000.0,323154000.0,10116000.0,-0.549,-0.549,-0.549,1749704000.0,2101898500.0,1749704000.0,10046926617.0,31.0,12.206,23652000.0,0.318,1.0,643382000.0,0.548,0.0,313038000.0,16485349000.0,16874979500.0,0.0,295457000.0,,,8301787000.0,,,3319562617.0,-19363000.0,0.0,-253663000.0,640417000.0,-230806000.0,-230706000.0,-271599000.0,116352000.0,482942000.0,0.0,29911000.0,-40586000.0,-40586000.0,-171615000.0,95595000.0,-0.035,457503000.0,185879000.0,65235000.0,-10.024,1.897,-81.791,-80.773,7887042000.0,70497000.0,44.344,2.826,2.812,106421000.0,-2478049000.0,1174457000.0,1174457000.0,0.0,-0.004,-0.019,0.019,0.275,14921000.0,90674000.0,1.0,74858766.0,74486757,74486757.0,15.767,10606532000.0,14426000.0,-19795000.0,0.0,142.395,
55,AIV,MRT,2007-09-30,2007-09-30,2007-09-30,2021-08-25,0.0,10519010000.0,10378623000.0,,,0.119,24.489,-192346000.0,643944000.0,643944000.0,567881000.0,124696000.0,,3.966,7371308000.0,,,7371308000.0,154293000.0,482570000.0,48860000.0,0.053,3.064,437276000.0,919846000.0,0.747,919846000.0,437276000.0,113601000.0,0.37,0.37,0.37,2036991000.0,2249445500.0,2036991000.0,10933530345.0,25.0,11.886,252219000.0,3.032,1.0,663703000.0,0.539,0.0,323675000.0,17246374000.0,16840504750.0,0.0,218265000.0,,,8079024000.0,,,4365881345.0,155211000.0,-22432000.0,-96613000.0,454045000.0,-231768000.0,-23613000.0,-265741000.0,-97801000.0,444565000.0,0.0,124696000.0,56594000.0,56594000.0,-173958000.0,0.0,0.046,470562000.0,193141000.0,57572000.0,8.281,2.143,77.144,155.739,9227619000.0,68102000.0,57.623,3.545,3.892,108643000.0,-1700714000.0,1231584000.0,1231584000.0,0.0,0.005,0.025,0.026,0.355,12314000.0,91588000.0,1.0,75765794.0,83180938,83180938.0,14.806,10519010000.0,12583000.0,-11095000.0,0.0,126.459,
56,AIV,MRT,2007-06-30,2007-06-30,2007-06-30,2021-08-25,0.0,10399641000.0,10304211750.0,,,0.124,28.886,-157397000.0,590982000.0,590982000.0,580021000.0,102162000.0,,3.39,7158631000.0,,,7158631000.0,150326000.0,501239000.0,48038000.0,0.048,3.064,422236000.0,923475000.0,0.723,923475000.0,422236000.0,91067000.0,0.013,0.013,0.013,2273459000.0,2333547750.0,2273459000.0,11393394100.0,27.0,12.338,289211000.0,3.675,1.0,697639000.0,0.546,0.0,331169000.0,16967290000.0,16648845500.0,0.0,218908000.0,,,7708010000.0,,,4898555100.0,-65436000.0,0.0,-125164000.0,420459000.0,-233014000.0,-292185000.0,-219859000.0,-92947000.0,446608000.0,0.0,102162000.0,31424000.0,31424000.0,-165968000.0,0.0,0.025,485419000.0,212220000.0,42096000.0,235.692,2.155,155.886,4952.14,9189708000.0,70738000.0,64.378,3.834,3.966,110027000.0,-1607931000.0,1277660000.0,1277660000.0,0.0,0.003,0.013,0.025,0.33,12314000.0,94217000.0,1.0,76090728.0,78705796,78705796.0,16.233,10399641000.0,5139000.0,-11095000.0,0.0,132.133,
57,AIV,MRT,2007-03-31,2007-03-31,2007-03-31,2021-08-25,0.0,10306066000.0,10302400500.0,,,0.126,29.826,-110548000.0,571894000.0,571894000.0,583659000.0,117925000.0,,3.233,7066733000.0,,,7066733000.0,134761000.0,511593000.0,45920000.0,0.042,3.064,440578000.0,952171000.0,0.734,952171000.0,440578000.0,106830000.0,0.192,0.192,0.192,2347440000.0,2444368000.0,2347440000.0,11924666610.0,27.0,12.524,377198000.0,4.793,1.0,713487000.0,0.55,0.0,333748000.0,16800905000.0,16490644250.0,0.0,212219000.0,,,7588149000.0,,,5629243610.0,32833000.0,0.0,-100306000.0,338991000.0,-232594000.0,-286147000.0,-168766000.0,-79301000.0,487746000.0,0.0,117925000.0,44499000.0,44499000.0,-180195000.0,0.0,0.034,490874000.0,222613000.0,31347000.0,15.958,2.398,126.503,383.648,9116359000.0,73426000.0,73.66,4.34,4.469,92029000.0,-1552706000.0,1297146000.0,1297146000.0,0.0,0.004,0.018,0.027,0.34,12314000.0,93400000.0,1.0,76421593.0,78705796,78705796.0,16.481,10306066000.0,2719000.0,-11095000.0,0.0,130.944,
58,AIV,MRT,2006-12-31,2006-12-31,2006-12-31,2021-08-25,0.0,10289775000.0,10317329000.0,,,0.123,21.181,315883000.0,575853000.0,575853000.0,570747000.0,176787000.0,,3.228,6633528000.0,,,6633528000.0,142260000.0,498777000.0,42401000.0,0.043,3.064,491752000.0,990529000.0,0.777,990529000.0,491752000.0,165692000.0,0.868,0.868,0.868,2339892000.0,2520926500.0,2339892000.0,11663741520.0,24.0,11.775,834793000.0,7.557,1.0,703416000.0,0.552,0.0,326060000.0,16347450000.0,16400558500.0,0.0,218993000.0,,,7552287000.0,,,5405369520.0,68094000.0,0.0,-2334000.0,-72029000.0,-231697000.0,-683856000.0,233040000.0,-76944000.0,518910000.0,0.0,176787000.0,95655000.0,95655000.0,-226891000.0,0.0,0.075,473305000.0,230111000.0,54972000.0,3.53,2.31,56.509,82.406,8758689000.0,81132000.0,71.528,4.242,6.202,106536000.0,-1752406000.0,1274163000.0,1274163000.0,0.0,0.009,0.038,0.03,0.386,12314000.0,91571000.0,1.0,75569904.0,110471159,110471159.0,11.534,10289775000.0,0.0,-11095000.0,4379000.0,93.144,
59,AIV,MRT,2006-09-30,2006-09-30,2006-09-30,2021-08-25,0.0,10221365000.0,10249675250.0,,,0.146,31.547,419562000.0,530603000.0,530603000.0,683452000.0,109320000.0,,3.136,6788975000.0,,,6788975000.0,158156000.0,497748000.0,44623000.0,0.044,3.064,474345000.0,972093000.0,0.65,972093000.0,474345000.0,109320000.0,0.332,0.332,0.332,2373400000.0,2614979250.0,2373400000.0,11239926387.0,24.0,11.563,881233000.0,11.713,1.0,811898000.0,0.543,0.0,365025000.0,16479737000.0,16212596750.0,0.0,153732000.0,,,7442232000.0,,,5297837387.0,42647000.0,22432000.0,-36295000.0,-176247000.0,-230380000.0,-835033000.0,416009000.0,-35579000.0,461671000.0,0.0,109320000.0,22883000.0,22883000.0,-158849000.0,0.0,0.015,502041000.0,309857000.0,39280000.0,9.229,2.232,231.518,209.254,9136332000.0,86437000.0,69.472,3.543,3.495,81103000.0,-1509391000.0,1495350000.0,1495350000.0,0.0,0.002,0.009,0.029,0.317,8558000.0,84085000.0,1.0,76258188.0,75233919,75233919.0,19.876,10221365000.0,0.0,0.0,3934000.0,135.861,
60,AIV,MRT,2006-06-30,2006-06-30,2006-06-30,2021-08-25,0.0,10392396000.0,10260098000.0,,,0.142,36.107,627668000.0,664730000.0,664730000.0,675225000.0,160547000.0,,2.651,6606819000.0,,,6606819000.0,98814000.0,482347000.0,43851000.0,0.055,3.064,516079000.0,998426000.0,0.685,998426000.0,516079000.0,160547000.0,1.009,1.009,1.009,2716740000.0,2730140750.0,2716740000.0,10297778919.0,20.0,10.314,1057805000.0,14.059,1.0,782655000.0,0.537,0.0,355532000.0,16334485000.0,16117691750.0,0.0,156238000.0,,,7200772000.0,,,4222996919.0,174684000.0,0.0,40588000.0,-453286000.0,-228900000.0,-811938000.0,556485000.0,-49933000.0,430137000.0,0.0,160547000.0,74073000.0,74073000.0,-181274000.0,0.0,0.051,487670000.0,294985000.0,30460000.0,3.037,1.554,57.011,54.983,9151949000.0,86474000.0,55.478,2.897,2.863,90814000.0,-1405277000.0,1457880000.0,1457880000.0,0.0,0.007,0.027,0.032,0.354,8558000.0,83888000.0,1.0,76119788.0,75241751,75241751.0,19.376,10392396000.0,0.0,0.0,6219000.0,138.12,
61,AIV,MRT,2006-03-31,2006-03-31,2006-03-31,2021-08-25,0.0,10365780000.0,10267340500.0,,,0.137,35.598,624910000.0,579502000.0,579502000.0,659463000.0,153021000.0,,2.722,6654284000.0,,,6654284000.0,99213000.0,462930000.0,42914000.0,0.051,3.064,496724000.0,959654000.0,0.682,959654000.0,496724000.0,153021000.0,0.868,0.868,0.868,2653674000.0,2768277250.0,2653674000.0,10366657136.0,21.0,10.802,981291000.0,13.164,1.0,747458000.0,0.531,0.0,343703000.0,16440562000.0,16157852500.0,0.0,152233000.0,,,7224339000.0,,,4528978136.0,104698000.0,0.0,40731000.0,-367040000.0,-227557000.0,-801191000.0,549508000.0,-66852000.0,356381000.0,0.0,153021000.0,63888000.0,63888000.0,-170317000.0,0.0,0.045,467223000.0,280235000.0,28201000.0,3.53,1.707,70.889,68.99,9255703000.0,89133000.0,59.883,3.219,3.173,83272000.0,-1363546000.0,1406921000.0,1406921000.0,0.0,0.006,0.023,0.031,0.353,8558000.0,82404000.0,1.0,75629976.0,74546279,74546279.0,18.873,10365780000.0,0.0,0.0,9432000.0,139.052,
62,AIV,MRT,2005-12-31,2005-12-31,2005-12-31,2021-08-25,0.0,10019160000.0,10258519000.0,,,0.131,35.245,34742000.0,445414000.0,445414000.0,626023000.0,70982000.0,,2.528,6021857000.0,,,6021857000.0,46466000.0,450498000.0,36767000.0,0.079,3.83,401699000.0,852197000.0,0.633,852197000.0,401699000.0,70982000.0,-0.217,-0.217,-0.217,2716103000.0,2832011000.0,2716103000.0,9461365875.0,24.0,11.102,382312000.0,4.961,1.0,719669000.0,0.535,0.0,330717000.0,15595603000.0,16122726750.0,0.0,374397000.0,,,6867649000.0,,,3624304875.0,56387000.0,0.0,2315000.0,155250000.0,-226815000.0,-241222000.0,-49961000.0,-77851000.0,347570000.0,0.0,70982000.0,-16966000.0,-16966000.0,-95077000.0,0.0,-0.013,452527000.0,267142000.0,34381000.0,-17.65,1.334,-213.622,-222.828,8189238000.0,87948000.0,48.354,2.693,2.769,102959000.0,-1350899000.0,1345692000.0,1345692000.0,0.0,-0.002,-0.006,0.025,0.299,8558000.0,83012000.0,1.0,74954205.0,77063449,77063449.0,17.462,10019160000.0,9835000.0,0.0,0.0,130.012,
63,AIV,MRT,2005-09-30,2005-09-30,2005-09-30,2021-08-25,0.0,10263056000.0,10271789250.0,,,0.129,38.479,2054000.0,454221000.0,454221000.0,605534000.0,128225000.0,,2.466,6291282000.0,,,6291282000.0,46104000.0,419291000.0,39107000.0,0.062,3.064,445784000.0,865075000.0,0.654,865075000.0,445784000.0,128225000.0,0.549,0.549,0.549,2834046000.0,2905025250.0,2834046000.0,9777483323.0,22.0,11.302,342617000.0,4.652,1.0,716294000.0,0.542,0.0,317559000.0,16100117000.0,16047974500.0,0.0,383298000.0,,,6988001000.0,,,3703721323.0,17066000.0,0.0,3653000.0,122803000.0,-226691000.0,-255208000.0,-68289000.0,-61075000.0,340563000.0,0.0,128225000.0,39473000.0,39473000.0,-109433000.0,0.0,0.03,460064000.0,256230000.0,44731000.0,5.581,1.307,93.829,90.192,8786703000.0,88752000.0,49.516,2.802,2.759,118838000.0,-1227925000.0,1321828000.0,1321828000.0,0.0,0.004,0.014,0.028,0.337,6506000.0,89073000.0,1.0,74799222.0,73651878,73651878.0,17.947,10263056000.0,0.0,0.0,8257000.0,139.345,
64,AIV,MRT,2005-06-30,2005-06-30,2005-06-30,2021-08-25,0.0,10421366000.0,10252269000.0,,,0.128,39.055,222813000.0,426082000.0,426082000.0,606556000.0,265081000.0,,2.47,6499844000.0,,,6499844000.0,53535000.0,396135000.0,40254000.0,0.059,3.064,583983000.0,980118000.0,0.749,980118000.0,583983000.0,265081000.0,2.388,2.375,2.388,2869286000.0,2936149000.0,2869286000.0,9868698974.0,17.0,10.069,604725000.0,8.231,1.0,702712000.0,0.537,0.0,318902000.0,16495128000.0,15972015750.0,0.0,353522000.0,,,7087815000.0,,,3899133974.0,55326000.0,0.0,3560000.0,-146438000.0,-226332000.0,-501151000.0,174565000.0,-84262000.0,381912000.0,0.0,265081000.0,173355000.0,173355000.0,-213154000.0,0.0,0.132,434398000.0,268314000.0,46666000.0,1.283,1.359,22.492,21.879,9148380000.0,91726000.0,52.248,2.978,2.932,133700000.0,-1175579000.0,1309268000.0,1309268000.0,0.0,0.017,0.059,0.037,0.446,6506000.0,84412000.0,1.0,74627538.0,73468611,73468611.0,17.821,10421366000.0,0.0,0.0,14312000.0,141.848,
65,AIV,MRT,2005-03-31,2005-03-31,2005-03-31,2021-08-25,0.0,10330494000.0,10236725250.0,,,0.128,39.742,236999000.0,389641000.0,389641000.0,611108000.0,251501000.0,,2.391,6359206000.0,,,6359206000.0,47563000.0,389789000.0,39375000.0,0.065,3.064,575122000.0,964911000.0,0.734,964911000.0,575122000.0,251501000.0,2.209,2.196,2.209,2908609000.0,2929523500.0,2908609000.0,9143087186.0,16.0,9.476,643473000.0,8.792,1.0,702955000.0,0.535,0.0,323621000.0,16300059000.0,15947502250.0,0.0,374799000.0,,,6955125000.0,,,3529426186.0,26973000.0,0.0,2626000.0,-116809000.0,-226441000.0,-577331000.0,197830000.0,-53784000.0,406474000.0,0.0,251501000.0,159695000.0,159695000.0,-196437000.0,0.0,0.122,424180000.0,278775000.0,40663000.0,1.387,1.213,22.101,21.502,9060996000.0,91806000.0,47.498,2.686,2.645,126167000.0,-1124556000.0,1314063000.0,1314063000.0,0.0,0.016,0.055,0.036,0.438,6506000.0,80100000.0,1.0,74306661.0,73187446,73187446.0,17.955,10330494000.0,0.0,0.0,20770000.0,141.151,
66,AIV,MRT,2004-12-31,2004-12-31,2004-12-31,2021-08-25,0.0,10072241000.0,10239953750.0,,,0.125,41.248,404394000.0,394478000.0,394478000.0,589605000.0,263497000.0,,2.187,5618831000.0,,,5618831000.0,43808000.0,382728000.0,35070000.0,0.062,3.064,581503000.0,964231000.0,0.754,964231000.0,581503000.0,263497000.0,2.4,2.4,2.4,3008160000.0,2950974250.0,3008160000.0,9264105037.0,16.0,9.608,769917000.0,10.557,1.0,689600000.0,0.539,0.0,318006000.0,15296594000.0,15936563000.0,0.0,404844000.0,,,6580240000.0,,,3652798037.0,-9089000.0,0.0,-10714000.0,-373395000.0,-225903000.0,-711525000.0,336913000.0,-57109000.0,365523000.0,0.0,263497000.0,174693000.0,174693000.0,-209669000.0,0.0,0.137,405365000.0,284235000.0,34663000.0,1.277,1.214,20.91,20.504,8228451000.0,88804000.0,49.209,2.856,2.805,114260000.0,-1047897000.0,1279205000.0,1279205000.0,0.0,0.017,0.059,0.036,0.455,6506000.0,77424000.0,1.0,74230184.0,72928994,72928994.0,17.54,10072241000.0,0.0,0.0,20139000.0,138.11,
67,AIV,MRT,2004-09-30,2004-09-30,2004-09-30,2021-08-25,0.0,10184975000.0,10243742000.0,,,0.13,40.511,380617000.0,391793000.0,391793000.0,627949000.0,228391000.0,,2.274,6003100000.0,,,6003100000.0,25289000.0,345655000.0,37879000.0,0.069,3.064,561983000.0,907638000.0,0.679,907638000.0,561983000.0,228391000.0,1.966,1.954,1.966,2958541000.0,2914098500.0,2958541000.0,9329736058.0,17.0,10.279,743079000.0,10.175,1.0,708696000.0,0.53,0.0,333592000.0,15796282000.0,15978063750.0,0.0,389800000.0,,,6726354000.0,,,3291853058.0,-7513000.0,-2400000.0,-156089000.0,-378352000.0,-225300000.0,-640436000.0,270461000.0,-52274000.0,362462000.0,0.0,228391000.0,142551000.0,142551000.0,-196643000.0,0.0,0.107,396898000.0,311798000.0,46369000.0,1.558,1.113,23.092,22.588,8651356000.0,85840000.0,44.408,2.463,2.426,110778000.0,-1043052000.0,1336645000.0,1336645000.0,0.0,0.014,0.049,0.035,0.42,482000.0,74662000.0,1.0,74127175.0,73030025,73145154.0,18.303,10184975000.0,0.0,0.0,29613000.0,139.463,
68,AIV,MRT,2004-06-30,2004-06-30,2004-06-30,2021-08-25,0.0,10359191000.0,10243230500.0,,,0.13,39.002,88866000.0,376205000.0,376205000.0,610369000.0,105818000.0,,2.475,6414088000.0,,,6414088000.0,31245000.0,359082000.0,40615000.0,0.084,3.345,433396000.0,792478000.0,0.594,792478000.0,433396000.0,105818000.0,0.255,0.255,0.255,2842784000.0,2901162000.0,2842784000.0,8842968610.0,20.0,11.159,430814000.0,5.911,1.0,723807000.0,0.543,0.0,327578000.0,16397074000.0,16073951750.0,0.0,384010000.0,,,7036403000.0,,,2930074610.0,-12462000.0,-5042000.0,-10741000.0,20441000.0,-245161000.0,-341212000.0,-13198000.0,-9789000.0,341948000.0,0.0,105818000.0,17715000.0,17715000.0,-88513000.0,0.0,0.013,385591000.0,338216000.0,40965000.0,13.118,1.031,165.401,155.874,8947544000.0,88103000.0,39.748,2.196,2.171,128060000.0,-1121842000.0,1334176000.0,1334176000.0,0.0,0.002,0.006,0.027,0.325,4980000.0,67154000.0,1.0,73716744.0,72887485,72887485.0,18.305,10359191000.0,0.0,0.0,18235000.0,142.126,
69,AIV,MRT,2004-03-31,2004-03-31,2004-03-31,2021-08-25,0.0,10343408000.0,10212129750.0,,,0.131,41.195,180842000.0,367063000.0,367063000.0,595753000.0,151062000.0,,2.289,6279957000.0,,,6279957000.0,33106000.0,366402000.0,40964000.0,0.091,3.626,478767000.0,845169000.0,0.631,845169000.0,478767000.0,151062000.0,0.83,0.83,0.83,2994412000.0,2938708750.0,2994412000.0,8763277355.0,18.0,10.369,584178000.0,8.037,1.0,742979000.0,0.555,0.0,327705000.0,16256302000.0,15974820500.0,0.0,403098000.0,,,6855237000.0,,,2909317355.0,-14261000.0,-12977000.0,-10382000.0,-241178000.0,-265033000.0,-507671000.0,90074000.0,-13398000.0,403336000.0,0.0,151062000.0,59771000.0,59771000.0,-111104000.0,0.0,0.045,370794000.0,372185000.0,26643000.0,4.369,0.972,48.674,47.827,8955397000.0,91291000.0,39.697,2.173,2.155,133093000.0,-1059503000.0,1338732000.0,1338732000.0,0.0,0.006,0.02,0.03,0.358,4980000.0,57309000.0,1.0,73288690.0,72688555,72688555.0,18.417,10343408000.0,0.0,0.0,21742000.0,142.298,
70,AIV,MRT,2003-12-31,2003-12-31,2003-12-31,2021-08-25,0.0,10087394000.0,10218923250.0,,,0.128,39.338,331903000.0,356498000.0,356498000.0,570268000.0,158857000.0,,2.352,5731701000.0,,,5731701000.0,25573000.0,373215000.0,38099000.0,0.089,3.907,476117000.0,849332000.0,0.649,849332000.0,476117000.0,158857000.0,0.894,0.894,0.894,2860657000.0,2963731250.0,2860657000.0,9247153899.0,19.0,10.888,795782000.0,10.943,1.0,737638000.0,0.564,0.0,317260000.0,15462597000.0,15993744000.0,0.0,438755000.0,,,6728370000.0,,,3250248899.0,14879000.0,-16383000.0,3265000.0,-343905000.0,-285054000.0,-727283000.0,278283000.0,8027000.0,463879000.0,0.0,158857000.0,65292000.0,65292000.0,-97189000.0,0.0,0.05,349485000.0,388153000.0,30765000.0,4.37,1.136,49.78,49.274,8145443000.0,93565000.0,44.051,2.485,2.449,119344000.0,-998018000.0,1307906000.0,1307906000.0,0.0,0.006,0.022,0.03,0.364,4980000.0,48357000.0,1.0,73784325.0,72719099,72719099.0,17.986,10087394000.0,0.0,0.0,19993000.0,138.717,
71,AIV,MRT,2003-09-30,2003-09-30,2003-09-30,2021-08-25,0.0,10182929000.0,10276225000.0,,,0.129,39.978,239422000.0,337880000.0,337880000.0,524088000.0,128297000.0,,2.367,6334785000.0,,,6334785000.0,24129000.0,403306000.0,41967000.0,0.083,4.188,455980000.0,859286000.0,0.648,859286000.0,455980000.0,128297000.0,0.396,0.409,0.396,2906795000.0,3039413750.0,2906795000.0,9469150839.0,21.0,11.02,747187000.0,10.276,1.0,801369000.0,0.605,0.0,327683000.0,16179834000.0,16134337250.0,0.0,418048000.0,,,6881115000.0,,,3703389839.0,42608000.0,-25637000.0,92975000.0,-99082000.0,-305094000.0,-634718000.0,169561000.0,-25642000.0,507765000.0,0.0,128297000.0,32173000.0,32173000.0,-80949000.0,0.0,0.024,381898000.0,419471000.0,15874000.0,10.576,1.274,115.109,126.909,8886635000.0,96124000.0,50.256,2.794,2.757,109192000.0,-959975000.0,1325457000.0,1325457000.0,0.0,0.003,0.011,0.028,0.344,8731000.0,64918000.0,1.0,73690402.0,72710484,,18.229,10182929000.0,0.0,0.0,23947000.0,140.048,
72,AIV,MRT,2003-06-30,2003-06-30,2003-06-30,2021-08-25,0.0,10234788000.0,10258380250.0,,,0.13,41.204,-358952000.0,304343000.0,304343000.0,522693000.0,134007000.0,,2.236,6070104000.0,,,6070104000.0,30193000.0,379598000.0,42900000.0,0.095,4.188,452471000.0,832069000.0,0.626,832069000.0,452471000.0,134007000.0,0.536,0.549,0.536,2992971000.0,3120329000.0,2992971000.0,9207949611.0,20.0,11.066,170024000.0,2.341,1.0,807283000.0,0.607,0.0,318464000.0,16000549000.0,16022435250.0,0.0,468755000.0,,,6692171000.0,,,3246535611.0,45176000.0,-40412000.0,-51762000.0,437258000.0,-302992000.0,-53539000.0,-430261000.0,-16459000.0,528976000.0,0.0,134007000.0,42721000.0,42721000.0,-56185000.0,0.0,0.032,364882000.0,442401000.0,20203000.0,7.813,1.085,75.994,82.422,8840650000.0,91286000.0,44.178,2.441,2.413,132910000.0,-893577000.0,1329976000.0,1329976000.0,0.0,0.004,0.014,0.028,0.34,4233000.0,58352000.0,1.0,73487023.0,72638431,,18.31,10234788000.0,0.0,0.0,28071000.0,140.9,
73,AIV,MRT,2003-03-31,2003-03-31,2003-03-31,2021-08-25,0.0,10370582000.0,10062067750.0,,,0.131,42.627,-396809000.0,319370000.0,319370000.0,518108000.0,120810000.0,,2.204,6280784000.0,,,6280784000.0,30060000.0,347807000.0,42206000.0,0.09,4.188,429108000.0,776915000.0,0.588,776915000.0,429108000.0,120810000.0,0.396,0.409,0.396,3094502000.0,3187925500.0,3094502000.0,9331278051.0,22.0,12.011,114007000.0,1.57,1.0,803559000.0,0.608,0.0,308298000.0,16331996000.0,15619920000.0,0.0,490304000.0,,,6820323000.0,,,3421988051.0,-415000.0,-53461000.0,344865000.0,99929000.0,-294104000.0,-24270000.0,-486961000.0,-27472000.0,510816000.0,0.0,120810000.0,30590000.0,30590000.0,-5421000.0,0.0,0.023,343728000.0,459831000.0,16031000.0,10.576,1.106,111.866,117.623,9020486000.0,90220000.0,46.579,2.589,2.558,135083000.0,-852846000.0,1321667000.0,1321667000.0,0.0,0.003,0.01,0.027,0.325,4233000.0,55707000.0,1.0,73466651.0,72595356,,18.206,10370582000.0,0.0,0.0,28451000.0,142.855,
74,AIV,MRT,2002-12-31,2002-12-31,2002-12-31,2021-08-25,0.0,10316601000.0,9888137500.0,,,0.128,47.132,-464402000.0,313621000.0,313621000.0,482405000.0,169046000.0,,2.119,6021990000.0,,,6021990000.0,15190000.0,322982000.0,39588000.0,0.088,4.188,463787000.0,786769000.0,0.621,786769000.0,463787000.0,169046000.0,1.124,1.111,1.124,3163387000.0,3138682750.0,3163387000.0,9130653001.0,20.0,11.605,43551000.0,0.649,1.0,784514000.0,0.619,0.0,294741000.0,16024970000.0,15274300000.0,0.0,537877000.0,,,6702742000.0,,,3509977001.0,19553000.0,-260874000.0,372820000.0,380267000.0,-278867000.0,308641000.0,-797041000.0,-68601000.0,507953000.0,0.0,169046000.0,75488000.0,75488000.0,-20440000.0,0.0,0.06,319188000.0,465326000.0,11232000.0,3.726,1.11,46.497,42.576,8615782000.0,93558000.0,47.856,2.77,2.535,131248000.0,-776577000.0,1266919000.0,1266919000.0,0.0,0.008,0.024,0.03,0.366,4233000.0,49068000.0,1.0,73345128.0,67117732,67959660.0,18.876,10316601000.0,0.0,0.0,36680000.0,153.709,
75,AIV,MRT,2002-09-30,2002-09-30,2002-09-30,2021-08-25,0.0,10111550000.0,9384155250.0,,,0.135,45.047,-454293000.0,288817000.0,288817000.0,525400000.0,199225000.0,,1.976,5909493000.0,,,5909493000.0,19988000.0,242914000.0,40929000.0,0.083,4.137,474737000.0,717651000.0,0.568,717651000.0,474737000.0,199225000.0,1.622,1.609,1.622,3230456000.0,3025489750.0,3230456000.0,8498235565.0,18.0,11.842,59468000.0,0.829,1.0,738699000.0,0.584,0.0,275512000.0,15732226000.0,14435148000.0,0.0,846450000.0,,,6383818000.0,,,3557285565.0,18289000.0,-283920000.0,244370000.0,488908000.0,-259965000.0,459657000.0,-955129000.0,-65058000.0,513761000.0,0.0,199225000.0,102872000.0,102872000.0,-6527000.0,0.0,0.081,271586000.0,467113000.0,14204000.0,2.551,1.101,34.58,30.583,8547827000.0,96353000.0,49.605,2.814,2.814,110304000.0,-684933000.0,1264099000.0,1264099000.0,0.0,0.011,0.034,0.033,0.376,0.0,24439000.0,1.0,71712406.0,71712406,,17.627,10111550000.0,0.0,0.0,36239000.0,141.001,
76,AIV,MRT,2002-06-30,2002-06-30,2002-06-30,2021-08-25,0.0,9449538000.0,8869964000.0,,,0.143,50.974,-21090000.0,256150000.0,256150000.0,520067000.0,178991000.0,,1.736,5197100000.0,,,5197100000.0,17063000.0,258054000.0,35967000.0,0.065,4.086,456480000.0,714534000.0,0.564,714534000.0,456480000.0,178991000.0,1.315,1.302,1.315,3263357000.0,2905909500.0,3263357000.0,9296422506.0,20.0,13.01,499236000.0,7.798,1.0,747846000.0,0.59,0.0,277489000.0,14390488000.0,13546137250.0,0.0,895189000.0,,,5663997000.0,,,4021767506.0,-74654000.0,-275650000.0,362987000.0,-228592000.0,-242686000.0,-144945000.0,-450035000.0,-72520000.0,520326000.0,0.0,178991000.0,80389000.0,80389000.0,-3539000.0,0.0,0.063,285587000.0,462259000.0,10896000.0,3.107,1.232,50.029,47.772,7829635000.0,98602000.0,62.82,3.172,3.172,124172000.0,-633651000.0,1267913000.0,1267913000.0,0.0,0.009,0.028,0.034,0.36,0.0,24398000.0,1.0,64020409.0,64020409,,19.805,9449538000.0,0.0,0.0,36707000.0,147.602,
77,AIV,MRT,2002-03-31,2002-03-31,2002-03-31,2021-08-25,0.0,9674861000.0,8527999500.0,,,0.148,49.057,-178990000.0,317541000.0,317541000.0,517165000.0,163393000.0,,2.145,5592196000.0,,,5592196000.0,22923000.0,291565000.0,36006000.0,0.065,4.035,438355000.0,729920000.0,0.579,729920000.0,438355000.0,163393000.0,1.124,1.111,1.124,2897531000.0,2760042500.0,2897531000.0,8190446468.0,19.0,11.221,350158000.0,5.928,1.0,743784000.0,0.59,0.0,274962000.0,14949516000.0,13020138750.0,0.0,889650000.0,,,6214845000.0,,,3647827468.0,-6407000.0,-264528000.0,-33252000.0,252083000.0,-231968000.0,-55800000.0,-479755000.0,-6090000.0,529148000.0,0.0,163393000.0,66278000.0,66278000.0,-23040000.0,0.0,0.053,317014000.0,426770000.0,12180000.0,3.59,1.259,55.038,54.947,7794732000.0,97115000.0,61.76,2.893,2.893,136540000.0,-588254000.0,1260949000.0,1260949000.0,0.0,0.008,0.024,0.034,0.348,0.0,23934000.0,1.0,59064263.0,59064263,,21.349,9674861000.0,0.0,0.0,36413000.0,163.802,
78,AIV,MRT,2001-12-31,2001-12-31,2001-12-31,2021-08-25,0.0,8300672000.0,8143691000.0,,,0.156,47.766,-174868000.0,218223000.0,218223000.0,525839000.0,107352000.0,,1.877,4585913000.0,,,4585913000.0,9075000.0,321319000.0,31174000.0,0.068,3.984,387444000.0,708763000.0,0.557,708763000.0,387444000.0,107352000.0,0.294,0.294,0.294,2710615000.0,2714224000.0,2710615000.0,7625207153.0,20.0,10.758,319589000.0,5.632,1.0,747198000.0,0.587,0.0,280092000.0,12668362000.0,12372515000.0,0.0,831904000.0,,,5088514000.0,,,3396836153.0,-77115000.0,-80630000.0,-7917000.0,-161735000.0,-226342000.0,-439562000.0,-132010000.0,123488000.0,494457000.0,0.0,107352000.0,17021000.0,17021000.0,-12237000.0,0.0,0.013,346249000.0,400949000.0,10597000.0,13.551,1.253,199.567,198.604,6587119000.0,90331000.0,58.389,2.668,2.603,100339000.0,-572165000.0,1273037000.0,1273037000.0,0.0,0.002,0.006,0.031,0.304,0.0,24930000.0,1.0,58175481.0,56748309,57680304.0,22.433,8300672000.0,0.0,0.0,36348000.0,146.272,
79,AIV,MRT,2001-09-30,2001-09-30,2001-09-30,2021-08-25,0.0,8054785000.0,7993491500.0,,,0.169,47.413,-210310000.0,216790000.0,216790000.0,537852000.0,101802000.0,,1.74,4445161000.0,,,4445161000.0,8621000.0,343137000.0,31182000.0,0.067,3.882,413272000.0,756409000.0,0.561,756409000.0,413272000.0,101802000.0,0.306,0.306,0.306,2752135000.0,2661984500.0,2752135000.0,7668578508.0,19.0,10.138,293808000.0,5.062,1.0,809801000.0,0.601,106973000.0,311470000.0,12176183000.0,12124281500.0,0.0,983200000.0,,,4788717000.0,,,3354451508.0,-37358000.0,-73335000.0,174506000.0,-272518000.0,-219061000.0,-570731000.0,29255000.0,86026000.0,504118000.0,0.0,101802000.0,18018000.0,18018000.0,-7953000.0,0.0,0.013,413129000.0,396672000.0,18240000.0,12.686,1.219,186.172,188.854,6446743000.0,83784000.0,57.789,2.489,2.489,98836000.0,-526989000.0,1347653000.0,1347653000.0,0.0,0.002,0.007,0.034,0.307,0.0,17378000.0,1.0,58046168.0,58046168,,23.217,7947812000.0,0.0,0.0,33453000.0,136.922,
80,AIV,MRT,2001-06-30,2001-06-30,2001-06-30,2021-08-25,0.0,8081680000.0,7768991250.0,,,0.162,46.64,-358745000.0,275310000.0,275310000.0,507975000.0,105927000.0,,1.843,4589437000.0,,,4589437000.0,11901000.0,339845000.0,32258000.0,0.061,3.779,406465000.0,746310000.0,0.594,746310000.0,406465000.0,105927000.0,0.549,0.536,0.549,2679889000.0,2606058000.0,2679889000.0,7869173477.0,19.0,10.544,131731000.0,2.293,1.0,749079000.0,0.596,109313000.0,300538000.0,12286494000.0,11770710250.0,0.0,892856000.0,,,4938026000.0,,,3536240477.0,44684000.0,-63017000.0,259303000.0,10627000.0,-208204000.0,-160726000.0,-285066000.0,-89676000.0,490476000.0,0.0,105927000.0,30756000.0,30756000.0,-6605000.0,0.0,0.024,386025000.0,363054000.0,13627000.0,6.883,1.32,114.977,112.101,6468668000.0,75171000.0,61.543,2.813,2.813,135145000.0,-471787000.0,1257054000.0,1257054000.0,0.0,0.004,0.012,0.035,0.323,0.0,17995000.0,1.0,57459433.0,57459433,,21.877,7972367000.0,0.0,0.0,33897000.0,138.748,
81,AIV,MRT,2001-03-31,2001-03-31,2001-03-31,2021-08-25,3550000.0,8137627000.0,7332963000.0,,,0.159,48.456,-296792000.0,269014000.0,269014000.0,474948000.0,87314000.0,,1.826,4601947000.0,,,4601947000.0,11267000.0,329599000.0,31714000.0,0.065,3.677,373768000.0,703367000.0,0.604,703367000.0,373768000.0,87314000.0,0.358,0.345,0.358,2714257000.0,2496639500.0,2714257000.0,7255224898.0,19.0,10.315,119168000.0,2.127,1.0,688827000.0,0.592,111539000.0,286454000.0,12359021000.0,11071478500.0,0.0,940645000.0,,,4957138000.0,,,3179138898.0,-23151000.0,-54131000.0,269611000.0,76256000.0,-198096000.0,-58289000.0,-380822000.0,-202433000.0,415960000.0,0.0,87314000.0,19951000.0,19951000.0,-3674000.0,0.0,0.017,362681000.0,326146000.0,67291000.0,10.271,1.171,159.347,158.534,6485978000.0,67363000.0,56.755,2.732,2.732,78412000.0,-424928000.0,1163775000.0,1163775000.0,0.0,0.003,0.008,0.034,0.321,0.0,17952000.0,1.0,56014998.0,56014998,,20.776,8026088000.0,0.0,0.0,34167000.0,143.285,
82,AIV,MRT,2000-12-31,2000-12-31,2000-12-31,2021-08-25,0.0,7699874000.0,6803183500.0,,,0.152,47.271,-279389000.0,284029000.0,284029000.0,424214000.0,99178000.0,,1.876,4360115000.0,,,4360115000.0,4987000.0,294507000.0,28956000.0,0.056,3.575,359311000.0,653818000.0,0.633,653818000.0,359311000.0,99178000.0,0.677,0.664,0.677,2501657000.0,2386246250.0,2501657000.0,7164205908.0,20.0,10.957,120975000.0,2.286,1.0,607968000.0,0.589,100532000.0,260133000.0,11675428000.0,10180689750.0,0.0,1134646000.0,,,4694200000.0,,,3559091908.0,55511000.0,-31889000.0,248768000.0,329679000.0,-188600000.0,202128000.0,-546981000.0,-395043000.0,400364000.0,0.0,99178000.0,35995000.0,35995000.0,-4355000.0,0.0,0.035,312630000.0,295338000.0,27247000.0,5.281,1.423,98.877,94.188,6099189000.0,63183000.0,63.765,3.448,3.269,2873000.0,-364679000.0,1032182000.0,1032182000.0,0.0,0.005,0.015,0.035,0.348,0.0,18123000.0,1.0,55815812.0,52921648,54089383.0,19.504,7599342000.0,0.0,0.0,0.0,143.596,
83,AIV,MRT,2000-09-30,2000-09-30,2000-09-30,2021-08-25,0.0,7156784000.0,6299452750.0,,,0.155,47.764,-343974000.0,220089000.0,220089000.0,316342000.0,91481000.0,,1.622,3825203000.0,,,3825203000.0,0.0,278196000.0,32899000.0,0.059,3.479,329648000.0,607844000.0,0.622,607844000.0,329648000.0,91481000.0,0.638,0.613,0.638,2528429000.0,2325681000.0,2528429000.0,6265212350.0,19.0,10.307,27739000.0,0.524,1.0,660194000.0,0.676,0.0,238167000.0,10761898000.0,9282593000.0,0.0,1249094000.0,,,4101388000.0,,,3113212350.0,50341000.0,-34104000.0,241704000.0,404480000.0,-179905000.0,333698000.0,-655070000.0,-410339000.0,371713000.0,0.0,91481000.0,32860000.0,32860000.0,0.0,0.0,0.034,363707000.0,296487000.0,243286000.0,5.453,1.231,94.742,92.18,5471364000.0,58621000.0,58.811,3.188,3.188,0.0,-330823000.0,976536000.0,976536000.0,0.0,0.005,0.014,0.036,0.338,0.0,20556000.0,1.0,52936033.0,52936033,,18.447,7156784000.0,0.0,0.0,0.0,135.197,
84,AIV,MRT,2000-06-30,2000-06-30,2000-06-30,2021-08-25,0.0,6337567000.0,5637048750.0,,,0.147,42.626,-166261000.0,199020000.0,199020000.0,286683000.0,79874000.0,,1.595,3351020000.0,,,3351020000.0,0.0,233720000.0,31835000.0,0.061,3.384,281508000.0,515228000.0,0.624,515228000.0,281508000.0,79874000.0,0.472,0.447,0.472,2242215000.0,2267911000.0,2242215000.0,5702988039.0,20.0,11.069,134180000.0,2.551,1.0,539172000.0,0.653,0.0,201634000.0,9489567000.0,8114557250.0,0.0,971250000.0,,,3576861000.0,,,2925631039.0,39051000.0,-33820000.0,92888000.0,372136000.0,-173645000.0,175527000.0,-436917000.0,-299602000.0,300441000.0,0.0,79874000.0,23203000.0,23203000.0,0.0,0.0,0.028,299252000.0,239920000.0,194006000.0,7.169,1.305,126.088,117.836,4953798000.0,56671000.0,55.619,3.543,3.543,0.0,-294309000.0,825855000.0,825855000.0,0.0,0.004,0.01,0.035,0.341,0.0,18583000.0,1.0,52601517.0,52601517,,15.7,6337567000.0,0.0,0.0,0.0,120.483,
85,AIV,MRT,2000-03-31,2000-03-31,2000-03-31,2021-08-25,0.0,6018509000.0,5152829500.0,,,0.133,43.249,-158600000.0,229693000.0,229693000.0,247853000.0,91169000.0,,1.418,3007050000.0,,,3007050000.0,0.0,180651000.0,26797000.0,0.067,3.288,258140000.0,438791000.0,0.641,438791000.0,258140000.0,91169000.0,0.715,0.677,0.715,2272684000.0,2275713500.0,2272684000.0,4960491663.0,19.0,11.305,99792000.0,1.899,1.0,436175000.0,0.638,0.0,166971000.0,8795866000.0,7207630500.0,0.0,1072205000.0,,,3222756000.0,,,2562401663.0,98329000.0,-32311000.0,203485000.0,264682000.0,-165155000.0,168052000.0,-328115000.0,-203180000.0,258392000.0,0.0,91169000.0,35105000.0,35105000.0,0.0,0.0,0.051,217960000.0,218215000.0,188909000.0,4.599,1.127,72.992,68.199,4511782000.0,56064000.0,48.762,3.746,3.746,0.0,-244821000.0,684028000.0,684028000.0,0.0,0.007,0.015,0.036,0.377,0.0,16432000.0,1.0,52548961.0,52548961,,13.017,6018509000.0,0.0,0.0,0.0,114.531,
86,AIV,MRT,1999-12-31,1999-12-31,1999-12-31,2021-08-25,0.0,5684951000.0,4721139000.0,,,0.121,46.349,-149253000.0,186199000.0,186199000.0,230345000.0,77527000.0,,1.274,2584289000.0,,,2584289000.0,0.0,151166000.0,22793000.0,0.063,3.192,217621000.0,368787000.0,0.644,368787000.0,217621000.0,77527000.0,0.498,0.485,0.498,2259396000.0,2245695750.0,2259396000.0,4240411759.0,19.0,11.498,104004000.0,2.134,1.0,341949000.0,0.598,0.0,140094000.0,8083041000.0,6428689000.0,0.0,1185059000.0,,,2878709000.0,,,2657824759.0,30299000.0,-9772000.0,285187000.0,67179000.0,-154654000.0,58148000.0,-281106000.0,-171104000.0,253257000.0,0.0,77527000.0,24074000.0,24074000.0,0.0,0.0,0.042,163083000.0,178866000.0,271627000.0,6.41,1.176,110.402,102.07,4096200000.0,53453000.0,50.831,4.644,4.33,0.0,-216327000.0,572294000.0,572294000.0,0.0,0.005,0.011,0.034,0.38,0.0,15248000.0,1.0,52287846.0,48747250,49690210.0,11.74,5684951000.0,0.0,0.0,0.0,116.621,
87,AIV,MRT,1999-09-30,1999-09-30,1999-09-30,2021-08-25,0.0,4507168000.0,4362101250.0,,,0.106,45.57,-261209000.0,110301000.0,110301000.0,322695000.0,68332000.0,,0.805,1692888000.0,,,1692888000.0,0.0,135332000.0,13461000.0,0.064,3.112,193386000.0,328718000.0,0.714,328718000.0,193386000.0,68332000.0,0.358,0.294,0.358,2297349000.0,2156487750.0,2297349000.0,3952039338.0,20.0,12.023,-891000.0,-0.018,1.0,137965000.0,0.299,0.0,125054000.0,6089755000.0,5853524750.0,0.0,1378645000.0,,,1848881000.0,,,2490869338.0,12522000.0,-2948000.0,424625000.0,-64929000.0,-140094000.0,84134000.0,-331930000.0,-104241000.0,260318000.0,0.0,68332000.0,16728000.0,16728000.0,0.0,0.0,0.036,-9447000.0,147412000.0,142532000.0,8.693,1.084,148.904,136.421,2761364000.0,51604000.0,48.839,5.407,5.345,0.0,-182214000.0,460660000.0,460660000.0,0.0,0.004,0.008,0.033,0.42,0.0,14627000.0,1.0,51001869.0,50413876,51260504.0,9.138,4507168000.0,0.0,0.0,0.0,89.403,
88,AIV,MRT,1999-06-30,1999-06-30,1999-06-30,2021-08-25,0.0,4400690000.0,4015796500.0,,,0.111,46.576,-229551000.0,105925000.0,105925000.0,304754000.0,66285000.0,,0.775,1567095000.0,,,1567095000.0,0.0,130039000.0,13475000.0,0.056,3.032,181995000.0,312034000.0,0.702,312034000.0,181995000.0,66285000.0,0.498,0.447,0.498,2273425000.0,1962532250.0,2273425000.0,4167530626.0,23.0,13.356,16752000.0,0.343,1.0,139944000.0,0.315,0.0,115710000.0,5861860000.0,5368580750.0,0.0,1349025000.0,,,1762042000.0,,,2652461626.0,2338000.0,-16922000.0,607064000.0,-240753000.0,-126734000.0,25228000.0,-269193000.0,-59188000.0,246303000.0,0.0,66285000.0,20789000.0,20789000.0,0.0,0.0,0.047,-4687000.0,144631000.0,181472000.0,6.088,1.167,127.59,109.607,2689942000.0,45496000.0,54.585,5.965,5.991,0.0,-148685000.0,444698000.0,444698000.0,0.0,0.005,0.011,0.034,0.409,0.0,15005000.0,1.0,48593656.0,48810689,49773228.0,9.111,4400690000.0,0.0,0.0,0.0,90.158,
89,AIV,MRT,1999-03-31,1999-03-31,1999-03-31,2021-08-25,0.0,4291747000.0,3679309250.0,,,0.114,48.674,-245851000.0,93826000.0,93826000.0,289106000.0,56788000.0,,0.822,1608895000.0,,,1608895000.0,0.0,119119000.0,13404000.0,0.064,2.953,162101000.0,281220000.0,0.672,281220000.0,162101000.0,56788000.0,0.549,0.511,0.549,2152613000.0,1742774500.0,2152613000.0,3768644341.0,23.0,13.401,-42676000.0,-0.965,1.0,129283000.0,0.309,126716000.0,105313000.0,5680100000.0,4933792000.0,0.0,1320889000.0,,,1768621000.0,,,2235060341.0,2613000.0,28919000.0,486957000.0,-68933000.0,-111938000.0,142929000.0,-343491000.0,-163027000.0,203175000.0,0.0,56788000.0,20316000.0,20316000.0,0.0,0.0,0.049,-2891000.0,132174000.0,146322000.0,5.379,1.038,110.015,84.308,2618043000.0,36472000.0,46.285,5.342,4.892,0.0,-121660000.0,418389000.0,418389000.0,0.0,0.006,0.012,0.033,0.387,0.0,14871000.0,1.0,48288957.0,44225117,45747636.0,9.46,4165031000.0,0.0,0.0,0.0,94.178,
90,AIV,MRT,1998-12-31,1998-12-31,1998-12-31,2021-08-25,0.0,4248800000.0,3161490250.0,,,0.119,53.76,-235131000.0,127131000.0,127131000.0,250949000.0,64474000.0,,0.979,1660715000.0,,,1660715000.0,0.0,101610000.0,12654000.0,0.061,2.873,153898000.0,255508000.0,0.677,255508000.0,153898000.0,64474000.0,1.073,1.021,1.073,1902564000.0,1493387000.0,1902564000.0,2938533109.0,19.0,11.501,-86717000.0,-2.45,1.0,126190000.0,0.335,0.0,89424000.0,5782384000.0,4224066750.0,0.0,1227946000.0,,,1862184000.0,,,1790000109.0,34217000.0,-30823000.0,375704000.0,-28484000.0,-100045000.0,214124000.0,-328321000.0,-98835000.0,148414000.0,0.0,64474000.0,37941000.0,37941000.0,0.0,0.0,0.101,-2999000.0,129189000.0,188815000.0,2.678,0.941,47.179,44.255,2601022000.0,26533000.0,47.485,4.746,4.456,0.0,-87693000.0,377139000.0,377139000.0,0.0,0.012,0.025,0.036,0.408,0.0,13764000.0,1.0,37695843.0,35389962,37298593.0,10.657,4248800000.0,0.0,0.0,0.0,120.057,
91,AIV,MRT,1998-09-30,1998-09-30,1998-09-30,2021-08-25,0.0,3121949000.0,2624417750.0,,,0.126,41.28,,126868000.0,126868000.0,224820000.0,63662000.0,,0.934,1275401000.0,,,1275401000.0,0.0,,13171000.0,0.057,2.745,138444000.0,,,,138444000.0,63662000.0,1.456,1.43,1.456,1521527000.0,1279071000.0,1521527000.0,3006065097.0,22.0,,,,1.0,106803000.0,0.322,120503000.0,74782000.0,4149979000.0,3459091750.0,0.0,373929000.0,,,1420371000.0,,,1816033097.0,,,,,,,,,,,63662000.0,45862000.0,45862000.0,0.0,0.0,0.138,-8190000.0,114993000.0,131799000.0,1.885,1.194,39.598,33.105,2397334000.0,17800000.0,48.2,5.476,5.357,11545000.0,-63521000.0,331623000.0,331623000.0,0.0,0.017,0.036,0.04,0.417,,11142000.0,1.0,37676746.0,36858441,37125509.0,8.997,3001446000.0,0.0,0.0,0.0,81.432,
92,AIV,MRT,1998-06-30,1998-06-30,1998-06-30,2021-08-25,-217000.0,3054741000.0,,,,,39.304,-365918000.0,124443000.0,124443000.0,184071000.0,54047000.0,,1.063,1314475000.0,,,1314475000.0,0.0,65119000.0,12882000.0,0.052,2.618,119606000.0,184725000.0,0.673,184725000.0,119606000.0,54047000.0,1.532,1.507,1.532,1394394000.0,,1394394000.0,2377452844.0,20.0,12.87,-312083000.0,-8.797,1.0,90480000.0,0.33,122068000.0,65559000.0,4122705000.0,,0.0,357671000.0,,,1482486000.0,,,1633090844.0,27799000.0,-206103000.0,534760000.0,125638000.0,-73908000.0,684162000.0,-710198000.0,-138177000.0,53835000.0,0.0,54047000.0,43082000.0,43082000.0,0.0,0.0,0.157,-10861000.0,101341000.0,155129000.0,1.709,1.171,37.907,32.921,2323004000.0,10965000.0,50.435,5.948,6.517,26201000.0,-48203000.0,274551000.0,274551000.0,0.0,,,,0.436,0.0,8572000.0,1.0,32380223.0,35476896,35665644.0,7.739,2932673000.0,0.0,0.0,0.0,82.664,
93,AIV,MRT,1998-03-31,1998-03-31,1998-03-31,2021-08-25,-1843000.0,2220471000.0,,,,,35.859,,67134000.0,67134000.0,151217000.0,45691000.0,,0.783,811496000.0,,,811496000.0,0.0,,10023000.0,0.051,2.49,103065000.0,,,,103065000.0,45691000.0,1.622,1.596,1.622,1155063000.0,,1155063000.0,2348038226.0,23.0,,,,1.0,75085000.0,0.332,123634000.0,57374000.0,2841199000.0,,0.0,358216000.0,,,904328000.0,,,1600825226.0,,,,,,,,,,,45691000.0,39695000.0,39695000.0,0.0,0.0,0.175,-12197000.0,87282000.0,82809000.0,1.535,1.386,40.328,30.307,1573470000.0,5996000.0,49.158,7.074,6.997,24586000.0,-33900000.0,226302000.0,226302000.0,0.0,,,,0.455,,7023000.0,1.0,32564902.0,32210998,32353538.0,7.026,2096837000.0,0.0,0.0,0.0,65.097,
94,AIV,MRT,1997-12-31,1997-12-31,1997-12-31,2021-08-25,-1683000.0,2100510000.0,1464091500.0,,,0.132,55.484,-381186000.0,61317000.0,61317000.0,131490000.0,28633000.0,,0.868,808530000.0,,,808530000.0,0.0,43520000.0,10213000.0,0.05,2.362,80018000.0,123538000.0,0.64,123538000.0,80018000.0,28633000.0,1.392,1.379,1.392,1045300000.0,630524500.0,1045300000.0,,,,-308154000.0,-16.357,1.0,61516000.0,0.319,125239000.0,51385000.0,2722484000.0,2021651000.0,0.0,318753000.0,,,906913000.0,,,1528060443.0,23918000.0,-256021000.0,644095000.0,49513000.0,-44660000.0,668549000.0,-717663000.0,-80456000.0,73032000.0,0.0,28633000.0,26318000.0,26318000.0,0.0,0.0,0.136,-10313000.0,71829000.0,88170000.0,1.697,1.462,58.061,33.709,1510206000.0,2315000.0,46.924,7.917,4.58,0.0,-30928000.0,193006000.0,193006000.0,0.0,0.018,0.042,0.04,0.415,0.0,5396000.0,1.0,32564902.0,18839612,19138007.0,10.245,1975271000.0,0.0,0.0,0.0,104.847,
95,AIV,MRT,1997-09-30,1997-09-30,1997-09-30,2021-08-25,,,,,,,,,,,,,,,,,,,,,,0.05,2.314,,,,,,,,,,,,,,,,,,1.0,,,,,,,,,,,,,,,,,,,,,,,,,,,,,,,,,,,,,,,,46.132,,,,,,,,,,,,,,1.0,,19129392,,,,,,,,
96,AIV,MRT,1997-06-30,1997-06-30,1997-06-30,2021-08-25,,,,,,,,,,,,,,,,,,,,,,0.063,2.266,,,,,,,,,,,,,,,,,,1.0,,,,,,,,,,,,,,,,,,,,,,,,,,,,,,,,,,,,,,,,36.07,,,,,,,,,,,,,,1.0,,15950427,,,,,,,,
97,AIV,MRT,1997-03-31,1997-03-31,1997-03-31,2021-08-25,,,,,,,,,,,,,,,,,,,,,,0.06,2.218,,,,,,,,,,,,,,,,,,1.0,,,,,,,,,,,,,,,,,,,,,,,,,,,,,,,,,,,,,,,,37.194,,,,,,,,,,,,,,1.0,,12886592,,,,,,,,
98,AIV,MRT,1996-12-31,1996-12-31,1996-12-31,2021-08-25,0.0,827673000.0,,,,,22.196,-34266000.0,29001000.0,29001000.0,66262000.0,12984000.0,,2.516,522146000.0,,,522146000.0,0.0,21209000.0,4316000.0,0.06,2.171,37786000.0,58995000.0,0.587,58995000.0,37786000.0,12984000.0,1.341,1.328,1.341,215749000.0,,215749000.0,,,,4540000.0,0.467,1.0,34254000.0,0.341,0.0,24802000.0,1320818000.0,,0.0,0.0,,,542761000.0,,,,10791000.0,-53878000.0,23881000.0,60799000.0,-20736000.0,60129000.0,-88144000.0,0.0,38806000.0,0.0,12984000.0,12984000.0,12984000.0,0.0,0.0,0.129,-5809000.0,40063000.0,16299000.0,1.619,,,26.898,751914000.0,0.0,36.07,,3.488,4344000.0,-14055000.0,100516000.0,100516000.0,0.0,,,,0.376,0.0,2102000.0,1.0,,9720159,9732690.0,10.341,827673000.0,0.0,0.0,0.0,85.15,
99,AIV,MRT,1995-12-31,1995-12-31,1995-12-31,2021-08-25,,,,,,,,-60821000.0,,,42511000.0,13375000.0,,,,,,,,15859000.0,,0.086,2.12,26697000.0,42556000.0,0.568,42556000.0,26697000.0,13375000.0,1.098,1.098,1.098,,,,,,,-34910000.0,-4.657,1.0,32436000.0,0.433,,13322000.0,,,,,,,,,,,-4765000.0,0.0,46792000.0,114432000.0,-15757000.0,30145000.0,-60821000.0,0.0,25911000.0,0.0,13375000.0,8206000.0,8206000.0,0.0,0.0,0.109,5151000.0,27285000.0,,1.931,,,22.536,,5169000.0,24.745,,2.475,,,74947000.0,74947000.0,0.0,,,,0.356,0.0,-2385000.0,1.0,,7495902,7502168.0,9.998,,,0.0,,,
