None,ticker,dimension,calendardate,datekey,reportperiod,lastupdated,accoci,assets,assetsavg,assetsc,assetsnc,assetturnover,bvps,capex,cashneq,cashnequsd,cor,consolinc,currentratio,de,debt,debtc,debtnc,debtusd,deferredrev,depamor,deposits,divyield,dps,ebit,ebitda,ebitdamargin,ebitdausd,ebitusd,ebt,eps,epsdil,epsusd,equity,equityavg,equityusd,ev,evebit,evebitda,fcf,fcfps,fxusd,gp,grossmargin,intangibles,intexp,invcap,invcapavg,inventory,investments,investmentsc,investmentsnc,liabilities,liabilitiesc,liabilitiesnc,marketcap,ncf,ncfbus,ncfcommon,ncfdebt,ncfdiv,ncff,ncfi,ncfinv,ncfo,ncfx,netinc,netinccmn,netinccmnusd,netincdis,netincnci,netmargin,opex,opinc,payables,payoutratio,pb,pe,pe1,ppnenet,prefdivis,price,ps,ps1,receivables,retearn,revenue,revenueusd,rnd,roa,roe,roic,ros,sbcomp,sgna,sharefactor,sharesbas,shareswa,shareswadil,sps,tangibles,taxassets,taxexp,taxliabilities,tbvps,workingcapital
0,CMS,ARY,2020-12-31,2021-02-11,2020-12-31,2021-07-29,-86000000,29666000000,28743500000.0,2404000000.0,27262000000.0,0.232,19.021,-2259000000.0,185000000,185000000,3911000000.0,752000000.0,0.782,4.292,15196000000,1506000000.0,13690000000.0,15196000000,0,1048000000.0,0,0.029,1.657,1808000000.0,2856000000.0,0.428,2856000000.0,1808000000.0,1247000000.0,2.65,2.64,2.65,5496000000,5303750000.0,5496000000,31359414969,17.0,10.98,-983000000.0,-3.402,1.0,2769000000.0,0.415,0,561000000.0,41603000000,39882500000.0,576000000,939000000,0.0,939000000.0,23589000000,3074000000.0,20515000000.0,16348414969,28000000.0,-17000000.0,253000000.0,1020000000.0,-467000000.0,1619000000.0,-2867000000.0,-460000000.0,1276000000.0,0.0,755000000.0,755000000.0,755000000.0,0.0,-3000000.0,0.113,1048000000.0,1721000000.0,678000000,0.625,2.975,21.654,21.351,21039000000,0.0,56.58,2.447,2.447,3788000000,214000000.0,6680000000.0,6680000000.0,0.0,0.026,0.142,0.045,0.271,0.0,0.0,1.0,288943354,288943354,,23.119,29666000000,332000000,492000000.0,2435000000,102.671,-670000000.0
1,CMS,ARY,2019-12-31,2020-02-06,2019-12-31,2021-07-29,-73000000,26837000000,25732750000.0,2331000000.0,24506000000.0,0.266,17.679,-2007000000.0,157000000,157000000,4281000000.0,682000000.0,0.862,4.341,13247000000,1220000000.0,12027000000.0,13247000000,0,992000000.0,0,0.023,1.554,1679000000.0,2671000000.0,0.39,2671000000.0,1679000000.0,1160000000.0,2.4,2.39,2.4,5018000000,4921000000.0,5018000000,32198275619,19.0,12.055,-217000000.0,-0.765,1.0,2564000000.0,0.375,0,519000000.0,37223000000,35822250000.0,605000000,829000000,19000000.0,810000000.0,21782000000,2704000000.0,19078000000.0,19108275619,-18000000.0,-343000000.0,12000000.0,851000000.0,-436000000.0,1008000000.0,-2816000000.0,-334000000.0,1790000000.0,0.0,680000000.0,680000000.0,680000000.0,0.0,2000000.0,0.099,992000000.0,1572000000.0,635000000,0.647,3.808,28.1,28.05,18926000000,0.0,67.32,2.792,2.792,3407000000,-25000000.0,6845000000.0,6845000000.0,0.0,0.026,0.138,0.047,0.245,0.0,0.0,1.0,283842478,283842478,,24.115,26837000000,305000000,480000000.0,2212000000,94.549,-373000000.0
2,CMS,ARY,2018-12-31,2019-02-05,2018-12-31,2021-07-29,-65000000,24529000000,23655500000.0,2468000000.0,22061000000.0,0.291,16.778,-2074000000.0,174000000,174000000,4475000000.0,659000000.0,0.941,4.151,11777000000,1093000000.0,10684000000.0,11777000000,0,933000000.0,0,0.035,1.812,1533000000.0,2466000000.0,0.359,2466000000.0,1533000000.0,1075000000.0,2.33,2.32,2.33,4755000000,4693000000.0,4755000000,26353975465,17.0,10.687,-371000000.0,-1.309,1.0,2398000000.0,0.349,0,458000000.0,33508000000,31548250000.0,650000000,547000000,0.0,547000000.0,19737000000,2624000000.0,17113000000.0,14750975465,-29000000.0,-225000000.0,41000000.0,727000000.0,-407000000.0,874000000.0,-2606000000.0,-161000000.0,1703000000.0,0.0,657000000.0,657000000.0,657000000.0,0.0,2000000.0,0.096,933000000.0,1465000000.0,733000000,0.778,3.102,22.452,22.339,18126000000,0.0,52.05,2.146,2.146,2872000000,-271000000.0,6873000000.0,6873000000.0,0.0,0.028,0.14,0.049,0.223,0.0,0.0,1.0,283400105,283400105,,24.252,24529000000,279000000,418000000.0,1984000000,86.553,-156000000.0
3,CMS,ARY,2017-12-31,2018-02-14,2017-12-31,2021-07-29,-50000000,23050000000,22165000000.0,2475000000.0,20575000000.0,0.297,15.725,-1665000000.0,199000000,199000000,4080000000.0,462000000.0,0.889,4.182,10487000000,1273000000.0,9214000000.0,10487000000,0,881000000.0,0,0.023,0.999,1606000000.0,2487000000.0,0.378,2487000000.0,1606000000.0,1168000000.0,1.64,1.64,1.64,4441000000,4448750000.0,4441000000,22403835417,14.0,9.008,40000000.0,0.142,1.0,2503000000.0,0.38,0,438000000.0,30554000000,29800250000.0,672000000,865000000,2000000.0,863000000.0,18572000000,2784000000.0,15788000000.0,12115835417,-53000000.0,0.0,83000000.0,357000000.0,-377000000.0,110000000.0,-1868000000.0,-88000000.0,1705000000.0,0.0,460000000.0,460000000.0,460000000.0,0.0,2000000.0,0.07,881000000.0,1622000000.0,740000000,0.609,2.728,26.339,26.159,16761000000,0.0,42.9,1.84,1.84,2429000000,-531000000.0,6583000000.0,6583000000.0,0.0,0.021,0.103,0.054,0.244,0.0,0.0,1.0,282420406,282420406,,23.309,23050000000,257000000,708000000.0,1716000000,81.616,-309000000.0
4,CMS,ARY,2016-12-31,2017-02-07,2016-12-31,2021-07-29,-50000000,21622000000,20741000000.0,2280000000.0,19342000000.0,0.309,15.188,-1672000000.0,254000000,254000000,4010000000.0,553000000.0,0.859,4.075,10034000000,1284000000.0,8750000000.0,10034000000,0,811000000.0,0,0.03,1.263,1540000000.0,2351000000.0,0.367,2351000000.0,1540000000.0,1105000000.0,1.99,1.98,1.99,4253000000,4194250000.0,4253000000,21683433229,14.0,9.223,-43000000.0,-0.154,1.0,2389000000.0,0.373,0,435000000.0,28747000000,27891750000.0,626000000,457000000,39000000.0,418000000.0,17332000000,2655000000.0,14677000000.0,11903433229,-31000000.0,0.0,72000000.0,430000000.0,-347000000.0,255000000.0,-1915000000.0,-136000000.0,1629000000.0,0.0,551000000.0,551000000.0,551000000.0,0.0,2000000.0,0.086,811000000.0,1578000000.0,610000000,0.635,2.799,21.603,21.362,15715000000,0.0,42.51,1.86,1.86,2131000000,-616000000.0,6399000000.0,6399000000.0,0.0,0.027,0.131,0.055,0.241,0.0,0.0,1.0,280014896,280014896,,22.852,21622000000,250000000,554000000.0,2708000000,77.217,-375000000.0
5,CMS,ARY,2015-12-31,2016-02-11,2015-12-31,2021-07-29,-47000000,20340000000,19557000000.0,2320000000.0,18020000000.0,0.33,14.353,-1718000000.0,285000000,285000000,4281000000.0,525000000.0,1.008,4.156,9514000000,955000000.0,8559000000.0,9514000000,0,750000000.0,0,0.03,1.18,1452000000.0,2202000000.0,0.341,2202000000.0,1452000000.0,1056000000.0,1.9,1.89,1.9,3938000000,3865000000.0,3938000000,20003600849,14.0,9.084,-78000000.0,-0.284,1.0,2175000000.0,0.337,0,396000000.0,27267000000,26284000000.0,778000000,464000000,16000000.0,448000000.0,16365000000,2302000000.0,14063000000.0,10774600849,59000000.0,0.0,43000000.0,528000000.0,-322000000.0,463000000.0,-2044000000.0,-231000000.0,1640000000.0,0.0,523000000.0,523000000.0,523000000.0,0.0,2000000.0,0.081,750000000.0,1425000000.0,642000000,0.621,2.736,20.602,20.668,14705000000,0.0,39.27,1.669,1.669,1940000000,-855000000.0,6456000000.0,6456000000.0,0.0,0.027,0.135,0.055,0.225,0.0,0.0,1.0,274372316,274372316,,23.53,20340000000,235000000,533000000.0,2422000000,74.133,18000000.0
6,CMS,ARY,2014-12-31,2015-02-05,2014-12-31,2021-07-29,-49000000,19185000000,18302250000.0,2597000000.0,16588000000.0,0.392,13.284,-1577000000.0,244000000,244000000,5090000000.0,479000000.0,1.289,4.217,8739000000,600000000.0,8139000000.0,8739000000,0,685000000.0,0,0.029,1.1,1384000000.0,2069000000.0,0.288,2069000000.0,1384000000.0,977000000.0,1.76,1.74,1.76,3670000000,3650750000.0,3670000000,18805177929,14.0,9.089,-130000000.0,-0.471,1.0,2089000000.0,0.291,0,407000000.0,25666000000,24568250000.0,918000000,552000000,139000000.0,413000000.0,15478000000,2014000000.0,13464000000.0,10310177929,35000000.0,0.0,43000000.0,750000000.0,-295000000.0,498000000.0,-1910000000.0,-255000000.0,1447000000.0,0.0,475000000.0,477000000.0,477000000.0,0.0,4000000.0,0.066,685000000.0,1404000000.0,688000000,0.625,2.809,21.615,21.205,13412000000,-2000000.0,37.32,1.436,1.436,1726000000,-1058000000.0,7179000000.0,7179000000.0,0.0,0.026,0.131,0.056,0.193,0.0,0.0,1.0,276264146,276264146,,25.986,19185000000,216000000,502000000.0,2101000000,69.444,583000000.0
7,CMS,ARY,2013-12-31,2014-02-06,2013-12-31,2021-07-29,-22000000,17416000000,17275000000.0,2526000000.0,14890000000.0,0.38,12.926,-1325000000.0,204000000,204000000,4562000000.0,454000000.0,1.299,4.032,7971000000,732000000.0,7239000000.0,7971000000,0,628000000.0,0,0.038,1.035,1384000000.0,2012000000.0,0.306,2012000000.0,1384000000.0,986000000.0,1.71,1.66,1.71,3454000000,3369750000.0,3454000000,14965579802,11.0,7.438,96000000.0,0.359,1.0,2004000000.0,0.305,0,398000000.0,23238000000,22879500000.0,881000000,531000000,63000000.0,468000000.0,13925000000,1945000000.0,11980000000.0,7198579802,79000000.0,0.0,36000000.0,434000000.0,-273000000.0,190000000.0,-1532000000.0,-139000000.0,1421000000.0,0.0,450000000.0,452000000.0,452000000.0,0.0,4000000.0,0.069,628000000.0,1376000000.0,595000000,0.605,2.084,15.926,15.754,12246000000,-2000000.0,26.94,1.096,1.096,1570000000,-1242000000.0,6566000000.0,6566000000.0,0.0,0.026,0.134,0.06,0.211,0.0,0.0,1.0,267207862,267207862,,24.573,17416000000,328000000,536000000.0,1953000000,65.178,581000000.0
8,CMS,ARY,2012-12-31,2013-02-21,2012-12-31,2021-07-29,-55000000,17131000000,16548000000.0,2422000000.0,14709000000.0,0.378,12.01,-1227000000.0,122000000,122000000,4424000000.0,384000000.0,1.348,4.35,7514000000,651000000.0,6863000000.0,7514000000,0,598000000.0,0,0.037,0.975,1245000000.0,1843000000.0,0.295,1843000000.0,1245000000.0,856000000.0,1.46,1.42,1.46,3194000000,3137500000.0,3194000000,14338233719,12.0,7.78,14000000.0,0.053,1.0,1829000000.0,0.292,0,389000000.0,22726000000,21878500000.0,1084000000,391000000,41000000.0,350000000.0,13893000000,1797000000.0,12096000000.0,6946233719,-68000000.0,0.0,30000000.0,263000000.0,-252000000.0,41000000.0,-1350000000.0,-63000000.0,1241000000.0,0.0,382000000.0,382000000.0,382000000.0,-7000000.0,4000000.0,0.061,597000000.0,1232000000.0,521000000,0.668,2.175,18.184,17.89,11551000000,0.0,26.12,1.111,1.111,1418000000,-1423000000.0,6253000000.0,6253000000.0,0.0,0.023,0.122,0.057,0.199,0.0,0.0,1.0,265935441,265935441,,23.513,17131000000,190000000,474000000.0,1405000000,64.418,625000000.0
9,CMS,ARY,2011-12-31,2012-02-23,2011-12-31,2021-07-29,-49000000,16452000000,15999250000.0,2565000000.0,13887000000.0,0.406,11.711,-882000000.0,188000000,188000000,4749000000.0,417000000.0,1.097,4.419,7264000000,1057000000.0,6207000000.0,7264000000,0,546000000.0,0,0.041,0.87,1226000000.0,1772000000.0,0.272,1772000000.0,1226000000.0,811000000.0,1.66,1.58,1.66,3028000000,2979000000.0,3028000000,12627515334,10.0,7.126,287000000.0,1.11,1.0,1754000000.0,0.27,0,415000000.0,21190000000,20424750000.0,1187000000,99000000,49000000.0,50000000.0,13380000000,2338000000.0,11042000000.0,5551515334,-86000000.0,0.0,29000000.0,36000000.0,-211000000.0,-199000000.0,-1058000000.0,-100000000.0,1169000000.0,0.0,415000000.0,415000000.0,415000000.0,-2000000.0,4000000.0,0.064,546000000.0,1208000000.0,584000000,0.524,1.833,13.377,12.934,10633000000,0.0,21.47,0.854,0.854,1341000000,-1553000000.0,6503000000.0,6503000000.0,0.0,0.026,0.139,0.06,0.189,0.0,0.0,1.0,258570812,258570812,,25.15,16452000000,211000000,396000000.0,1363000000,63.627,227000000.0
10,CMS,ARY,2010-12-31,2011-02-24,2010-12-31,2021-07-29,-40000000,15616000000,15366000000.0,2759000000.0,12857000000.0,0.419,11.077,-821000000.0,270000000,270000000,4724000000.0,343000000.0,1.365,4.575,7386000000,750000000.0,6636000000.0,7386000000,0,576000000.0,0,0.038,0.72,1205000000.0,1781000000.0,0.277,1781000000.0,1205000000.0,774000000.0,1.4,1.28,1.4,2793000000,2864750000.0,2793000000,11921800179,10.0,6.694,138000000.0,0.547,1.0,1708000000.0,0.266,0,431000000.0,20711000000,19942250000.0,1175000000,119000000,70000000.0,49000000.0,12779000000,2021000000.0,10758000000.0,4805800179,157000000.0,-10000000.0,10000000.0,608000000.0,-154000000.0,202000000.0,-1003000000.0,-131000000.0,959000000.0,0.0,340000000.0,324000000.0,324000000.0,23000000.0,6000000.0,0.05,520000000.0,1188000000.0,501000000,0.514,1.721,14.833,13.614,10069000000,16000000.0,19.06,0.747,0.747,1403000000,-1757000000.0,6432000000.0,6432000000.0,0.0,0.021,0.113,0.06,0.187,0.0,0.0,1.0,252140618,252140618,,25.51,15616000000,180000000,434000000.0,969000000,61.934,738000000.0
11,CMS,ARY,2009-12-31,2010-03-01,2009-12-31,2021-07-29,-33000000,15256000000,15104500000.0,2742000000.0,12514000000.0,0.411,12.364,-811000000.0,122000000,122000000,3790000000.0,240000000.0,1.403,4.336,6826000000,734000000.0,6092000000.0,6826000000,0,570000000.0,0,0.034,0.525,996000000.0,1566000000.0,0.252,1566000000.0,996000000.0,561000000.0,0.96,0.91,0.96,2841000000,3157000000.0,2841000000,10237906356,10.0,6.538,37000000.0,0.161,1.0,2415000000.0,0.389,0,435000000.0,20006000000,19738500000.0,1319000000,90000000,81000000.0,9000000.0,12318000000,1954000000.0,10364000000.0,3533906356,-122000000.0,0.0,9000000.0,120000000.0,-114000000.0,-35000000.0,-935000000.0,4000000.0,848000000.0,0.0,229000000.0,218000000.0,218000000.0,-20000000.0,22000000.0,0.035,1500000000.0,915000000.0,509000000,0.547,1.244,16.211,16.021,9682000000,11000000.0,15.38,0.57,0.57,1217000000,-1927000000.0,6205000000.0,6205000000.0,0.0,0.014,0.069,0.05,0.161,0.0,0.0,1.0,229772845,229772845,,27.005,15256000000,172000000,332000000.0,918000000,66.396,788000000.0
12,CMS,ARY,2008-12-31,2009-02-25,2008-12-31,2021-07-29,-28000000,14901000000,14277500000.0,2827000000.0,12074000000.0,0.478,17.62,-789000000.0,248000000,248000000,4405000000.0,300000000.0,1.517,2.732,6757000000,514000000.0,6243000000.0,6757000000,0,589000000.0,0,0.037,0.395,1042000000.0,1631000000.0,0.239,1631000000.0,1042000000.0,646000000.0,1.29,1.23,1.29,3993000000,3553000000.0,3993000000,8945197669,9.0,5.484,-230000000.0,-1.015,1.0,2416000000.0,0.354,0,396000000.0,19547000000,18510000000.0,1405000000,106000000,95000000.0,11000000.0,10908000000,1863000000.0,9045000000.0,2436197669,-135000000.0,0.0,9000000.0,240000000.0,-82000000.0,145000000.0,-839000000.0,1000000.0,559000000.0,0.0,300000000.0,289000000.0,289000000.0,0.0,0.0,0.042,1417000000.0,999000000.0,466000000,0.306,0.61,8.43,8.333,9190000000,11000000.0,10.75,0.357,0.357,1305000000,-2007000000.0,6821000000.0,6821000000.0,0.0,0.02,0.081,0.056,0.153,0.0,0.0,1.0,226623039,226623039,,30.098,14901000000,165000000,346000000.0,1471000000,65.752,964000000.0
13,CMS,ARY,2007-12-31,2008-02-21,2007-12-31,2021-07-29,-144000000,14196000000,14616750000.0,2884000000.0,11312000000.0,0.442,15.339,454000000.0,382000000,382000000,4303000000.0,-215000000.0,1.164,3.11,6511000000,723000000.0,5788000000.0,6511000000,0,545000000.0,0,0.016,0.24,256000000.0,801000000.0,0.124,801000000.0,256000000.0,-188000000.0,-1.02,-1.02,-1.02,3454000000,3772750000.0,3454000000,9614741059,38.0,12.003,481000000.0,2.136,1.0,2161000000.0,0.334,0,444000000.0,17848000000,17922000000.0,1334000000,79000000,68000000.0,11000000.0,10742000000,2477000000.0,8265000000.0,3485741059,-3000000.0,-113000000.0,15000000.0,-600000000.0,-45000000.0,-690000000.0,658000000.0,345000000.0,27000000.0,2000000.0,-215000000.0,-227000000.0,-227000000.0,89000000.0,0.0,-0.035,1978000000.0,183000000.0,433000000,-0.235,1.009,-15.356,-15.176,8728000000,12000000.0,15.48,0.539,0.539,1009000000,-2208000000.0,6464000000.0,6464000000.0,0.0,-0.016,-0.06,0.014,0.04,0.0,0.0,1.0,225177071,225177071,,28.706,14196000000,257000000,27000000.0,940000000,63.044,407000000.0
14,CMS,ARY,2006-12-31,2007-02-23,2006-12-31,2021-07-29,-318000000,15371000000,15391250000.0,3143000000.0,12228000000.0,0.442,18.647,-601000000.0,422000000,422000000,4474000000.0,-79000000.0,1.458,2.692,6988000000,566000000.0,6422000000.0,6988000000,0,576000000.0,0,0.003,0.05,477000000.0,1053000000.0,0.155,1053000000.0,477000000.0,-39000000.0,-0.41,-0.41,-0.41,4163000000,3716000000.0,4163000000,10562279966,22.0,10.031,87000000.0,0.39,1.0,2336000000.0,0.343,26000000,516000000.0,19755000000,20291250000.0,1357000000,1308000000,0.0,1308000000.0,11208000000,2156000000.0,9052000000.0,3996279966,-496000000.0,-148000000.0,8000000.0,-417000000.0,0.0,-434000000.0,-751000000.0,74000000.0,688000000.0,1000000.0,-79000000.0,-90000000.0,-90000000.0,-6000000.0,0.0,-0.013,2260000000.0,76000000.0,566000000,-0.122,0.96,-44.403,-43.659,7976000000,11000000.0,17.9,0.587,0.587,875000000,-1918000000.0,6810000000.0,6810000000.0,0.0,-0.006,-0.024,0.024,0.07,0.0,0.0,1.0,223255864,223255864,,30.503,15345000000,305000000,40000000.0,1052000000,68.733,987000000.0
15,CMS,ARY,2005-12-31,2006-02-24,2005-12-31,2021-07-29,-288000000,16020000000,16199250000.0,3899000000.0,12121000000.0,0.388,16.584,-532000000.0,1045000000,1045000000,3612000000.0,-84000000.0,1.845,3.376,7731000000,445000000.0,7286000000.0,7731000000,0,525000000.0,535000000,0.0,0.0,531000000.0,1056000000.0,0.168,1056000000.0,531000000.0,9000000.0,-0.44,-0.44,-0.44,3661000000,3870500000.0,3661000000,9827394494,19.0,9.306,114000000.0,0.516,1.0,2676000000.0,0.426,27000000,522000000.0,20566000000,20860250000.0,1275000000,1990000000,242000000.0,1748000000.0,12359000000,2113000000.0,10246000000.0,3141394494,178000000.0,0.0,295000000.0,-153000000.0,0.0,74000000.0,-541000000.0,39000000.0,646000000.0,-1000000.0,-84000000.0,-94000000.0,-94000000.0,-14000000.0,0.0,-0.015,2814000000.0,-138000000.0,512000000,0.0,0.858,-33.419,-32.341,7845000000,10000000.0,14.23,0.5,0.5,878000000,-1828000000.0,6288000000.0,6288000000.0,0.0,-0.006,-0.024,0.025,0.084,0.0,0.0,1.0,220758573,220758573,,28.484,15993000000,160000000,93000000.0,1205000000,72.446,1786000000.0
16,CMS,ARY,2004-12-31,2005-03-10,2004-12-31,2021-07-29,-336000000,15872000000,15418250000.0,2999000000.0,12873000000.0,0.355,19.154,-306000000.0,725000000,725000000,3179000000.0,121000000.0,1.709,3.239,7739000000,476000000.0,7263000000.0,7739000000,0,431000000.0,0,0.0,0.0,990000000.0,1421000000.0,0.26,1421000000.0,990000000.0,386000000.0,0.65,0.64,0.65,3744000000,3150500000.0,3744000000,9576560401,10.0,6.739,92000000.0,0.471,1.0,2293000000.0,0.419,23000000,604000000.0,21108000000,20495250000.0,1030000000,1953000000,205000000.0,1748000000.0,12128000000,1755000000.0,10373000000.0,2562560401,-37000000.0,-71000000.0,290000000.0,-283000000.0,0.0,-43000000.0,-392000000.0,-78000000.0,398000000.0,0.0,121000000.0,110000000.0,110000000.0,0.0,0.0,0.02,1545000000.0,748000000.0,392000000,0.0,0.684,23.296,20.169,8636000000,11000000.0,13.11,0.468,0.468,581000000,-1734000000.0,5472000000.0,5472000000.0,0.0,0.007,0.035,0.048,0.181,0.0,0.0,1.0,195466087,195466087,,27.995,15849000000,167000000,265000000.0,1727000000,81.083,1244000000.0
17,CMS,ARY,2003-12-31,2004-03-12,2003-12-31,2021-07-29,-419000000,13838000000,13368000000.0,2494000000.0,11344000000.0,0.412,9.836,404000000.0,733000000,733000000,3417000000.0,-44000000.0,1.512,7.731,7281000000,519000000.0,6762000000.0,7281000000,0,462000000.0,0,0.0,0.0,795000000.0,1257000000.0,0.228,1257000000.0,795000000.0,205000000.0,-0.3,-0.3,-0.3,1585000000,1341250000.0,1585000000,8011226065,10.0,6.373,153000000.0,0.949,1.0,2096000000.0,0.38,25000000,590000000.0,18711000000,17457250000.0,892000000,2147000000,0.0,2147000000.0,12253000000,1650000000.0,3463000000.0,1463226065,181000000.0,0.0,0.0,-59000000.0,0.0,230000000.0,203000000.0,28000000.0,-251000000.0,-1000000.0,-44000000.0,-44000000.0,-44000000.0,-23000000.0,0.0,-0.008,1474000000.0,622000000.0,357000000,0.0,0.923,-33.255,-30.267,6944000000,0.0,9.08,0.265,0.265,476000000,-1844000000.0,5513000000.0,5513000000.0,0.0,-0.003,-0.033,0.046,0.144,0.0,0.0,1.0,161148245,161148245,,34.211,13813000000,0,249000000.0,1509000000,85.716,844000000.0
18,CMS,ARY,2002-12-31,2003-03-31,2002-12-31,2021-07-29,-753000000,13915000000,15272250000.0,2748000000.0,11167000000.0,0.569,7.864,912000000.0,377000000,377000000,6493000000.0,-620000000.0,0.948,11.282,6570000000,1098000000.0,5472000000.0,6570000000,0,497000000.0,0,0.164,0.725,24000000.0,521000000.0,0.06,521000000.0,24000000.0,-408000000.0,-4.46,-4.59,-4.46,1133000000,1800250000.0,1133000000,6828386225,285.0,13.106,1315000000.0,9.127,1.0,2194000000.0,0.253,0,432000000.0,17210000000,18683750000.0,617000000,1563000000,0.0,1563000000.0,12782000000,2898000000.0,3464000000.0,635386225,250000000.0,-55000000.0,348000000.0,-1394000000.0,-149000000.0,1237000000.0,1084000000.0,24000000.0,403000000.0,0.0,-620000000.0,-620000000.0,-620000000.0,222000000.0,0.0,-0.071,1298000000.0,896000000.0,535000000,-0.163,0.561,-1.025,-0.989,5799000000,0.0,4.41,0.073,0.073,757000000,-1720000000.0,8687000000.0,8687000000.0,0.0,-0.041,-0.344,0.001,0.003,0.0,0.0,1.0,144078509,144078509,,60.294,13915000000,0,212000000.0,1324000000,96.579,-150000000.0
19,CMS,ARY,2001-12-31,2002-03-29,2001-12-31,2021-07-29,0,17102000000,17159000000.0,3033000000.0,14069000000.0,0.559,14.16,-1152000000.0,189000000,189000000,6490000000.0,-545000000.0,0.796,8.049,8380000000,1397000000.0,6983000000.0,8380000000,0,524000000.0,0,0.065,1.46,244000000.0,768000000.0,0.08,768000000.0,244000000.0,-387000000.0,-4.17,-4.17,-4.17,1890000000,2316000000.0,1890000000,11211503381,46.0,14.598,-735000000.0,-5.507,1.0,3107000000.0,0.324,811000000,631000000.0,20672000000,20378750000.0,813000000,2068000000,0.0,2068000000.0,15212000000,3810000000.0,11402000000.0,3020503381,7000000.0,-173000000.0,333000000.0,572000000.0,-189000000.0,716000000.0,-1126000000.0,23000000.0,417000000.0,0.0,-545000000.0,-545000000.0,-545000000.0,185000000.0,0.0,-0.057,1947000000.0,1160000000.0,1183000000,-0.35,1.598,-5.542,-5.427,9080000000,0.0,22.63,0.315,0.315,1364000000,,9597000000.0,9597000000.0,0.0,-0.032,-0.235,0.012,0.025,0.0,0.0,1.0,133473415,133473415,,71.902,16291000000,0,158000000.0,1837000000,122.054,-777000000.0
20,CMS,ARY,2000-12-31,2001-03-23,2000-12-31,2021-07-29,0,15851000000,15772000000.0,2449000000.0,13402000000.0,0.571,17.966,-403000000.0,182000000,182000000,5948000000.0,36000000.0,0.765,5.714,7934000000,1110000000.0,6824000000.0,7934000000,0,637000000.0,0,0.051,1.46,1016000000.0,1653000000.0,0.184,1653000000.0,1016000000.0,377000000.0,0.32,0.32,0.32,2361000000,2347250000.0,2361000000,11497415793,11.0,6.955,50000000.0,0.38,1.0,3050000000.0,0.339,891000000,639000000.0,19510000000,20458750000.0,467000000,2085000000,0.0,2085000000.0,13490000000,3202000000.0,10288000000.0,3745415793,50000000.0,-418000000.0,187000000.0,444000000.0,-167000000.0,464000000.0,-867000000.0,0.0,453000000.0,0.0,36000000.0,36000000.0,36000000.0,0.0,0.0,0.004,1713000000.0,1337000000.0,1624000000,4.562,1.586,104.039,89.062,8759000000,0.0,28.5,0.416,0.416,1440000000,,8998000000.0,8998000000.0,0.0,0.002,0.015,0.05,0.113,0.0,0.0,1.0,131418098,131418098,,68.468,14960000000,39000000,341000000.0,2115000000,113.835,-753000000.0
21,CMS,ARY,1999-12-31,2000-03-30,1999-12-31,2021-07-29,0,15462000000,14492500000.0,,,0.421,22.282,-1124000000.0,132000000,132000000,3237000000.0,277000000.0,,5.296,7857000000,,,7857000000,0,595000000.0,0,0.076,1.425,1154130000.0,1749130000.0,0.287,1749130000.0,1154130000.0,594130000.0,2.44,2.42,2.44,2456000000,2372750000.0,2456000000,9791716031,8.0,5.598,-207000000.0,-1.878,1.0,2866000000.0,0.47,891000000,560000000.0,22296000000,20533500000.0,430000000,2247000000,,,13006000000,,,2066716031,31000000.0,-2318000000.0,84000000.0,2951000000.0,-163000000.0,2678000000.0,-3564000000.0,0.0,917000000.0,0.0,276130000.0,269000000.0,269000000.0,0.0,870000.0,0.044,1616000000.0,1250000000.0,836000000,0.584,0.841,7.683,7.684,8121000000,7130000.0,18.75,0.339,0.339,959000000,,6103000000.0,6103000000.0,0.0,0.019,0.113,0.056,0.189,0.0,0.0,1.0,110224855,110224855,,55.369,14571000000,33000000,318000000.0,2023000000,132.193,
22,CMS,ARY,1998-12-31,1999-03-31,1998-12-31,2021-07-29,0,11310000000,10219750000.0,,,0.503,19.611,-1238000000.0,101000000,101000000,2904000000.0,285000000.0,,4.104,5452000000,,,5452000000,0,484000000.0,0,0.032,1.29,952000000.0,1436000000.0,0.279,1436000000.0,952000000.0,587000000.0,2.65,2.62,2.65,2216000000,2016750000.0,2216000000,10054257822,11.0,7.002,-722000000.0,-6.389,1.0,2237000000.0,0.435,0,365000000.0,16661000000,13921750000.0,361000000,2073000000,,,9094000000,,,4703257822,32000000.0,-345000000.0,266000000.0,1024000000.0,-140000000.0,1150000000.0,-1634000000.0,0.0,516000000.0,0.0,272000000.0,272000000.0,272000000.0,0.0,13000000.0,0.053,1263000000.0,974000000.0,580000000,0.487,2.122,17.291,15.189,6040000000,0.0,40.25,0.915,0.885,720000000,,5141000000.0,5141000000.0,0.0,0.027,0.135,0.068,0.185,0.0,0.0,1.0,116851126,113000000,,45.496,11310000000,0,315000000.0,1484000000,100.088,
23,CMS,ARY,1997-12-31,1998-03-26,1997-12-31,2021-07-29,0,9793000000,,,,,18.1,-662000000.0,67000000,67000000,2624000000.0,268000000.0,,3.953,4372000000,,,4372000000,0,477000000.0,0,0.025,1.17,903000000.0,1380000000.0,0.288,1380000000.0,903000000.0,581000000.0,2.63,2.61,2.63,1977000000,,1977000000,9363269212,10.0,6.785,-5000000.0,-0.046,1.0,2163000000.0,0.452,0,322000000.0,14098000000,,317000000,1301000000,,,7816000000,,,5058269212,11000000.0,-830000000.0,222000000.0,669000000.0,-119000000.0,938000000.0,-1584000000.0,-50000000.0,657000000.0,0.0,253000000.0,253000000.0,253000000.0,0.0,15000000.0,0.053,1206000000.0,957000000.0,478000000,0.445,2.559,19.993,17.608,5435000000,0.0,46.31,1.057,1.057,476000000,,4787000000.0,4787000000.0,0.0,,,,0.189,0.0,0.0,1.0,109226284,109226284,,43.826,9793000000,38000000,328000000.0,1388000000,89.658,
0,CMS,ARQ,2021-06-30,2021-07-29,2021-06-30,2021-07-29,-82000000,29953000000,,2322000000.0,27631000000.0,,20.014,-441000000.0,171000000,171000000,975000000.0,171000000.0,0.746,4.069,12367000000,589000000.0,11778000000.0,12367000000,0,242000000.0,0,0.027,0.435,410000000.0,652000000.0,0.418,652000000.0,410000000.0,285000000.0,0.61,0.61,0.61,5797000000,,5797000000,30229872858,15.0,9.853,94000000.0,0.325,1.0,583000000.0,0.374,0,125000000.0,39035000000,,539000000,71000000,0.0,71000000.0,23587000000,3114000000.0,20473000000.0,18033872858,-232000000.0,2000000.0,11000000.0,-16000000.0,-127000000.0,-199000000.0,-568000000.0,-187000000.0,535000000.0,0.0,176000000.0,176000000.0,176000000.0,-18000000.0,-5000000.0,0.113,244000000.0,339000000.0,666000000,0.713,3.111,20.015,19.891,21533000000,0.0,62.26,2.571,2.571,779000000,487000000.0,1558000000.0,1558000000.0,0.0,,,,,0.0,0.0,1.0,289654238,289654238,,5.379,29953000000,243000000,109000000.0,2436000000,103.41,-792000000.0
1,CMS,ARQ,2021-03-31,2021-04-29,2021-03-31,2021-07-29,-84000000,29723000000,,2513000000.0,27210000000.0,,19.785,-437000000.0,524000000,524000000,1135000000.0,342000000.0,0.871,4.09,15118000000,1506000000.0,13612000000.0,15118000000,0,340000000.0,0,0.026,0.0,659000000.0,999000000.0,0.48,999000000.0,659000000.0,523000000.0,1.21,1.21,1.21,5727000000,,5727000000,33104938862,17.0,10.969,395000000.0,1.365,1.0,948000000.0,0.455,0,136000000.0,41432000000,,407000000,945000000,0.0,945000000.0,23421000000,2885000000.0,20536000000.0,18510938862,339000000.0,-2000000.0,9000000.0,-2000000.0,-126000000.0,-210000000.0,-283000000.0,187000000.0,832000000.0,0.0,349000000.0,349000000.0,349000000.0,0.0,-7000000.0,0.168,340000000.0,608000000.0,545000000,0.0,3.232,21.499,21.317,21207000000,0.0,63.95,2.683,2.683,3585000000,437000000.0,2083000000.0,2083000000.0,0.0,,,,,0.0,0.0,1.0,289459560,289459560,,7.196,29723000000,267000000,174000000.0,2400000000,102.684,-372000000.0
2,CMS,ARQ,2020-12-31,2021-02-11,2020-12-31,2021-07-29,-86000000,29666000000,,2404000000.0,27262000000.0,,19.021,-562000000.0,185000000,185000000,1070000000.0,162000000.0,0.782,4.292,15196000000,1506000000.0,13690000000.0,15196000000,0,281000000.0,0,0.029,0.842,428000000.0,709000000.0,0.394,709000000.0,428000000.0,288000000.0,0.55,0.55,0.55,5496000000,,5496000000,31359414969,17.0,10.98,-430000000.0,-1.488,1.0,728000000.0,0.405,0,140000000.0,41603000000,,576000000,939000000,0.0,939000000.0,23589000000,3074000000.0,20515000000.0,16348414969,-373000000.0,0.0,146000000.0,51000000.0,-116000000.0,64000000.0,-569000000.0,20000000.0,132000000.0,0.0,158000000.0,158000000.0,158000000.0,0.0,4000000.0,0.088,281000000.0,447000000.0,678000000,1.531,2.975,21.654,21.351,21039000000,0.0,56.58,2.447,2.447,3788000000,214000000.0,1798000000.0,1798000000.0,0.0,,,,,0.0,0.0,1.0,288943354,288943354,,6.223,29666000000,332000000,130000000.0,2435000000,102.671,-670000000.0
3,CMS,ARQ,2020-09-30,2020-10-29,2020-09-30,2021-07-29,-79000000,29280000000,,2494000000.0,26786000000.0,,18.58,-751000000.0,558000000,558000000,903000000.0,210000000.0,0.834,4.395,15135000000,1799000000.0,13336000000.0,15135000000,0,228000000.0,0,0.025,0.407,480000000.0,708000000.0,0.45,708000000.0,480000000.0,337000000.0,0.76,0.76,0.76,5320000000,,5320000000,32759238591,18.0,11.559,-403000000.0,-1.407,1.0,672000000.0,0.427,0,143000000.0,40865000000,,639000000,756000000,0.0,756000000.0,23382000000,2992000000.0,20390000000.0,18182238591,-1046000000.0,-2000000.0,3000000.0,-902000000.0,-117000000.0,-264000000.0,-1130000000.0,-332000000.0,348000000.0,0.0,218000000.0,218000000.0,218000000.0,0.0,-8000000.0,0.138,228000000.0,444000000.0,667000000,0.536,3.418,23.799,23.606,20630000000,0.0,63.5,2.723,2.723,3596000000,171000000.0,1575000000.0,1575000000.0,0.0,,,,,0.0,0.0,1.0,286334466,286334466,,5.501,29280000000,199000000,119000000.0,2065000000,102.258,-498000000.0
4,CMS,ARQ,2020-06-30,2020-08-03,2020-06-30,2021-07-29,-76000000,28581000000,,3532000000.0,25049000000.0,,18.213,-423000000.0,1604000000,1604000000,872000000.0,137000000.0,1.131,4.474,15225000000,1744000000.0,13481000000.0,15225000000,0,223000000.0,0,0.019,0.407,379000000.0,602000000.0,0.417,602000000.0,379000000.0,238000000.0,0.48,0.48,0.48,5214000000,,5214000000,31648095301,18.0,11.331,172000000.0,0.601,1.0,571000000.0,0.396,0,141000000.0,39079000000,,506000000,775000000,0.0,775000000.0,23330000000,3123000000.0,20207000000.0,18027095301,743000000.0,-7000000.0,3000000.0,765000000.0,-118000000.0,757000000.0,-609000000.0,-144000000.0,595000000.0,0.0,136000000.0,136000000.0,136000000.0,0.0,1000000.0,0.094,223000000.0,348000000.0,635000000,0.848,3.457,23.94,23.673,19436000000,0.0,62.97,2.712,2.712,3374000000,70000000.0,1443000000.0,1443000000.0,0.0,,,,,0.0,0.0,1.0,286280694,286280694,,5.041,28581000000,223000000,102000000.0,2207000000,99.836,409000000.0
5,CMS,ARQ,2020-03-31,2020-04-27,2020-03-31,2021-07-29,-76000000,27447000000,,2817000000.0,24630000000.0,,18.115,-523000000.0,861000000,861000000,1066000000.0,243000000.0,0.958,4.286,14337000000,1721000000.0,12616000000.0,14337000000,0,316000000.0,0,0.027,0.0,521000000.0,837000000.0,0.449,837000000.0,521000000.0,384000000.0,0.86,0.85,0.86,5185000000,,5185000000,30076845376,18.0,11.05,-322000000.0,-1.125,1.0,798000000.0,0.428,0,137000000.0,37983000000,,434000000,1036000000,241000000.0,795000000.0,22225000000,2940000000.0,19285000000.0,16600845376,704000000.0,-8000000.0,101000000.0,1106000000.0,-116000000.0,1062000000.0,-559000000.0,-4000000.0,201000000.0,0.0,243000000.0,243000000.0,243000000.0,0.0,0.0,0.13,316000000.0,482000000.0,497000000,0.0,3.202,23.381,23.108,19144000000,0.0,58.0,2.496,2.496,3136000000,51000000.0,1864000000.0,1864000000.0,0.0,,,,,0.0,0.0,1.0,286221472,286221472,,6.512,27447000000,246000000,141000000.0,2171000000,95.894,-123000000.0
6,CMS,ARQ,2019-12-31,2020-02-06,2019-12-31,2021-07-29,-73000000,26837000000,,2331000000.0,24506000000.0,,17.679,-533000000.0,157000000,157000000,1135000000.0,168000000.0,0.862,4.341,13247000000,1220000000.0,12027000000.0,13247000000,0,263000000.0,0,0.023,0.789,424000000.0,687000000.0,0.383,687000000.0,424000000.0,290000000.0,0.59,0.58,0.59,5018000000,,5018000000,32198275619,19.0,12.055,-138000000.0,-0.486,1.0,660000000.0,0.368,0,134000000.0,37223000000,,605000000,829000000,19000000.0,810000000.0,21782000000,2704000000.0,19078000000.0,19108275619,-276000000.0,-36000000.0,3000000.0,42000000.0,-110000000.0,-67000000.0,-604000000.0,-6000000.0,395000000.0,0.0,167000000.0,167000000.0,167000000.0,0.0,1000000.0,0.093,263000000.0,397000000.0,635000000,1.337,3.808,28.1,28.05,18926000000,0.0,67.32,2.792,2.792,3407000000,-25000000.0,1795000000.0,1795000000.0,0.0,,,,,0.0,0.0,1.0,283842478,283842478,,6.324,26837000000,305000000,123000000.0,2212000000,94.549,-373000000.0
7,CMS,ARQ,2019-09-30,2019-10-24,2019-09-30,2021-07-29,-67000000,26009000000,,2305000000.0,23704000000.0,,17.464,-501000000.0,432000000,432000000,910000000.0,207000000.0,1.065,4.239,13195000000,1074000000.0,12121000000.0,13195000000,0,215000000.0,0,0.023,0.383,452000000.0,667000000.0,0.431,667000000.0,452000000.0,319000000.0,0.73,0.73,0.73,4957000000,,4957000000,31056647707,20.0,12.155,-291000000.0,-1.025,1.0,636000000.0,0.411,0,133000000.0,36607000000,,699000000,560000000,0.0,560000000.0,21015000000,2165000000.0,18850000000.0,18293647707,99000000.0,-87000000.0,3000000.0,584000000.0,-108000000.0,691000000.0,-802000000.0,-158000000.0,210000000.0,0.0,207000000.0,207000000.0,207000000.0,0.0,0.0,0.134,215000000.0,421000000.0,607000000,0.525,3.69,29.458,29.429,18524000000,0.0,64.45,2.659,2.659,3150000000,-83000000.0,1546000000.0,1546000000.0,0.0,,,,,0.0,0.0,1.0,283842478,283842478,,5.447,26009000000,184000000,112000000.0,1829000000,91.632,140000000.0
8,CMS,ARQ,2019-06-30,2019-07-25,2019-06-30,2021-07-29,-67000000,25292000000,,2254000000.0,23038000000.0,,17.094,-492000000.0,334000000,334000000,940000000.0,94000000.0,0.945,4.206,12399000000,1077000000.0,11322000000.0,12399000000,0,216000000.0,0,0.026,0.383,315000000.0,531000000.0,0.367,531000000.0,315000000.0,184000000.0,0.33,0.33,0.33,4851000000,,4851000000,28513294868,19.0,11.511,76000000.0,0.268,1.0,505000000.0,0.349,0,131000000.0,34971000000,,552000000,583000000,0.0,583000000.0,20404000000,2386000000.0,18018000000.0,16448294868,67000000.0,-99000000.0,3000000.0,121000000.0,-110000000.0,234000000.0,-735000000.0,-124000000.0,568000000.0,0.0,93000000.0,93000000.0,93000000.0,0.0,1000000.0,0.064,216000000.0,289000000.0,636000000,1.161,3.391,28.213,28.136,18106000000,0.0,57.96,2.373,2.373,3028000000,-182000000.0,1445000000.0,1445000000.0,0.0,,,,,0.0,0.0,1.0,283787006,283787006,,5.092,25292000000,204000000,91000000.0,1960000000,89.123,-132000000.0
9,CMS,ARQ,2019-03-31,2019-04-25,2019-03-31,2021-07-29,-66000000,24793000000,,2376000000.0,22417000000.0,,17.12,-481000000.0,267000000,267000000,1296000000.0,213000000.0,1.128,4.096,12068000000,872000000.0,11196000000.0,12068000000,0,298000000.0,0,0.027,0.0,488000000.0,786000000.0,0.382,786000000.0,488000000.0,367000000.0,0.75,0.75,0.75,4858000000,,4858000000,27339363290,18.0,10.962,136000000.0,0.479,1.0,763000000.0,0.371,0,121000000.0,34488000000,,442000000,600000000,0.0,600000000.0,19898000000,2106000000.0,17792000000.0,15538363290,92000000.0,-121000000.0,3000000.0,104000000.0,-108000000.0,150000000.0,-675000000.0,-46000000.0,617000000.0,0.0,213000000.0,213000000.0,213000000.0,0.0,0.0,0.103,298000000.0,465000000.0,550000000,0.0,3.199,24.703,24.667,18315000000,0.0,54.76,2.226,2.226,3070000000,-166000000.0,2059000000.0,2059000000.0,0.0,,,,,0.0,0.0,1.0,283753895,283753895,,7.256,24793000000,226000000,154000000.0,1937000000,87.375,270000000.0
10,CMS,ARQ,2018-12-31,2019-02-05,2018-12-31,2021-07-29,-65000000,24529000000,,2468000000.0,22061000000.0,,16.778,-502000000.0,174000000,174000000,1254000000.0,109000000.0,0.941,4.151,11777000000,1093000000.0,10684000000.0,11777000000,0,244000000.0,0,0.035,0.74,327000000.0,571000000.0,0.312,571000000.0,327000000.0,206000000.0,0.38,0.38,0.38,4755000000,,4755000000,26353975465,17.0,10.687,-364000000.0,-1.284,1.0,575000000.0,0.314,0,121000000.0,33508000000,,650000000,547000000,0.0,547000000.0,19737000000,2624000000.0,17113000000.0,14750975465,-191000000.0,-138000000.0,2000000.0,337000000.0,-102000000.0,462000000.0,-791000000.0,-107000000.0,138000000.0,0.0,108000000.0,108000000.0,108000000.0,0.0,1000000.0,0.059,244000000.0,331000000.0,733000000,1.947,3.102,22.452,22.339,18126000000,0.0,52.05,2.146,2.146,2872000000,-271000000.0,1829000000.0,1829000000.0,0.0,,,,,0.0,0.0,1.0,283400105,283400105,,6.454,24529000000,279000000,98000000.0,1984000000,86.553,-156000000.0
11,CMS,ARQ,2018-09-30,2018-10-25,2018-09-30,2021-07-29,-59000000,23913000000,,2374000000.0,21539000000.0,,16.761,-700000000.0,365000000,365000000,1032000000.0,169000000.0,0.69,4.028,11194000000,2250000000.0,8944000000.0,11194000000,0,206000000.0,0,0.028,0.357,383000000.0,589000000.0,0.368,589000000.0,383000000.0,269000000.0,0.6,0.59,0.6,4749000000,,4749000000,25208069362,16.0,9.964,-551000000.0,-1.945,1.0,567000000.0,0.355,0,114000000.0,31300000000,,741000000,727000000,26000000.0,701000000.0,19127000000,3442000000.0,15685000000.0,14379069362,-135000000.0,-87000000.0,3000000.0,469000000.0,-101000000.0,523000000.0,-807000000.0,26000000.0,149000000.0,0.0,169000000.0,169000000.0,169000000.0,0.0,0.0,0.106,206000000.0,361000000.0,689000000,0.595,3.028,26.335,26.16,17790000000,0.0,50.75,2.108,2.108,2355000000,-278000000.0,1599000000.0,1599000000.0,0.0,,,,,0.0,0.0,1.0,283331416,283331416,,5.644,23913000000,167000000,100000000.0,1590000000,84.399,-1068000000.0
12,CMS,ARQ,2018-06-30,2018-07-26,2018-06-30,2021-07-29,-61000000,23312000000,,2286000000.0,21026000000.0,,16.493,-450000000.0,494000000,494000000,965000000.0,140000000.0,0.902,3.982,10569000000,1216000000.0,9353000000.0,10569000000,0,204000000.0,0,0.029,0.357,344000000.0,548000000.0,0.367,548000000.0,344000000.0,232000000.0,0.49,0.49,0.49,4672000000,,4672000000,23711397656,15.0,9.35,258000000.0,0.911,1.0,527000000.0,0.353,0,112000000.0,30852000000,,570000000,853000000,0.0,853000000.0,18603000000,2535000000.0,16068000000.0,13636397656,274000000.0,0.0,33000000.0,43000000.0,-103000000.0,118000000.0,-552000000.0,-75000000.0,708000000.0,0.0,139000000.0,139000000.0,139000000.0,0.0,1000000.0,0.093,204000000.0,323000000.0,629000000,0.729,2.919,24.839,24.687,17237000000,0.0,48.14,2.02,2.02,2174000000,-346000000.0,1492000000.0,1492000000.0,0.0,,,,,0.0,0.0,1.0,283265427,283265427,,5.267,23312000000,187000000,93000000.0,1713000000,82.297,-249000000.0
13,CMS,ARQ,2018-03-31,2018-04-26,2018-03-31,2021-07-29,-61000000,22868000000,,2207000000.0,20661000000.0,,16.268,-422000000.0,221000000,221000000,1224000000.0,241000000.0,0.889,3.968,10368000000,1286000000.0,9082000000.0,10368000000,0,279000000.0,0,0.029,0.357,479000000.0,758000000.0,0.388,758000000.0,479000000.0,368000000.0,0.86,0.86,0.86,4596000000,,4596000000,23267526248,15.0,9.307,286000000.0,1.012,1.0,729000000.0,0.373,0,111000000.0,30533000000,,445000000,858000000,2000000.0,856000000.0,18235000000,2482000000.0,15753000000.0,13120526248,23000000.0,0.0,3000000.0,-122000000.0,-101000000.0,-229000000.0,-456000000.0,-5000000.0,708000000.0,0.0,241000000.0,241000000.0,241000000.0,0.0,0.0,0.123,279000000.0,450000000.0,540000000,0.415,2.855,26.137,25.944,16904000000,0.0,46.44,1.956,1.956,2399000000,-383000000.0,1953000000.0,1953000000.0,0.0,,,,,0.0,0.0,1.0,282526405,282526405,,6.913,22868000000,207000000,127000000.0,1677000000,80.941,-275000000.0
14,CMS,ARQ,2017-12-31,2018-02-14,2017-12-31,2021-07-29,-50000000,23050000000,,2475000000.0,20575000000.0,,15.725,-457000000.0,199000000,199000000,1095000000.0,-2000000.0,0.889,4.182,10487000000,1273000000.0,9214000000.0,10487000000,0,229000000.0,0,0.023,0.333,406000000.0,635000000.0,0.357,635000000.0,406000000.0,296000000.0,-0.01,-0.01,-0.01,4441000000,,4441000000,22403835417,14.0,9.008,49000000.0,0.174,1.0,683000000.0,0.384,0,110000000.0,30554000000,,672000000,865000000,2000000.0,863000000.0,18572000000,2784000000.0,15788000000.0,12115835417,31000000.0,0.0,3000000.0,124000000.0,-95000000.0,39000000.0,-514000000.0,-20000000.0,506000000.0,0.0,-3000000.0,-3000000.0,-3000000.0,0.0,1000000.0,-0.002,229000000.0,454000000.0,740000000,-33.3,2.728,26.339,26.159,16761000000,0.0,42.9,1.84,1.84,2429000000,-531000000.0,1778000000.0,1778000000.0,0.0,,,,,0.0,0.0,1.0,282420406,282420406,,6.296,23050000000,257000000,299000000.0,1716000000,81.616,-309000000.0
15,CMS,ARQ,2017-09-30,2017-10-26,2017-09-30,2021-07-29,-47000000,22120000000,,2121000000.0,19999000000.0,,16.077,-462000000.0,169000000,169000000,942000000.0,172000000.0,0.938,3.869,10331000000,1210000000.0,9121000000.0,10331000000,0,193000000.0,0,0.027,0.333,402000000.0,595000000.0,0.39,595000000.0,402000000.0,291000000.0,0.61,0.61,0.61,4535000000,,4535000000,23685087065,16.0,9.985,-382000000.0,-1.354,1.0,585000000.0,0.383,0,111000000.0,30021000000,,787000000,371000000,31000000.0,340000000.0,17548000000,2261000000.0,15287000000.0,13523087065,-268000000.0,0.0,4000000.0,223000000.0,-94000000.0,200000000.0,-548000000.0,-62000000.0,80000000.0,0.0,172000000.0,172000000.0,172000000.0,0.0,0.0,0.113,193000000.0,392000000.0,632000000,0.546,2.982,25.043,24.839,16444000000,0.0,47.94,2.098,2.098,2017000000,-434000000.0,1527000000.0,1527000000.0,0.0,,,,,0.0,0.0,1.0,282083585,282083585,,5.413,22120000000,157000000,119000000.0,2679000000,78.416,-140000000.0
16,CMS,ARQ,2017-06-30,2017-07-28,2017-06-30,2021-07-29,-48000000,21867000000,,2211000000.0,19656000000.0,,15.776,-381000000.0,435000000,435000000,945000000.0,93000000.0,1.045,3.907,10030000000,840000000.0,9190000000.0,10030000000,0,197000000.0,0,0.028,0.333,315000000.0,512000000.0,0.353,512000000.0,315000000.0,205000000.0,0.33,0.33,0.33,4449000000,,4449000000,22652188195,15.0,9.388,92000000.0,0.326,1.0,504000000.0,0.348,0,110000000.0,29347000000,,582000000,380000000,18000000.0,362000000.0,17381000000,2115000000.0,15266000000.0,13057188195,-22000000.0,0.0,73000000.0,-16000000.0,-94000000.0,-35000000.0,-460000000.0,-39000000.0,473000000.0,0.0,92000000.0,92000000.0,92000000.0,0.0,1000000.0,0.063,197000000.0,307000000.0,608000000,1.009,2.935,23.569,23.266,16119000000,0.0,46.3,2.007,2.007,1996000000,-512000000.0,1449000000.0,1449000000.0,0.0,,,,,0.0,0.0,1.0,282012704,282012704,,5.138,21867000000,179000000,113000000.0,2767000000,77.539,96000000.0
17,CMS,ARQ,2017-03-31,2017-05-01,2017-03-31,2021-07-29,-49000000,21623000000,,2215000000.0,19408000000.0,,15.582,-365000000.0,463000000,463000000,1098000000.0,199000000.0,1.15,3.94,10045000000,812000000.0,9233000000.0,10045000000,0,262000000.0,0,0.028,0.0,483000000.0,745000000.0,0.407,745000000.0,483000000.0,376000000.0,0.71,0.71,0.71,4370000000,,4370000000,22244471416,14.0,9.165,281000000.0,1.002,1.0,731000000.0,0.4,0,107000000.0,29279000000,,425000000,406000000,19000000.0,387000000.0,17216000000,1926000000.0,15290000000.0,12662471416,206000000.0,0.0,3000000.0,26000000.0,-94000000.0,-94000000.0,-346000000.0,33000000.0,646000000.0,0.0,199000000.0,199000000.0,199000000.0,0.0,0.0,0.109,262000000.0,469000000.0,488000000,0.0,2.898,21.608,21.398,15857000000,0.0,45.15,1.97,1.97,2065000000,-511000000.0,1829000000.0,1829000000.0,0.0,,,,,0.0,0.0,1.0,280453409,280453409,,6.522,21623000000,203000000,177000000.0,2722000000,77.1,289000000.0
18,CMS,ARQ,2016-12-31,2017-02-07,2016-12-31,2021-07-29,-50000000,21622000000,,2280000000.0,19342000000.0,,15.188,-448000000.0,254000000,254000000,1064000000.0,78000000.0,0.859,4.075,10034000000,1284000000.0,8750000000.0,10034000000,0,214000000.0,0,0.03,0.643,306000000.0,520000000.0,0.317,520000000.0,306000000.0,195000000.0,0.28,0.28,0.28,4253000000,,4253000000,21683433229,14.0,9.223,-60000000.0,-0.214,1.0,576000000.0,0.351,0,111000000.0,28747000000,,626000000,457000000,39000000.0,418000000.0,17332000000,2655000000.0,14677000000.0,11903433229,-104000000.0,0.0,3000000.0,66000000.0,-87000000.0,18000000.0,-510000000.0,-49000000.0,388000000.0,0.0,77000000.0,77000000.0,77000000.0,0.0,1000000.0,0.047,214000000.0,362000000.0,610000000,2.296,2.799,21.603,21.362,15715000000,0.0,42.51,1.86,1.86,2131000000,-616000000.0,1640000000.0,1640000000.0,0.0,,,,,0.0,0.0,1.0,280014896,280014896,,5.857,21622000000,250000000,118000000.0,2708000000,77.217,-375000000.0
19,CMS,ARQ,2016-09-30,2016-10-27,2016-09-30,2021-07-29,-45000000,20842000000,,2198000000.0,18644000000.0,,15.216,-407000000.0,367000000,367000000,956000000.0,186000000.0,1.062,3.885,9912000000,1080000000.0,8832000000.0,9912000000,0,183000000.0,0,0.029,0.31,453000000.0,636000000.0,0.401,636000000.0,453000000.0,343000000.0,0.67,0.67,0.67,4259000000,,4259000000,21121991199,14.0,9.042,-267000000.0,-0.954,1.0,631000000.0,0.398,0,110000000.0,28318000000,,736000000,367000000,41000000.0,326000000.0,16546000000,2069000000.0,14477000000.0,11576991199,-46000000.0,0.0,3000000.0,341000000.0,-87000000.0,309000000.0,-495000000.0,-44000000.0,140000000.0,0.0,186000000.0,186000000.0,186000000.0,0.0,0.0,0.117,183000000.0,448000000.0,548000000,0.463,2.718,19.96,19.695,15443000000,0.0,41.36,1.847,1.847,1902000000,-607000000.0,1587000000.0,1587000000.0,0.0,,,,,0.0,0.0,1.0,279907911,279907911,,5.67,20842000000,152000000,157000000.0,2397000000,74.46,129000000.0
20,CMS,ARQ,2016-06-30,2016-07-28,2016-06-30,2021-07-29,-47000000,20463000000,,2031000000.0,18432000000.0,,14.852,-410000000.0,403000000,403000000,850000000.0,125000000.0,0.971,3.915,9514000000,918000000.0,8596000000.0,9514000000,0,176000000.0,0,0.027,0.31,350000000.0,526000000.0,0.384,526000000.0,350000000.0,242000000.0,0.45,0.45,0.45,4156000000,,4156000000,21700510354,15.0,9.619,59000000.0,0.211,1.0,521000000.0,0.38,0,108000000.0,27483000000,,573000000,366000000,15000000.0,351000000.0,16270000000,2091000000.0,14179000000.0,12589510354,208000000.0,0.0,3000000.0,284000000.0,-87000000.0,198000000.0,-459000000.0,-27000000.0,469000000.0,0.0,124000000.0,124000000.0,124000000.0,0.0,1000000.0,0.09,176000000.0,345000000.0,568000000,0.689,3.029,23.228,22.954,15187000000,0.0,44.99,2.041,2.041,1855000000,-706000000.0,1371000000.0,1371000000.0,0.0,,,,,0.0,0.0,1.0,279829081,279829081,,4.899,20463000000,174000000,118000000.0,2452000000,73.127,-60000000.0
21,CMS,ARQ,2016-03-31,2016-04-28,2016-03-31,2021-07-29,-47000000,20037000000,,1890000000.0,18147000000.0,,14.677,-407000000.0,205000000,205000000,1140000000.0,164000000.0,0.923,3.867,9234000000,950000000.0,8284000000.0,9234000000,0,238000000.0,0,0.029,0.0,431000000.0,669000000.0,0.371,669000000.0,431000000.0,325000000.0,0.59,0.59,0.59,4109000000,,4109000000,20331054233,15.0,9.391,225000000.0,0.804,1.0,661000000.0,0.367,0,106000000.0,27019000000,,498000000,395000000,16000000.0,379000000.0,15891000000,2047000000.0,13844000000.0,11302054233,-89000000.0,0.0,63000000.0,-261000000.0,-86000000.0,-270000000.0,-451000000.0,-16000000.0,632000000.0,0.0,164000000.0,164000000.0,164000000.0,0.0,0.0,0.091,238000000.0,423000000.0,543000000,0.0,2.751,23.303,22.938,14907000000,0.0,40.37,1.839,1.839,1910000000,-744000000.0,1801000000.0,1801000000.0,0.0,,,,,0.0,0.0,1.0,279961710,279961710,,6.433,20037000000,193000000,161000000.0,2387000000,71.571,-157000000.0
22,CMS,ARQ,2015-12-31,2016-02-11,2015-12-31,2021-07-29,-47000000,20340000000,,2320000000.0,18020000000.0,,14.353,-616000000.0,285000000,285000000,1016000000.0,107000000.0,1.008,4.156,9514000000,955000000.0,8559000000.0,9514000000,0,186000000.0,0,0.03,0.6,319000000.0,505000000.0,0.335,505000000.0,319000000.0,228000000.0,0.39,0.38,0.39,3938000000,,3938000000,20003600849,14.0,9.084,-396000000.0,-1.443,1.0,493000000.0,0.327,0,91000000.0,27267000000,,778000000,464000000,16000000.0,448000000.0,16365000000,2302000000.0,14063000000.0,10774600849,116000000.0,0.0,3000000.0,599000000.0,-81000000.0,600000000.0,-704000000.0,-93000000.0,220000000.0,0.0,106000000.0,106000000.0,106000000.0,0.0,1000000.0,0.07,186000000.0,307000000.0,642000000,1.538,2.736,20.602,20.668,14705000000,0.0,39.27,1.669,1.669,1940000000,-855000000.0,1509000000.0,1509000000.0,0.0,,,,,0.0,0.0,1.0,274372316,274372316,,5.5,20340000000,235000000,122000000.0,2422000000,74.133,18000000.0
23,CMS,ARQ,2015-09-30,2015-10-29,2015-09-30,2021-07-29,-49000000,19452000000,,2123000000.0,17329000000.0,,14.042,-427000000.0,202000000,202000000,937000000.0,148000000.0,1.187,3.976,8823000000,809000000.0,8014000000.0,8823000000,0,173000000.0,0,0.032,0.29,383000000.0,556000000.0,0.374,556000000.0,383000000.0,282000000.0,0.53,0.53,0.53,3902000000,,3902000000,18555197344,13.0,8.45,-269000000.0,-0.968,1.0,549000000.0,0.369,0,101000000.0,26285000000,,863000000,366000000,17000000.0,349000000.0,15513000000,1788000000.0,13725000000.0,9934197344,-327000000.0,0.0,13000000.0,5000000.0,-80000000.0,73000000.0,-558000000.0,-87000000.0,158000000.0,0.0,148000000.0,148000000.0,148000000.0,0.0,0.0,0.1,173000000.0,376000000.0,594000000,0.547,2.546,19.365,19.22,14160000000,0.0,35.75,1.482,1.482,1721000000,-881000000.0,1486000000.0,1486000000.0,0.0,,,,,0.0,0.0,1.0,277879646,277879646,,5.348,19452000000,153000000,134000000.0,2126000000,70.002,335000000.0
24,CMS,ARQ,2015-06-30,2015-07-23,2015-06-30,2021-07-29,-48000000,19238000000,,2291000000.0,16947000000.0,,13.76,-327000000.0,517000000,517000000,917000000.0,68000000.0,1.397,4.029,8672000000,519000000.0,8153000000.0,8672000000,0,169000000.0,0,0.034,0.29,266000000.0,435000000.0,0.322,435000000.0,266000000.0,163000000.0,0.25,0.25,0.25,3818000000,,3818000000,17228334400,13.0,8.235,175000000.0,0.631,1.0,433000000.0,0.321,0,103000000.0,25753000000,,683000000,494000000,114000000.0,380000000.0,15383000000,1640000000.0,13743000000.0,9073334400,-45000000.0,0.0,23000000.0,-129000000.0,-81000000.0,-187000000.0,-360000000.0,-22000000.0,502000000.0,0.0,67000000.0,67000000.0,67000000.0,0.0,1000000.0,0.05,169000000.0,264000000.0,564000000,1.16,2.376,19.768,19.581,13775000000,0.0,32.7,1.365,1.365,1565000000,-949000000.0,1350000000.0,1350000000.0,0.0,,,,,0.0,0.0,1.0,277472000,277472000,,4.865,19238000000,176000000,96000000.0,2191000000,69.333,651000000.0
25,CMS,ARQ,2015-03-31,2015-04-23,2015-03-31,2021-07-29,-48000000,19198000000,,2501000000.0,16697000000.0,,13.736,-348000000.0,571000000,571000000,1411000000.0,202000000.0,1.564,4.04,8803000000,543000000.0,8260000000.0,8803000000,0,222000000.0,0,0.031,0.0,484000000.0,706000000.0,0.334,706000000.0,484000000.0,383000000.0,0.73,0.73,0.73,3802000000,,3802000000,17922672738,13.0,8.571,412000000.0,1.488,1.0,700000000.0,0.332,0,101000000.0,25831000000,,540000000,568000000,152000000.0,416000000.0,15359000000,1599000000.0,13760000000.0,9690672738,315000000.0,0.0,4000000.0,53000000.0,-80000000.0,-23000000.0,-422000000.0,-29000000.0,760000000.0,0.0,202000000.0,202000000.0,202000000.0,0.0,0.0,0.096,222000000.0,478000000.0,521000000,0.0,2.549,20.401,20.237,13526000000,0.0,35.01,1.432,1.432,1742000000,-936000000.0,2111000000.0,2111000000.0,0.0,,,,,0.0,0.0,1.0,276797279,276797279,,7.627,19198000000,178000000,181000000.0,2129000000,69.358,902000000.0
26,CMS,ARQ,2014-12-31,2015-02-05,2014-12-31,2021-07-29,-49000000,19185000000,,2597000000.0,16588000000.0,,13.284,-452000000.0,244000000,244000000,1239000000.0,97000000.0,1.289,4.217,8739000000,600000000.0,8139000000.0,8739000000,0,182000000.0,0,0.029,0.56,317000000.0,499000000.0,0.284,499000000.0,317000000.0,213000000.0,0.35,0.35,0.35,3670000000,,3670000000,18805177929,14.0,9.089,33000000.0,0.119,1.0,519000000.0,0.295,0,104000000.0,25666000000,,918000000,552000000,139000000.0,413000000.0,15478000000,2014000000.0,13464000000.0,10310177929,-286000000.0,0.0,3000000.0,-136000000.0,-75000000.0,-208000000.0,-563000000.0,-91000000.0,485000000.0,0.0,94000000.0,96000000.0,96000000.0,0.0,3000000.0,0.055,182000000.0,337000000.0,688000000,1.6,2.809,21.615,21.205,13412000000,-2000000.0,37.32,1.436,1.436,1726000000,-1058000000.0,1758000000.0,1758000000.0,0.0,,,,,0.0,0.0,1.0,276264146,276264146,,6.363,19185000000,216000000,119000000.0,2101000000,69.444,583000000.0
27,CMS,ARQ,2014-09-30,2014-10-23,2014-09-30,2021-07-29,-20000000,18381000000,,2734000000.0,15647000000.0,,13.29,-462000000.0,530000000,530000000,984000000.0,94000000.0,1.659,3.998,8861000000,690000000.0,8171000000.0,8861000000,0,153000000.0,0,0.033,0.27,299000000.0,452000000.0,0.316,452000000.0,299000000.0,198000000.0,0.34,0.34,0.34,3670000000,,3670000000,17148435814,12.0,8.333,-437000000.0,-1.582,1.0,446000000.0,0.312,0,101000000.0,25064000000,,1043000000,492000000,96000000.0,396000000.0,14674000000,1648000000.0,13026000000.0,8817435814,135000000.0,0.0,3000000.0,745000000.0,-74000000.0,674000000.0,-564000000.0,-164000000.0,25000000.0,0.0,94000000.0,94000000.0,94000000.0,0.0,0.0,0.066,153000000.0,293000000.0,613000000,0.794,2.403,18.256,17.641,13045000000,0.0,31.93,1.232,1.232,1453000000,-1080000000.0,1430000000.0,1430000000.0,0.0,,,,,0.0,0.0,1.0,276148945,276148945,,5.178,18381000000,176000000,104000000.0,1876000000,66.562,1086000000.0
28,CMS,ARQ,2014-06-30,2014-07-24,2014-06-30,2021-07-29,-20000000,17719000000,,2465000000.0,15254000000.0,,13.204,-359000000.0,389000000,389000000,1026000000.0,84000000.0,1.577,3.851,8105000000,439000000.0,7666000000.0,8105000000,0,151000000.0,0,0.034,0.27,283000000.0,434000000.0,0.296,434000000.0,283000000.0,182000000.0,0.31,0.3,0.31,3645000000,,3645000000,16155227415,11.0,7.62,-33000000.0,-0.12,1.0,442000000.0,0.301,0,101000000.0,23872000000,,775000000,512000000,88000000.0,424000000.0,14037000000,1563000000.0,12474000000.0,8439227415,-400000000.0,0.0,4000000.0,-219000000.0,-74000000.0,-289000000.0,-437000000.0,0.0,326000000.0,0.0,83000000.0,83000000.0,83000000.0,0.0,1000000.0,0.057,151000000.0,291000000.0,597000000,0.871,2.315,16.387,15.677,12680000000,0.0,30.57,1.177,1.177,1452000000,-1099000000.0,1468000000.0,1468000000.0,0.0,,,,,0.0,0.0,1.0,276062395,276062395,,5.318,17719000000,177000000,99000000.0,1940000000,64.185,902000000.0
29,CMS,ARQ,2014-03-31,2014-04-24,2014-03-31,2021-07-29,-21000000,17924000000,,2969000000.0,14955000000.0,,13.425,-304000000.0,789000000,789000000,1841000000.0,204000000.0,1.649,3.944,8337000000,666000000.0,7671000000.0,8337000000,0,199000000.0,0,0.035,0.0,485000000.0,684000000.0,0.271,684000000.0,485000000.0,384000000.0,0.77,0.75,0.77,3618000000,,3618000000,15619226369,11.0,7.41,307000000.0,1.139,1.0,682000000.0,0.27,0,101000000.0,23671000000,,537000000,522000000,69000000.0,453000000.0,14269000000,1801000000.0,12468000000.0,8071226369,586000000.0,0.0,33000000.0,360000000.0,-72000000.0,321000000.0,-346000000.0,0.0,611000000.0,0.0,204000000.0,204000000.0,204000000.0,0.0,0.0,0.081,199000000.0,483000000.0,642000000,0.0,2.231,15.764,15.438,12360000000,0.0,29.95,1.135,1.135,1688000000,-1110000000.0,2523000000.0,2523000000.0,0.0,,,,,0.0,0.0,1.0,269490029,269490029,,9.362,17924000000,209000000,180000000.0,1911000000,66.511,1168000000.0
30,CMS,ARQ,2013-12-31,2014-02-06,2013-12-31,2021-07-29,-22000000,17416000000,,2526000000.0,14890000000.0,,12.926,-425000000.0,204000000,204000000,1246000000.0,102000000.0,1.299,4.032,7971000000,732000000.0,7239000000.0,7971000000,0,165000000.0,0,0.038,0.525,323000000.0,488000000.0,0.281,488000000.0,323000000.0,224000000.0,0.39,0.37,0.39,3454000000,,3454000000,14965579802,11.0,7.438,-122000000.0,-0.457,1.0,490000000.0,0.282,0,99000000.0,23238000000,,881000000,531000000,63000000.0,468000000.0,13925000000,1945000000.0,11980000000.0,7198579802,-88000000.0,0.0,4000000.0,203000000.0,-70000000.0,137000000.0,-528000000.0,-139000000.0,303000000.0,0.0,102000000.0,102000000.0,102000000.0,0.0,0.0,0.059,166000000.0,324000000.0,595000000,1.346,2.084,15.926,15.754,12246000000,0.0,26.94,1.096,1.096,1570000000,-1242000000.0,1736000000.0,1736000000.0,0.0,,,,,0.0,0.0,1.0,267207862,267207862,,6.497,17416000000,328000000,122000000.0,1953000000,65.178,581000000.0
31,CMS,ARQ,2013-09-30,2013-10-24,2013-09-30,2021-07-29,-39000000,16986000000,,2401000000.0,14585000000.0,,12.715,-320000000.0,292000000,292000000,930000000.0,127000000.0,1.64,3.991,7761000000,532000000.0,7229000000.0,7761000000,0,145000000.0,0,0.036,0.255,369000000.0,514000000.0,0.356,514000000.0,369000000.0,270000000.0,0.48,0.46,0.48,3396000000,,3396000000,14904808763,11.0,7.651,-297000000.0,-1.112,1.0,515000000.0,0.356,0,99000000.0,22991000000,,1089000000,380000000,84000000.0,296000000.0,13553000000,1464000000.0,12089000000.0,7435808763,-277000000.0,0.0,4000000.0,159000000.0,-68000000.0,88000000.0,-388000000.0,0.0,23000000.0,0.0,125000000.0,126000000.0,126000000.0,0.0,2000000.0,0.087,144000000.0,371000000.0,526000000,0.531,2.19,17.832,17.62,12154000000,-1000000.0,27.84,1.144,1.144,1244000000,-1276000000.0,1445000000.0,1445000000.0,0.0,,,,,0.0,0.0,1.0,267090832,267090832,,5.41,16986000000,122000000,145000000.0,1550000000,63.596,937000000.0
32,CMS,ARQ,2013-06-30,2013-07-25,2013-06-30,2021-07-29,-56000000,17429000000,,2485000000.0,14944000000.0,,12.448,-306000000.0,566000000,566000000,987000000.0,81000000.0,1.379,4.234,7597000000,758000000.0,6839000000.0,7597000000,0,137000000.0,0,0.035,0.255,285000000.0,422000000.0,0.3,422000000.0,285000000.0,183000000.0,0.3,0.29,0.3,3323000000,,3323000000,14561926395,11.0,7.407,64000000.0,0.24,1.0,419000000.0,0.298,0,102000000.0,22658000000,,830000000,398000000,76000000.0,322000000.0,14069000000,1802000000.0,12267000000.0,7530926395,-49000000.0,0.0,4000000.0,-32000000.0,-68000000.0,-96000000.0,-323000000.0,0.0,370000000.0,0.0,79000000.0,80000000.0,80000000.0,0.0,2000000.0,0.057,137000000.0,282000000.0,521000000,0.85,2.266,17.155,16.994,11916000000,-1000000.0,28.21,1.148,1.148,1242000000,-1334000000.0,1406000000.0,1406000000.0,0.0,,,,,0.0,0.0,1.0,266959461,266959461,,5.267,17429000000,140000000,104000000.0,1440000000,65.287,683000000.0
33,CMS,ARQ,2013-03-31,2013-04-25,2013-03-31,2021-07-29,-54000000,17269000000,,2528000000.0,14741000000.0,,12.39,-274000000.0,615000000,615000000,1399000000.0,144000000.0,1.537,4.21,7622000000,732000000.0,6890000000.0,7622000000,0,181000000.0,0,0.033,0.0,407000000.0,588000000.0,0.297,588000000.0,407000000.0,309000000.0,0.55,0.53,0.55,3306000000,,3306000000,14809005223,11.0,7.457,451000000.0,1.69,1.0,580000000.0,0.293,0,98000000.0,22631000000,,637000000,416000000,73000000.0,343000000.0,13919000000,1645000000.0,12274000000.0,7802005223,493000000.0,0.0,24000000.0,104000000.0,-67000000.0,61000000.0,-293000000.0,0.0,725000000.0,0.0,144000000.0,144000000.0,144000000.0,0.0,0.0,0.073,181000000.0,399000000.0,436000000,0.0,2.36,16.998,16.805,11667000000,0.0,29.24,1.202,1.202,1432000000,-1346000000.0,1979000000.0,1979000000.0,0.0,,,,,0.0,0.0,1.0,266826444,266826444,,7.417,17269000000,157000000,165000000.0,1400000000,64.72,883000000.0
34,CMS,ARQ,2012-12-31,2013-02-21,2012-12-31,2021-07-29,-55000000,17131000000,,2422000000.0,14709000000.0,,12.01,-366000000.0,122000000,122000000,1241000000.0,67000000.0,1.348,4.35,7514000000,651000000.0,6863000000.0,7514000000,0,158000000.0,0,0.037,0.495,266000000.0,424000000.0,0.254,424000000.0,266000000.0,170000000.0,0.25,0.25,0.25,3194000000,,3194000000,14338233719,12.0,7.78,-59000000.0,-0.222,1.0,429000000.0,0.257,0,96000000.0,22726000000,,1084000000,391000000,41000000.0,350000000.0,13893000000,1797000000.0,12096000000.0,6946233719,-35000000.0,0.0,3000000.0,131000000.0,-64000000.0,70000000.0,-412000000.0,-31000000.0,307000000.0,0.0,69000000.0,67000000.0,67000000.0,0.0,0.0,0.04,158000000.0,271000000.0,521000000,1.98,2.175,18.184,17.89,11551000000,2000000.0,26.12,1.111,1.111,1418000000,-1423000000.0,1670000000.0,1670000000.0,0.0,,,,,0.0,0.0,1.0,265935441,265935441,,6.28,17131000000,190000000,101000000.0,1405000000,64.418,625000000.0
35,CMS,ARQ,2012-09-30,2012-10-25,2012-09-30,2021-07-29,-43000000,16608000000,,2360000000.0,14248000000.0,,12.051,-286000000.0,159000000,159000000,974000000.0,149000000.0,1.589,4.183,7376000000,510000000.0,6866000000.0,7376000000,0,138000000.0,0,0.038,0.24,394000000.0,532000000.0,0.353,532000000.0,394000000.0,298000000.0,0.56,0.55,0.56,3196000000,,3196000000,13637582618,11.0,7.657,-295000000.0,-1.112,1.0,533000000.0,0.354,0,96000000.0,22340000000,,1272000000,301000000,28000000.0,273000000.0,13368000000,1485000000.0,11883000000.0,6420582618,-59000000.0,0.0,4000000.0,330000000.0,-63000000.0,278000000.0,-328000000.0,-32000000.0,-9000000.0,0.0,147000000.0,148000000.0,148000000.0,0.0,2000000.0,0.098,137000000.0,396000000.0,500000000,0.429,2.009,18.035,17.672,11190000000,-1000000.0,24.21,1.035,1.035,1205000000,-1426000000.0,1507000000.0,1507000000.0,0.0,,,,,0.0,0.0,1.0,265203743,265203743,,5.682,16608000000,119000000,151000000.0,1335000000,62.624,875000000.0
36,CMS,ARQ,2012-06-30,2012-07-26,2012-06-30,2021-07-29,-45000000,16293000000,,2206000000.0,14087000000.0,,11.74,-281000000.0,215000000,215000000,895000000.0,101000000.0,1.221,4.223,7031000000,653000000.0,6378000000.0,7031000000,0,130000000.0,0,0.037,0.24,312000000.0,442000000.0,0.332,442000000.0,312000000.0,214000000.0,0.38,0.37,0.38,3111000000,,3111000000,13316128166,11.0,7.715,27000000.0,0.102,1.0,438000000.0,0.329,0,98000000.0,21302000000,,1052000000,334000000,40000000.0,294000000.0,13138000000,1807000000.0,11331000000.0,6500128166,-171000000.0,0.0,23000000.0,-138000000.0,-63000000.0,-182000000.0,-297000000.0,0.0,308000000.0,0.0,99000000.0,100000000.0,100000000.0,0.0,2000000.0,0.075,130000000.0,308000000.0,536000000,0.632,2.089,18.732,18.037,10997000000,-1000000.0,24.53,1.055,1.055,1141000000,-1511000000.0,1333000000.0,1333000000.0,0.0,,,,,0.0,0.0,1.0,264986880,264986880,,5.03,16293000000,136000000,115000000.0,1361000000,61.486,399000000.0
37,CMS,ARQ,2012-03-31,2012-04-26,2012-03-31,2021-07-29,-47000000,16160000000,,2268000000.0,13892000000.0,,11.655,-294000000.0,387000000,387000000,1314000000.0,67000000.0,1.247,4.286,7192000000,837000000.0,6355000000.0,7192000000,0,172000000.0,0,0.038,0.0,273000000.0,445000000.0,0.255,445000000.0,273000000.0,174000000.0,0.26,0.25,0.26,3049000000,,3049000000,12740674163,11.0,7.625,341000000.0,1.304,1.0,429000000.0,0.246,0,99000000.0,21146000000,,888000000,346000000,25000000.0,321000000.0,13067000000,1819000000.0,11248000000.0,5935674163,197000000.0,0.0,0.0,-60000000.0,-62000000.0,-125000000.0,-313000000.0,0.0,635000000.0,0.0,67000000.0,67000000.0,67000000.0,-14000000.0,0.0,0.038,172000000.0,257000000.0,417000000,0.0,1.947,17.106,16.442,10755000000,0.0,22.69,0.959,0.959,1214000000,-1548000000.0,1743000000.0,1743000000.0,0.0,,,,,0.0,0.0,1.0,261598685,261598685,,6.663,16160000000,158000000,107000000.0,1307000000,61.774,449000000.0
38,CMS,ARQ,2011-12-31,2012-02-23,2011-12-31,2021-07-29,-49000000,16452000000,,2565000000.0,13887000000.0,,11.711,-258000000.0,188000000,188000000,1250000000.0,41000000.0,1.097,4.419,7264000000,1057000000.0,6207000000.0,7264000000,0,142000000.0,0,0.041,0.45,220000000.0,362000000.0,0.223,362000000.0,220000000.0,118000000.0,0.17,0.15,0.17,3028000000,,3028000000,12627515334,10.0,7.126,-284000000.0,-1.098,1.0,370000000.0,0.228,0,102000000.0,21190000000,,1187000000,99000000,49000000.0,50000000.0,13380000000,2338000000.0,11042000000.0,5551515334,-462000000.0,0.0,3000000.0,-79000000.0,-52000000.0,-130000000.0,-306000000.0,-40000000.0,-26000000.0,0.0,41000000.0,41000000.0,41000000.0,0.0,0.0,0.025,142000000.0,228000000.0,584000000,2.647,1.833,13.377,12.934,10633000000,0.0,21.47,0.854,0.854,1341000000,-1553000000.0,1620000000.0,1620000000.0,0.0,,,,,0.0,0.0,1.0,258570812,258570812,,6.265,16452000000,211000000,77000000.0,1363000000,63.627,227000000.0
39,CMS,ARQ,2011-09-30,2011-10-27,2011-09-30,2021-07-29,-40000000,15958000000,,2860000000.0,13098000000.0,,12.001,-225000000.0,652000000,652000000,995000000.0,140000000.0,1.292,4.23,7348000000,1140000000.0,6208000000.0,7348000000,0,120000000.0,0,0.039,0.21,357000000.0,477000000.0,0.326,477000000.0,357000000.0,253000000.0,0.55,0.53,0.55,3043000000,,3043000000,12104450861,10.0,6.913,-246000000.0,-0.97,1.0,469000000.0,0.32,0,104000000.0,20440000000,,1279000000,115000000,62000000.0,53000000.0,12871000000,2214000000.0,10657000000.0,5408450861,-371000000.0,0.0,4000000.0,23000000.0,-53000000.0,-69000000.0,-281000000.0,-60000000.0,-21000000.0,0.0,139000000.0,139000000.0,139000000.0,0.0,2000000.0,0.095,120000000.0,349000000.0,493000000,0.382,1.777,13.555,13.415,10410000000,0.0,21.33,0.824,0.824,1130000000,-1542000000.0,1464000000.0,1464000000.0,0.0,,,,,0.0,0.0,1.0,253560753,253560753,,5.774,15958000000,116000000,114000000.0,1152000000,62.936,646000000.0
40,CMS,ARQ,2011-06-30,2011-07-28,2011-06-30,2021-07-29,-38000000,15945000000,,2956000000.0,12989000000.0,,11.675,-208000000.0,1023000000,1023000000,984000000.0,101000000.0,1.319,4.376,7484000000,1123000000.0,6361000000.0,7484000000,0,122000000.0,0,0.04,0.21,265000000.0,387000000.0,0.284,387000000.0,265000000.0,161000000.0,0.4,0.38,0.4,2958000000,,2958000000,11386245325,9.0,6.361,167000000.0,0.659,1.0,380000000.0,0.279,0,104000000.0,20165000000,,969000000,109000000,57000000.0,52000000.0,12943000000,2241000000.0,10702000000.0,4925245325,193000000.0,0.0,22000000.0,98000000.0,-53000000.0,61000000.0,-243000000.0,0.0,375000000.0,0.0,100000000.0,100000000.0,100000000.0,0.0,2000000.0,0.073,122000000.0,258000000.0,452000000,0.525,1.665,12.501,12.0,10255000000,0.0,19.44,0.753,0.753,1127000000,-1628000000.0,1364000000.0,1364000000.0,0.0,,,,,0.0,0.0,1.0,253356241,253356241,,5.384,15945000000,133000000,61000000.0,1208000000,62.935,715000000.0
41,CMS,ARQ,2011-03-31,2011-04-28,2011-03-31,2021-07-29,-40000000,15642000000,,2741000000.0,12901000000.0,,11.44,-191000000.0,831000000,831000000,1520000000.0,135000000.0,1.197,4.403,7383000000,1275000000.0,6108000000.0,7383000000,0,162000000.0,0,0.037,0.0,382000000.0,544000000.0,0.265,544000000.0,382000000.0,279000000.0,0.54,0.52,0.54,2887000000,,2887000000,11432501257,9.0,6.237,650000000.0,2.576,1.0,535000000.0,0.26,0,103000000.0,19904000000,,712000000,106000000,55000000.0,51000000.0,12711000000,2290000000.0,10421000000.0,4880501257,554000000.0,0.0,0.0,-6000000.0,-53000000.0,-61000000.0,-228000000.0,0.0,841000000.0,0.0,135000000.0,135000000.0,135000000.0,-2000000.0,0.0,0.066,162000000.0,373000000.0,421000000,0.0,1.691,13.049,12.318,10138000000,0.0,19.34,0.749,0.749,1322000000,-1675000000.0,2055000000.0,2055000000.0,0.0,,,,,0.0,0.0,1.0,252352702,252352702,,8.143,15642000000,149000000,144000000.0,982000000,61.985,451000000.0
42,CMS,ARQ,2010-12-31,2011-02-24,2010-12-31,2021-07-29,-40000000,15616000000,,2759000000.0,12857000000.0,,11.077,-210000000.0,270000000,270000000,1330000000.0,25000000.0,1.365,4.575,7386000000,750000000.0,6636000000.0,7386000000,0,140000000.0,0,0.038,0.42,203000000.0,343000000.0,0.204,343000000.0,203000000.0,96000000.0,0.1,0.09,0.1,2793000000,,2793000000,11921800179,10.0,6.694,-249000000.0,-0.988,1.0,352000000.0,0.209,0,107000000.0,20711000000,,1175000000,119000000,70000000.0,49000000.0,12779000000,2021000000.0,10758000000.0,4805800179,-449000000.0,0.0,3000000.0,107000000.0,-51000000.0,-133000000.0,-277000000.0,-56000000.0,-39000000.0,0.0,25000000.0,25000000.0,25000000.0,6000000.0,0.0,0.015,140000000.0,212000000.0,501000000,4.2,1.721,14.833,13.614,10069000000,0.0,19.06,0.747,0.747,1403000000,-1757000000.0,1682000000.0,1682000000.0,0.0,,,,,0.0,0.0,1.0,252140618,252140618,,6.671,15616000000,180000000,71000000.0,969000000,61.934,738000000.0
43,CMS,ARQ,2010-09-30,2010-10-28,2010-09-30,2021-07-29,-31000000,15571000000,,3086000000.0,12485000000.0,,11.534,-190000000.0,719000000,719000000,944000000.0,146000000.0,1.343,4.504,7234000000,1031000000.0,6203000000.0,7234000000,0,133000000.0,0,0.031,0.15,383000000.0,516000000.0,0.358,516000000.0,383000000.0,281000000.0,0.58,0.53,0.58,2821000000,,2821000000,11042096170,9.0,6.277,-240000000.0,-0.981,1.0,499000000.0,0.346,0,102000000.0,19789000000,,1395000000,123000000,74000000.0,49000000.0,12705000000,2297000000.0,10408000000.0,4527096170,160000000.0,0.0,2000000.0,499000000.0,-34000000.0,446000000.0,-236000000.0,-75000000.0,-50000000.0,0.0,145000000.0,134000000.0,134000000.0,0.0,2000000.0,0.093,131000000.0,368000000.0,464000000,0.259,1.605,15.04,14.13,9918000000,11000000.0,18.51,0.713,0.713,1049000000,-1731000000.0,1443000000.0,1443000000.0,0.0,,,,,0.0,0.0,1.0,244575698,244575698,,5.9,15571000000,111000000,136000000.0,758000000,63.665,789000000.0
44,CMS,ARQ,2010-06-30,2010-07-28,2010-06-30,2021-07-29,-31000000,15051000000,,2621000000.0,12430000000.0,,12.807,-231000000.0,558000000,558000000,960000000.0,84000000.0,1.51,4.09,6732000000,653000000.0,6079000000.0,6732000000,0,131000000.0,0,0.034,0.15,299000000.0,430000000.0,0.321,430000000.0,299000000.0,182000000.0,0.35,0.32,0.35,2948000000,,2948000000,9928220632,9.0,6.013,160000000.0,0.695,1.0,380000000.0,0.284,0,117000000.0,19489000000,,1077000000,124000000,72000000.0,52000000.0,12058000000,1736000000.0,10322000000.0,3754220632,-220000000.0,0.0,2000000.0,-258000000.0,-35000000.0,-332000000.0,-278000000.0,0.0,391000000.0,0.0,82000000.0,80000000.0,80000000.0,16000000.0,4000000.0,0.06,77000000.0,303000000.0,460000000,0.429,1.273,15.643,15.533,9804000000,2000000.0,16.31,0.608,0.608,1017000000,-1831000000.0,1340000000.0,1340000000.0,0.0,,,,,0.0,0.0,1.0,230179070,230179070,,5.822,15051000000,127000000,100000000.0,774000000,65.388,885000000.0
45,CMS,ARQ,2010-03-31,2010-04-23,2010-03-31,2021-07-29,-32000000,15226000000,,2795000000.0,12431000000.0,,12.601,-190000000.0,778000000,778000000,1257000000.0,88000000.0,1.651,4.241,7025000000,720000000.0,6305000000.0,7025000000,0,172000000.0,0,0.032,0.15,320000000.0,492000000.0,0.25,492000000.0,320000000.0,215000000.0,0.37,0.34,0.37,2897000000,,2897000000,10012710763,10.0,6.254,467000000.0,2.031,1.0,710000000.0,0.361,0,105000000.0,19780000000,,846000000,133000000,81000000.0,52000000.0,12285000000,1693000000.0,10592000000.0,3765710763,666000000.0,-10000000.0,3000000.0,260000000.0,-34000000.0,221000000.0,-212000000.0,0.0,657000000.0,0.0,88000000.0,85000000.0,85000000.0,1000000.0,0.0,0.043,405000000.0,305000000.0,403000000,0.405,1.3,16.093,15.903,9647000000,3000000.0,16.38,0.621,0.621,1139000000,-1876000000.0,1967000000.0,1967000000.0,0.0,,,,,0.0,0.0,1.0,229896872,229896872,,8.556,15226000000,142000000,127000000.0,1012000000,66.23,1102000000.0
46,CMS,ARQ,2009-12-31,2010-03-01,2009-12-31,2021-07-29,-33000000,15256000000,,2742000000.0,12514000000.0,,12.364,-197000000.0,122000000,122000000,1051000000.0,7000000.0,1.403,4.336,6826000000,734000000.0,6092000000.0,6826000000,0,148000000.0,0,0.034,0.15,173000000.0,321000000.0,0.201,321000000.0,173000000.0,45000000.0,0.01,-0.01,0.01,2841000000,,2841000000,10237906356,10.0,6.538,13000000.0,0.057,1.0,546000000.0,0.342,0,128000000.0,20006000000,,1319000000,90000000,81000000.0,9000000.0,12318000000,1954000000.0,10364000000.0,3533906356,-92000000.0,0.0,2000000.0,-15000000.0,-29000000.0,-46000000.0,-256000000.0,-4000000.0,210000000.0,0.0,5000000.0,2000000.0,2000000.0,9000000.0,13000000.0,0.001,382000000.0,164000000.0,509000000,15.0,1.244,16.211,16.021,9682000000,3000000.0,15.38,0.57,0.57,1217000000,-1927000000.0,1597000000.0,1597000000.0,0.0,,,,,0.0,0.0,1.0,229772845,229772845,,6.95,15256000000,172000000,40000000.0,918000000,66.396,788000000.0
47,CMS,ARQ,2009-09-30,2009-10-30,2009-09-30,2021-07-29,-23000000,14883000000,,2662000000.0,12221000000.0,,12.704,-202000000.0,213000000,213000000,633000000.0,81000000.0,1.455,4.084,6828000000,712000000.0,6116000000.0,6828000000,0,128000000.0,0,0.035,0.125,280000000.0,408000000.0,0.32,408000000.0,280000000.0,177000000.0,0.32,0.31,0.32,2917000000,,2917000000,9668772342,9.0,5.932,-367000000.0,-1.598,1.0,641000000.0,0.503,0,103000000.0,19668000000,,1527000000,96000000,87000000.0,9000000.0,11913000000,1830000000.0,10083000000.0,3053772342,-842000000.0,0.0,2000000.0,-387000000.0,-28000000.0,-434000000.0,-243000000.0,8000000.0,-165000000.0,0.0,75000000.0,73000000.0,73000000.0,0.0,6000000.0,0.057,351000000.0,290000000.0,376000000,0.391,1.047,11.024,10.902,9566000000,2000000.0,13.3,0.473,0.473,1046000000,-1900000000.0,1274000000.0,1274000000.0,0.0,,,,,0.0,0.0,1.0,229606943,229606943,,5.549,14883000000,115000000,102000000.0,1481000000,64.819,832000000.0
48,CMS,ARQ,2009-06-30,2009-07-30,2009-06-30,2021-07-29,-27000000,15277000000,,3156000000.0,12121000000.0,,12.533,-232000000.0,1056000000,1056000000,671000000.0,79000000.0,1.731,4.307,7210000000,623000000.0,6587000000.0,7210000000,0,121000000.0,0,0.033,0.125,259000000.0,380000000.0,0.309,380000000.0,259000000.0,154000000.0,0.33,0.32,0.33,2869000000,,2869000000,9136787546,9.0,5.643,-35000000.0,-0.153,1.0,557000000.0,0.454,0,105000000.0,19608000000,,1138000000,97000000,87000000.0,10000000.0,12357000000,1823000000.0,10534000000.0,2982787546,199000000.0,0.0,2000000.0,290000000.0,-28000000.0,246000000.0,-244000000.0,0.0,197000000.0,0.0,77000000.0,74000000.0,74000000.0,-29000000.0,2000000.0,0.06,367000000.0,190000000.0,406000000,0.379,1.04,10.54,10.341,9421000000,3000000.0,13.03,0.452,0.452,1076000000,-1945000000.0,1228000000.0,1228000000.0,0.0,,,,,0.0,0.0,1.0,228916926,228916926,,5.364,15277000000,128000000,77000000.0,1539000000,66.736,1333000000.0
49,CMS,ARQ,2009-03-31,2009-04-30,2009-03-31,2021-07-29,-32000000,15002000000,,2984000000.0,12018000000.0,,17.639,-180000000.0,862000000,862000000,1435000000.0,73000000.0,2.078,2.737,6968000000,311000000.0,6657000000.0,6968000000,0,173000000.0,0,0.033,0.0,284000000.0,457000000.0,0.217,457000000.0,284000000.0,185000000.0,0.3,0.3,0.3,4001000000,,4001000000,8832503692,9.0,5.576,426000000.0,1.878,1.0,671000000.0,0.319,0,99000000.0,19672000000,,839000000,88000000,77000000.0,11000000.0,10949000000,1436000000.0,9513000000.0,2726503692,613000000.0,0.0,3000000.0,232000000.0,-29000000.0,199000000.0,-192000000.0,0.0,606000000.0,0.0,72000000.0,69000000.0,69000000.0,0.0,1000000.0,0.033,400000000.0,271000000.0,354000000,0.0,0.681,10.692,10.637,9266000000,3000000.0,12.02,0.404,0.404,1360000000,-1991000000.0,2106000000.0,2106000000.0,0.0,,,,,0.0,0.0,1.0,226830590,226830590,,9.284,15002000000,140000000,113000000.0,1452000000,66.137,1548000000.0
50,CMS,ARQ,2008-12-31,2009-02-25,2008-12-31,2021-07-29,-28000000,14901000000,,2827000000.0,12074000000.0,,17.62,-279000000.0,248000000,248000000,1243000000.0,64000000.0,1.517,2.732,6757000000,514000000.0,6243000000.0,6757000000,0,153000000.0,0,0.037,0.125,232000000.0,385000000.0,0.209,385000000.0,232000000.0,129000000.0,0.27,0.27,0.27,3993000000,,3993000000,8945197669,9.0,5.484,97000000.0,0.428,1.0,601000000.0,0.326,0,103000000.0,19547000000,,1405000000,106000000,95000000.0,11000000.0,10908000000,1863000000.0,9045000000.0,2436197669,51000000.0,0.0,3000000.0,-4000000.0,-21000000.0,-24000000.0,-301000000.0,1000000.0,376000000.0,0.0,64000000.0,61000000.0,61000000.0,0.0,0.0,0.033,374000000.0,227000000.0,466000000,0.463,0.61,8.43,8.333,9190000000,3000000.0,10.75,0.357,0.357,1305000000,-2007000000.0,1844000000.0,1844000000.0,0.0,,,,,0.0,0.0,1.0,226623039,226623039,,8.137,14901000000,165000000,65000000.0,1471000000,65.752,964000000.0
51,CMS,ARQ,2008-09-30,2008-11-05,2008-09-30,2021-07-29,-17000000,14077000000,,2830000000.0,11247000000.0,,14.672,-170000000.0,193000000,193000000,821000000.0,81000000.0,1.509,3.241,6757000000,649000000.0,6108000000.0,6757000000,0,135000000.0,0,0.039,0.18,262000000.0,397000000.0,0.278,397000000.0,262000000.0,165000000.0,0.36,0.34,0.36,3319000000,,3319000000,8930131329,13.0,7.021,-638000000.0,-2.82,1.0,607000000.0,0.425,0,97000000.0,18766000000,,1726000000,110000000,99000000.0,11000000.0,10758000000,1875000000.0,8883000000.0,2366131329,-365000000.0,0.0,2000000.0,324000000.0,-20000000.0,297000000.0,-194000000.0,0.0,-468000000.0,0.0,81000000.0,79000000.0,79000000.0,-1000000.0,0.0,0.055,353000000.0,254000000.0,417000000,0.5,0.713,23.427,23.244,8995000000,2000000.0,10.46,0.356,0.356,992000000,-2047000000.0,1428000000.0,1428000000.0,0.0,,,,,0.0,0.0,1.0,226207584,226207584,,6.313,14077000000,159000000,84000000.0,1174000000,62.23,955000000.0
52,CMS,ARQ,2008-06-30,2008-08-05,2008-06-30,2021-07-29,-22000000,13890000000,,2647000000.0,11243000000.0,,15.02,-185000000.0,555000000,555000000,832000000.0,49000000.0,1.406,3.101,6431000000,517000000.0,5914000000.0,6431000000,0,128000000.0,0,0.021,0.09,217000000.0,345000000.0,0.253,345000000.0,217000000.0,122000000.0,0.2,0.19,0.2,3387000000,,3387000000,8918057877,12.0,6.903,-8000000.0,-0.035,1.0,533000000.0,0.39,0,95000000.0,17884000000,,1194000000,83000000,75000000.0,8000000.0,10503000000,1882000000.0,8621000000.0,3042057877,-314000000.0,0.0,2000000.0,-277000000.0,-21000000.0,-299000000.0,-192000000.0,0.0,177000000.0,0.0,49000000.0,46000000.0,46000000.0,1000000.0,0.0,0.034,329000000.0,204000000.0,478000000,0.45,0.898,29.251,29.326,8895000000,3000000.0,13.49,0.468,0.468,1016000000,-2106000000.0,1365000000.0,1365000000.0,0.0,,,,,0.0,0.0,1.0,225504661,225504661,,6.053,13890000000,202000000,73000000.0,976000000,61.595,765000000.0
53,CMS,ARQ,2008-03-31,2008-05-05,2008-03-31,2021-07-29,-149000000,14242000000,,2887000000.0,11355000000.0,,15.594,-155000000.0,964000000,964000000,1509000000.0,106000000.0,1.292,3.054,6799000000,856000000.0,5943000000.0,6799000000,0,173000000.0,0,0.016,0.0,331000000.0,504000000.0,0.231,504000000.0,331000000.0,230000000.0,0.46,0.44,0.46,3513000000,,3513000000,9124132618,13.0,7.276,319000000.0,1.416,1.0,675000000.0,0.309,0,101000000.0,17843000000,,808000000,9000000,0.0,9000000.0,10729000000,2234000000.0,8495000000.0,3289132618,493000000.0,0.0,2000000.0,197000000.0,-20000000.0,171000000.0,-152000000.0,0.0,474000000.0,0.0,106000000.0,103000000.0,103000000.0,0.0,0.0,0.047,361000000.0,314000000.0,396000000,0.0,0.936,36.144,35.61,8786000000,3000000.0,14.6,0.509,0.509,1324000000,-2131000000.0,2184000000.0,2184000000.0,0.0,,,,,0.0,0.0,1.0,225283056,225283056,,9.694,14242000000,322000000,124000000.0,1023000000,63.218,653000000.0
54,CMS,ARQ,2007-12-31,2008-02-21,2007-12-31,2021-07-29,-144000000,14196000000,,2884000000.0,11312000000.0,,15.339,-719000000.0,382000000,382000000,1152000000.0,-124000000.0,1.164,3.11,6511000000,723000000.0,5788000000.0,6511000000,0,138000000.0,0,0.016,0.14,-112000000.0,26000000.0,0.016,26000000.0,-112000000.0,-215000000.0,-0.57,-0.57,-0.57,3454000000,,3454000000,9614741059,38.0,12.003,-576000000.0,-2.558,1.0,522000000.0,0.312,0,103000000.0,17848000000,,1334000000,79000000,68000000.0,11000000.0,10742000000,2477000000.0,8265000000.0,3485741059,-897000000.0,0.0,2000000.0,-293000000.0,-11000000.0,-304000000.0,-736000000.0,-21000000.0,143000000.0,0.0,-124000000.0,-127000000.0,-127000000.0,2000000.0,0.0,-0.076,658000000.0,-136000000.0,433000000,-0.246,1.009,-15.356,-15.176,8728000000,3000000.0,15.48,0.539,0.539,1009000000,-2208000000.0,1674000000.0,1674000000.0,0.0,,,,,0.0,0.0,1.0,225177071,225177071,,7.434,14196000000,257000000,-91000000.0,940000000,63.044,407000000.0
55,CMS,ARQ,2007-09-30,2007-11-01,2007-09-30,2021-07-29,-136000000,14304000000,,3696000000.0,10608000000.0,,15.305,-65000000.0,1293000000,1293000000,764000000.0,84000000.0,1.509,3.152,6792000000,998000000.0,5794000000.0,6792000000,0,121000000.0,0,0.009,0.05,296000000.0,417000000.0,0.325,417000000.0,296000000.0,183000000.0,0.37,0.34,0.37,3445000000,,3445000000,9260271128,18.0,8.59,-582000000.0,-2.586,1.0,518000000.0,0.404,0,113000000.0,17354000000,,1509000000,257000000,80000000.0,177000000.0,10859000000,2449000000.0,8410000000.0,3761271128,-646000000.0,0.0,2000000.0,-14000000.0,-12000000.0,-44000000.0,-85000000.0,20000000.0,-517000000.0,0.0,84000000.0,82000000.0,82000000.0,0.0,0.0,0.064,271000000.0,247000000.0,392000000,0.135,1.092,-28.494,-27.85,7961000000,2000000.0,16.71,0.557,0.557,533000000,-2070000000.0,1282000000.0,1282000000.0,0.0,,,,,0.0,0.0,1.0,225091031,225091031,,5.695,14304000000,226000000,99000000.0,940000000,63.548,1247000000.0
56,CMS,ARQ,2007-06-30,2007-08-02,2007-06-30,2021-07-29,-137000000,14690000000,,4171000000.0,10519000000.0,,17.143,1278000000.0,1944000000,1944000000,868000000.0,36000000.0,1.687,2.816,6803000000,986000000.0,5817000000.0,6803000000,0,124000000.0,0,0.006,0.05,183000000.0,307000000.0,0.233,307000000.0,183000000.0,62000000.0,0.15,0.15,0.15,3850000000,,3850000000,8533132105,42.0,10.996,1364000000.0,6.074,1.0,451000000.0,0.342,0,121000000.0,17076000000,,1130000000,440000000,0.0,440000000.0,10840000000,2473000000.0,8367000000.0,3674132105,1275000000.0,-67000000.0,4000000.0,-276000000.0,-11000000.0,-285000000.0,1473000000.0,327000000.0,86000000.0,1000000.0,36000000.0,33000000.0,33000000.0,-91000000.0,0.0,0.025,392000000.0,59000000.0,470000000,0.333,0.954,-11.59,-11.361,7820000000,3000000.0,16.36,0.53,0.53,699000000,-2140000000.0,1319000000.0,1319000000.0,0.0,,,,,0.0,0.0,1.0,224580202,224580202,,5.873,14690000000,182000000,26000000.0,972000000,65.411,1698000000.0
57,CMS,ARQ,2007-03-31,2007-05-03,2007-03-31,2021-07-29,-192000000,15277000000,,3215000000.0,12062000000.0,,19.341,-40000000.0,642000000,642000000,1537000000.0,-211000000.0,1.472,2.518,6985000000,723000000.0,6262000000.0,6985000000,0,162000000.0,0,0.003,0.0,-91000000.0,71000000.0,0.032,71000000.0,-91000000.0,-201000000.0,-0.97,-0.97,-0.97,4342000000,,4342000000,10579271354,46.0,13.126,275000000.0,1.225,1.0,700000000.0,0.313,26000000,110000000.0,19410000000,,824000000,1052000000,0.0,1052000000.0,10935000000,2184000000.0,8751000000.0,4236271354,265000000.0,-46000000.0,7000000.0,-17000000.0,-11000000.0,-57000000.0,6000000.0,19000000.0,315000000.0,1000000.0,-211000000.0,-215000000.0,-215000000.0,180000000.0,0.0,-0.096,667000000.0,33000000.0,495000000,0.0,0.976,-15.238,-14.976,7903000000,4000000.0,18.87,0.604,0.604,1072000000,-2168000000.0,2237000000.0,2237000000.0,0.0,,,,,0.0,0.0,1.0,224497687,224497687,,9.964,15251000000,282000000,10000000.0,1010000000,67.934,1031000000.0
58,CMS,ARQ,2006-12-31,2007-02-23,2006-12-31,2021-07-29,-318000000,15371000000,,3143000000.0,12228000000.0,,18.647,-124000000.0,422000000,422000000,1221000000.0,-29000000.0,1.458,2.692,6988000000,566000000.0,6422000000.0,6988000000,0,158000000.0,0,0.003,0.05,125000000.0,283000000.0,0.147,283000000.0,125000000.0,-1000000.0,-0.15,-0.15,-0.15,4163000000,,4163000000,10562279966,22.0,10.031,128000000.0,0.573,1.0,699000000.0,0.364,26000000,126000000.0,19755000000,,1357000000,1308000000,0.0,1308000000.0,11208000000,2156000000.0,9052000000.0,3996279966,-108000000.0,-148000000.0,-10000000.0,-33000000.0,0.0,-45000000.0,-315000000.0,-52000000.0,252000000.0,0.0,-29000000.0,-32000000.0,-32000000.0,-2000000.0,0.0,-0.017,785000000.0,-86000000.0,566000000,-0.333,0.96,-44.403,-43.659,7976000000,3000000.0,17.9,0.587,0.587,875000000,-1918000000.0,1920000000.0,1920000000.0,0.0,,,,,0.0,0.0,1.0,223255864,223255864,,8.6,15345000000,305000000,28000000.0,1052000000,68.733,987000000.0
59,CMS,ARQ,2006-09-30,2006-11-02,2006-09-30,2021-07-29,-301000000,14978000000,,3046000000.0,11932000000.0,,15.061,-157000000.0,529000000,529000000,831000000.0,-101000000.0,1.922,3.471,7433000000,315000000.0,7118000000.0,7433000000,0,129000000.0,342000000,0.0,0.0,-14000000.0,115000000.0,0.079,115000000.0,-14000000.0,-141000000.0,-0.47,-0.47,-0.47,3350000000,,3350000000,10244969014,21.0,9.966,-210000000.0,-0.944,1.0,631000000.0,0.432,30000000,127000000.0,20267000000,,1520000000,1637000000,113000000.0,1524000000.0,11628000000,1585000000.0,10043000000.0,3340969014,-392000000.0,0.0,6000000.0,-151000000.0,0.0,-153000000.0,-186000000.0,4000000.0,-53000000.0,0.0,-101000000.0,-103000000.0,-103000000.0,-1000000.0,0.0,-0.07,660000000.0,-29000000.0,499000000,0.0,0.997,-52.203,-53.643,8081000000,2000000.0,15.02,0.494,0.494,559000000,-1886000000.0,1462000000.0,1462000000.0,0.0,,,,,0.0,0.0,1.0,222434688,222434688,,6.573,14948000000,124000000,-40000000.0,820000000,67.202,1461000000.0
60,CMS,ARQ,2006-06-30,2006-08-04,2006-06-30,2021-07-29,-282000000,15666000000,,3393000000.0,12273000000.0,,16.215,-191000000.0,918000000,918000000,865000000.0,75000000.0,2.022,3.36,7513000000,174000000.0,7339000000.0,7513000000,0,127000000.0,335000000,0.0,0.0,210000000.0,337000000.0,0.241,337000000.0,210000000.0,77000000.0,0.33,0.31,0.33,3593000000,,3593000000,9697228332,38.0,12.244,125000000.0,0.564,1.0,531000000.0,0.38,30000000,133000000.0,20553000000,,1171000000,1910000000,95000000.0,1815000000.0,12073000000,1678000000.0,10395000000.0,3102228332,93000000.0,0.0,6000000.0,-17000000.0,0.0,-15000000.0,-208000000.0,6000000.0,316000000.0,0.0,75000000.0,72000000.0,72000000.0,-2000000.0,0.0,0.052,374000000.0,157000000.0,509000000,0.0,0.863,-13.727,-12.844,8028000000,3000000.0,14.0,0.468,0.468,857000000,-1783000000.0,1396000000.0,1396000000.0,0.0,,,,,0.0,0.0,1.0,221587738,221587738,,6.3,15636000000,147000000,2000000.0,1037000000,70.563,1715000000.0
61,CMS,ARQ,2006-03-31,2006-05-03,2006-03-31,2021-07-29,-286000000,15550000000,,3314000000.0,12236000000.0,,16.993,-129000000.0,824000000,824000000,1557000000.0,-24000000.0,2.038,3.138,7520000000,319000000.0,7201000000.0,7520000000,0,162000000.0,364000000,0.0,0.0,156000000.0,318000000.0,0.156,318000000.0,156000000.0,26000000.0,-0.12,-0.12,-0.12,3758000000,,3758000000,9528903907,38.0,12.201,44000000.0,0.199,1.0,475000000.0,0.234,30000000,130000000.0,20590000000,,898000000,1974000000,121000000.0,1853000000.0,11792000000,1626000000.0,10166000000.0,2832903907,-89000000.0,0.0,6000000.0,-216000000.0,0.0,-221000000.0,-42000000.0,116000000.0,173000000.0,1000000.0,-24000000.0,-27000000.0,-27000000.0,-1000000.0,0.0,-0.013,441000000.0,34000000.0,400000000,0.0,0.754,-10.454,-9.854,7898000000,3000000.0,12.81,0.438,0.438,1084000000,-1855000000.0,2032000000.0,2032000000.0,0.0,,,,,0.0,0.0,1.0,221147846,221147846,,9.188,15520000000,166000000,50000000.0,1124000000,70.179,1688000000.0
62,CMS,ARQ,2005-12-31,2006-02-24,2005-12-31,2021-07-29,-288000000,16020000000,,3899000000.0,12121000000.0,,16.584,-156000000.0,1045000000,1045000000,1377000000.0,-3000000.0,1.845,3.376,7731000000,445000000.0,7286000000.0,7731000000,0,126000000.0,535000000,0.0,0.0,132000000.0,258000000.0,0.138,258000000.0,132000000.0,6000000.0,-0.02,-0.02,-0.02,3661000000,,3661000000,9827394494,19.0,9.306,-114000000.0,-0.516,1.0,490000000.0,0.262,27000000,126000000.0,20566000000,,1275000000,1990000000,242000000.0,1748000000.0,12359000000,2113000000.0,10246000000.0,3141394494,54000000.0,0.0,6000000.0,168000000.0,0.0,156000000.0,-142000000.0,-145000000.0,42000000.0,-2000000.0,-3000000.0,-6000000.0,-6000000.0,-14000000.0,0.0,-0.003,478000000.0,12000000.0,512000000,0.0,0.858,-33.419,-32.341,7845000000,3000000.0,14.23,0.5,0.5,878000000,-1828000000.0,1867000000.0,1867000000.0,0.0,,,,,0.0,0.0,1.0,220758573,220758573,,8.457,15993000000,160000000,9000000.0,1205000000,72.446,1786000000.0
63,CMS,ARQ,2005-09-30,2005-11-01,2005-09-30,2021-07-29,-297000000,16115000000,,3940000000.0,12175000000.0,,17.888,-155000000.0,989000000,989000000,553000000.0,-263000000.0,1.817,3.093,7439000000,441000000.0,6998000000.0,7439000000,0,121000000.0,594000000,0.0,0.0,-242000000.0,-121000000.0,-0.091,-121000000.0,-242000000.0,-369000000.0,-1.28,-1.24,-1.28,3937000000,,3937000000,9509327200,14.0,8.423,-57000000.0,-0.259,1.0,782000000.0,0.586,30000000,127000000.0,20367000000,,1380000000,2063000000,380000000.0,1683000000.0,12178000000,2168000000.0,10010000000.0,3059327200,-220000000.0,0.0,6000000.0,-47000000.0,0.0,-55000000.0,-263000000.0,55000000.0,98000000.0,0.0,-263000000.0,-265000000.0,-265000000.0,0.0,0.0,-0.199,1567000000.0,-785000000.0,531000000,0.0,0.777,-71.147,-99.286,7719000000,2000000.0,13.9,0.511,0.511,642000000,-1822000000.0,1335000000.0,1335000000.0,0.0,,,,,0.0,0.0,1.0,220095482,220095482,,6.066,16085000000,116000000,-106000000.0,1197000000,73.082,1772000000.0
64,CMS,ARQ,2005-06-30,2005-08-04,2005-06-30,2021-07-29,-333000000,16461000000,,3293000000.0,13168000000.0,,18.329,-92000000.0,1080000000,1080000000,722000000.0,30000000.0,2.031,3.096,7481000000,343000000.0,7138000000.0,7481000000,0,122000000.0,0,0.0,0.0,204000000.0,326000000.0,0.263,326000000.0,204000000.0,71000000.0,0.12,0.12,0.12,4019000000,,4019000000,9929060414,8.0,6.018,152000000.0,0.693,1.0,519000000.0,0.418,27000000,133000000.0,21214000000,,918000000,1887000000,241000000.0,1646000000.0,12442000000,1621000000.0,10821000000.0,3528060414,73000000.0,0.0,277000000.0,-297000000.0,0.0,-44000000.0,-128000000.0,14000000.0,244000000.0,1000000.0,30000000.0,27000000.0,27000000.0,0.0,0.0,0.022,379000000.0,140000000.0,412000000,0.0,0.878,12.691,10.799,8834000000,3000000.0,16.09,0.618,0.618,648000000,-1557000000.0,1241000000.0,1241000000.0,0.0,,,,,0.0,0.0,1.0,219270380,219270380,,5.66,16434000000,139000000,41000000.0,1710000000,74.949,1672000000.0
65,CMS,ARQ,2005-03-31,2005-05-05,2005-03-31,2021-07-29,-323000000,16201000000,,3181000000.0,13020000000.0,,17.666,-129000000.0,985000000,985000000,960000000.0,152000000.0,1.909,3.192,7766000000,487000000.0,7279000000.0,7766000000,0,156000000.0,0,0.0,0.0,437000000.0,593000000.0,0.321,593000000.0,437000000.0,301000000.0,0.77,0.74,0.77,3865000000,,3865000000,9618587741,8.0,5.819,133000000.0,0.608,1.0,885000000.0,0.48,22000000,136000000.0,21294000000,,612000000,1941000000,253000000.0,1688000000.0,12336000000,1666000000.0,10670000000.0,2837587741,271000000.0,0.0,6000000.0,23000000.0,0.0,17000000.0,-8000000.0,115000000.0,262000000.0,0.0,152000000.0,150000000.0,150000000.0,0.0,0.0,0.081,390000000.0,495000000.0,358000000,0.0,0.734,10.628,8.823,8798000000,2000000.0,12.97,0.51,0.51,886000000,-1584000000.0,1845000000.0,1845000000.0,0.0,,,,,0.0,0.0,1.0,218780859,218780859,,8.433,16179000000,164000000,149000000.0,1704000000,73.951,1515000000.0
66,CMS,ARQ,2004-12-31,2005-03-10,2004-12-31,2021-07-29,-336000000,15872000000,,2999000000.0,12873000000.0,,19.154,-139000000.0,725000000,725000000,1000000000.0,47000000.0,1.709,3.239,7739000000,476000000.0,7263000000.0,7739000000,0,65000000.0,0,0.0,0.0,266000000.0,331000000.0,0.212,331000000.0,266000000.0,104000000.0,0.25,0.24,0.25,3744000000,,3744000000,9576560401,10.0,6.739,65000000.0,0.333,1.0,562000000.0,0.36,23000000,162000000.0,21108000000,,1030000000,1953000000,205000000.0,1748000000.0,12128000000,1755000000.0,10373000000.0,2562560401,109000000.0,-1000000.0,290000000.0,-84000000.0,0.0,165000000.0,-260000000.0,-109000000.0,204000000.0,0.0,47000000.0,45000000.0,45000000.0,6000000.0,0.0,0.029,387000000.0,175000000.0,392000000,0.0,0.684,23.296,20.169,8636000000,2000000.0,13.11,0.468,0.468,581000000,-1734000000.0,1562000000.0,1562000000.0,0.0,,,,,0.0,0.0,1.0,195466087,195466087,,7.991,15849000000,167000000,57000000.0,1727000000,81.083,1244000000.0
67,CMS,ARQ,2004-09-30,2004-11-04,2004-09-30,2021-07-29,-309000000,15377000000,,2804000000.0,12573000000.0,,18.595,7000000.0,643000000,643000000,520000000.0,59000000.0,1.643,3.247,7824000000,594000000.0,7230000000.0,7824000000,0,114000000.0,0,0.0,0.0,286000000.0,400000000.0,0.376,400000000.0,286000000.0,141000000.0,0.35,0.34,0.35,3621000000,,3621000000,9124362516,9.0,6.063,-280000000.0,-1.438,1.0,543000000.0,0.511,28000000,145000000.0,20823000000,,1186000000,1797000000,143000000.0,1654000000.0,11756000000,1707000000.0,10049000000.0,1943362516,-136000000.0,-70000000.0,0.0,71000000.0,0.0,68000000.0,82000000.0,11000000.0,-287000000.0,1000000.0,59000000.0,56000000.0,56000000.0,-8000000.0,0.0,0.053,339000000.0,204000000.0,339000000,0.0,0.537,32.389,26.973,8600000000,3000000.0,9.98,0.362,0.362,449000000,-1779000000.0,1063000000.0,1063000000.0,0.0,,,,,0.0,0.0,1.0,194725703,194725703,,5.459,15349000000,0,82000000.0,1728000000,78.824,1097000000.0
68,CMS,ARQ,2004-06-30,2004-08-06,2004-06-30,2021-07-29,-313000000,15307000000,,2852000000.0,12455000000.0,,22.08,-64000000.0,909000000,909000000,592000000.0,19000000.0,1.32,3.299,7741000000,903000000.0,6838000000.0,7741000000,0,108000000.0,0,0.0,0.0,221000000.0,329000000.0,0.301,329000000.0,221000000.0,74000000.0,0.1,0.1,0.1,3561000000,,3561000000,8243179192,10.0,6.278,182000000.0,1.128,1.0,501000000.0,0.458,23000000,147000000.0,19955000000,,832000000,1783000000,114000000.0,1669000000.0,11746000000,2161000000.0,9585000000.0,1411179192,145000000.0,0.0,0.0,-4000000.0,0.0,-10000000.0,-99000000.0,1000000.0,246000000.0,8000000.0,19000000.0,16000000.0,16000000.0,0.0,0.0,0.015,332000000.0,169000000.0,381000000,0.0,0.396,-19.331,-17.857,8528000000,3000000.0,8.75,0.265,0.265,627000000,-1835000000.0,1093000000.0,1093000000.0,0.0,,,,,0.0,0.0,1.0,161277622,161277622,,6.777,15284000000,0,55000000.0,1788000000,94.768,691000000.0
69,CMS,ARQ,2004-03-31,2004-05-07,2004-03-31,2021-07-29,-317000000,15117000000,,2719000000.0,12398000000.0,,10.248,-110000000.0,767000000,767000000,1067000000.0,-11000000.0,1.384,8.02,7734000000,892000000.0,6842000000.0,7734000000,0,144000000.0,0,0.0,0.0,210000000.0,354000000.0,0.202,354000000.0,210000000.0,60000000.0,-0.07,-0.07,-0.07,1676000000,,1676000000,8267177042,11.0,6.895,125000000.0,0.764,1.0,687000000.0,0.392,25000000,150000000.0,20095000000,,562000000,1764000000,118000000.0,1646000000.0,13441000000,1964000000.0,3576000000.0,1300177042,-155000000.0,0.0,0.0,-266000000.0,0.0,-266000000.0,-115000000.0,19000000.0,235000000.0,-9000000.0,-11000000.0,-11000000.0,-11000000.0,2000000.0,0.0,-0.006,491000000.0,196000000.0,276000000,0.0,0.776,-9.703,-8.833,8492000000,0.0,7.95,0.242,0.242,832000000,-1855000000.0,1754000000.0,1754000000.0,0.0,,,,,0.0,0.0,1.0,163544282,163544282,,10.725,15092000000,0,71000000.0,1614000000,92.281,755000000.0
70,CMS,ARQ,2003-12-31,2004-03-12,2003-12-31,2021-07-29,-419000000,13838000000,,2494000000.0,11344000000.0,,9.836,-87000000.0,733000000,733000000,811000000.0,-1000000.0,1.512,7.731,7281000000,519000000.0,6762000000.0,7281000000,0,162000000.0,0,0.0,0.0,260000000.0,422000000.0,0.29,422000000.0,260000000.0,75000000.0,-0.01,-0.01,-0.01,1585000000,,1585000000,8011226065,10.0,6.373,-324000000.0,-2.011,1.0,643000000.0,0.442,25000000,185000000.0,18711000000,,892000000,2147000000,0.0,2147000000.0,12253000000,1650000000.0,3463000000.0,1463226065,-124000000.0,0.0,-229000000.0,187000000.0,0.0,414000000.0,-298000000.0,6000000.0,-237000000.0,-3000000.0,-1000000.0,-1000000.0,-1000000.0,-79000000.0,0.0,-0.001,566000000.0,77000000.0,357000000,0.0,0.923,-33.255,-30.267,6944000000,0.0,9.08,0.265,0.265,476000000,-1844000000.0,1454000000.0,1454000000.0,0.0,,,,,0.0,0.0,1.0,161148245,161148245,,9.023,13813000000,0,76000000.0,1509000000,85.716,844000000.0
71,CMS,ARQ,2003-09-30,2003-11-12,2003-09-30,2021-07-29,-720000000,12311000000,,2675000000.0,9636000000.0,,8.397,754000000.0,869000000,869000000,563000000.0,-77000000.0,2.235,8.099,6595000000,188000000.0,6407000000.0,6595000000,0,86000000.0,0,0.0,0.0,122000000.0,208000000.0,0.205,208000000.0,122000000.0,-43000000.0,-0.51,-0.51,-0.51,1353000000,,1353000000,6998934308,-14.0,-218.717,607000000.0,3.767,1.0,453000000.0,0.446,0,165000000.0,16840000000,,955000000,2044000000,0.0,2044000000.0,10958000000,1197000000.0,2624000000.0,1272934308,-249000000.0,-726000000.0,226000000.0,-367000000.0,0.0,-142000000.0,40000000.0,7000000.0,-147000000.0,0.0,-77000000.0,-77000000.0,-77000000.0,43000000.0,0.0,-0.076,294000000.0,159000000.0,396000000,0.0,0.941,-1.273,-1.1,5742000000,0.0,7.9,0.149,0.149,416000000,-1763000000.0,1016000000.0,1016000000.0,0.0,,,,,0.0,0.0,1.0,161130925,161130925,,6.305,12311000000,0,34000000.0,1168000000,76.404,1478000000.0
72,CMS,ARQ,2003-06-30,2003-08-14,2003-06-30,2021-07-29,-724000000,13028000000,,3035000000.0,9993000000.0,,8.322,-202000000.0,1118000000,1118000000,674000000.0,-45000000.0,1.772,9.866,6717000000,542000000.0,6175000000.0,6717000000,0,88000000.0,0,0.028,0.0,127000000.0,215000000.0,0.186,215000000.0,127000000.0,-10000000.0,-0.31,-0.31,-0.31,1199000000,,1199000000,6510996225,-18.0,78.446,-469000000.0,-3.255,1.0,480000000.0,0.416,0,137000000.0,16914000000,,597000000,2129000000,0.0,2129000000.0,11829000000,1713000000.0,2991000000.0,911996225,256000000.0,726000000.0,3000000.0,169000000.0,0.0,8000000.0,514000000.0,11000000.0,-267000000.0,1000000.0,-45000000.0,-45000000.0,-45000000.0,40000000.0,0.0,-0.039,296000000.0,184000000.0,421000000,0.0,0.761,-1.029,-0.988,5740000000,0.0,6.33,0.09,0.09,766000000,-1686000000.0,1154000000.0,1154000000.0,0.0,,,,,0.0,0.0,1.0,144075233,144075233,,8.01,13028000000,0,35000000.0,1254000000,90.425,1322000000.0
73,CMS,ARQ,2003-03-31,2003-05-14,2003-03-31,2021-07-29,-737000000,14295000000,,2591000000.0,11704000000.0,,8.522,-61000000.0,675000000,675000000,1369000000.0,79000000.0,0.936,10.641,6513000000,1180000000.0,5333000000.0,6513000000,0,126000000.0,0,0.054,0.0,287000000.0,413000000.0,0.207,413000000.0,287000000.0,184000000.0,0.55,0.51,0.55,1228000000,,1228000000,6791917268,-20.0,47.83,339000000.0,2.353,1.0,623000000.0,0.313,0,103000000.0,17364000000,,377000000,2149000000,0.0,2149000000.0,13067000000,2769000000.0,4016000000.0,953917268,298000000.0,0.0,0.0,-48000000.0,0.0,-50000000.0,-53000000.0,4000000.0,400000000.0,1000000.0,79000000.0,79000000.0,79000000.0,-27000000.0,0.0,0.04,320000000.0,303000000.0,536000000,0.0,0.777,-1.026,-0.979,5710000000,0.0,6.62,0.094,0.094,850000000,-1641000000.0,1992000000.0,1992000000.0,0.0,,,,,0.0,0.0,1.0,144096264,144096264,,13.824,14295000000,0,105000000.0,1276000000,99.205,-178000000.0
74,CMS,ARQ,2002-12-31,2003-03-31,2002-12-31,2021-07-29,-753000000,13915000000,,2748000000.0,11167000000.0,,7.864,-92000000.0,377000000,377000000,4206000000.0,-957000000.0,0.948,11.282,6570000000,1098000000.0,5472000000.0,6570000000,0,168000000.0,0,0.164,0.0,-1036000000.0,-868000000.0,-0.197,-868000000.0,-1036000000.0,-1062000000.0,-6.91,-7.01,-6.91,1133000000,,1133000000,6828386225,285.0,13.106,-12000000.0,-0.083,1.0,196000000.0,0.045,0,26000000.0,17210000000,,617000000,1563000000,0.0,1563000000.0,12782000000,2898000000.0,3464000000.0,635386225,32000000.0,-6000000.0,-2000000.0,-134000000.0,-25000000.0,2241000000.0,185000000.0,10000000.0,80000000.0,0.0,-957000000.0,-957000000.0,-957000000.0,408000000.0,0.0,-0.217,201000000.0,-5000000.0,535000000,0.0,0.561,-1.025,-0.989,5799000000,0.0,4.41,0.073,0.073,757000000,-1720000000.0,4402000000.0,4402000000.0,0.0,,,,,0.0,0.0,1.0,144078509,144078509,,30.553,13915000000,0,-105000000.0,1324000000,96.579,-150000000.0
75,CMS,ARQ,2002-09-30,2002-11-14,2002-09-30,2021-07-29,0,15222000000,,2439000000.0,12783000000.0,,14.042,177000000.0,407000000,407000000,672000000.0,23000000.0,0.902,6.528,7545000000,850000000.0,6695000000.0,7545000000,0,103000000.0,0,0.132,0.18,274000000.0,377000000.0,0.283,377000000.0,274000000.0,125000000.0,0.16,0.16,0.16,2022000000,,2022000000,8325274812,6.0,4.525,-1000000.0,-0.007,1.0,661000000.0,0.496,740000000,149000000.0,18916000000,,842000000,1789000000,0.0,1789000000.0,13200000000,2704000000.0,10496000000.0,1187274812,143000000.0,-20000000.0,301000000.0,-109000000.0,-27000000.0,174000000.0,147000000.0,5000000.0,-178000000.0,0.0,23000000.0,23000000.0,23000000.0,-17000000.0,0.0,0.017,398000000.0,263000000.0,774000000,1.125,0.587,5.681,5.316,8264000000,0.0,8.24,0.273,0.273,750000000,,1333000000.0,1333000000.0,0.0,,,,,0.0,0.0,1.0,144086749,144000000,144000000.0,9.257,14482000000,0,102000000.0,1833000000,100.569,-265000000.0
76,CMS,ARQ,2002-06-30,2002-08-14,2002-06-30,2021-07-29,0,15473000000,,2407000000.0,13066000000.0,,13.015,141000000.0,264000000,264000000,1742000000.0,-75000000.0,0.788,7.806,7327000000,924000000.0,6403000000.0,7327000000,0,86000000.0,0,0.131,0.18,134000000.0,220000000.0,0.093,220000000.0,134000000.0,10000000.0,-0.56,-0.56,-0.56,1757000000,,1757000000,8460003616,15.0,8.23,390000000.0,2.889,1.0,626000000.0,0.264,747000000,124000000.0,18735000000,,716000000,1806000000,0.0,1806000000.0,13716000000,3054000000.0,10662000000.0,1397003616,104000000.0,-12000000.0,20000000.0,-263000000.0,-49000000.0,-268000000.0,123000000.0,3000000.0,249000000.0,0.0,-75000000.0,-75000000.0,-75000000.0,141000000.0,0.0,-0.032,340000000.0,286000000.0,972000000,-0.321,0.795,-3.648,-3.348,8358000000,0.0,9.71,0.232,0.218,955000000,,2368000000.0,2368000000.0,0.0,,,,,0.0,0.0,1.0,143872669,135000000,135000000.0,17.541,14726000000,0,85000000.0,1851000000,109.081,-647000000.0
77,CMS,ARQ,2002-03-31,2002-05-15,2002-03-31,2021-07-29,0,16479000000,,2488000000.0,13991000000.0,,17.211,686000000.0,160000000,160000000,1729000000.0,399000000.0,0.788,6.199,7525000000,922000000.0,6603000000.0,7525000000,0,140000000.0,0,0.085,0.365,857000000.0,997000000.0,0.395,997000000.0,857000000.0,718000000.0,2.99,2.92,2.99,2289000000,,2289000000,9687516833,14.0,7.902,938000000.0,7.053,1.0,796000000.0,0.315,811000000,139000000.0,19874000000,,627000000,1976000000,0.0,1976000000.0,14190000000,3159000000.0,11031000000.0,2322516833,-29000000.0,-17000000.0,29000000.0,-888000000.0,-48000000.0,-910000000.0,629000000.0,6000000.0,252000000.0,0.0,399000000.0,399000000.0,399000000.0,0.0,0.0,0.158,438000000.0,358000000.0,928000000,0.122,1.015,-9.108,-8.881,8980000000,0.0,17.23,0.288,0.284,1032000000,,2525000000.0,2525000000.0,0.0,,,,,0.0,0.0,1.0,134794941,133000000,133000000.0,18.985,15668000000,0,319000000.0,1915000000,117.805,-671000000.0
78,CMS,ARQ,2001-12-31,2002-03-29,2001-12-31,2021-07-29,0,17102000000,,3033000000.0,14069000000.0,,14.16,-399000000.0,189000000,189000000,-2572000000.0,-138000000.0,0.796,8.049,8380000000,1397000000.0,6983000000.0,8380000000,0,136000000.0,0,0.065,0.365,110000000.0,246000000.0,-0.131,246000000.0,110000000.0,-49000000.0,-1.04,-1.04,-1.04,1890000000,,1890000000,11211503381,46.0,14.598,-228000000.0,-1.708,1.0,697000000.0,-0.372,811000000,159000000.0,20672000000,,813000000,2068000000,0.0,2068000000.0,15212000000,3810000000.0,11402000000.0,3020503381,-24000000.0,-10000000.0,4000000.0,-3000000.0,-54000000.0,-63000000.0,-132000000.0,23000000.0,171000000.0,0.0,-138000000.0,-138000000.0,-138000000.0,0.0,0.0,0.074,499000000.0,198000000.0,1183000000,-0.351,1.598,-5.542,-5.427,9080000000,0.0,22.63,0.315,0.315,1364000000,,-1875000000.0,-1875000000.0,0.0,,,,,0.0,0.0,1.0,133473415,133473415,,-14.048,16291000000,0,89000000.0,1837000000,122.054,-777000000.0
79,CMS,ARQ,2001-09-30,2001-11-14,2001-09-30,2021-07-29,0,16089000000,,2552000000.0,13537000000.0,,14.94,-298000000.0,213000000,213000000,2279000000.0,-569000000.0,0.88,7.097,8414000000,955000000.0,7459000000.0,8414000000,0,119000000.0,0,0.065,0.365,-554000000.0,-435000000.0,-0.145,-435000000.0,-554000000.0,-711000000.0,-4.29,-4.29,-4.29,1987000000,,1987000000,11206353582,36.0,12.911,-380000000.0,-2.857,1.0,717000000.0,0.239,824000000,157000000.0,20565000000,,825000000,2244000000,0.0,2244000000.0,14102000000,2901000000.0,11201000000.0,3005353582,37000000.0,-17000000.0,1000000.0,485000000.0,-41000000.0,454000000.0,-335000000.0,0.0,-82000000.0,0.0,-569000000.0,-569000000.0,-569000000.0,185000000.0,0.0,-0.19,461000000.0,256000000.0,1053000000,-0.085,1.513,-6.576,-6.476,8876000000,0.0,22.6,0.204,0.204,1219000000,,2996000000.0,2996000000.0,0.0,,,,,0.0,0.0,1.0,132980247,133000000,133000000.0,22.526,15265000000,0,-142000000.0,1758000000,114.774,-349000000.0
80,CMS,ARQ,2001-06-30,2001-08-14,2001-06-30,2021-07-29,0,18821000000,,4973000000.0,13848000000.0,,20.333,-182000000.0,176000000,176000000,3607000000.0,53000000.0,0.926,6.012,7917000000,669000000.0,7248000000.0,7917000000,0,116000000.0,0,0.061,0.365,302000000.0,418000000.0,0.095,418000000.0,302000000.0,143000000.0,0.4,0.4,0.4,2684000000,,2684000000,10921681729,9.0,6.191,-215000000.0,-1.629,1.0,814000000.0,0.184,849000000,159000000.0,20345000000,,570000000,2290000000,0.0,2290000000.0,16137000000,5368000000.0,10769000000.0,3180681729,-46000000.0,-115000000.0,12000000.0,347000000.0,-49000000.0,314000000.0,-327000000.0,0.0,-33000000.0,0.0,53000000.0,53000000.0,53000000.0,0.0,0.0,0.012,500000000.0,314000000.0,3654000000,0.912,1.185,19.046,18.336,9082000000,0.0,24.02,0.225,0.225,3923000000,,4421000000.0,4421000000.0,0.0,,,,,0.0,0.0,1.0,132418057,132000000,132000000.0,33.492,17972000000,0,90000000.0,2011000000,136.152,-395000000.0
81,CMS,ARQ,2001-03-31,2001-05-11,2001-03-31,2021-07-29,0,16624000000,,3004000000.0,13620000000.0,,21.624,-273000000.0,222000000,222000000,3207000000.0,109000000.0,0.919,5.15,7680000000,472000000.0,7208000000.0,7680000000,0,153000000.0,0,0.05,0.365,401000000.0,554000000.0,0.134,554000000.0,401000000.0,244000000.0,0.87,0.85,0.87,2703000000,,2703000000,11349060660,9.0,6.27,88000000.0,0.704,1.0,919000000.0,0.223,880000000,157000000.0,19933000000,,342000000,2127000000,0.0,2127000000.0,13921000000,3269000000.0,10652000000.0,3891060660,40000000.0,-31000000.0,316000000.0,-257000000.0,-45000000.0,11000000.0,-332000000.0,0.0,361000000.0,0.0,109000000.0,109000000.0,109000000.0,0.0,0.0,0.026,512000000.0,407000000.0,2376000000,0.42,1.44,19.954,17.976,8994000000,0.0,29.48,0.344,0.326,2109000000,,4126000000.0,4126000000.0,0.0,,,,,0.0,0.0,1.0,131989846,125000000,125000000.0,33.008,15744000000,41000000,135000000.0,2109000000,125.952,-265000000.0
82,CMS,ARQ,2000-12-31,2001-03-23,2000-12-31,2021-07-29,0,15851000000,,2449000000.0,13402000000.0,,17.966,-254000000.0,182000000,182000000,2311000000.0,-180000000.0,0.765,5.714,7934000000,1110000000.0,6824000000.0,7934000000,0,167000000.0,0,0.051,0.365,164000000.0,331000000.0,0.104,331000000.0,164000000.0,-7000000.0,-0.47,-0.46,-0.47,2361000000,,2361000000,11497415793,11.0,6.955,36000000.0,0.274,1.0,866000000.0,0.273,891000000,171000000.0,19510000000,,467000000,2085000000,0.0,2085000000.0,13490000000,3202000000.0,10288000000.0,3745415793,-99000000.0,-296000000.0,313000000.0,-162000000.0,-45000000.0,106000000.0,-495000000.0,0.0,290000000.0,0.0,-50000000.0,-50000000.0,-50000000.0,0.0,-130000000.0,-0.016,484000000.0,382000000.0,1624000000,-0.777,1.586,104.039,89.062,8759000000,0.0,28.5,0.416,0.416,1440000000,,3177000000.0,3177000000.0,0.0,,,,,0.0,0.0,1.0,131418098,131418098,,24.175,14960000000,39000000,43000000.0,2115000000,113.835,-753000000.0
83,CMS,ARQ,2000-09-30,2000-11-14,2000-09-30,2021-07-29,0,16255000000,,2693000000.0,13562000000.0,,20.991,-235000000.0,281000000,281000000,1657000000.0,55000000.0,0.808,6.04,8301000000,974000000.0,7327000000.0,8301000000,0,152000000.0,0,0.052,0.365,309000000.0,461000000.0,0.192,461000000.0,309000000.0,144000000.0,0.51,0.51,0.51,2309000000,,2309000000,11390043846,9.0,6.173,-255000000.0,-2.318,1.0,738000000.0,0.308,903000000,165000000.0,20040000000,,568000000,1173000000,0.0,1173000000.0,13946000000,3332000000.0,10614000000.0,3370043846,41000000.0,-24000000.0,0.0,436000000.0,-40000000.0,396000000.0,-335000000.0,0.0,-20000000.0,0.0,55000000.0,55000000.0,55000000.0,0.0,0.0,0.023,422000000.0,316000000.0,1422000000,0.716,1.46,14.22,,9127000000,0.0,27.88,0.447,0.406,1578000000,,2395000000.0,2395000000.0,0.0,,,,,0.0,0.0,1.0,120876752,110000000,110000000.0,21.773,15352000000,28000000,89000000.0,1125000000,139.564,-639000000.0
84,CMS,ARQ,2000-06-30,2000-08-11,2000-06-30,2021-07-29,0,15707000000,,,,,21.318,-10000000.0,240000000,240000000,921000000.0,81000000.0,,5.698,7940000000,,,7940000000,0,142000000.0,0,0.055,0.365,322000000.0,464000000.0,0.29,464000000.0,322000000.0,166000000.0,0.73,0.72,0.73,2345000000,,2345000000,10629847886,9.0,5.761,59000000.0,0.536,1.0,678000000.0,0.424,915000000,156000000.0,22492000000,,409000000,2573000000,,,13362000000,,,2929847886,32000000.0,7000000.0,-27000000.0,41000000.0,-40000000.0,-26000000.0,-11000000.0,0.0,69000000.0,0.0,81000000.0,81000000.0,81000000.0,0.0,0.0,0.051,405000000.0,273000000.0,889000000,0.5,1.249,11.056,8.194,7233000000,0.0,26.63,0.441,0.441,1030000000,,1599000000.0,1599000000.0,0.0,,,,,0.0,0.0,1.0,110020574,110000000,110000000.0,14.536,14792000000,16000000,85000000.0,1125000000,134.473,
85,CMS,ARQ,2000-03-31,2000-05-15,2000-03-31,2021-07-29,0,15275000000,,1664000000.0,13611000000.0,,21.631,96000000.0,208000000,208000000,1059000000.0,80000000.0,0.707,5.434,7991000000,785000000.0,7206000000.0,7991000000,0,176000000.0,0,0.067,0.365,352000000.0,528000000.0,0.289,528000000.0,352000000.0,204000000.0,,,,2374000000,,2374000000,10170032006,8.0,5.566,210000000.0,1.913,1.0,768000000.0,0.42,913000000,148000000.0,19793000000,,274000000,802000000,0.0,802000000.0,12901000000,2352000000.0,10549000000.0,2387032006,76000000.0,-105000000.0,-99000000.0,129000000.0,-42000000.0,-12000000.0,-26000000.0,0.0,114000000.0,0.0,80000000.0,80000000.0,80000000.0,0.0,0.0,0.044,404000000.0,364000000.0,741000000,,1.005,9.216,,9543000000,0.0,21.75,0.373,0.373,937000000,,1827000000.0,1827000000.0,0.0,,,,,0.0,0.0,1.0,109748598,109748598,,16.647,14362000000,25000000,124000000.0,1153000000,130.863,-688000000.0
86,CMS,ARQ,1999-12-31,2000-03-30,1999-12-31,2021-07-29,0,15462000000,,,,,22.282,-647000000.0,132000000,132000000,928000000.0,21000000.0,,5.296,7857000000,,,7857000000,0,166000000.0,0,0.076,0.365,226130000.0,392130000.0,0.227,392130000.0,226130000.0,68130000.0,0.15,0.17,0.15,2456000000,,2456000000,9791716031,8.0,5.598,-170000000.0,-1.542,1.0,796000000.0,0.462,891000000,158000000.0,22296000000,,430000000,2247000000,,,13006000000,,,2066716031,-102000000.0,-128000000.0,12000000.0,256000000.0,-1000000.0,267000000.0,-846000000.0,0.0,477000000.0,0.0,28130000.0,21000000.0,21000000.0,0.0,-7130000.0,0.012,480000000.0,316000000.0,836000000,2.433,0.841,7.683,7.684,8121000000,7130000.0,18.75,0.339,0.339,959000000,,1724000000.0,1724000000.0,0.0,,,,,0.0,0.0,1.0,110224855,110224855,,15.641,14571000000,33000000,40000000.0,2023000000,132.193,
87,CMS,ARQ,1999-09-30,1999-11-12,1999-09-30,2021-07-29,0,14594000000,,1961000000.0,12633000000.0,,18.824,-197000000.0,234000000,234000000,766000000.0,83000000.0,0.985,5.202,7806000000,625000000.0,7181000000.0,7806000000,0,141000000.0,0,0.04,0.365,320000000.0,461000000.0,0.31,461000000.0,320000000.0,168000000.0,1.66,1.63,1.66,2353000000,,2353000000,11596068105,10.0,6.777,-197000000.0,-1.576,1.0,722000000.0,0.485,0,152000000.0,20175000000,,469000000,512000000,0.0,512000000.0,12241000000,1991000000.0,10250000000.0,4024068105,21000000.0,-21000000.0,21000000.0,362000000.0,-85000000.0,298000000.0,-277000000.0,3000000.0,0.0,0.0,83000000.0,83000000.0,83000000.0,0.0,0.0,0.056,391000000.0,331000000.0,524000000,0.22,1.71,13.781,,9110000000,0.0,34.75,0.703,0.655,1023000000,,1488000000.0,1488000000.0,0.0,,,,,0.0,0.0,1.0,115800521,125000000,125000000.0,11.904,14594000000,13000000,85000000.0,1111000000,116.752,-30000000.0
88,CMS,ARQ,1999-06-30,1999-08-13,1999-06-30,2021-07-29,0,14147000000,,1694000000.0,12453000000.0,,25.426,-132000000.0,213000000,213000000,673000000.0,75000000.0,0.925,4.919,7741000000,570000000.0,7171000000.0,7741000000,0,138000000.0,0,0.036,0.365,308000000.0,446000000.0,0.33,446000000.0,308000000.0,165000000.0,-0.19,-0.18,-0.19,2390000000,,2390000000,11623678188,11.0,7.166,-13000000.0,-0.138,1.0,680000000.0,0.503,0,143000000.0,19844000000,,344000000,503000000,0.0,503000000.0,11757000000,1831000000.0,9926000000.0,4095678188,109000000.0,-56000000.0,24000000.0,403000000.0,-39000000.0,196000000.0,-206000000.0,2000000.0,119000000.0,0.0,75000000.0,75000000.0,75000000.0,0.0,0.0,0.055,388000000.0,292000000.0,470000000,-1.921,1.714,14.026,20.129,8913000000,0.0,37.44,0.741,0.637,939000000,,1353000000.0,1353000000.0,0.0,,,,,0.0,0.0,1.0,109393114,94000000,94000000.0,14.394,14147000000,1000000,90000000.0,1168000000,150.5,-137000000.0
89,CMS,ARQ,1999-03-31,1999-05-14,1999-03-31,2021-07-29,0,13767000000,,1406000000.0,12361000000.0,,21.222,-157000000.0,104000000,104000000,870000000.0,98000000.0,0.857,5.007,7796000000,439000000.0,7357000000.0,7796000000,0,150000000.0,0,0.03,0.33,299000000.0,449000000.0,0.292,449000000.0,299000000.0,191000000.0,0.82,0.8,0.82,2292000000,,2292000000,12469362835,12.0,8.33,164000000.0,1.519,1.0,668000000.0,0.434,0,108000000.0,19819000000,,255000000,489000000,0.0,489000000.0,11475000000,1640000000.0,9835000000.0,4777362835,3000000.0,-2101000000.0,27000000.0,1930000000.0,-38000000.0,1917000000.0,-2235000000.0,0.0,321000000.0,0.0,88000000.0,88000000.0,88000000.0,0.0,10000000.0,0.057,357000000.0,311000000.0,498000000,0.402,2.084,17.001,,8789000000,0.0,43.94,0.901,0.861,859000000,,1538000000.0,1538000000.0,0.0,,,,,0.0,0.0,1.0,108724689,108000000,108000000.0,14.241,13767000000,0,103000000.0,1528000000,127.472,-234000000.0
90,CMS,ARQ,1998-12-31,1999-03-31,1998-12-31,2021-07-29,0,11310000000,,,,,19.611,-837000000.0,101000000,101000000,1051000000.0,51000000.0,,4.104,5452000000,,,5452000000,0,137000000.0,0,0.032,0.33,218000000.0,355000000.0,0.263,355000000.0,218000000.0,120000000.0,,,,2216000000,,2216000000,10054257822,11.0,7.002,-707000000.0,-6.257,1.0,298000000.0,0.221,0,98000000.0,16661000000,,361000000,2073000000,,,9094000000,,,4703257822,0.0,-123000000.0,217000000.0,635000000.0,-38000000.0,814000000.0,-944000000.0,-5000000.0,130000000.0,0.0,46000000.0,46000000.0,46000000.0,0.0,5000000.0,0.034,86000000.0,212000000.0,580000000,,2.122,17.291,15.189,6040000000,0.0,40.25,0.915,0.885,720000000,,1349000000.0,1349000000.0,0.0,,,,,0.0,0.0,1.0,116851126,113000000,,11.938,11310000000,0,74000000.0,1484000000,100.088,
91,CMS,ARQ,1998-09-30,1998-11-13,1998-09-30,2021-07-29,0,9930000000,,1138000000.0,8792000000.0,,18.843,-180000000.0,101000000,101000000,532000000.0,81000000.0,0.857,4.166,4798000000,473000000.0,4325000000.0,4798000000,0,112000000.0,0,0.027,0.33,260000000.0,372000000.0,0.289,372000000.0,260000000.0,173000000.0,,,,1922000000,,1922000000,9558578480,,,-103000000.0,-1.01,1.0,754000000.0,0.586,0,87000000.0,13299000000,,396000000,471000000,0.0,471000000.0,8008000000,1328000000.0,6680000000.0,4861578480,-129000000.0,-60000000.0,19000000.0,34000000.0,-36000000.0,17000000.0,-223000000.0,3000000.0,77000000.0,0.0,83000000.0,83000000.0,83000000.0,0.0,-2000000.0,0.065,483000000.0,271000000.0,399000000,,2.529,,,6751000000,0.0,47.0,,,457000000,,1286000000.0,1286000000.0,0.0,,,,,0.0,0.0,1.0,103437840,102000000,102000000.0,12.608,9930000000,14000000,90000000.0,1235000000,97.353,-190000000.0
92,CMS,ARQ,1998-06-30,1998-08-14,1998-06-30,2021-07-29,0,9858000000,,1257000000.0,8601000000.0,,18.584,-121000000.0,230000000,230000000,541000000.0,65000000.0,1.006,4.252,4753000000,381000000.0,4372000000.0,4753000000,0,92000000.0,0,0.029,0.33,229000000.0,321000000.0,0.284,321000000.0,229000000.0,138000000.0,0.63,0.62,0.63,1877000000,,1877000000,8845014227,,,-61000000.0,-0.604,1.0,591000000.0,0.522,0,91000000.0,13132000000,,302000000,472000000,0.0,472000000.0,7981000000,1249000000.0,6732000000.0,4322014227,156000000.0,-50000000.0,10000000.0,340000000.0,-33000000.0,317000000.0,-221000000.0,15000000.0,60000000.0,0.0,64000000.0,64000000.0,64000000.0,0.0,1000000.0,0.057,355000000.0,236000000.0,416000000,0.524,2.303,,,6602000000,0.0,42.44,,,509000000,,1132000000.0,1132000000.0,0.0,,,,,0.0,0.0,1.0,101838224,101000000,101000000.0,11.208,9858000000,2000000,74000000.0,1239000000,97.604,8000000.0
93,CMS,ARQ,1998-03-31,1998-05-15,1998-03-31,2021-07-29,0,9781000000,,1028000000.0,8753000000.0,,20.317,-100000000.0,72000000,72000000,770000000.0,83000000.0,0.683,3.767,4392000000,563000000.0,3829000000.0,4392000000,0,143000000.0,0,0.029,0.3,236000000.0,379000000.0,0.276,379000000.0,236000000.0,148000000.0,0.33,0.72,0.33,2052000000,,2052000000,8525499652,,,149000000.0,1.475,1.0,604000000.0,0.44,0,88000000.0,12595000000,,208000000,465000000,0.0,465000000.0,7729000000,1506000000.0,6223000000.0,4205499652,5000000.0,-112000000.0,20000000.0,15000000.0,-33000000.0,2000000.0,-246000000.0,-13000000.0,249000000.0,0.0,74000000.0,74000000.0,74000000.0,0.0,9000000.0,0.054,358000000.0,246000000.0,412000000,0.909,2.049,,,6808000000,0.0,41.5,,,472000000,,1374000000.0,1374000000.0,0.0,,,,,0.0,0.0,1.0,101337341,101000000,101000000.0,13.604,9781000000,28000000,74000000.0,1331000000,96.842,-478000000.0
94,CMS,ARQ,1997-12-31,1998-03-26,1997-12-31,2021-07-29,0,9793000000,,,,,18.1,,67000000,67000000,,,,3.953,4372000000,,,4372000000,0,,0,0.025,0.3,,,,,,,,,,1977000000,,1977000000,9363269212,10.0,6.785,,,1.0,,,0,,14098000000,,317000000,1301000000,,,7816000000,,,5058269212,,,,,,,,,,,,,,,,,,,478000000,,2.559,19.993,17.608,5435000000,,46.31,1.057,1.057,476000000,,,,,,,,,,,1.0,109226284,109226284,,,9793000000,38000000,,1388000000,89.658,
0,CMS,ART,2021-06-30,2021-07-29,2021-06-30,2021-07-29,-82000000,29953000000,29655500000.0,2322000000.0,27631000000.0,0.237,20.014,-2191000000.0,171000000,171000000,4083000000.0,885000000.0,0.746,4.069,12367000000,589000000.0,11778000000.0,12367000000,0,1091000000.0,0,0.027,1.685,1977000000.0,3068000000.0,0.437,3068000000.0,1977000000.0,1433000000.0,3.13,3.13,3.13,5797000000,5585000000.0,5797000000,30229872858,15.0,9.853,-344000000.0,-1.188,1.0,2931000000.0,0.418,0,544000000.0,39035000000,40733750000.0,539000000,71000000,0.0,71000000.0,23587000000,3114000000.0,20473000000.0,18033872858,-1312000000.0,-2000000.0,169000000.0,-869000000.0,-486000000.0,-609000000.0,-2550000000.0,-312000000.0,1847000000.0,0.0,901000000.0,901000000.0,901000000.0,-18000000.0,-16000000.0,0.128,1093000000.0,1838000000.0,666000000,0.538,3.111,20.015,19.891,21533000000,0.0,62.26,2.571,2.571,779000000,487000000.0,7014000000.0,7014000000.0,0.0,0.03,0.161,0.049,0.282,0.0,0.0,1.0,289654238,289654238,,24.215,29953000000,243000000,532000000.0,2436000000,103.41,-792000000.0
1,CMS,ART,2021-03-31,2021-04-29,2021-03-31,2021-07-29,-84000000,29723000000,29312500000.0,2513000000.0,27210000000.0,0.235,19.785,-2173000000.0,524000000,524000000,3980000000.0,851000000.0,0.871,4.09,15118000000,1506000000.0,13612000000.0,15118000000,0,1072000000.0,0,0.026,1.657,1946000000.0,3018000000.0,0.437,3018000000.0,1946000000.0,1386000000.0,3.0,3.0,3.0,5727000000,5439250000.0,5727000000,33104938862,17.0,10.969,-266000000.0,-0.919,1.0,2919000000.0,0.423,0,560000000.0,41432000000,40744750000.0,407000000,945000000,0.0,945000000.0,23421000000,2885000000.0,20536000000.0,18510938862,-337000000.0,-11000000.0,161000000.0,-88000000.0,-477000000.0,347000000.0,-2591000000.0,-269000000.0,1907000000.0,0.0,861000000.0,861000000.0,861000000.0,0.0,-10000000.0,0.125,1072000000.0,1847000000.0,545000000,0.552,3.232,21.499,21.317,21207000000,0.0,63.95,2.683,2.683,3585000000,437000000.0,6899000000.0,6899000000.0,0.0,0.029,0.158,0.048,0.282,0.0,0.0,1.0,289459560,289459560,,23.834,29723000000,267000000,525000000.0,2400000000,102.684,-372000000.0
2,CMS,ART,2020-12-31,2021-02-11,2020-12-31,2021-07-29,-86000000,29666000000,28743500000.0,2404000000.0,27262000000.0,0.232,19.021,-2259000000.0,185000000,185000000,3911000000.0,752000000.0,0.782,4.292,15196000000,1506000000.0,13690000000.0,15196000000,0,1048000000.0,0,0.029,1.657,1808000000.0,2856000000.0,0.428,2856000000.0,1808000000.0,1247000000.0,2.65,2.64,2.65,5496000000,5303750000.0,5496000000,31359414969,17.0,10.98,-983000000.0,-3.402,1.0,2769000000.0,0.415,0,561000000.0,41603000000,39882500000.0,576000000,939000000,0.0,939000000.0,23589000000,3074000000.0,20515000000.0,16348414969,28000000.0,-17000000.0,253000000.0,1020000000.0,-467000000.0,1619000000.0,-2867000000.0,-460000000.0,1276000000.0,0.0,755000000.0,755000000.0,755000000.0,0.0,-3000000.0,0.113,1048000000.0,1721000000.0,678000000,0.625,2.975,21.654,21.351,21039000000,0.0,56.58,2.447,2.447,3788000000,214000000.0,6680000000.0,6680000000.0,0.0,0.026,0.142,0.045,0.271,0.0,0.0,1.0,288943354,288943354,,23.119,29666000000,332000000,492000000.0,2435000000,102.671,-670000000.0
3,CMS,ART,2020-09-30,2020-10-29,2020-09-30,2021-07-29,-79000000,29280000000,28036250000.0,2494000000.0,26786000000.0,0.238,18.58,-2230000000.0,558000000,558000000,3976000000.0,758000000.0,0.834,4.395,15135000000,1799000000.0,13336000000.0,15135000000,0,1030000000.0,0,0.025,1.604,1804000000.0,2834000000.0,0.424,2834000000.0,1804000000.0,1249000000.0,2.69,2.67,2.69,5320000000,5184250000.0,5320000000,32759238591,18.0,11.559,-691000000.0,-2.413,1.0,2701000000.0,0.405,0,555000000.0,40865000000,38787500000.0,639000000,756000000,0.0,756000000.0,23382000000,2992000000.0,20390000000.0,18182238591,125000000.0,-53000000.0,110000000.0,1011000000.0,-461000000.0,1488000000.0,-2902000000.0,-486000000.0,1539000000.0,0.0,764000000.0,764000000.0,764000000.0,0.0,-6000000.0,0.114,1030000000.0,1671000000.0,667000000,0.596,3.418,23.799,23.606,20630000000,0.0,63.5,2.723,2.723,3596000000,171000000.0,6677000000.0,6677000000.0,0.0,0.027,0.147,0.047,0.27,0.0,0.0,1.0,286334466,286334466,,23.319,29280000000,199000000,485000000.0,2065000000,102.258,-498000000.0
4,CMS,ART,2020-06-30,2020-08-03,2020-06-30,2021-07-29,-76000000,28581000000,27218500000.0,3532000000.0,25049000000.0,0.244,18.213,-1980000000.0,1604000000,1604000000,3983000000.0,755000000.0,1.131,4.474,15225000000,1744000000.0,13481000000.0,15225000000,0,1017000000.0,0,0.019,1.197,1776000000.0,2793000000.0,0.42,2793000000.0,1776000000.0,1231000000.0,2.66,2.64,2.66,5214000000,5093500000.0,5214000000,31648095301,18.0,11.331,-579000000.0,-2.022,1.0,2665000000.0,0.401,0,545000000.0,39079000000,37723000000.0,506000000,775000000,0.0,775000000.0,23330000000,3123000000.0,20207000000.0,18027095301,1270000000.0,-138000000.0,110000000.0,2497000000.0,-452000000.0,2443000000.0,-2574000000.0,-312000000.0,1401000000.0,0.0,753000000.0,753000000.0,753000000.0,0.0,2000000.0,0.113,1017000000.0,1648000000.0,635000000,0.45,3.457,23.94,23.673,19436000000,0.0,62.97,2.712,2.712,3374000000,70000000.0,6648000000.0,6648000000.0,0.0,0.028,0.148,0.047,0.267,0.0,0.0,1.0,286280694,286280694,,23.222,28581000000,223000000,478000000.0,2207000000,99.836,409000000.0
5,CMS,ART,2020-03-31,2020-04-27,2020-03-31,2021-07-29,-76000000,27447000000,26396250000.0,2817000000.0,24630000000.0,0.252,18.115,-2049000000.0,861000000,861000000,4051000000.0,712000000.0,0.958,4.286,14337000000,1721000000.0,12616000000.0,14337000000,0,1010000000.0,0,0.027,1.554,1712000000.0,2722000000.0,0.409,2722000000.0,1712000000.0,1177000000.0,2.51,2.49,2.51,5185000000,5002750000.0,5185000000,30076845376,18.0,11.05,-675000000.0,-2.358,1.0,2599000000.0,0.391,0,535000000.0,37983000000,36696000000.0,434000000,1036000000,241000000.0,795000000.0,22225000000,2940000000.0,19285000000.0,16600845376,594000000.0,-230000000.0,110000000.0,1853000000.0,-444000000.0,1920000000.0,-2700000000.0,-292000000.0,1374000000.0,0.0,710000000.0,710000000.0,710000000.0,0.0,2000000.0,0.107,1010000000.0,1589000000.0,497000000,0.619,3.202,23.381,23.108,19144000000,0.0,58.0,2.496,2.496,3136000000,51000000.0,6650000000.0,6650000000.0,0.0,0.027,0.142,0.047,0.257,0.0,0.0,1.0,286221472,286221472,,23.234,27447000000,246000000,467000000.0,2171000000,95.894,-123000000.0
6,CMS,ART,2019-12-31,2020-02-06,2019-12-31,2021-07-29,-73000000,26837000000,25732750000.0,2331000000.0,24506000000.0,0.266,17.679,-2007000000.0,157000000,157000000,4281000000.0,682000000.0,0.862,4.341,13247000000,1220000000.0,12027000000.0,13247000000,0,992000000.0,0,0.023,1.554,1679000000.0,2671000000.0,0.39,2671000000.0,1679000000.0,1160000000.0,2.4,2.39,2.4,5018000000,4921000000.0,5018000000,32198275619,19.0,12.055,-217000000.0,-0.765,1.0,2564000000.0,0.375,0,519000000.0,37223000000,35822250000.0,605000000,829000000,19000000.0,810000000.0,21782000000,2704000000.0,19078000000.0,19108275619,-18000000.0,-343000000.0,12000000.0,851000000.0,-436000000.0,1008000000.0,-2816000000.0,-334000000.0,1790000000.0,0.0,680000000.0,680000000.0,680000000.0,0.0,2000000.0,0.099,992000000.0,1572000000.0,635000000,0.647,3.808,28.1,28.05,18926000000,0.0,67.32,2.792,2.792,3407000000,-25000000.0,6845000000.0,6845000000.0,0.0,0.026,0.138,0.047,0.245,0.0,0.0,1.0,283842478,283842478,,24.115,26837000000,305000000,480000000.0,2212000000,94.549,-373000000.0
7,CMS,ART,2019-09-30,2019-10-24,2019-09-30,2021-07-29,-67000000,26009000000,25155750000.0,2305000000.0,23704000000.0,0.273,17.464,-1976000000.0,432000000,432000000,4400000000.0,623000000.0,1.065,4.239,13195000000,1074000000.0,12121000000.0,13195000000,0,973000000.0,0,0.023,1.505,1582000000.0,2555000000.0,0.371,2555000000.0,1582000000.0,1076000000.0,2.19,2.19,2.19,4957000000,4855250000.0,4957000000,31056647707,20.0,12.155,-443000000.0,-1.561,1.0,2479000000.0,0.36,0,506000000.0,36607000000,34893500000.0,699000000,560000000,0.0,560000000.0,21015000000,2165000000.0,18850000000.0,18293647707,67000000.0,-445000000.0,11000000.0,1146000000.0,-428000000.0,1537000000.0,-3003000000.0,-435000000.0,1533000000.0,0.0,621000000.0,621000000.0,621000000.0,0.0,2000000.0,0.09,973000000.0,1506000000.0,607000000,0.687,3.69,29.458,29.429,18524000000,0.0,64.45,2.659,2.659,3150000000,-83000000.0,6879000000.0,6879000000.0,0.0,0.025,0.128,0.045,0.23,0.0,0.0,1.0,283842478,283842478,,24.235,26009000000,184000000,455000000.0,1829000000,91.632,140000000.0
8,CMS,ART,2019-06-30,2019-07-25,2019-06-30,2021-07-29,-67000000,25292000000,24631750000.0,2254000000.0,23038000000.0,0.281,17.094,-2175000000.0,334000000,334000000,4522000000.0,585000000.0,0.945,4.206,12399000000,1077000000.0,11322000000.0,12399000000,0,964000000.0,0,0.026,1.48,1513000000.0,2477000000.0,0.357,2477000000.0,1513000000.0,1026000000.0,2.06,2.05,2.06,4851000000,4803250000.0,4851000000,28513294868,19.0,11.511,-703000000.0,-2.477,1.0,2410000000.0,0.348,0,487000000.0,34971000000,33566750000.0,552000000,583000000,0.0,583000000.0,20404000000,2386000000.0,18018000000.0,16448294868,-167000000.0,-445000000.0,11000000.0,1031000000.0,-421000000.0,1369000000.0,-3008000000.0,-251000000.0,1472000000.0,0.0,583000000.0,583000000.0,583000000.0,0.0,2000000.0,0.084,964000000.0,1446000000.0,636000000,0.718,3.391,28.213,28.136,18106000000,0.0,57.96,2.373,2.373,3028000000,-182000000.0,6932000000.0,6932000000.0,0.0,0.024,0.121,0.045,0.218,0.0,0.0,1.0,283787006,283787006,,24.427,25292000000,204000000,443000000.0,1960000000,89.123,-132000000.0
9,CMS,ART,2019-03-31,2019-04-25,2019-03-31,2021-07-29,-66000000,24793000000,24136750000.0,2376000000.0,22417000000.0,0.289,17.12,-2133000000.0,267000000,267000000,4547000000.0,631000000.0,1.128,4.096,12068000000,872000000.0,11196000000.0,12068000000,0,952000000.0,0,0.027,1.455,1542000000.0,2494000000.0,0.357,2494000000.0,1542000000.0,1074000000.0,2.22,2.21,2.22,4858000000,4758500000.0,4858000000,27339363290,18.0,10.962,-521000000.0,-1.836,1.0,2432000000.0,0.348,0,468000000.0,34488000000,32537000000.0,442000000,600000000,0.0,600000000.0,19898000000,2106000000.0,17792000000.0,15538363290,40000000.0,-346000000.0,41000000.0,953000000.0,-414000000.0,1253000000.0,-2825000000.0,-202000000.0,1612000000.0,0.0,629000000.0,629000000.0,629000000.0,0.0,2000000.0,0.09,952000000.0,1480000000.0,550000000,0.655,3.199,24.703,24.667,18315000000,0.0,54.76,2.226,2.226,3070000000,-166000000.0,6979000000.0,6979000000.0,0.0,0.026,0.132,0.047,0.221,0.0,0.0,1.0,283753895,283753895,,24.595,24793000000,226000000,445000000.0,1937000000,87.375,270000000.0
10,CMS,ART,2018-12-31,2019-02-05,2018-12-31,2021-07-29,-65000000,24529000000,23655500000.0,2468000000.0,22061000000.0,0.291,16.778,-2074000000.0,174000000,174000000,4475000000.0,659000000.0,0.941,4.151,11777000000,1093000000.0,10684000000.0,11777000000,0,933000000.0,0,0.035,1.812,1533000000.0,2466000000.0,0.359,2466000000.0,1533000000.0,1075000000.0,2.33,2.32,2.33,4755000000,4693000000.0,4755000000,26353975465,17.0,10.687,-371000000.0,-1.309,1.0,2398000000.0,0.349,0,458000000.0,33508000000,31548250000.0,650000000,547000000,0.0,547000000.0,19737000000,2624000000.0,17113000000.0,14750975465,-29000000.0,-225000000.0,41000000.0,727000000.0,-407000000.0,874000000.0,-2606000000.0,-161000000.0,1703000000.0,0.0,657000000.0,657000000.0,657000000.0,0.0,2000000.0,0.096,933000000.0,1465000000.0,733000000,0.778,3.102,22.452,22.339,18126000000,0.0,52.05,2.146,2.146,2872000000,-271000000.0,6873000000.0,6873000000.0,0.0,0.028,0.14,0.049,0.223,0.0,0.0,1.0,283400105,283400105,,24.252,24529000000,279000000,418000000.0,1984000000,86.553,-156000000.0
11,CMS,ART,2018-09-30,2018-10-25,2018-09-30,2021-07-29,-59000000,23913000000,23285750000.0,2374000000.0,21539000000.0,0.293,16.761,-2029000000.0,365000000,365000000,4316000000.0,548000000.0,0.69,4.028,11194000000,2250000000.0,8944000000.0,11194000000,0,918000000.0,0,0.028,1.405,1612000000.0,2530000000.0,0.371,2530000000.0,1612000000.0,1165000000.0,1.94,1.93,1.94,4749000000,4614500000.0,4749000000,25208069362,16.0,9.964,42000000.0,0.148,1.0,2506000000.0,0.367,0,447000000.0,31300000000,30809750000.0,741000000,727000000,26000000.0,701000000.0,19127000000,3442000000.0,15685000000.0,14379069362,193000000.0,-87000000.0,42000000.0,514000000.0,-400000000.0,451000000.0,-2329000000.0,-74000000.0,2071000000.0,0.0,546000000.0,546000000.0,546000000.0,0.0,2000000.0,0.08,918000000.0,1588000000.0,689000000,0.724,3.028,26.335,26.16,17790000000,0.0,50.75,2.108,2.108,2355000000,-278000000.0,6822000000.0,6822000000.0,0.0,0.023,0.118,0.052,0.236,0.0,0.0,1.0,283331416,283331416,,24.078,23913000000,167000000,619000000.0,1590000000,84.399,-1068000000.0
12,CMS,ART,2018-06-30,2018-07-26,2018-06-30,2021-07-29,-61000000,23312000000,22837500000.0,2286000000.0,21026000000.0,0.296,16.493,-1791000000.0,494000000,494000000,4226000000.0,551000000.0,0.902,3.982,10569000000,1216000000.0,9353000000.0,10569000000,0,905000000.0,0,0.029,1.38,1631000000.0,2536000000.0,0.376,2536000000.0,1631000000.0,1187000000.0,1.95,1.95,1.95,4672000000,4561000000.0,4672000000,23711397656,15.0,9.35,211000000.0,0.745,1.0,2524000000.0,0.374,0,444000000.0,30852000000,30490000000.0,570000000,853000000,0.0,853000000.0,18603000000,2535000000.0,16068000000.0,13636397656,60000000.0,0.0,43000000.0,268000000.0,-393000000.0,128000000.0,-2070000000.0,-162000000.0,2002000000.0,0.0,549000000.0,549000000.0,549000000.0,0.0,2000000.0,0.081,905000000.0,1619000000.0,629000000,0.708,2.919,24.839,24.687,17237000000,0.0,48.14,2.02,2.02,2174000000,-346000000.0,6750000000.0,6750000000.0,0.0,0.024,0.12,0.053,0.242,0.0,0.0,1.0,283265427,283265427,,23.829,23312000000,187000000,638000000.0,1713000000,82.297,-249000000.0
13,CMS,ART,2018-03-31,2018-04-26,2018-03-31,2021-07-29,-61000000,22868000000,22476250000.0,2207000000.0,20661000000.0,0.298,16.268,-1722000000.0,221000000,221000000,4206000000.0,504000000.0,0.889,3.968,10368000000,1286000000.0,9082000000.0,10368000000,0,898000000.0,0,0.029,1.356,1602000000.0,2500000000.0,0.373,2500000000.0,1602000000.0,1160000000.0,1.79,1.79,1.79,4596000000,4505250000.0,4596000000,23267526248,15.0,9.307,45000000.0,0.159,1.0,2501000000.0,0.373,0,442000000.0,30533000000,30113750000.0,445000000,858000000,2000000.0,856000000.0,18235000000,2482000000.0,15753000000.0,13120526248,-236000000.0,0.0,83000000.0,209000000.0,-384000000.0,-25000000.0,-1978000000.0,-126000000.0,1767000000.0,0.0,502000000.0,502000000.0,502000000.0,0.0,2000000.0,0.075,898000000.0,1603000000.0,540000000,0.758,2.855,26.137,25.944,16904000000,0.0,46.44,1.956,1.956,2399000000,-383000000.0,6707000000.0,6707000000.0,0.0,0.022,0.111,0.053,0.239,0.0,0.0,1.0,282526405,282526405,,23.739,22868000000,207000000,658000000.0,1677000000,80.941,-275000000.0
14,CMS,ART,2017-12-31,2018-02-14,2017-12-31,2021-07-29,-50000000,23050000000,22165000000.0,2475000000.0,20575000000.0,0.297,15.725,-1665000000.0,199000000,199000000,4080000000.0,462000000.0,0.889,4.182,10487000000,1273000000.0,9214000000.0,10487000000,0,881000000.0,0,0.023,0.999,1606000000.0,2487000000.0,0.378,2487000000.0,1606000000.0,1168000000.0,1.64,1.64,1.64,4441000000,4448750000.0,4441000000,22403835417,14.0,9.008,40000000.0,0.142,1.0,2503000000.0,0.38,0,438000000.0,30554000000,29800250000.0,672000000,865000000,2000000.0,863000000.0,18572000000,2784000000.0,15788000000.0,12115835417,-53000000.0,0.0,83000000.0,357000000.0,-377000000.0,110000000.0,-1868000000.0,-88000000.0,1705000000.0,0.0,460000000.0,460000000.0,460000000.0,0.0,2000000.0,0.07,881000000.0,1622000000.0,740000000,0.609,2.728,26.339,26.159,16761000000,0.0,42.9,1.84,1.84,2429000000,-531000000.0,6583000000.0,6583000000.0,0.0,0.021,0.103,0.054,0.244,0.0,0.0,1.0,282420406,282420406,,23.309,23050000000,257000000,708000000.0,1716000000,81.616,-309000000.0
15,CMS,ART,2017-09-30,2017-10-26,2017-09-30,2021-07-29,-47000000,22120000000,21808000000.0,2121000000.0,19999000000.0,0.296,16.077,-1656000000.0,169000000,169000000,4049000000.0,542000000.0,0.938,3.869,10331000000,1210000000.0,9121000000.0,10331000000,0,866000000.0,0,0.027,1.309,1506000000.0,2372000000.0,0.368,2372000000.0,1506000000.0,1067000000.0,1.93,1.93,1.93,4535000000,4401750000.0,4535000000,23685087065,16.0,9.985,-69000000.0,-0.245,1.0,2396000000.0,0.372,0,439000000.0,30021000000,29348500000.0,787000000,371000000,31000000.0,340000000.0,17548000000,2261000000.0,15287000000.0,13523087065,-188000000.0,0.0,83000000.0,299000000.0,-369000000.0,89000000.0,-1864000000.0,-117000000.0,1587000000.0,0.0,540000000.0,540000000.0,540000000.0,0.0,2000000.0,0.084,866000000.0,1530000000.0,632000000,0.678,2.982,25.043,24.839,16444000000,0.0,47.94,2.098,2.098,2017000000,-434000000.0,6445000000.0,6445000000.0,0.0,0.025,0.123,0.051,0.234,0.0,0.0,1.0,282083585,282083585,,22.848,22120000000,157000000,527000000.0,2679000000,78.416,-140000000.0
16,CMS,ART,2017-06-30,2017-07-28,2017-06-30,2021-07-29,-48000000,21867000000,21488500000.0,2211000000.0,19656000000.0,0.303,15.776,-1601000000.0,435000000,435000000,4063000000.0,556000000.0,1.045,3.907,10030000000,840000000.0,9190000000.0,10030000000,0,856000000.0,0,0.028,1.286,1557000000.0,2413000000.0,0.371,2413000000.0,1557000000.0,1119000000.0,1.99,1.99,1.99,4449000000,4332750000.0,4449000000,22652188195,15.0,9.388,46000000.0,0.163,1.0,2442000000.0,0.375,0,438000000.0,29347000000,28922750000.0,582000000,380000000,18000000.0,362000000.0,17381000000,2115000000.0,15266000000.0,13057188195,34000000.0,0.0,82000000.0,417000000.0,-362000000.0,198000000.0,-1811000000.0,-99000000.0,1647000000.0,0.0,554000000.0,554000000.0,554000000.0,0.0,2000000.0,0.085,856000000.0,1586000000.0,608000000,0.646,2.935,23.569,23.266,16119000000,0.0,46.3,2.007,2.007,1996000000,-512000000.0,6505000000.0,6505000000.0,0.0,0.026,0.128,0.054,0.239,0.0,0.0,1.0,282012704,282012704,,23.066,21867000000,179000000,565000000.0,2767000000,77.539,96000000.0
17,CMS,ART,2017-03-31,2017-05-01,2017-03-31,2021-07-29,-49000000,21623000000,21137500000.0,2215000000.0,19408000000.0,0.304,15.582,-1630000000.0,463000000,463000000,3968000000.0,588000000.0,1.15,3.94,10045000000,812000000.0,9233000000.0,10045000000,0,835000000.0,0,0.028,1.263,1592000000.0,2427000000.0,0.378,2427000000.0,1592000000.0,1156000000.0,2.11,2.11,2.11,4370000000,4259500000.0,4370000000,22244471416,14.0,9.165,13000000.0,0.046,1.0,2459000000.0,0.383,0,436000000.0,29279000000,28456750000.0,425000000,406000000,19000000.0,387000000.0,17216000000,1926000000.0,15290000000.0,12662471416,264000000.0,0.0,12000000.0,717000000.0,-355000000.0,431000000.0,-1810000000.0,-87000000.0,1643000000.0,0.0,586000000.0,586000000.0,586000000.0,0.0,2000000.0,0.091,835000000.0,1624000000.0,488000000,0.599,2.898,21.608,21.398,15857000000,0.0,45.15,1.97,1.97,2065000000,-511000000.0,6427000000.0,6427000000.0,0.0,0.028,0.138,0.056,0.248,0.0,0.0,1.0,280453409,280453409,,22.916,21623000000,203000000,570000000.0,2722000000,77.1,289000000.0
18,CMS,ART,2016-12-31,2017-02-07,2016-12-31,2021-07-29,-50000000,21622000000,20741000000.0,2280000000.0,19342000000.0,0.309,15.188,-1672000000.0,254000000,254000000,4010000000.0,553000000.0,0.859,4.075,10034000000,1284000000.0,8750000000.0,10034000000,0,811000000.0,0,0.03,1.263,1540000000.0,2351000000.0,0.367,2351000000.0,1540000000.0,1105000000.0,1.99,1.98,1.99,4253000000,4194250000.0,4253000000,21683433229,14.0,9.223,-43000000.0,-0.154,1.0,2389000000.0,0.373,0,435000000.0,28747000000,27891750000.0,626000000,457000000,39000000.0,418000000.0,17332000000,2655000000.0,14677000000.0,11903433229,-31000000.0,0.0,72000000.0,430000000.0,-347000000.0,255000000.0,-1915000000.0,-136000000.0,1629000000.0,0.0,551000000.0,551000000.0,551000000.0,0.0,2000000.0,0.086,811000000.0,1578000000.0,610000000,0.635,2.799,21.603,21.362,15715000000,0.0,42.51,1.86,1.86,2131000000,-616000000.0,6399000000.0,6399000000.0,0.0,0.027,0.131,0.055,0.241,0.0,0.0,1.0,280014896,280014896,,22.852,21622000000,250000000,554000000.0,2708000000,77.217,-375000000.0
19,CMS,ART,2016-09-30,2016-10-27,2016-09-30,2021-07-29,-45000000,20842000000,20420500000.0,2198000000.0,18644000000.0,0.307,15.216,-1840000000.0,367000000,367000000,3962000000.0,582000000.0,1.062,3.885,9912000000,1080000000.0,8832000000.0,9912000000,0,783000000.0,0,0.029,1.22,1553000000.0,2336000000.0,0.373,2336000000.0,1553000000.0,1138000000.0,2.1,2.09,2.1,4259000000,4115500000.0,4259000000,21121991199,14.0,9.042,-379000000.0,-1.354,1.0,2306000000.0,0.368,0,415000000.0,28318000000,27521750000.0,736000000,367000000,41000000.0,326000000.0,16546000000,2069000000.0,14477000000.0,11576991199,189000000.0,0.0,72000000.0,963000000.0,-341000000.0,837000000.0,-2109000000.0,-180000000.0,1461000000.0,0.0,580000000.0,580000000.0,580000000.0,0.0,2000000.0,0.093,783000000.0,1523000000.0,548000000,0.581,2.718,19.96,19.695,15443000000,0.0,41.36,1.847,1.847,1902000000,-607000000.0,6268000000.0,6268000000.0,0.0,0.028,0.141,0.056,0.248,0.0,0.0,1.0,279907911,279907911,,22.393,20842000000,152000000,558000000.0,2397000000,74.46,129000000.0
20,CMS,ART,2016-06-30,2016-07-28,2016-06-30,2021-07-29,-47000000,20463000000,20073000000.0,2031000000.0,18432000000.0,0.307,14.852,-1860000000.0,403000000,403000000,3943000000.0,544000000.0,0.971,3.915,9514000000,918000000.0,8596000000.0,9514000000,0,773000000.0,0,0.027,1.2,1483000000.0,2256000000.0,0.366,2256000000.0,1483000000.0,1077000000.0,1.96,1.95,1.96,4156000000,4026250000.0,4156000000,21700510354,15.0,9.619,-381000000.0,-1.362,1.0,2224000000.0,0.361,0,406000000.0,27483000000,27013500000.0,573000000,366000000,15000000.0,351000000.0,16270000000,2091000000.0,14179000000.0,12589510354,-92000000.0,0.0,82000000.0,627000000.0,-334000000.0,601000000.0,-2172000000.0,-223000000.0,1479000000.0,0.0,542000000.0,542000000.0,542000000.0,0.0,2000000.0,0.088,773000000.0,1451000000.0,568000000,0.612,3.029,23.228,22.954,15187000000,0.0,44.99,2.041,2.041,1855000000,-706000000.0,6167000000.0,6167000000.0,0.0,0.027,0.135,0.055,0.24,0.0,0.0,1.0,279829081,279829081,,22.038,20463000000,174000000,535000000.0,2452000000,73.127,-60000000.0
21,CMS,ART,2016-03-31,2016-04-28,2016-03-31,2021-07-29,-47000000,20037000000,19766750000.0,1890000000.0,18147000000.0,0.311,14.677,-1777000000.0,205000000,205000000,4010000000.0,487000000.0,0.923,3.867,9234000000,950000000.0,8284000000.0,9234000000,0,766000000.0,0,0.029,1.18,1399000000.0,2165000000.0,0.352,2165000000.0,1399000000.0,998000000.0,1.76,1.75,1.76,4109000000,3941750000.0,4109000000,20331054233,15.0,9.391,-265000000.0,-0.947,1.0,2136000000.0,0.348,0,401000000.0,27019000000,26581000000.0,498000000,395000000,16000000.0,379000000.0,15891000000,2047000000.0,13844000000.0,11302054233,-345000000.0,0.0,102000000.0,214000000.0,-328000000.0,216000000.0,-2073000000.0,-218000000.0,1512000000.0,0.0,485000000.0,485000000.0,485000000.0,0.0,2000000.0,0.079,766000000.0,1370000000.0,543000000,0.67,2.751,23.303,22.938,14907000000,0.0,40.37,1.839,1.839,1910000000,-744000000.0,6146000000.0,6146000000.0,0.0,0.025,0.123,0.053,0.228,0.0,0.0,1.0,279961710,279961710,,21.953,20037000000,193000000,513000000.0,2387000000,71.571,-157000000.0
22,CMS,ART,2015-12-31,2016-02-11,2015-12-31,2021-07-29,-47000000,20340000000,19557000000.0,2320000000.0,18020000000.0,0.33,14.353,-1718000000.0,285000000,285000000,4281000000.0,525000000.0,1.008,4.156,9514000000,955000000.0,8559000000.0,9514000000,0,750000000.0,0,0.03,1.18,1452000000.0,2202000000.0,0.341,2202000000.0,1452000000.0,1056000000.0,1.9,1.89,1.9,3938000000,3865000000.0,3938000000,20003600849,14.0,9.084,-78000000.0,-0.284,1.0,2175000000.0,0.337,0,396000000.0,27267000000,26284000000.0,778000000,464000000,16000000.0,448000000.0,16365000000,2302000000.0,14063000000.0,10774600849,59000000.0,0.0,43000000.0,528000000.0,-322000000.0,463000000.0,-2044000000.0,-231000000.0,1640000000.0,0.0,523000000.0,523000000.0,523000000.0,0.0,2000000.0,0.081,750000000.0,1425000000.0,642000000,0.621,2.736,20.602,20.668,14705000000,0.0,39.27,1.669,1.669,1940000000,-855000000.0,6456000000.0,6456000000.0,0.0,0.027,0.135,0.055,0.225,0.0,0.0,1.0,274372316,274372316,,23.53,20340000000,235000000,533000000.0,2422000000,74.133,18000000.0
23,CMS,ART,2015-09-30,2015-10-29,2015-09-30,2021-07-29,-49000000,19452000000,19268250000.0,2123000000.0,17329000000.0,0.348,14.042,-1554000000.0,202000000,202000000,4504000000.0,515000000.0,1.187,3.976,8823000000,809000000.0,8014000000.0,8823000000,0,746000000.0,0,0.032,1.14,1450000000.0,2196000000.0,0.328,2196000000.0,1450000000.0,1041000000.0,1.86,1.86,1.86,3902000000,3798000000.0,3902000000,18555197344,13.0,8.45,351000000.0,1.263,1.0,2201000000.0,0.328,0,409000000.0,26285000000,25883750000.0,863000000,366000000,17000000.0,349000000.0,15513000000,1788000000.0,13725000000.0,9934197344,-343000000.0,0.0,43000000.0,-207000000.0,-316000000.0,-345000000.0,-1903000000.0,-229000000.0,1905000000.0,0.0,511000000.0,513000000.0,513000000.0,0.0,4000000.0,0.077,746000000.0,1455000000.0,594000000,0.613,2.546,19.365,19.22,14160000000,-2000000.0,35.75,1.482,1.482,1721000000,-881000000.0,6705000000.0,6705000000.0,0.0,0.027,0.135,0.056,0.216,0.0,0.0,1.0,277879646,277879646,,24.129,19452000000,153000000,530000000.0,2126000000,70.002,335000000.0
24,CMS,ART,2015-06-30,2015-07-23,2015-06-30,2021-07-29,-48000000,19238000000,19000500000.0,2291000000.0,16947000000.0,0.35,13.76,-1589000000.0,517000000,517000000,4551000000.0,461000000.0,1.397,4.029,8672000000,519000000.0,8153000000.0,8672000000,0,726000000.0,0,0.034,1.12,1366000000.0,2092000000.0,0.315,2092000000.0,1366000000.0,957000000.0,1.67,1.67,1.67,3818000000,3740000000.0,3818000000,17228334400,13.0,8.235,183000000.0,0.66,1.0,2098000000.0,0.316,0,409000000.0,25753000000,25578500000.0,683000000,494000000,114000000.0,380000000.0,15383000000,1640000000.0,13743000000.0,9073334400,119000000.0,0.0,33000000.0,533000000.0,-310000000.0,256000000.0,-1909000000.0,-306000000.0,1772000000.0,0.0,457000000.0,459000000.0,459000000.0,0.0,4000000.0,0.069,726000000.0,1372000000.0,564000000,0.671,2.376,19.768,19.581,13775000000,-2000000.0,32.7,1.365,1.365,1565000000,-949000000.0,6649000000.0,6649000000.0,0.0,0.024,0.123,0.053,0.205,0.0,0.0,1.0,277472000,277472000,,23.963,19238000000,176000000,500000000.0,2191000000,69.333,651000000.0
25,CMS,ART,2015-03-31,2015-04-23,2015-03-31,2021-07-29,-48000000,19198000000,18620750000.0,2501000000.0,16697000000.0,0.363,13.736,-1621000000.0,571000000,571000000,4660000000.0,477000000.0,1.564,4.04,8803000000,543000000.0,8260000000.0,8803000000,0,708000000.0,0,0.031,1.1,1383000000.0,2091000000.0,0.309,2091000000.0,1383000000.0,976000000.0,1.73,1.72,1.73,3802000000,3696750000.0,3802000000,17922672738,13.0,8.571,-25000000.0,-0.09,1.0,2107000000.0,0.311,0,407000000.0,25831000000,25108250000.0,540000000,568000000,152000000.0,416000000.0,15359000000,1599000000.0,13760000000.0,9690672738,-236000000.0,0.0,14000000.0,443000000.0,-303000000.0,154000000.0,-1986000000.0,-284000000.0,1596000000.0,0.0,473000000.0,475000000.0,475000000.0,0.0,4000000.0,0.07,708000000.0,1399000000.0,521000000,0.636,2.549,20.401,20.237,13526000000,-2000000.0,35.01,1.432,1.432,1742000000,-936000000.0,6767000000.0,6767000000.0,0.0,0.026,0.128,0.055,0.204,0.0,0.0,1.0,276797279,276797279,,24.447,19198000000,178000000,503000000.0,2129000000,69.358,902000000.0
26,CMS,ART,2014-12-31,2015-02-05,2014-12-31,2021-07-29,-49000000,19185000000,18302250000.0,2597000000.0,16588000000.0,0.392,13.284,-1577000000.0,244000000,244000000,5090000000.0,479000000.0,1.289,4.217,8739000000,600000000.0,8139000000.0,8739000000,0,685000000.0,0,0.029,1.1,1384000000.0,2069000000.0,0.288,2069000000.0,1384000000.0,977000000.0,1.76,1.74,1.76,3670000000,3650750000.0,3670000000,18805177929,14.0,9.089,-130000000.0,-0.471,1.0,2089000000.0,0.291,0,407000000.0,25666000000,24568250000.0,918000000,552000000,139000000.0,413000000.0,15478000000,2014000000.0,13464000000.0,10310177929,35000000.0,0.0,43000000.0,750000000.0,-295000000.0,498000000.0,-1910000000.0,-255000000.0,1447000000.0,0.0,475000000.0,477000000.0,477000000.0,0.0,4000000.0,0.066,685000000.0,1404000000.0,688000000,0.625,2.809,21.615,21.205,13412000000,-2000000.0,37.32,1.436,1.436,1726000000,-1058000000.0,7179000000.0,7179000000.0,0.0,0.026,0.131,0.056,0.193,0.0,0.0,1.0,276264146,276264146,,25.986,19185000000,216000000,502000000.0,2101000000,69.444,583000000.0
27,CMS,ART,2014-09-30,2014-10-23,2014-09-30,2021-07-29,-20000000,18381000000,17860000000.0,2734000000.0,15647000000.0,0.401,13.29,-1550000000.0,530000000,530000000,5097000000.0,484000000.0,1.659,3.998,8861000000,690000000.0,8171000000.0,8861000000,0,668000000.0,0,0.033,1.065,1390000000.0,2058000000.0,0.288,2058000000.0,1390000000.0,988000000.0,1.81,1.76,1.81,3670000000,3596750000.0,3670000000,17148435814,12.0,8.333,-285000000.0,-1.032,1.0,2060000000.0,0.288,0,402000000.0,25064000000,23961250000.0,1043000000,492000000,96000000.0,396000000.0,14674000000,1648000000.0,13026000000.0,8817435814,233000000.0,0.0,44000000.0,1089000000.0,-290000000.0,843000000.0,-1875000000.0,-303000000.0,1265000000.0,0.0,483000000.0,483000000.0,483000000.0,0.0,1000000.0,0.067,669000000.0,1391000000.0,613000000,0.588,2.403,18.256,17.641,13045000000,0.0,31.93,1.232,1.232,1453000000,-1080000000.0,7157000000.0,7157000000.0,0.0,0.027,0.134,0.058,0.194,0.0,0.0,1.0,276148945,276148945,,25.917,18381000000,176000000,505000000.0,1876000000,66.562,1086000000.0
28,CMS,ART,2014-06-30,2014-07-24,2014-06-30,2021-07-29,-20000000,17719000000,17511250000.0,2465000000.0,15254000000.0,0.41,13.204,-1408000000.0,389000000,389000000,5043000000.0,517000000.0,1.577,3.851,8105000000,439000000.0,7666000000.0,8105000000,0,660000000.0,0,0.034,1.05,1460000000.0,2120000000.0,0.296,2120000000.0,1460000000.0,1060000000.0,1.95,1.88,1.95,3645000000,3528250000.0,3645000000,16155227415,11.0,7.62,-145000000.0,-0.525,1.0,2129000000.0,0.297,0,400000000.0,23872000000,23443000000.0,775000000,512000000,88000000.0,424000000.0,14037000000,1563000000.0,12474000000.0,8439227415,-179000000.0,0.0,45000000.0,503000000.0,-284000000.0,257000000.0,-1699000000.0,-139000000.0,1263000000.0,0.0,514000000.0,515000000.0,515000000.0,0.0,3000000.0,0.072,660000000.0,1469000000.0,597000000,0.538,2.315,16.387,15.677,12680000000,-1000000.0,30.57,1.177,1.177,1452000000,-1099000000.0,7172000000.0,7172000000.0,0.0,0.029,0.146,0.062,0.204,0.0,0.0,1.0,276062395,276062395,,25.98,17719000000,177000000,546000000.0,1940000000,64.185,902000000.0
29,CMS,ART,2014-03-31,2014-04-24,2014-03-31,2021-07-29,-21000000,17924000000,17438750000.0,2969000000.0,14955000000.0,0.408,13.425,-1355000000.0,789000000,789000000,5004000000.0,514000000.0,1.649,3.944,8337000000,666000000.0,7671000000.0,8337000000,0,646000000.0,0,0.035,1.035,1462000000.0,2108000000.0,0.296,2108000000.0,1462000000.0,1061000000.0,1.94,1.87,1.94,3618000000,3447750000.0,3618000000,15619226369,11.0,7.41,-48000000.0,-0.178,1.0,2106000000.0,0.296,0,401000000.0,23671000000,23139500000.0,537000000,522000000,69000000.0,453000000.0,14269000000,1801000000.0,12468000000.0,8071226369,172000000.0,0.0,45000000.0,690000000.0,-278000000.0,450000000.0,-1585000000.0,-139000000.0,1307000000.0,0.0,510000000.0,512000000.0,512000000.0,0.0,4000000.0,0.072,646000000.0,1460000000.0,642000000,0.534,2.231,15.764,15.438,12360000000,-2000000.0,29.95,1.135,1.135,1688000000,-1110000000.0,7110000000.0,7110000000.0,0.0,0.029,0.149,0.063,0.206,0.0,0.0,1.0,269490029,269490029,,26.383,17924000000,209000000,551000000.0,1911000000,66.511,1168000000.0
30,CMS,ART,2013-12-31,2014-02-06,2013-12-31,2021-07-29,-22000000,17416000000,17275000000.0,2526000000.0,14890000000.0,0.38,12.926,-1325000000.0,204000000,204000000,4562000000.0,454000000.0,1.299,4.032,7971000000,732000000.0,7239000000.0,7971000000,0,628000000.0,0,0.038,1.035,1384000000.0,2012000000.0,0.306,2012000000.0,1384000000.0,986000000.0,1.71,1.66,1.71,3454000000,3369750000.0,3454000000,14965579802,11.0,7.438,96000000.0,0.359,1.0,2004000000.0,0.305,0,398000000.0,23238000000,22879500000.0,881000000,531000000,63000000.0,468000000.0,13925000000,1945000000.0,11980000000.0,7198579802,79000000.0,0.0,36000000.0,434000000.0,-273000000.0,190000000.0,-1532000000.0,-139000000.0,1421000000.0,0.0,450000000.0,452000000.0,452000000.0,0.0,4000000.0,0.069,628000000.0,1376000000.0,595000000,0.605,2.084,15.926,15.754,12246000000,-2000000.0,26.94,1.096,1.096,1570000000,-1242000000.0,6566000000.0,6566000000.0,0.0,0.026,0.134,0.06,0.211,0.0,0.0,1.0,267207862,267207862,,24.573,17416000000,328000000,536000000.0,1953000000,65.178,581000000.0
31,CMS,ART,2013-09-30,2013-10-24,2013-09-30,2021-07-29,-39000000,16986000000,17203750000.0,2401000000.0,14585000000.0,0.378,12.715,-1266000000.0,292000000,292000000,4557000000.0,419000000.0,1.64,3.991,7761000000,532000000.0,7229000000.0,7761000000,0,621000000.0,0,0.036,1.005,1327000000.0,1948000000.0,0.3,1948000000.0,1327000000.0,932000000.0,1.58,1.53,1.58,3396000000,3304750000.0,3396000000,14904808763,11.0,7.651,159000000.0,0.595,1.0,1943000000.0,0.299,0,395000000.0,22991000000,22751500000.0,1089000000,380000000,84000000.0,296000000.0,13553000000,1464000000.0,12089000000.0,7435808763,132000000.0,0.0,35000000.0,362000000.0,-267000000.0,123000000.0,-1416000000.0,-31000000.0,1425000000.0,0.0,417000000.0,417000000.0,417000000.0,0.0,4000000.0,0.064,620000000.0,1323000000.0,526000000,0.636,2.19,17.832,17.62,12154000000,0.0,27.84,1.144,1.144,1244000000,-1276000000.0,6500000000.0,6500000000.0,0.0,0.024,0.126,0.058,0.204,0.0,0.0,1.0,267090832,267090832,,24.336,16986000000,122000000,515000000.0,1550000000,63.596,937000000.0
32,CMS,ART,2013-06-30,2013-07-25,2013-06-30,2021-07-29,-56000000,17429000000,17109250000.0,2485000000.0,14944000000.0,0.384,12.448,-1232000000.0,566000000,566000000,4601000000.0,441000000.0,1.379,4.234,7597000000,758000000.0,6839000000.0,7597000000,0,614000000.0,0,0.035,0.99,1352000000.0,1966000000.0,0.3,1966000000.0,1352000000.0,960000000.0,1.66,1.62,1.66,3323000000,3254750000.0,3323000000,14561926395,11.0,7.407,161000000.0,0.603,1.0,1961000000.0,0.299,0,392000000.0,22658000000,22588750000.0,830000000,398000000,76000000.0,322000000.0,14069000000,1802000000.0,12267000000.0,7530926395,350000000.0,0.0,35000000.0,533000000.0,-262000000.0,313000000.0,-1356000000.0,-63000000.0,1393000000.0,0.0,439000000.0,439000000.0,439000000.0,0.0,4000000.0,0.067,613000000.0,1348000000.0,521000000,0.596,2.266,17.155,16.994,11916000000,0.0,28.21,1.148,1.148,1242000000,-1334000000.0,6562000000.0,6562000000.0,0.0,0.026,0.135,0.06,0.206,0.0,0.0,1.0,266959461,266959461,,24.581,17429000000,140000000,521000000.0,1440000000,65.287,683000000.0
33,CMS,ART,2013-03-31,2013-04-25,2013-03-31,2021-07-29,-54000000,17269000000,16825250000.0,2528000000.0,14741000000.0,0.386,12.39,-1207000000.0,615000000,615000000,4509000000.0,461000000.0,1.537,4.21,7622000000,732000000.0,6890000000.0,7622000000,0,607000000.0,0,0.033,0.975,1379000000.0,1986000000.0,0.306,1986000000.0,1379000000.0,991000000.0,1.74,1.7,1.74,3306000000,3201750000.0,3306000000,14809005223,11.0,7.457,124000000.0,0.465,1.0,1980000000.0,0.305,0,388000000.0,22631000000,22249750000.0,637000000,416000000,73000000.0,343000000.0,13919000000,1645000000.0,12274000000.0,7802005223,228000000.0,0.0,54000000.0,427000000.0,-257000000.0,227000000.0,-1330000000.0,-63000000.0,1331000000.0,0.0,459000000.0,459000000.0,459000000.0,0.0,4000000.0,0.071,606000000.0,1374000000.0,436000000,0.56,2.36,16.998,16.805,11667000000,0.0,29.24,1.202,1.202,1432000000,-1346000000.0,6489000000.0,6489000000.0,0.0,0.027,0.143,0.062,0.213,0.0,0.0,1.0,266826444,266826444,,24.319,17269000000,157000000,532000000.0,1400000000,64.72,883000000.0
34,CMS,ART,2012-12-31,2013-02-21,2012-12-31,2021-07-29,-55000000,17131000000,16548000000.0,2422000000.0,14709000000.0,0.378,12.01,-1227000000.0,122000000,122000000,4424000000.0,384000000.0,1.348,4.35,7514000000,651000000.0,6863000000.0,7514000000,0,598000000.0,0,0.037,0.975,1245000000.0,1843000000.0,0.295,1843000000.0,1245000000.0,856000000.0,1.46,1.42,1.46,3194000000,3137500000.0,3194000000,14338233719,12.0,7.78,14000000.0,0.053,1.0,1829000000.0,0.292,0,389000000.0,22726000000,21878500000.0,1084000000,391000000,41000000.0,350000000.0,13893000000,1797000000.0,12096000000.0,6946233719,-68000000.0,0.0,30000000.0,263000000.0,-252000000.0,41000000.0,-1350000000.0,-63000000.0,1241000000.0,0.0,382000000.0,382000000.0,382000000.0,-7000000.0,4000000.0,0.061,597000000.0,1232000000.0,521000000,0.668,2.175,18.184,17.89,11551000000,0.0,26.12,1.111,1.111,1418000000,-1423000000.0,6253000000.0,6253000000.0,0.0,0.023,0.122,0.057,0.199,0.0,0.0,1.0,265935441,265935441,,23.513,17131000000,190000000,474000000.0,1405000000,64.418,625000000.0
35,CMS,ART,2012-09-30,2012-10-25,2012-09-30,2021-07-29,-43000000,16608000000,16378250000.0,2360000000.0,14248000000.0,0.379,12.051,-1119000000.0,159000000,159000000,4433000000.0,358000000.0,1.589,4.183,7376000000,510000000.0,6866000000.0,7376000000,0,582000000.0,0,0.038,0.93,1199000000.0,1781000000.0,0.287,1781000000.0,1199000000.0,804000000.0,1.37,1.32,1.37,3196000000,3096000000.0,3196000000,13637582618,11.0,7.657,-211000000.0,-0.796,1.0,1770000000.0,0.285,0,395000000.0,22340000000,21494500000.0,1272000000,301000000,28000000.0,273000000.0,13368000000,1485000000.0,11883000000.0,6420582618,-495000000.0,0.0,30000000.0,53000000.0,-240000000.0,-159000000.0,-1244000000.0,-72000000.0,908000000.0,0.0,354000000.0,356000000.0,356000000.0,-14000000.0,4000000.0,0.057,581000000.0,1189000000.0,500000000,0.679,2.009,18.035,17.672,11190000000,-2000000.0,24.21,1.035,1.035,1205000000,-1426000000.0,6203000000.0,6203000000.0,0.0,0.022,0.115,0.056,0.193,0.0,0.0,1.0,265203743,265203743,,23.39,16608000000,119000000,450000000.0,1335000000,62.624,875000000.0
36,CMS,ART,2012-06-30,2012-07-26,2012-06-30,2021-07-29,-45000000,16293000000,16215750000.0,2206000000.0,14087000000.0,0.38,11.74,-1058000000.0,215000000,215000000,4454000000.0,349000000.0,1.221,4.223,7031000000,653000000.0,6378000000.0,7031000000,0,564000000.0,0,0.037,0.9,1162000000.0,1726000000.0,0.28,1726000000.0,1162000000.0,759000000.0,1.36,1.3,1.36,3111000000,3057750000.0,3111000000,13316128166,11.0,7.715,-162000000.0,-0.611,1.0,1706000000.0,0.277,0,403000000.0,21302000000,21019500000.0,1052000000,334000000,40000000.0,294000000.0,13138000000,1807000000.0,11331000000.0,6500128166,-807000000.0,0.0,30000000.0,-254000000.0,-230000000.0,-506000000.0,-1197000000.0,-100000000.0,896000000.0,0.0,346000000.0,347000000.0,347000000.0,-14000000.0,4000000.0,0.056,564000000.0,1142000000.0,536000000,0.662,2.089,18.732,18.037,10997000000,-1000000.0,24.53,1.055,1.055,1141000000,-1511000000.0,6160000000.0,6160000000.0,0.0,0.021,0.113,0.055,0.189,0.0,0.0,1.0,264986880,264986880,,23.246,16293000000,136000000,413000000.0,1361000000,61.486,399000000.0
37,CMS,ART,2012-03-31,2012-04-26,2012-03-31,2021-07-29,-47000000,16160000000,16128750000.0,2268000000.0,13892000000.0,0.384,11.655,-985000000.0,387000000,387000000,4543000000.0,349000000.0,1.247,4.286,7192000000,837000000.0,6355000000.0,7192000000,0,556000000.0,0,0.038,0.87,1115000000.0,1671000000.0,0.27,1671000000.0,1115000000.0,706000000.0,1.38,1.31,1.38,3049000000,3019500000.0,3049000000,12740674163,11.0,7.625,-22000000.0,-0.084,1.0,1648000000.0,0.266,0,409000000.0,21146000000,20735250000.0,888000000,346000000,25000000.0,321000000.0,13067000000,1819000000.0,11248000000.0,5935674163,-443000000.0,0.0,29000000.0,-18000000.0,-220000000.0,-263000000.0,-1143000000.0,-100000000.0,963000000.0,0.0,347000000.0,347000000.0,347000000.0,-14000000.0,4000000.0,0.056,556000000.0,1092000000.0,417000000,0.63,1.947,17.106,16.442,10755000000,0.0,22.69,0.959,0.959,1214000000,-1548000000.0,6191000000.0,6191000000.0,0.0,0.022,0.115,0.054,0.18,0.0,0.0,1.0,261598685,261598685,,23.666,16160000000,158000000,359000000.0,1307000000,61.774,449000000.0
38,CMS,ART,2011-12-31,2012-02-23,2011-12-31,2021-07-29,-49000000,16452000000,15999250000.0,2565000000.0,13887000000.0,0.406,11.711,-882000000.0,188000000,188000000,4749000000.0,417000000.0,1.097,4.419,7264000000,1057000000.0,6207000000.0,7264000000,0,546000000.0,0,0.041,0.87,1226000000.0,1772000000.0,0.272,1772000000.0,1226000000.0,811000000.0,1.66,1.58,1.66,3028000000,2979000000.0,3028000000,12627515334,10.0,7.126,287000000.0,1.11,1.0,1754000000.0,0.27,0,415000000.0,21190000000,20424750000.0,1187000000,99000000,49000000.0,50000000.0,13380000000,2338000000.0,11042000000.0,5551515334,-86000000.0,0.0,29000000.0,36000000.0,-211000000.0,-199000000.0,-1058000000.0,-100000000.0,1169000000.0,0.0,415000000.0,415000000.0,415000000.0,-2000000.0,4000000.0,0.064,546000000.0,1208000000.0,584000000,0.524,1.833,13.377,12.934,10633000000,0.0,21.47,0.854,0.854,1341000000,-1553000000.0,6503000000.0,6503000000.0,0.0,0.026,0.139,0.06,0.189,0.0,0.0,1.0,258570812,258570812,,25.15,16452000000,211000000,396000000.0,1363000000,63.627,227000000.0
39,CMS,ART,2011-09-30,2011-10-27,2011-09-30,2021-07-29,-40000000,15958000000,15790250000.0,2860000000.0,13098000000.0,0.416,12.001,-834000000.0,652000000,652000000,4829000000.0,401000000.0,1.292,4.23,7348000000,1140000000.0,6208000000.0,7348000000,0,544000000.0,0,0.039,0.84,1207000000.0,1751000000.0,0.267,1751000000.0,1207000000.0,789000000.0,1.59,1.52,1.59,3043000000,2920250000.0,3043000000,12104450861,10.0,6.913,322000000.0,1.27,1.0,1736000000.0,0.264,0,418000000.0,20440000000,20305000000.0,1279000000,115000000,62000000.0,53000000.0,12871000000,2214000000.0,10657000000.0,5408450861,-73000000.0,0.0,29000000.0,222000000.0,-210000000.0,-202000000.0,-1029000000.0,-116000000.0,1156000000.0,0.0,399000000.0,399000000.0,399000000.0,4000000.0,4000000.0,0.061,544000000.0,1192000000.0,493000000,0.528,1.777,13.555,13.415,10410000000,0.0,21.33,0.824,0.824,1130000000,-1542000000.0,6565000000.0,6565000000.0,0.0,0.025,0.137,0.059,0.184,0.0,0.0,1.0,253560753,253560753,,25.891,15958000000,116000000,390000000.0,1152000000,62.936,646000000.0
40,CMS,ART,2011-06-30,2011-07-28,2011-06-30,2021-07-29,-38000000,15945000000,15693500000.0,2956000000.0,12989000000.0,0.417,11.675,-799000000.0,1023000000,1023000000,4778000000.0,407000000.0,1.319,4.376,7484000000,1123000000.0,6361000000.0,7484000000,0,557000000.0,0,0.04,0.78,1233000000.0,1790000000.0,0.274,1790000000.0,1233000000.0,817000000.0,1.62,1.52,1.62,2958000000,2864750000.0,2958000000,11386245325,9.0,6.361,328000000.0,1.295,1.0,1766000000.0,0.27,0,416000000.0,20165000000,20142250000.0,969000000,109000000,57000000.0,52000000.0,12943000000,2241000000.0,10702000000.0,4925245325,458000000.0,0.0,27000000.0,698000000.0,-191000000.0,313000000.0,-984000000.0,-131000000.0,1127000000.0,0.0,405000000.0,394000000.0,394000000.0,4000000.0,4000000.0,0.06,555000000.0,1211000000.0,452000000,0.481,1.665,12.501,12.0,10255000000,11000000.0,19.44,0.753,0.753,1127000000,-1628000000.0,6544000000.0,6544000000.0,0.0,0.025,0.138,0.061,0.188,0.0,0.0,1.0,253356241,253356241,,25.829,15945000000,133000000,412000000.0,1208000000,62.935,715000000.0
41,CMS,ART,2011-03-31,2011-04-28,2011-03-31,2021-07-29,-40000000,15642000000,15470000000.0,2741000000.0,12901000000.0,0.421,11.44,-822000000.0,831000000,831000000,4754000000.0,390000000.0,1.197,4.403,7383000000,1275000000.0,6108000000.0,7383000000,0,566000000.0,0,0.037,0.72,1267000000.0,1833000000.0,0.281,1833000000.0,1267000000.0,838000000.0,1.57,1.46,1.57,2887000000,2862250000.0,2887000000,11432501257,9.0,6.237,321000000.0,1.272,1.0,1766000000.0,0.271,0,429000000.0,19904000000,19973250000.0,712000000,106000000,55000000.0,51000000.0,12711000000,2290000000.0,10421000000.0,4880501257,45000000.0,0.0,7000000.0,342000000.0,-173000000.0,-80000000.0,-1019000000.0,-131000000.0,1143000000.0,0.0,387000000.0,374000000.0,374000000.0,20000000.0,6000000.0,0.057,510000000.0,1256000000.0,421000000,0.459,1.691,13.049,12.318,10138000000,13000000.0,19.34,0.749,0.749,1322000000,-1675000000.0,6520000000.0,6520000000.0,0.0,0.024,0.131,0.063,0.194,0.0,0.0,1.0,252352702,252352702,,25.837,15642000000,149000000,451000000.0,982000000,61.985,451000000.0
42,CMS,ART,2010-12-31,2011-02-24,2010-12-31,2021-07-29,-40000000,15616000000,15366000000.0,2759000000.0,12857000000.0,0.419,11.077,-821000000.0,270000000,270000000,4724000000.0,343000000.0,1.365,4.575,7386000000,750000000.0,6636000000.0,7386000000,0,576000000.0,0,0.038,0.72,1205000000.0,1781000000.0,0.277,1781000000.0,1205000000.0,774000000.0,1.4,1.28,1.4,2793000000,2864750000.0,2793000000,11921800179,10.0,6.694,138000000.0,0.547,1.0,1708000000.0,0.266,0,431000000.0,20711000000,19942250000.0,1175000000,119000000,70000000.0,49000000.0,12779000000,2021000000.0,10758000000.0,4805800179,157000000.0,-10000000.0,10000000.0,608000000.0,-154000000.0,202000000.0,-1003000000.0,-131000000.0,959000000.0,0.0,340000000.0,324000000.0,324000000.0,23000000.0,6000000.0,0.05,520000000.0,1188000000.0,501000000,0.514,1.721,14.833,13.614,10069000000,16000000.0,19.06,0.747,0.747,1403000000,-1757000000.0,6432000000.0,6432000000.0,0.0,0.021,0.113,0.06,0.187,0.0,0.0,1.0,252140618,252140618,,25.51,15616000000,180000000,434000000.0,969000000,61.934,738000000.0
43,CMS,ART,2010-09-30,2010-10-28,2010-09-30,2021-07-29,-31000000,15571000000,15276000000.0,3086000000.0,12485000000.0,0.415,11.534,-808000000.0,719000000,719000000,4212000000.0,325000000.0,1.343,4.504,7234000000,1031000000.0,6203000000.0,7234000000,0,584000000.0,0,0.031,0.575,1175000000.0,1759000000.0,0.277,1759000000.0,1175000000.0,723000000.0,1.31,1.18,1.31,2821000000,2876750000.0,2821000000,11042096170,9.0,6.277,400000000.0,1.635,1.0,2135000000.0,0.336,0,452000000.0,19789000000,19766000000.0,1395000000,123000000,74000000.0,49000000.0,12705000000,2297000000.0,10408000000.0,4527096170,514000000.0,-10000000.0,9000000.0,486000000.0,-132000000.0,289000000.0,-982000000.0,-79000000.0,1208000000.0,0.0,320000000.0,301000000.0,301000000.0,26000000.0,19000000.0,0.047,995000000.0,1140000000.0,464000000,0.439,1.605,15.04,14.13,9918000000,19000000.0,18.51,0.713,0.713,1049000000,-1731000000.0,6347000000.0,6347000000.0,0.0,0.02,0.105,0.059,0.185,0.0,0.0,1.0,244575698,244575698,,25.951,15571000000,111000000,403000000.0,758000000,63.665,789000000.0
44,CMS,ART,2010-06-30,2010-07-28,2010-06-30,2021-07-29,-31000000,15051000000,15104000000.0,2621000000.0,12430000000.0,0.409,12.807,-820000000.0,558000000,558000000,3901000000.0,260000000.0,1.51,4.09,6732000000,653000000.0,6079000000.0,6732000000,0,579000000.0,0,0.034,0.55,1072000000.0,1651000000.0,0.267,1651000000.0,1072000000.0,619000000.0,1.05,0.96,1.05,2948000000,2900750000.0,2948000000,9928220632,9.0,6.013,273000000.0,1.186,1.0,2277000000.0,0.369,0,453000000.0,19489000000,19735750000.0,1077000000,124000000,72000000.0,52000000.0,12058000000,1736000000.0,10322000000.0,3754220632,-488000000.0,-10000000.0,9000000.0,-400000000.0,-126000000.0,-591000000.0,-989000000.0,4000000.0,1093000000.0,0.0,250000000.0,240000000.0,240000000.0,26000000.0,23000000.0,0.039,1215000000.0,1062000000.0,460000000,0.524,1.273,15.643,15.533,9804000000,10000000.0,16.31,0.608,0.608,1017000000,-1831000000.0,6178000000.0,6178000000.0,0.0,0.016,0.083,0.054,0.174,0.0,0.0,1.0,230179070,230179070,,26.84,15051000000,127000000,369000000.0,774000000,65.388,885000000.0
45,CMS,ART,2010-03-31,2010-04-23,2010-03-31,2021-07-29,-32000000,15226000000,15160500000.0,2795000000.0,12431000000.0,0.4,12.601,-821000000.0,778000000,778000000,3612000000.0,255000000.0,1.651,4.241,7025000000,720000000.0,6305000000.0,7025000000,0,569000000.0,0,0.032,0.525,1032000000.0,1601000000.0,0.264,1601000000.0,1032000000.0,591000000.0,1.03,0.96,1.03,2897000000,2881000000.0,2897000000,10012710763,10.0,6.254,78000000.0,0.339,1.0,2454000000.0,0.405,0,441000000.0,19780000000,19765500000.0,846000000,133000000,81000000.0,52000000.0,12285000000,1693000000.0,10592000000.0,3765710763,-69000000.0,-10000000.0,9000000.0,148000000.0,-119000000.0,-13000000.0,-955000000.0,4000000.0,899000000.0,0.0,245000000.0,234000000.0,234000000.0,-19000000.0,21000000.0,0.039,1505000000.0,949000000.0,403000000,0.51,1.3,16.093,15.903,9647000000,11000000.0,16.38,0.621,0.621,1139000000,-1876000000.0,6066000000.0,6066000000.0,0.0,0.015,0.081,0.052,0.17,0.0,0.0,1.0,229896872,229896872,,26.386,15226000000,142000000,346000000.0,1012000000,66.23,1102000000.0
46,CMS,ART,2009-12-31,2010-03-01,2009-12-31,2021-07-29,-33000000,15256000000,15104500000.0,2742000000.0,12514000000.0,0.411,12.364,-811000000.0,122000000,122000000,3790000000.0,240000000.0,1.403,4.336,6826000000,734000000.0,6092000000.0,6826000000,0,570000000.0,0,0.034,0.525,996000000.0,1566000000.0,0.252,1566000000.0,996000000.0,561000000.0,0.96,0.91,0.96,2841000000,3157000000.0,2841000000,10237906356,10.0,6.538,37000000.0,0.161,1.0,2415000000.0,0.389,0,435000000.0,20006000000,19738500000.0,1319000000,90000000,81000000.0,9000000.0,12318000000,1954000000.0,10364000000.0,3533906356,-122000000.0,0.0,9000000.0,120000000.0,-114000000.0,-35000000.0,-935000000.0,4000000.0,848000000.0,0.0,229000000.0,218000000.0,218000000.0,-20000000.0,22000000.0,0.035,1500000000.0,915000000.0,509000000,0.547,1.244,16.211,16.021,9682000000,11000000.0,15.38,0.57,0.57,1217000000,-1927000000.0,6205000000.0,6205000000.0,0.0,0.014,0.069,0.05,0.161,0.0,0.0,1.0,229772845,229772845,,27.005,15256000000,172000000,332000000.0,918000000,66.396,788000000.0
47,CMS,ART,2009-09-30,2009-10-30,2009-09-30,2021-07-29,-23000000,14883000000,15015750000.0,2662000000.0,12221000000.0,0.43,12.704,-893000000.0,213000000,213000000,3982000000.0,297000000.0,1.455,4.084,6828000000,712000000.0,6116000000.0,6828000000,0,575000000.0,0,0.035,0.465,1055000000.0,1630000000.0,0.253,1630000000.0,1055000000.0,645000000.0,1.22,1.2,1.22,2917000000,3445000000.0,2917000000,9668772342,9.0,5.932,121000000.0,0.527,1.0,2470000000.0,0.383,0,410000000.0,19668000000,19623750000.0,1527000000,96000000,87000000.0,9000000.0,11913000000,1830000000.0,10083000000.0,3053772342,21000000.0,0.0,10000000.0,131000000.0,-106000000.0,-13000000.0,-980000000.0,9000000.0,1014000000.0,0.0,288000000.0,277000000.0,277000000.0,-29000000.0,9000000.0,0.043,1492000000.0,978000000.0,376000000,0.381,1.047,11.024,10.902,9566000000,11000000.0,13.3,0.473,0.473,1046000000,-1900000000.0,6452000000.0,6452000000.0,0.0,0.018,0.08,0.054,0.164,0.0,0.0,1.0,229606943,229606943,,28.1,14883000000,115000000,357000000.0,1481000000,64.819,832000000.0
48,CMS,ART,2009-06-30,2009-07-30,2009-06-30,2021-07-29,-27000000,15277000000,14814250000.0,3156000000.0,12121000000.0,0.446,12.533,-861000000.0,1056000000,1056000000,4170000000.0,297000000.0,1.731,4.307,7210000000,623000000.0,6587000000.0,7210000000,0,582000000.0,0,0.033,0.43,1037000000.0,1619000000.0,0.245,1619000000.0,1037000000.0,633000000.0,1.26,1.23,1.26,2869000000,3545500000.0,2869000000,9136787546,9.0,5.643,-150000000.0,-0.655,1.0,2436000000.0,0.369,0,404000000.0,19608000000,19398250000.0,1138000000,97000000,87000000.0,10000000.0,12357000000,1823000000.0,10534000000.0,2982787546,498000000.0,0.0,10000000.0,842000000.0,-98000000.0,718000000.0,-931000000.0,1000000.0,711000000.0,0.0,294000000.0,283000000.0,283000000.0,-30000000.0,3000000.0,0.043,1494000000.0,942000000.0,406000000,0.341,1.04,10.54,10.341,9421000000,11000000.0,13.03,0.452,0.452,1076000000,-1945000000.0,6606000000.0,6606000000.0,0.0,0.019,0.08,0.053,0.157,0.0,0.0,1.0,228916926,228916926,,28.858,15277000000,128000000,339000000.0,1539000000,66.736,1333000000.0
49,CMS,ART,2009-03-31,2009-04-30,2009-03-31,2021-07-29,-32000000,15002000000,14467500000.0,2984000000.0,12018000000.0,0.466,17.639,-814000000.0,862000000,862000000,4331000000.0,267000000.0,2.078,2.737,6968000000,311000000.0,6657000000.0,6968000000,0,589000000.0,0,0.033,0.395,995000000.0,1584000000.0,0.235,1584000000.0,995000000.0,601000000.0,1.13,1.1,1.13,4001000000,3675000000.0,4001000000,8832503692,9.0,5.576,-123000000.0,-0.542,1.0,2412000000.0,0.358,0,394000000.0,19672000000,18967250000.0,839000000,88000000,77000000.0,11000000.0,10949000000,1436000000.0,9513000000.0,2726503692,-15000000.0,0.0,10000000.0,275000000.0,-91000000.0,173000000.0,-879000000.0,1000000.0,691000000.0,0.0,266000000.0,255000000.0,255000000.0,0.0,1000000.0,0.038,1456000000.0,956000000.0,354000000,0.35,0.681,10.692,10.637,9266000000,11000000.0,12.02,0.404,0.404,1360000000,-1991000000.0,6743000000.0,6743000000.0,0.0,0.018,0.069,0.052,0.148,0.0,0.0,1.0,226830590,226830590,,29.727,15002000000,140000000,335000000.0,1452000000,66.137,1548000000.0
50,CMS,ART,2008-12-31,2009-02-25,2008-12-31,2021-07-29,-28000000,14901000000,14277500000.0,2827000000.0,12074000000.0,0.478,17.62,-789000000.0,248000000,248000000,4405000000.0,300000000.0,1.517,2.732,6757000000,514000000.0,6243000000.0,6757000000,0,589000000.0,0,0.037,0.395,1042000000.0,1631000000.0,0.239,1631000000.0,1042000000.0,646000000.0,1.29,1.23,1.29,3993000000,3553000000.0,3993000000,8945197669,9.0,5.484,-230000000.0,-1.015,1.0,2416000000.0,0.354,0,396000000.0,19547000000,18510000000.0,1405000000,106000000,95000000.0,11000000.0,10908000000,1863000000.0,9045000000.0,2436197669,-135000000.0,0.0,9000000.0,240000000.0,-82000000.0,145000000.0,-839000000.0,1000000.0,559000000.0,0.0,300000000.0,289000000.0,289000000.0,0.0,0.0,0.042,1417000000.0,999000000.0,466000000,0.306,0.61,8.43,8.333,9190000000,11000000.0,10.75,0.357,0.357,1305000000,-2007000000.0,6821000000.0,6821000000.0,0.0,0.02,0.081,0.056,0.153,0.0,0.0,1.0,226623039,226623039,,30.098,14901000000,165000000,346000000.0,1471000000,65.752,964000000.0
51,CMS,ART,2008-09-30,2008-11-05,2008-09-30,2021-07-29,-17000000,14077000000,14101250000.0,2830000000.0,11247000000.0,0.472,14.672,-1229000000.0,193000000,193000000,4314000000.0,112000000.0,1.509,3.241,6757000000,649000000.0,6108000000.0,6757000000,0,574000000.0,0,0.039,0.41,698000000.0,1272000000.0,0.191,1272000000.0,698000000.0,302000000.0,0.45,0.4,0.45,3319000000,3418250000.0,3319000000,8930131329,13.0,7.021,-903000000.0,-3.992,1.0,2337000000.0,0.351,0,396000000.0,18766000000,18085250000.0,1726000000,110000000,99000000.0,11000000.0,10758000000,1875000000.0,8883000000.0,2366131329,-1083000000.0,0.0,8000000.0,-49000000.0,-72000000.0,-135000000.0,-1274000000.0,-21000000.0,326000000.0,0.0,112000000.0,101000000.0,101000000.0,2000000.0,0.0,0.015,1701000000.0,636000000.0,417000000,0.911,0.713,23.427,23.244,8995000000,11000000.0,10.46,0.356,0.356,992000000,-2047000000.0,6651000000.0,6651000000.0,0.0,0.007,0.03,0.039,0.105,0.0,0.0,1.0,226207584,226207584,,29.402,14077000000,159000000,190000000.0,1174000000,62.23,955000000.0
52,CMS,ART,2008-06-30,2008-08-05,2008-06-30,2021-07-29,-22000000,13890000000,14158000000.0,2647000000.0,11243000000.0,0.459,15.02,-1124000000.0,555000000,555000000,4257000000.0,115000000.0,1.406,3.101,6431000000,517000000.0,5914000000.0,6431000000,0,560000000.0,0,0.021,0.28,732000000.0,1292000000.0,0.199,1292000000.0,732000000.0,320000000.0,0.46,0.4,0.46,3387000000,3449750000.0,3387000000,8918057877,12.0,6.903,-847000000.0,-3.756,1.0,2248000000.0,0.346,0,412000000.0,17884000000,17732250000.0,1194000000,83000000,75000000.0,8000000.0,10503000000,1882000000.0,8621000000.0,3042057877,-1364000000.0,0.0,8000000.0,-387000000.0,-64000000.0,-476000000.0,-1165000000.0,-1000000.0,277000000.0,0.0,115000000.0,104000000.0,104000000.0,3000000.0,0.0,0.016,1619000000.0,629000000.0,478000000,0.609,0.898,29.251,29.326,8895000000,11000000.0,13.49,0.468,0.468,1016000000,-2106000000.0,6505000000.0,6505000000.0,0.0,0.007,0.03,0.041,0.113,0.0,0.0,1.0,225504661,225504661,,28.846,13890000000,202000000,205000000.0,976000000,61.595,765000000.0
53,CMS,ART,2008-03-31,2008-05-05,2008-03-31,2021-07-29,-149000000,14242000000,14358000000.0,2887000000.0,11355000000.0,0.45,15.594,339000000.0,964000000,964000000,4293000000.0,102000000.0,1.292,3.054,6799000000,856000000.0,5943000000.0,6799000000,0,556000000.0,0,0.016,0.24,698000000.0,1254000000.0,0.194,1254000000.0,698000000.0,260000000.0,0.41,0.36,0.41,3513000000,3565500000.0,3513000000,9124132618,13.0,7.276,525000000.0,2.33,1.0,2166000000.0,0.335,0,438000000.0,17843000000,17530250000.0,808000000,9000000,0.0,9000000.0,10729000000,2234000000.0,8495000000.0,3289132618,225000000.0,-67000000.0,10000000.0,-386000000.0,-54000000.0,-462000000.0,500000000.0,326000000.0,186000000.0,1000000.0,102000000.0,91000000.0,91000000.0,-89000000.0,0.0,0.014,1682000000.0,484000000.0,396000000,0.585,0.936,36.144,35.61,8786000000,11000000.0,14.6,0.509,0.509,1324000000,-2131000000.0,6459000000.0,6459000000.0,0.0,0.006,0.026,0.04,0.108,0.0,0.0,1.0,225283056,225283056,,28.671,14242000000,322000000,158000000.0,1023000000,63.218,653000000.0
54,CMS,ART,2007-12-31,2008-02-21,2007-12-31,2021-07-29,-144000000,14196000000,14616750000.0,2884000000.0,11312000000.0,0.442,15.339,454000000.0,382000000,382000000,4303000000.0,-215000000.0,1.164,3.11,6511000000,723000000.0,5788000000.0,6511000000,0,545000000.0,0,0.016,0.24,256000000.0,801000000.0,0.124,801000000.0,256000000.0,-188000000.0,-1.02,-1.02,-1.02,3454000000,3772750000.0,3454000000,9614741059,38.0,12.003,481000000.0,2.136,1.0,2161000000.0,0.334,0,444000000.0,17848000000,17922000000.0,1334000000,79000000,68000000.0,11000000.0,10742000000,2477000000.0,8265000000.0,3485741059,-3000000.0,-113000000.0,15000000.0,-600000000.0,-45000000.0,-690000000.0,658000000.0,345000000.0,27000000.0,2000000.0,-215000000.0,-227000000.0,-227000000.0,89000000.0,0.0,-0.035,1978000000.0,183000000.0,433000000,-0.235,1.009,-15.356,-15.176,8728000000,12000000.0,15.48,0.539,0.539,1009000000,-2208000000.0,6464000000.0,6464000000.0,0.0,-0.016,-0.06,0.014,0.04,0.0,0.0,1.0,225177071,225177071,,28.706,14196000000,257000000,27000000.0,940000000,63.044,407000000.0
55,CMS,ART,2007-09-30,2007-11-01,2007-09-30,2021-07-29,-136000000,14304000000,14910500000.0,3696000000.0,10608000000.0,0.453,15.305,1049000000.0,1293000000,1293000000,4390000000.0,-120000000.0,1.509,3.152,6792000000,998000000.0,5794000000.0,6792000000,0,565000000.0,0,0.009,0.15,513000000.0,1078000000.0,0.16,1078000000.0,513000000.0,43000000.0,-0.6,-0.63,-0.6,3445000000,3950000000.0,3445000000,9260271128,18.0,8.59,1185000000.0,5.265,1.0,2368000000.0,0.35,0,470000000.0,17354000000,18398750000.0,1509000000,257000000,80000000.0,177000000.0,10859000000,2449000000.0,8410000000.0,3761271128,786000000.0,-261000000.0,3000000.0,-340000000.0,-34000000.0,-431000000.0,1079000000.0,314000000.0,136000000.0,2000000.0,-120000000.0,-132000000.0,-132000000.0,87000000.0,0.0,-0.02,2115000000.0,253000000.0,392000000,-0.25,1.092,-28.494,-27.85,7961000000,12000000.0,16.71,0.557,0.557,533000000,-2070000000.0,6758000000.0,6758000000.0,0.0,-0.009,-0.033,0.028,0.076,0.0,0.0,1.0,225091031,225091031,,30.023,14304000000,226000000,163000000.0,940000000,63.548,1247000000.0
56,CMS,ART,2007-06-30,2007-08-02,2007-06-30,2021-07-29,-137000000,14690000000,15079000000.0,4171000000.0,10519000000.0,0.46,17.143,957000000.0,1944000000,1944000000,4457000000.0,-305000000.0,1.687,2.816,6803000000,986000000.0,5817000000.0,6803000000,0,573000000.0,0,0.006,0.1,203000000.0,776000000.0,0.112,776000000.0,203000000.0,-281000000.0,-1.44,-1.44,-1.44,3850000000,3926250000.0,3850000000,8533132105,42.0,10.996,1557000000.0,6.933,1.0,2481000000.0,0.358,0,484000000.0,17076000000,19127000000.0,1130000000,440000000,0.0,440000000.0,10840000000,2473000000.0,8367000000.0,3674132105,1040000000.0,-261000000.0,7000000.0,-477000000.0,-22000000.0,-540000000.0,978000000.0,298000000.0,600000000.0,2000000.0,-305000000.0,-317000000.0,-317000000.0,86000000.0,0.0,-0.046,2504000000.0,-23000000.0,470000000,-0.069,0.954,-11.59,-11.361,7820000000,12000000.0,16.36,0.53,0.53,699000000,-2140000000.0,6938000000.0,6938000000.0,0.0,-0.021,-0.081,0.011,0.029,0.0,0.0,1.0,224580202,224580202,,30.893,14690000000,182000000,24000000.0,972000000,65.411,1698000000.0
57,CMS,ART,2007-03-31,2007-05-03,2007-03-31,2021-07-29,-192000000,15277000000,15323000000.0,3215000000.0,12062000000.0,0.458,19.341,-512000000.0,642000000,642000000,4454000000.0,-266000000.0,1.472,2.518,6985000000,723000000.0,6262000000.0,6985000000,0,576000000.0,0,0.003,0.05,230000000.0,806000000.0,0.115,806000000.0,230000000.0,-266000000.0,-1.26,-1.28,-1.26,4342000000,3862000000.0,4342000000,10579271354,46.0,13.126,318000000.0,1.416,1.0,2561000000.0,0.365,26000000,496000000.0,19410000000,19996250000.0,824000000,1052000000,0.0,1052000000.0,10935000000,2184000000.0,8751000000.0,4236271354,-142000000.0,-194000000.0,9000000.0,-218000000.0,-11000000.0,-270000000.0,-703000000.0,-23000000.0,830000000.0,1000000.0,-266000000.0,-278000000.0,-278000000.0,175000000.0,0.0,-0.04,2486000000.0,75000000.0,495000000,-0.04,0.976,-15.238,-14.976,7903000000,12000000.0,18.87,0.604,0.604,1072000000,-2168000000.0,7015000000.0,7015000000.0,0.0,-0.018,-0.072,0.012,0.033,0.0,0.0,1.0,224497687,224497687,,31.248,15251000000,282000000,0.0,1010000000,67.934,1031000000.0
58,CMS,ART,2006-12-31,2007-02-23,2006-12-31,2021-07-29,-318000000,15371000000,15391250000.0,3143000000.0,12228000000.0,0.442,18.647,-601000000.0,422000000,422000000,4474000000.0,-79000000.0,1.458,2.692,6988000000,566000000.0,6422000000.0,6988000000,0,576000000.0,0,0.003,0.05,477000000.0,1053000000.0,0.155,1053000000.0,477000000.0,-39000000.0,-0.41,-0.41,-0.41,4163000000,3716000000.0,4163000000,10562279966,22.0,10.031,87000000.0,0.39,1.0,2336000000.0,0.343,26000000,516000000.0,19755000000,20291250000.0,1357000000,1308000000,0.0,1308000000.0,11208000000,2156000000.0,9052000000.0,3996279966,-496000000.0,-148000000.0,8000000.0,-417000000.0,0.0,-434000000.0,-751000000.0,74000000.0,688000000.0,1000000.0,-79000000.0,-90000000.0,-90000000.0,-6000000.0,0.0,-0.013,2260000000.0,76000000.0,566000000,-0.122,0.96,-44.403,-43.659,7976000000,11000000.0,17.9,0.587,0.587,875000000,-1918000000.0,6810000000.0,6810000000.0,0.0,-0.006,-0.024,0.024,0.07,0.0,0.0,1.0,223255864,223255864,,30.503,15345000000,305000000,40000000.0,1052000000,68.733,987000000.0
59,CMS,ART,2006-09-30,2006-11-02,2006-09-30,2021-07-29,-301000000,14978000000,15553500000.0,3046000000.0,11932000000.0,0.434,15.061,-633000000.0,529000000,529000000,4630000000.0,-53000000.0,1.922,3.471,7433000000,315000000.0,7118000000.0,7433000000,0,544000000.0,342000000,0.0,0.0,484000000.0,1028000000.0,0.152,1028000000.0,484000000.0,-32000000.0,-0.28,-0.3,-0.28,3350000000,3590500000.0,3350000000,10244969014,21.0,9.966,-155000000.0,-0.697,1.0,2127000000.0,0.315,30000000,516000000.0,20267000000,20494000000.0,1520000000,1637000000,113000000.0,1524000000.0,11628000000,1585000000.0,10043000000.0,3340969014,-334000000.0,0.0,24000000.0,-216000000.0,0.0,-233000000.0,-578000000.0,-19000000.0,478000000.0,-1000000.0,-53000000.0,-64000000.0,-64000000.0,-18000000.0,0.0,-0.009,1953000000.0,174000000.0,499000000,0.0,0.997,-52.203,-53.643,8081000000,11000000.0,15.02,0.494,0.494,559000000,-1886000000.0,6757000000.0,6757000000.0,0.0,-0.004,-0.018,0.024,0.072,0.0,0.0,1.0,222434688,222434688,,30.377,14948000000,124000000,21000000.0,820000000,67.202,1461000000.0
60,CMS,ART,2006-06-30,2006-08-04,2006-06-30,2021-07-29,-282000000,15666000000,15837750000.0,3393000000.0,12273000000.0,0.419,16.215,-631000000.0,918000000,918000000,4352000000.0,-215000000.0,2.022,3.36,7513000000,174000000.0,7339000000.0,7513000000,0,536000000.0,335000000,0.0,0.0,256000000.0,792000000.0,0.119,792000000.0,256000000.0,-260000000.0,-1.09,-1.07,-1.09,3593000000,3737250000.0,3593000000,9697228332,38.0,12.244,-2000000.0,-0.009,1.0,2278000000.0,0.344,30000000,516000000.0,20553000000,20519000000.0,1171000000,1910000000,95000000.0,1815000000.0,12073000000,1678000000.0,10395000000.0,3102228332,-162000000.0,0.0,24000000.0,-112000000.0,0.0,-135000000.0,-655000000.0,32000000.0,629000000.0,-1000000.0,-215000000.0,-226000000.0,-226000000.0,-17000000.0,0.0,-0.034,2860000000.0,-582000000.0,509000000,0.0,0.863,-13.727,-12.844,8028000000,11000000.0,14.0,0.468,0.468,857000000,-1783000000.0,6630000000.0,6630000000.0,0.0,-0.014,-0.06,0.012,0.039,0.0,0.0,1.0,221587738,221587738,,29.92,15636000000,147000000,-45000000.0,1037000000,70.563,1715000000.0
61,CMS,ART,2006-03-31,2006-05-03,2006-03-31,2021-07-29,-286000000,15550000000,16036500000.0,3314000000.0,12236000000.0,0.404,16.993,-532000000.0,824000000,824000000,4209000000.0,-260000000.0,2.038,3.138,7520000000,319000000.0,7201000000.0,7520000000,0,531000000.0,364000000,0.0,0.0,250000000.0,781000000.0,0.121,781000000.0,250000000.0,-266000000.0,-1.3,-1.26,-1.3,3758000000,3843750000.0,3758000000,9528903907,38.0,12.201,25000000.0,0.113,1.0,2266000000.0,0.35,30000000,516000000.0,20590000000,20684250000.0,898000000,1974000000,121000000.0,1853000000.0,11792000000,1626000000.0,10166000000.0,2832903907,-182000000.0,0.0,295000000.0,-392000000.0,0.0,-164000000.0,-575000000.0,40000000.0,557000000.0,0.0,-260000000.0,-271000000.0,-271000000.0,-15000000.0,0.0,-0.042,2865000000.0,-599000000.0,400000000,0.0,0.754,-10.454,-9.854,7898000000,11000000.0,12.81,0.438,0.438,1084000000,-1855000000.0,6475000000.0,6475000000.0,0.0,-0.017,-0.071,0.012,0.039,0.0,0.0,1.0,221147846,221147846,,29.279,15520000000,166000000,-6000000.0,1124000000,70.179,1688000000.0
62,CMS,ART,2005-12-31,2006-02-24,2005-12-31,2021-07-29,-288000000,16020000000,16199250000.0,3899000000.0,12121000000.0,0.388,16.584,-532000000.0,1045000000,1045000000,3612000000.0,-84000000.0,1.845,3.376,7731000000,445000000.0,7286000000.0,7731000000,0,525000000.0,535000000,0.0,0.0,531000000.0,1056000000.0,0.168,1056000000.0,531000000.0,9000000.0,-0.44,-0.44,-0.44,3661000000,3870500000.0,3661000000,9827394494,19.0,9.306,114000000.0,0.516,1.0,2676000000.0,0.426,27000000,522000000.0,20566000000,20860250000.0,1275000000,1990000000,242000000.0,1748000000.0,12359000000,2113000000.0,10246000000.0,3141394494,178000000.0,0.0,295000000.0,-153000000.0,0.0,74000000.0,-541000000.0,39000000.0,646000000.0,-1000000.0,-84000000.0,-94000000.0,-94000000.0,-14000000.0,0.0,-0.015,2814000000.0,-138000000.0,512000000,0.0,0.858,-33.419,-32.341,7845000000,10000000.0,14.23,0.5,0.5,878000000,-1828000000.0,6288000000.0,6288000000.0,0.0,-0.006,-0.024,0.025,0.084,0.0,0.0,1.0,220758573,220758573,,28.484,15993000000,160000000,93000000.0,1205000000,72.446,1786000000.0
63,CMS,ART,2005-09-30,2005-11-01,2005-09-30,2021-07-29,-297000000,16115000000,16162250000.0,3940000000.0,12175000000.0,0.37,17.888,-515000000.0,989000000,989000000,3235000000.0,-34000000.0,1.817,3.093,7439000000,441000000.0,6998000000.0,7439000000,0,464000000.0,594000000,0.0,0.0,665000000.0,1129000000.0,0.189,1129000000.0,665000000.0,107000000.0,-0.14,-0.14,-0.14,3937000000,3891250000.0,3937000000,9509327200,14.0,8.423,293000000.0,1.331,1.0,2748000000.0,0.459,30000000,558000000.0,20367000000,20995750000.0,1380000000,2063000000,380000000.0,1683000000.0,12178000000,2168000000.0,10010000000.0,3059327200,233000000.0,-1000000.0,579000000.0,-405000000.0,0.0,83000000.0,-659000000.0,75000000.0,808000000.0,1000000.0,-34000000.0,-43000000.0,-43000000.0,6000000.0,0.0,-0.007,2723000000.0,25000000.0,531000000,0.0,0.777,-71.147,-99.286,7719000000,9000000.0,13.9,0.511,0.511,642000000,-1822000000.0,5983000000.0,5983000000.0,0.0,-0.003,-0.011,0.032,0.111,0.0,0.0,1.0,220095482,220095482,,27.184,16085000000,116000000,141000000.0,1197000000,73.082,1772000000.0
64,CMS,ART,2005-06-30,2005-08-04,2005-06-30,2021-07-29,-333000000,16461000000,15977750000.0,3293000000.0,13168000000.0,0.357,18.329,-353000000.0,1080000000,1080000000,3202000000.0,288000000.0,2.031,3.096,7481000000,343000000.0,7138000000.0,7481000000,0,457000000.0,0,0.0,0.0,1193000000.0,1650000000.0,0.289,1650000000.0,1193000000.0,617000000.0,1.49,1.44,1.49,4019000000,3812250000.0,4019000000,9929060414,8.0,6.018,70000000.0,0.319,1.0,2509000000.0,0.439,27000000,576000000.0,21214000000,21109750000.0,918000000,1887000000,241000000.0,1646000000.0,12442000000,1621000000.0,10821000000.0,3528060414,317000000.0,-71000000.0,573000000.0,-287000000.0,0.0,206000000.0,-314000000.0,31000000.0,423000000.0,2000000.0,288000000.0,278000000.0,278000000.0,-2000000.0,0.0,0.049,1495000000.0,1014000000.0,412000000,0.0,0.878,12.691,10.799,8834000000,10000000.0,16.09,0.618,0.618,648000000,-1557000000.0,5711000000.0,5711000000.0,0.0,0.017,0.073,0.057,0.209,0.0,0.0,1.0,219270380,219270380,,26.045,16434000000,139000000,329000000.0,1710000000,74.949,1672000000.0
65,CMS,ART,2005-03-31,2005-05-05,2005-03-31,2021-07-29,-323000000,16201000000,15689250000.0,3181000000.0,13020000000.0,0.355,17.666,-325000000.0,985000000,985000000,3072000000.0,277000000.0,1.909,3.192,7766000000,487000000.0,7279000000.0,7766000000,0,443000000.0,0,0.0,0.0,1210000000.0,1653000000.0,0.297,1653000000.0,1210000000.0,620000000.0,1.47,1.42,1.47,3865000000,3697750000.0,3865000000,9618587741,8.0,5.819,100000000.0,0.457,1.0,2491000000.0,0.448,22000000,590000000.0,21294000000,20795000000.0,612000000,1941000000,253000000.0,1688000000.0,12336000000,1666000000.0,10670000000.0,2837587741,389000000.0,-71000000.0,296000000.0,6000000.0,0.0,240000000.0,-285000000.0,18000000.0,425000000.0,9000000.0,277000000.0,267000000.0,267000000.0,-2000000.0,0.0,0.048,1448000000.0,1043000000.0,358000000,0.0,0.734,10.628,8.823,8798000000,10000000.0,12.97,0.51,0.51,886000000,-1584000000.0,5563000000.0,5563000000.0,0.0,0.017,0.072,0.058,0.218,0.0,0.0,1.0,218780859,218780859,,25.427,16179000000,164000000,343000000.0,1704000000,73.951,1515000000.0
66,CMS,ART,2004-12-31,2005-03-10,2004-12-31,2021-07-29,-336000000,15872000000,15418250000.0,2999000000.0,12873000000.0,0.355,19.154,-306000000.0,725000000,725000000,3179000000.0,121000000.0,1.709,3.239,7739000000,476000000.0,7263000000.0,7739000000,0,431000000.0,0,0.0,0.0,990000000.0,1421000000.0,0.26,1421000000.0,990000000.0,386000000.0,0.65,0.64,0.65,3744000000,3150500000.0,3744000000,9576560401,10.0,6.739,92000000.0,0.471,1.0,2293000000.0,0.419,23000000,604000000.0,21108000000,20495250000.0,1030000000,1953000000,205000000.0,1748000000.0,12128000000,1755000000.0,10373000000.0,2562560401,-37000000.0,-71000000.0,290000000.0,-283000000.0,0.0,-43000000.0,-392000000.0,-78000000.0,398000000.0,0.0,121000000.0,110000000.0,110000000.0,0.0,0.0,0.02,1545000000.0,748000000.0,392000000,0.0,0.684,23.296,20.169,8636000000,11000000.0,13.11,0.468,0.468,581000000,-1734000000.0,5472000000.0,5472000000.0,0.0,0.007,0.035,0.048,0.181,0.0,0.0,1.0,195466087,195466087,,27.995,15849000000,167000000,265000000.0,1727000000,81.083,1244000000.0
67,CMS,ART,2004-09-30,2004-11-04,2004-09-30,2021-07-29,-309000000,15377000000,14909750000.0,2804000000.0,12573000000.0,0.36,18.595,-254000000.0,643000000,643000000,2990000000.0,66000000.0,1.643,3.247,7824000000,594000000.0,7230000000.0,7824000000,0,528000000.0,0,0.0,0.0,977000000.0,1505000000.0,0.281,1505000000.0,977000000.0,350000000.0,0.37,0.36,0.37,3621000000,2610750000.0,3621000000,9124362516,9.0,6.063,-297000000.0,-1.525,1.0,2374000000.0,0.443,28000000,627000000.0,20823000000,19896000000.0,1186000000,1797000000,143000000.0,1654000000.0,11756000000,1707000000.0,10049000000.0,1943362516,-270000000.0,-70000000.0,-229000000.0,-12000000.0,0.0,206000000.0,-430000000.0,37000000.0,-43000000.0,-3000000.0,66000000.0,60000000.0,60000000.0,-85000000.0,0.0,0.011,1728000000.0,646000000.0,339000000,0.0,0.537,32.389,26.973,8600000000,6000000.0,9.98,0.362,0.362,449000000,-1779000000.0,5364000000.0,5364000000.0,0.0,0.004,0.023,0.049,0.182,0.0,0.0,1.0,194725703,194725703,,27.546,15349000000,0,284000000.0,1728000000,78.824,1097000000.0
68,CMS,ART,2004-06-30,2004-08-06,2004-06-30,2021-07-29,-313000000,15307000000,14143250000.0,2852000000.0,12455000000.0,0.376,22.08,493000000.0,909000000,909000000,3033000000.0,-70000000.0,1.32,3.299,7741000000,903000000.0,6838000000.0,7741000000,0,500000000.0,0,0.0,0.0,813000000.0,1313000000.0,0.247,1313000000.0,813000000.0,166000000.0,-0.49,-0.49,-0.49,3561000000,2043750000.0,3561000000,8243179192,10.0,6.278,590000000.0,3.658,1.0,2284000000.0,0.43,23000000,647000000.0,19955000000,18900250000.0,832000000,1783000000,114000000.0,1669000000.0,11746000000,2161000000.0,9585000000.0,1411179192,-383000000.0,-726000000.0,-3000000.0,-450000000.0,0.0,-4000000.0,-472000000.0,33000000.0,97000000.0,-4000000.0,-70000000.0,-73000000.0,-73000000.0,-34000000.0,0.0,-0.014,1683000000.0,601000000.0,381000000,0.0,0.396,-19.331,-17.857,8528000000,3000000.0,8.75,0.265,0.265,627000000,-1835000000.0,5317000000.0,5317000000.0,0.0,-0.005,-0.036,0.043,0.153,0.0,0.0,1.0,161277622,161277622,,32.968,15284000000,0,236000000.0,1788000000,94.768,691000000.0
69,CMS,ART,2004-03-31,2004-05-07,2004-03-31,2021-07-29,-317000000,15117000000,13573500000.0,2719000000.0,12398000000.0,0.396,10.248,355000000.0,767000000,767000000,3115000000.0,-134000000.0,1.384,8.02,7734000000,892000000.0,6842000000.0,7734000000,0,480000000.0,0,0.0,0.0,719000000.0,1199000000.0,0.223,1199000000.0,719000000.0,82000000.0,-0.9,-0.9,-0.9,1676000000,1453250000.0,1676000000,8267177042,11.0,6.895,-61000000.0,-0.373,1.0,2263000000.0,0.421,25000000,637000000.0,20095000000,18140000000.0,562000000,1764000000,118000000.0,1646000000.0,13441000000,1964000000.0,3576000000.0,1300177042,-272000000.0,0.0,0.0,-277000000.0,0.0,14000000.0,141000000.0,43000000.0,-416000000.0,-11000000.0,-134000000.0,-134000000.0,-134000000.0,6000000.0,0.0,-0.025,1647000000.0,616000000.0,276000000,0.0,0.776,-9.703,-8.833,8492000000,0.0,7.95,0.242,0.242,832000000,-1855000000.0,5378000000.0,5378000000.0,0.0,-0.01,-0.092,0.04,0.134,0.0,0.0,1.0,163544282,163544282,,32.884,15092000000,0,216000000.0,1614000000,92.281,755000000.0
70,CMS,ART,2003-12-31,2004-03-12,2003-12-31,2021-07-29,-419000000,13838000000,13368000000.0,2494000000.0,11344000000.0,0.412,9.836,404000000.0,733000000,733000000,3417000000.0,-44000000.0,1.512,7.731,7281000000,519000000.0,6762000000.0,7281000000,0,462000000.0,0,0.0,0.0,795000000.0,1257000000.0,0.228,1257000000.0,795000000.0,205000000.0,-0.3,-0.3,-0.3,1585000000,1341250000.0,1585000000,8011226065,10.0,6.373,153000000.0,0.949,1.0,2096000000.0,0.38,25000000,590000000.0,18711000000,17457250000.0,892000000,2147000000,0.0,2147000000.0,12253000000,1650000000.0,3463000000.0,1463226065,181000000.0,0.0,0.0,-59000000.0,0.0,230000000.0,203000000.0,28000000.0,-251000000.0,-1000000.0,-44000000.0,-44000000.0,-44000000.0,-23000000.0,0.0,-0.008,1474000000.0,622000000.0,357000000,0.0,0.923,-33.255,-30.267,6944000000,0.0,9.08,0.265,0.265,476000000,-1844000000.0,5513000000.0,5513000000.0,0.0,-0.003,-0.033,0.046,0.144,0.0,0.0,1.0,161148245,161148245,,34.211,13813000000,0,249000000.0,1509000000,85.716,844000000.0
71,CMS,ART,2003-09-30,2003-11-12,2003-09-30,2021-07-29,-720000000,12311000000,13387250000.0,2675000000.0,9636000000.0,0.64,8.397,399000000.0,869000000,869000000,6812000000.0,-1000000000.0,2.235,8.099,6595000000,188000000.0,6407000000.0,6595000000,0,468000000.0,0,0.0,0.0,-500000000.0,-32000000.0,-0.004,-32000000.0,-500000000.0,-931000000.0,-7.18,-7.19,-7.18,1353000000,1228250000.0,1353000000,6998934308,-14.0,-218.717,686000000.0,4.257,1.0,1752000000.0,0.205,0,431000000.0,16840000000,17082000000.0,955000000,2044000000,0.0,2044000000.0,10958000000,1197000000.0,2624000000.0,1272934308,337000000.0,-6000000.0,227000000.0,-380000000.0,-25000000.0,-417000000.0,465000000.0,32000000.0,287000000.0,2000000.0,-1000000000.0,-1000000000.0,-1000000000.0,464000000.0,0.0,-0.117,1111000000.0,641000000.0,396000000,0.0,0.941,-1.273,-1.1,5742000000,0.0,7.9,0.149,0.149,416000000,-1763000000.0,8564000000.0,8564000000.0,0.0,-0.075,-0.814,-0.029,-0.058,0.0,0.0,1.0,161130925,161130925,,53.149,12311000000,0,69000000.0,1168000000,76.404,1478000000.0
72,CMS,ART,2003-06-30,2003-08-14,2003-06-30,2021-07-29,-724000000,13028000000,14115000000.0,3035000000.0,9993000000.0,0.717,8.322,-193000000.0,1118000000,1118000000,8252000000.0,-886000000.0,1.772,9.866,6717000000,542000000.0,6175000000.0,6717000000,0,453000000.0,0,0.028,0.18,-370000000.0,83000000.0,0.008,83000000.0,-370000000.0,-750000000.0,-6.41,-6.42,-6.41,1199000000,1395500000.0,1199000000,6510996225,-18.0,78.446,73000000.0,0.507,1.0,1875000000.0,0.185,0,380000000.0,16914000000,17601000000.0,597000000,2129000000,0.0,2129000000.0,11829000000,1713000000.0,2991000000.0,911996225,734000000.0,700000000.0,314000000.0,-94000000.0,-52000000.0,-91000000.0,557000000.0,30000000.0,266000000.0,2000000.0,-886000000.0,-886000000.0,-886000000.0,397000000.0,0.0,-0.087,1155000000.0,720000000.0,421000000,-0.028,0.761,-1.029,-0.988,5740000000,0.0,6.33,0.09,0.09,766000000,-1686000000.0,10127000000.0,10127000000.0,0.0,-0.063,-0.635,-0.021,-0.037,0.0,0.0,1.0,144075233,144075233,,70.29,13028000000,0,136000000.0,1254000000,90.425,1322000000.0
73,CMS,ART,2003-03-31,2003-05-14,2003-03-31,2021-07-29,-737000000,14295000000,14726250000.0,2591000000.0,11704000000.0,0.686,8.522,165000000.0,675000000,675000000,7989000000.0,-930000000.0,0.936,10.641,6513000000,1180000000.0,5333000000.0,6513000000,0,483000000.0,0,0.054,0.36,-341000000.0,142000000.0,0.014,142000000.0,-341000000.0,-743000000.0,-6.76,-6.9,-6.76,1228000000,1535000000.0,1228000000,6791917268,-20.0,47.83,716000000.0,4.969,1.0,2106000000.0,0.209,0,402000000.0,17364000000,18056250000.0,377000000,2149000000,0.0,2149000000.0,13067000000,2769000000.0,4016000000.0,953917268,577000000.0,-38000000.0,319000000.0,-554000000.0,-101000000.0,2097000000.0,402000000.0,22000000.0,551000000.0,1000000.0,-930000000.0,-930000000.0,-930000000.0,505000000.0,0.0,-0.092,1259000000.0,847000000.0,536000000,-0.053,0.777,-1.026,-0.979,5710000000,0.0,6.62,0.094,0.094,850000000,-1641000000.0,10095000000.0,10095000000.0,0.0,-0.063,-0.606,-0.019,-0.034,0.0,0.0,1.0,144096264,144096264,,70.057,14295000000,0,187000000.0,1276000000,99.205,-178000000.0
74,CMS,ART,2002-12-31,2003-03-31,2002-12-31,2021-07-29,-753000000,13915000000,15272250000.0,2748000000.0,11167000000.0,0.569,7.864,912000000.0,377000000,377000000,6493000000.0,-620000000.0,0.948,11.282,6570000000,1098000000.0,5472000000.0,6570000000,0,497000000.0,0,0.164,0.725,24000000.0,521000000.0,0.06,521000000.0,24000000.0,-408000000.0,-4.46,-4.59,-4.46,1133000000,1800250000.0,1133000000,6828386225,285.0,13.106,1315000000.0,9.127,1.0,2194000000.0,0.253,0,432000000.0,17210000000,18683750000.0,617000000,1563000000,0.0,1563000000.0,12782000000,2898000000.0,3464000000.0,635386225,250000000.0,-55000000.0,348000000.0,-1394000000.0,-149000000.0,1237000000.0,1084000000.0,24000000.0,403000000.0,0.0,-620000000.0,-620000000.0,-620000000.0,222000000.0,0.0,-0.071,1298000000.0,896000000.0,535000000,-0.163,0.561,-1.025,-0.989,5799000000,0.0,4.41,0.073,0.073,757000000,-1720000000.0,8687000000.0,8687000000.0,0.0,-0.041,-0.344,0.001,0.003,0.0,0.0,1.0,144078509,144078509,,60.294,13915000000,0,212000000.0,1324000000,96.579,-150000000.0
75,CMS,ART,2002-09-30,2002-11-14,2002-09-30,2021-07-29,0,15222000000,16069000000.0,2439000000.0,12783000000.0,0.271,14.042,605000000.0,407000000,407000000,1571000000.0,209000000.0,0.902,6.528,7545000000,850000000.0,6695000000.0,7545000000,0,465000000.0,0,0.132,1.09,1375000000.0,1840000000.0,0.423,1840000000.0,1375000000.0,804000000.0,1.55,1.48,1.55,2022000000,1989500000.0,2022000000,8325274812,6.0,4.525,1099000000.0,7.632,1.0,2780000000.0,0.639,740000000,571000000.0,18916000000,19549250000.0,842000000,1789000000,0.0,1789000000.0,13200000000,2704000000.0,10496000000.0,1187274812,194000000.0,-59000000.0,354000000.0,-1263000000.0,-178000000.0,-1067000000.0,767000000.0,37000000.0,494000000.0,0.0,209000000.0,209000000.0,209000000.0,124000000.0,0.0,0.048,1675000000.0,1105000000.0,774000000,0.703,0.587,5.681,5.316,8264000000,0.0,8.24,0.273,0.273,750000000,,4351000000.0,4351000000.0,0.0,0.013,0.105,0.07,0.316,0.0,0.0,1.0,144086749,144000000,,30.215,14482000000,0,595000000.0,1833000000,100.569,-265000000.0
76,CMS,ART,2002-06-30,2002-08-14,2002-06-30,2021-07-29,0,15473000000,16285750000.0,2407000000.0,13066000000.0,0.369,13.015,130000000.0,264000000,264000000,3178000000.0,-383000000.0,0.788,7.806,7327000000,924000000.0,6403000000.0,7327000000,0,481000000.0,0,0.131,1.275,547000000.0,1028000000.0,0.171,1028000000.0,547000000.0,-32000000.0,-2.9,-2.97,-2.9,1757000000,1980750000.0,1757000000,8460003616,15.0,8.23,720000000.0,5.333,1.0,2836000000.0,0.472,747000000,579000000.0,18735000000,19961500000.0,716000000,1806000000,0.0,1806000000.0,13716000000,3054000000.0,10662000000.0,1397003616,88000000.0,-56000000.0,54000000.0,-669000000.0,-192000000.0,-787000000.0,285000000.0,32000000.0,590000000.0,0.0,-383000000.0,-383000000.0,-383000000.0,326000000.0,0.0,-0.064,1738000000.0,1098000000.0,972000000,-0.44,0.795,-3.648,-3.348,8358000000,0.0,9.71,0.232,0.218,955000000,,6014000000.0,6014000000.0,0.0,-0.024,-0.193,0.027,0.091,0.0,0.0,1.0,143872669,135000000,,44.548,14726000000,0,351000000.0,1851000000,109.081,-647000000.0
77,CMS,ART,2002-03-31,2002-05-15,2002-03-31,2021-07-29,0,16479000000,17122750000.0,2488000000.0,13991000000.0,0.471,17.211,-193000000.0,160000000,160000000,5043000000.0,-255000000.0,0.788,6.199,7525000000,922000000.0,6603000000.0,7525000000,0,511000000.0,0,0.085,1.46,715000000.0,1226000000.0,0.152,1226000000.0,715000000.0,101000000.0,-1.94,-2.01,-1.94,2289000000,2212500000.0,2289000000,9687516833,14.0,7.902,115000000.0,0.865,1.0,3024000000.0,0.375,811000000,614000000.0,19874000000,20364000000.0,627000000,1976000000,0.0,1976000000.0,14190000000,3159000000.0,11031000000.0,2322516833,-62000000.0,-159000000.0,46000000.0,-59000000.0,-192000000.0,-205000000.0,-165000000.0,29000000.0,308000000.0,0.0,-255000000.0,-255000000.0,-255000000.0,185000000.0,0.0,-0.032,1898000000.0,1126000000.0,928000000,-0.753,1.015,-9.108,-8.881,8980000000,0.0,17.23,0.288,0.284,1032000000,,8067000000.0,8067000000.0,0.0,-0.015,-0.115,0.035,0.089,0.0,0.0,1.0,134794941,133000000,,60.654,15668000000,0,356000000.0,1915000000,117.805,-671000000.0
78,CMS,ART,2001-12-31,2002-03-29,2001-12-31,2021-07-29,0,17102000000,17159000000.0,3033000000.0,14069000000.0,0.559,14.16,-1152000000.0,189000000,189000000,6490000000.0,-545000000.0,0.796,8.049,8380000000,1397000000.0,6983000000.0,8380000000,0,524000000.0,0,0.065,1.46,244000000.0,768000000.0,0.08,768000000.0,244000000.0,-387000000.0,-4.17,-4.17,-4.17,1890000000,2316000000.0,1890000000,11211503381,46.0,14.598,-735000000.0,-5.507,1.0,3107000000.0,0.324,811000000,631000000.0,20672000000,20378750000.0,813000000,2068000000,0.0,2068000000.0,15212000000,3810000000.0,11402000000.0,3020503381,7000000.0,-173000000.0,333000000.0,572000000.0,-189000000.0,716000000.0,-1126000000.0,23000000.0,417000000.0,0.0,-545000000.0,-545000000.0,-545000000.0,185000000.0,0.0,-0.057,1947000000.0,1160000000.0,1183000000,-0.35,1.598,-5.542,-5.427,9080000000,0.0,22.63,0.315,0.315,1364000000,,9597000000.0,9597000000.0,0.0,-0.032,-0.235,0.012,0.025,0.0,0.0,1.0,133473415,133473415,,71.902,16291000000,0,158000000.0,1837000000,122.054,-777000000.0
79,CMS,ART,2001-09-30,2001-11-14,2001-09-30,2021-07-29,0,16089000000,16846250000.0,2552000000.0,13537000000.0,0.874,14.94,-1007000000.0,213000000,213000000,11404000000.0,-587000000.0,0.88,7.097,8414000000,955000000.0,7459000000.0,8414000000,0,555000000.0,0,0.065,1.46,313000000.0,868000000.0,0.059,868000000.0,313000000.0,-331000000.0,-3.49,-3.5,-3.49,1987000000,2433750000.0,1987000000,11206353582,36.0,12.911,-471000000.0,-3.541,1.0,3316000000.0,0.225,824000000,644000000.0,20565000000,20088250000.0,825000000,2244000000,0.0,2244000000.0,14102000000,2901000000.0,11201000000.0,3005353582,-68000000.0,-459000000.0,642000000.0,413000000.0,-180000000.0,885000000.0,-1489000000.0,0.0,536000000.0,0.0,-457000000.0,-457000000.0,-457000000.0,185000000.0,-130000000.0,-0.031,1957000000.0,1359000000.0,1053000000,-0.418,1.513,-6.576,-6.476,8876000000,0.0,22.6,0.204,0.204,1219000000,,14720000000.0,14720000000.0,0.0,-0.027,-0.188,0.016,0.021,0.0,0.0,1.0,132980247,133000000,,110.677,15265000000,0,126000000.0,1758000000,114.774,-349000000.0
80,CMS,ART,2001-06-30,2001-08-14,2001-06-30,2021-07-29,0,18821000000,16887750000.0,4973000000.0,13848000000.0,0.836,20.333,-944000000.0,176000000,176000000,10782000000.0,37000000.0,0.926,6.012,7917000000,669000000.0,7248000000.0,7917000000,0,588000000.0,0,0.061,1.46,1176000000.0,1764000000.0,0.125,1764000000.0,1176000000.0,524000000.0,1.31,1.3,1.31,2684000000,2514250000.0,2684000000,10921681729,9.0,6.191,-346000000.0,-2.621,1.0,3337000000.0,0.236,849000000,652000000.0,20345000000,19957000000.0,570000000,2290000000,0.0,2290000000.0,16137000000,5368000000.0,10769000000.0,3180681729,-64000000.0,-466000000.0,641000000.0,364000000.0,-179000000.0,827000000.0,-1489000000.0,0.0,598000000.0,0.0,167000000.0,167000000.0,167000000.0,0.0,-130000000.0,0.012,1918000000.0,1419000000.0,3654000000,1.115,1.185,19.046,18.336,9082000000,0.0,24.02,0.225,0.225,3923000000,,14119000000.0,14119000000.0,0.0,0.01,0.066,0.059,0.083,0.0,0.0,1.0,132418057,132000000,,106.962,17972000000,0,357000000.0,2011000000,136.152,-395000000.0
81,CMS,ART,2001-03-31,2001-05-11,2001-03-31,2021-07-29,0,16624000000,16109250000.0,3004000000.0,13620000000.0,0.701,21.624,-772000000.0,222000000,222000000,8096000000.0,65000000.0,0.919,5.15,7680000000,472000000.0,7208000000.0,7680000000,0,614000000.0,0,0.05,1.46,1196000000.0,1810000000.0,0.16,1810000000.0,1196000000.0,547000000.0,1.64,1.62,1.64,2703000000,2429500000.0,2703000000,11349060660,9.0,6.27,-72000000.0,-0.576,1.0,3201000000.0,0.283,880000000,649000000.0,19933000000,20493750000.0,342000000,2127000000,0.0,2127000000.0,13921000000,3269000000.0,10652000000.0,3891060660,14000000.0,-344000000.0,602000000.0,58000000.0,-170000000.0,487000000.0,-1173000000.0,0.0,700000000.0,0.0,195000000.0,195000000.0,195000000.0,0.0,-130000000.0,0.017,1823000000.0,1378000000.0,2376000000,0.89,1.44,19.954,17.976,8994000000,0.0,29.48,0.344,0.326,2109000000,,11297000000.0,11297000000.0,0.0,0.012,0.08,0.058,0.106,0.0,0.0,1.0,131989846,125000000,,90.376,15744000000,41000000,352000000.0,2109000000,125.952,-265000000.0
82,CMS,ART,2000-12-31,2001-03-23,2000-12-31,2021-07-29,0,15851000000,15772000000.0,2449000000.0,13402000000.0,0.571,17.966,-403000000.0,182000000,182000000,5948000000.0,36000000.0,0.765,5.714,7934000000,1110000000.0,6824000000.0,7934000000,0,637000000.0,0,0.051,1.46,1016000000.0,1653000000.0,0.184,1653000000.0,1016000000.0,377000000.0,0.32,0.32,0.32,2361000000,2347250000.0,2361000000,11497415793,11.0,6.955,50000000.0,0.38,1.0,3050000000.0,0.339,891000000,639000000.0,19510000000,20458750000.0,467000000,2085000000,0.0,2085000000.0,13490000000,3202000000.0,10288000000.0,3745415793,50000000.0,-418000000.0,187000000.0,444000000.0,-167000000.0,464000000.0,-867000000.0,0.0,453000000.0,0.0,36000000.0,36000000.0,36000000.0,0.0,0.0,0.004,1713000000.0,1337000000.0,1624000000,4.562,1.586,104.039,89.062,8759000000,0.0,28.5,0.416,0.416,1440000000,,8998000000.0,8998000000.0,0.0,0.002,0.015,0.05,0.113,0.0,0.0,1.0,131418098,131418098,,68.468,14960000000,39000000,341000000.0,2115000000,113.835,-753000000.0
83,CMS,ART,2000-09-30,2000-11-14,2000-09-30,2021-07-29,0,16255000000,15674750000.0,2693000000.0,13562000000.0,0.481,20.991,-796000000.0,281000000,281000000,4565000000.0,237000000.0,0.808,6.04,8301000000,974000000.0,7327000000.0,8301000000,0,636000000.0,0,0.052,1.46,1209130000.0,1845130000.0,0.245,1845130000.0,1209130000.0,582130000.0,,,,2309000000,2371000000.0,2309000000,11390043846,9.0,6.173,-156000000.0,-1.418,1.0,2980000000.0,0.395,903000000,627000000.0,20040000000,21155250000.0,568000000,1173000000,0.0,1173000000.0,13946000000,3332000000.0,10614000000.0,3370043846,47000000.0,-250000000.0,-114000000.0,862000000.0,-123000000.0,625000000.0,-1218000000.0,0.0,640000000.0,0.0,244130000.0,237000000.0,237000000.0,0.0,-7130000.0,0.031,1711000000.0,1269000000.0,1422000000,,1.46,14.22,,9127000000,7130000.0,27.88,0.447,0.406,1578000000,,7545000000.0,7545000000.0,0.0,0.015,0.1,0.057,0.16,0.0,0.0,1.0,120876752,110000000,,68.591,15352000000,28000000,338000000.0,1125000000,139.564,-639000000.0
84,CMS,ART,2000-06-30,2000-08-11,2000-06-30,2021-07-29,0,15707000000,15259500000.0,,,0.435,21.318,-758000000.0,240000000,240000000,3674000000.0,265000000.0,,5.698,7940000000,,,7940000000,0,625000000.0,0,0.055,1.46,1220130000.0,1845130000.0,0.278,1845130000.0,1220130000.0,606130000.0,3.25,3.22,3.25,2345000000,2382000000.0,2345000000,10629847886,9.0,5.761,-98000000.0,-0.891,1.0,2964000000.0,0.447,915000000,614000000.0,22492000000,21189000000.0,409000000,2573000000,,,13362000000,,,2929847886,27000000.0,-247000000.0,-93000000.0,788000000.0,-168000000.0,527000000.0,-1160000000.0,3000000.0,660000000.0,0.0,272130000.0,265000000.0,265000000.0,0.0,-7130000.0,0.04,1680000000.0,1284000000.0,889000000,0.449,1.249,11.056,8.194,7233000000,7130000.0,26.63,0.441,0.441,1030000000,,6638000000.0,6638000000.0,0.0,0.017,0.111,0.058,0.184,0.0,0.0,1.0,110020574,110000000,,60.345,14792000000,16000000,334000000.0,1125000000,134.473,
85,CMS,ART,2000-03-31,2000-05-15,2000-03-31,2021-07-29,0,15275000000,14869500000.0,1664000000.0,13611000000.0,0.43,21.631,-880000000.0,208000000,208000000,3426000000.0,259000000.0,0.707,5.434,7991000000,785000000.0,7206000000.0,7991000000,0,621000000.0,0,0.067,1.46,1206130000.0,1827130000.0,0.286,1827130000.0,1206130000.0,605130000.0,,,,2374000000,2393250000.0,2374000000,10170032006,8.0,5.566,-170000000.0,-1.549,1.0,2966000000.0,0.464,913000000,601000000.0,19793000000,20527000000.0,274000000,802000000,0.0,802000000.0,12901000000,2352000000.0,10549000000.0,2387032006,104000000.0,-310000000.0,-42000000.0,1150000000.0,-167000000.0,749000000.0,-1355000000.0,5000000.0,710000000.0,0.0,266130000.0,259000000.0,259000000.0,0.0,-7130000.0,0.041,1663000000.0,1303000000.0,741000000,,1.005,9.216,,9543000000,7130000.0,21.75,0.373,0.373,937000000,,6392000000.0,6392000000.0,0.0,0.017,0.108,0.059,0.189,0.0,0.0,1.0,109748598,109748598,,58.242,14362000000,25000000,339000000.0,1153000000,130.863,-688000000.0
86,CMS,ART,1999-12-31,2000-03-30,1999-12-31,2021-07-29,0,15462000000,14492500000.0,,,0.421,22.282,-1124000000.0,132000000,132000000,3237000000.0,277000000.0,,5.296,7857000000,,,7857000000,0,595000000.0,0,0.076,1.425,1154130000.0,1749130000.0,0.287,1749130000.0,1154130000.0,594130000.0,2.44,2.42,2.44,2456000000,2372750000.0,2456000000,9791716031,8.0,5.598,-207000000.0,-1.878,1.0,2866000000.0,0.47,891000000,560000000.0,22296000000,20533500000.0,430000000,2247000000,,,13006000000,,,2066716031,31000000.0,-2318000000.0,84000000.0,2951000000.0,-163000000.0,2678000000.0,-3564000000.0,0.0,917000000.0,0.0,276130000.0,269000000.0,269000000.0,0.0,870000.0,0.044,1616000000.0,1250000000.0,836000000,0.584,0.841,7.683,7.684,8121000000,7130000.0,18.75,0.339,0.339,959000000,,6103000000.0,6103000000.0,0.0,0.019,0.113,0.056,0.189,0.0,0.0,1.0,110224855,110224855,,55.369,14571000000,33000000,318000000.0,2023000000,132.193,
87,CMS,ART,1999-09-30,1999-11-12,1999-09-30,2021-07-29,0,14594000000,13454500000.0,1961000000.0,12633000000.0,0.426,21.787,-1323000000.0,234000000,234000000,3360000000.0,307000000.0,0.985,5.202,7806000000,625000000.0,7181000000.0,7806000000,0,566000000.0,0,0.04,1.39,1145000000.0,1711000000.0,0.299,1711000000.0,1145000000.0,644000000.0,,,,2353000000,2312750000.0,2353000000,11596068105,10.0,6.777,-753000000.0,-6.972,1.0,2368000000.0,0.413,0,501000000.0,20175000000,19124750000.0,469000000,512000000,0.0,512000000.0,12241000000,1991000000.0,10250000000.0,4024068105,133000000.0,-2301000000.0,289000000.0,3330000000.0,-200000000.0,3225000000.0,-3662000000.0,0.0,570000000.0,0.0,292000000.0,292000000.0,292000000.0,0.0,15000000.0,0.051,1222000000.0,1146000000.0,524000000,,1.71,13.781,,9110000000,0.0,34.75,0.703,0.655,1023000000,,5728000000.0,5728000000.0,0.0,0.022,0.126,0.06,0.2,0.0,0.0,1.0,115800521,108000000,108000000.0,53.037,14594000000,13000000,352000000.0,1111000000,135.13,-30000000.0
88,CMS,ART,1999-06-30,1999-08-13,1999-06-30,2021-07-29,0,14147000000,12288500000.0,1694000000.0,12453000000.0,0.45,25.426,-1306000000.0,213000000,213000000,3126000000.0,305000000.0,0.925,4.919,7741000000,570000000.0,7171000000.0,7741000000,0,537000000.0,0,0.036,1.355,1085000000.0,1622000000.0,0.294,1622000000.0,1085000000.0,649000000.0,1.86,1.85,1.86,2390000000,2205000000.0,2390000000,11623678188,11.0,7.166,-659000000.0,-7.011,1.0,2400000000.0,0.434,0,436000000.0,19844000000,17405750000.0,344000000,503000000,0.0,503000000.0,11757000000,1831000000.0,9926000000.0,4095678188,-17000000.0,-2340000000.0,287000000.0,3002000000.0,-151000000.0,2944000000.0,-3608000000.0,0.0,647000000.0,0.0,292000000.0,292000000.0,292000000.0,0.0,13000000.0,0.053,1314000000.0,1086000000.0,470000000,0.728,1.714,14.026,20.129,8913000000,0.0,37.44,0.741,0.637,939000000,,5526000000.0,5526000000.0,0.0,0.024,0.132,0.062,0.196,0.0,0.0,1.0,109393114,94000000,,58.787,14147000000,1000000,357000000.0,1168000000,150.5,-137000000.0
89,CMS,ART,1999-03-31,1999-05-14,1999-03-31,2021-07-29,0,13767000000,11216250000.0,1406000000.0,12361000000.0,0.473,22.038,-1295000000.0,104000000,104000000,2994000000.0,295000000.0,0.857,5.007,7796000000,439000000.0,7357000000.0,7796000000,0,491000000.0,0,0.03,1.32,1006000000.0,1497000000.0,0.282,1497000000.0,1006000000.0,622000000.0,,,,2292000000,2076750000.0,2292000000,12469362835,12.0,8.33,-707000000.0,-6.798,1.0,2311000000.0,0.436,0,384000000.0,19819000000,15727750000.0,255000000,489000000,0.0,489000000.0,11475000000,1640000000.0,9835000000.0,4777362835,30000000.0,-2334000000.0,273000000.0,2939000000.0,-145000000.0,3065000000.0,-3623000000.0,13000000.0,588000000.0,0.0,281000000.0,281000000.0,281000000.0,0.0,14000000.0,0.053,1281000000.0,1030000000.0,498000000,,2.084,17.001,,8789000000,0.0,43.94,0.901,0.861,859000000,,5305000000.0,5305000000.0,0.0,0.025,0.135,0.064,0.19,0.0,0.0,1.0,108724689,104000000,104000000.0,51.01,13767000000,0,341000000.0,1528000000,132.375,-234000000.0
90,CMS,ART,1998-12-31,1999-03-31,1998-12-31,2021-07-29,0,11310000000,10219750000.0,,,0.503,19.611,-1238000000.0,101000000,101000000,2904000000.0,285000000.0,,4.104,5452000000,,,5452000000,0,484000000.0,0,0.032,1.29,952000000.0,1436000000.0,0.279,1436000000.0,952000000.0,587000000.0,2.65,2.62,2.65,2216000000,2016750000.0,2216000000,10054257822,11.0,7.002,-722000000.0,-6.389,1.0,2237000000.0,0.435,0,365000000.0,16661000000,13921750000.0,361000000,2073000000,,,9094000000,,,4703257822,32000000.0,-345000000.0,266000000.0,1024000000.0,-140000000.0,1150000000.0,-1634000000.0,0.0,516000000.0,0.0,272000000.0,272000000.0,272000000.0,0.0,13000000.0,0.053,1263000000.0,974000000.0,580000000,0.487,2.122,17.291,15.189,6040000000,0.0,40.25,0.915,0.885,720000000,,5141000000.0,5141000000.0,0.0,0.027,0.135,0.068,0.185,0.0,0.0,1.0,116851126,113000000,,45.496,11310000000,0,315000000.0,1484000000,100.088,
91,CMS,ART,1998-09-30,1998-11-13,1998-09-30,2021-07-29,0,9930000000,9840500000.0,1138000000.0,8792000000.0,,18.843,,101000000,101000000,,,0.857,4.166,4798000000,473000000.0,4325000000.0,4798000000,0,,0,0.027,1.26,,,,,,,,,,1922000000,1957000000.0,1922000000,9558578480,,,,,1.0,,,0,,13299000000,13281000000.0,396000000,471000000,0.0,471000000.0,8008000000,1328000000.0,6680000000.0,4861578480,,,,,,,,,,,,,,,,,,,399000000,,2.529,,,6751000000,,47.0,,,457000000,,,,,,,,,,,1.0,103437840,102000000,,,9930000000,14000000,,1235000000,97.353,-190000000.0
92,CMS,ART,1998-06-30,1998-08-14,1998-06-30,2021-07-29,0,9858000000,,1257000000.0,8601000000.0,,18.584,,230000000,230000000,,,1.006,4.252,4753000000,381000000.0,4372000000.0,4753000000,0,,0,0.029,1.23,,,,,,,,,,1877000000,,1877000000,8845014227,,,,,1.0,,,0,,13132000000,,302000000,472000000,0.0,472000000.0,7981000000,1249000000.0,6732000000.0,4322014227,,,,,,,,,,,,,,,,,,,416000000,,2.303,,,6602000000,,42.44,,,509000000,,,,,,,,,,,1.0,101838224,101000000,,,9858000000,2000000,,1239000000,97.604,8000000.0
93,CMS,ART,1998-03-31,1998-05-15,1998-03-31,2021-07-29,0,9781000000,,1028000000.0,8753000000.0,,20.317,,72000000,72000000,,,0.683,3.767,4392000000,563000000.0,3829000000.0,4392000000,0,,0,0.029,1.2,,,,,,,,,,2052000000,,2052000000,8525499652,,,,,1.0,,,0,,12595000000,,208000000,465000000,0.0,465000000.0,7729000000,1506000000.0,6223000000.0,4205499652,,,,,,,,,,,,,,,,,,,412000000,,2.049,,,6808000000,,41.5,,,472000000,,,,,,,,,,,1.0,101337341,101000000,,,9781000000,28000000,,1331000000,96.842,-478000000.0
94,CMS,ART,1997-12-31,1998-03-26,1997-12-31,2021-07-29,0,9793000000,,,,,18.1,-662000000.0,67000000,67000000,2624000000.0,268000000.0,,3.953,4372000000,,,4372000000,0,477000000.0,0,0.025,1.17,903000000.0,1380000000.0,0.288,1380000000.0,903000000.0,581000000.0,2.63,2.61,2.63,1977000000,,1977000000,9363269212,10.0,6.785,-5000000.0,-0.046,1.0,2163000000.0,0.452,0,322000000.0,14098000000,,317000000,1301000000,,,7816000000,,,5058269212,11000000.0,-830000000.0,222000000.0,669000000.0,-119000000.0,938000000.0,-1584000000.0,-50000000.0,657000000.0,0.0,253000000.0,253000000.0,253000000.0,0.0,15000000.0,0.053,1206000000.0,957000000.0,478000000,0.445,2.559,19.993,17.608,5435000000,0.0,46.31,1.057,1.057,476000000,,4787000000.0,4787000000.0,0.0,,,,0.189,0.0,0.0,1.0,109226284,109226284,,43.826,9793000000,38000000,328000000.0,1388000000,89.658,
