None,ticker,dimension,calendardate,datekey,reportperiod,lastupdated,accoci,assets,assetsavg,assetsc,assetsnc,assetturnover,bvps,capex,cashneq,cashnequsd,cor,consolinc,currentratio,de,debt,debtc,debtnc,debtusd,deferredrev,depamor,deposits,divyield,dps,ebit,ebitda,ebitdamargin,ebitdausd,ebitusd,ebt,eps,epsdil,epsusd,equity,equityavg,equityusd,ev,evebit,evebitda,fcf,fcfps,fxusd,gp,grossmargin,intangibles,intexp,invcap,invcapavg,inventory,investments,investmentsc,investmentsnc,liabilities,liabilitiesc,liabilitiesnc,marketcap,ncf,ncfbus,ncfcommon,ncfdebt,ncfdiv,ncff,ncfi,ncfinv,ncfo,ncfx,netinc,netinccmn,netinccmnusd,netincdis,netincnci,netmargin,opex,opinc,payables,payoutratio,pb,pe,pe1,ppnenet,prefdivis,price,ps,ps1,receivables,retearn,revenue,revenueusd,rnd,roa,roe,roic,ros,sbcomp,sgna,sharefactor,sharesbas,shareswa,shareswadil,sps,tangibles,taxassets,taxexp,taxliabilities,tbvps,workingcapital
0,CMS,MRY,2020-12-31,2020-12-31,2020-12-31,2021-07-29,-86000000.0,29666000000.0,28743500000.0,2404000000.0,27262000000.0,0.232,19.194,-2259000000.0,49000000.0,49000000.0,3911000000.0,752000000.0,0.782,4.292,12391000000.0,591000000.0,11800000000.0,12391000000.0,0.0,1048000000.0,0.0,0.027,1.63,1808000000.0,2856000000.0,0.428,2856000000.0,1808000000.0,1247000000.0,2.65,2.64,2.65,5496000000.0,5303750000.0,5496000000.0,32046265771.0,18.0,11.221,-983000000.0,-3.433,1.0,2769000000.0,0.415,0.0,561000000.0,38934000000.0,39215250000.0,576000000.0,70000000.0,0.0,70000000.0,23589000000.0,3074000000.0,20515000000.0,17469265771.0,28000000.0,-17000000.0,253000000.0,1020000000.0,-467000000.0,1619000000.0,-2867000000.0,-460000000.0,1276000000.0,0.0,755000000.0,755000000.0,755000000.0,0.0,-3000000.0,0.113,1048000000.0,1721000000.0,668000000.0,0.615,3.179,23.138,23.023,21017000000.0,0.0,61.01,2.615,2.615,891000000.0,214000000.0,6680000000.0,6680000000.0,0.0,0.026,0.142,0.046,0.271,0.0,0.0,1.0,286334466.0,286334466.0,,23.329,29666000000.0,332000000.0,492000000.0,2432000000.0,103.606,-670000000.0
1,CMS,MRY,2019-12-31,2019-12-31,2019-12-31,2021-07-29,-73000000.0,26837000000.0,25732750000.0,2331000000.0,24506000000.0,0.266,17.679,-2007000000.0,157000000.0,157000000.0,4281000000.0,682000000.0,0.862,4.341,13247000000.0,1220000000.0,12027000000.0,13247000000.0,0.0,992000000.0,0.0,0.024,1.53,1679000000.0,2671000000.0,0.39,2671000000.0,1679000000.0,1160000000.0,2.4,2.39,2.4,5018000000.0,4921000000.0,5018000000.0,30599661318.0,18.0,11.456,-217000000.0,-0.765,1.0,2564000000.0,0.375,0.0,519000000.0,37223000000.0,35822250000.0,605000000.0,810000000.0,0.0,810000000.0,21782000000.0,2704000000.0,19078000000.0,17836661318.0,-18000000.0,-343000000.0,12000000.0,851000000.0,-436000000.0,1008000000.0,-2816000000.0,-334000000.0,1790000000.0,0.0,680000000.0,680000000.0,680000000.0,0.0,2000000.0,0.099,992000000.0,1572000000.0,635000000.0,0.637,3.555,26.23,26.183,18926000000.0,0.0,62.84,2.606,2.606,3426000000.0,-25000000.0,6845000000.0,6845000000.0,0.0,0.026,0.138,0.047,0.245,0.0,0.0,1.0,283842478.0,283842478.0,,24.115,26837000000.0,305000000.0,480000000.0,2212000000.0,94.549,-373000000.0
2,CMS,MRY,2018-12-31,2018-12-31,2018-12-31,2021-07-29,-65000000.0,24529000000.0,23655500000.0,2468000000.0,22061000000.0,0.291,16.782,-2074000000.0,174000000.0,174000000.0,4475000000.0,659000000.0,0.941,4.151,11777000000.0,1093000000.0,10684000000.0,11777000000.0,0.0,933000000.0,0.0,0.029,1.429,1533000000.0,2466000000.0,0.359,2466000000.0,1533000000.0,1075000000.0,2.33,2.32,2.33,4755000000.0,4693000000.0,4755000000.0,24896404804.0,16.0,10.096,-371000000.0,-1.309,1.0,2398000000.0,0.349,0.0,458000000.0,33508000000.0,31548250000.0,650000000.0,547000000.0,0.0,547000000.0,19737000000.0,2624000000.0,17113000000.0,14067404804.0,-29000000.0,-225000000.0,41000000.0,788000000.0,-407000000.0,874000000.0,-2606000000.0,-161000000.0,1703000000.0,0.0,657000000.0,657000000.0,657000000.0,0.0,2000000.0,0.096,933000000.0,1465000000.0,733000000.0,0.613,2.958,21.412,21.309,18126000000.0,0.0,49.65,2.047,2.047,2872000000.0,-271000000.0,6873000000.0,6873000000.0,0.0,0.028,0.14,0.049,0.223,0.0,0.0,1.0,283331416.0,283331416.0,,24.258,24529000000.0,279000000.0,418000000.0,1984000000.0,86.574,-156000000.0
3,CMS,MRY,2017-12-31,2017-12-31,2017-12-31,2021-07-29,-50000000.0,23050000000.0,22165000000.0,2475000000.0,20575000000.0,0.297,15.744,-1665000000.0,199000000.0,199000000.0,4080000000.0,462000000.0,0.889,4.182,10487000000.0,1273000000.0,9214000000.0,10487000000.0,0.0,881000000.0,0.0,0.028,1.332,1606000000.0,2487000000.0,0.378,2487000000.0,1606000000.0,1168000000.0,1.64,1.64,1.64,4441000000.0,4448750000.0,4441000000.0,23504553570.0,15.0,9.451,40000000.0,0.142,1.0,2503000000.0,0.38,0.0,438000000.0,30554000000.0,29800250000.0,672000000.0,865000000.0,2000000.0,863000000.0,18572000000.0,2784000000.0,15788000000.0,13342553570.0,-53000000.0,0.0,83000000.0,403000000.0,-377000000.0,110000000.0,-1868000000.0,-88000000.0,1705000000.0,0.0,460000000.0,460000000.0,460000000.0,0.0,2000000.0,0.07,881000000.0,1622000000.0,740000000.0,0.812,3.004,29.006,28.841,16761000000.0,0.0,47.3,2.027,2.027,2429000000.0,-531000000.0,6583000000.0,6583000000.0,0.0,0.021,0.103,0.054,0.244,0.0,0.0,1.0,282083585.0,282083585.0,,23.337,23050000000.0,257000000.0,708000000.0,1716000000.0,81.713,-309000000.0
4,CMS,MRY,2016-12-31,2016-12-31,2016-12-31,2021-07-29,-50000000.0,21622000000.0,20741000000.0,2280000000.0,19342000000.0,0.309,15.194,-1672000000.0,254000000.0,254000000.0,4051000000.0,553000000.0,0.859,4.075,10034000000.0,1284000000.0,8750000000.0,10034000000.0,0.0,811000000.0,0.0,0.03,1.24,1540000000.0,2351000000.0,0.367,2351000000.0,1540000000.0,1105000000.0,1.99,1.98,1.99,4253000000.0,4194250000.0,4253000000.0,21194767256.0,14.0,9.015,-43000000.0,-0.154,1.0,2348000000.0,0.367,0.0,435000000.0,28747000000.0,27891750000.0,626000000.0,457000000.0,39000000.0,418000000.0,17332000000.0,2655000000.0,14677000000.0,11649767256.0,-31000000.0,0.0,72000000.0,430000000.0,-347000000.0,255000000.0,-1915000000.0,-136000000.0,1629000000.0,0.0,551000000.0,551000000.0,551000000.0,0.0,2000000.0,0.086,811000000.0,1537000000.0,610000000.0,0.623,2.739,21.143,20.915,15715000000.0,0.0,41.62,1.821,1.821,2131000000.0,-616000000.0,6399000000.0,6399000000.0,0.0,0.027,0.131,0.055,0.241,0.0,0.0,1.0,279907911.0,279907911.0,,22.861,21622000000.0,250000000.0,554000000.0,2708000000.0,77.247,-375000000.0
5,CMS,MRY,2015-12-31,2015-12-31,2015-12-31,2021-07-29,-47000000.0,20299000000.0,19546750000.0,2320000000.0,17979000000.0,0.33,14.172,-1718000000.0,285000000.0,285000000.0,4266000000.0,525000000.0,1.008,4.145,9473000000.0,955000000.0,8518000000.0,9473000000.0,0.0,750000000.0,0.0,0.032,1.16,1452000000.0,2202000000.0,0.341,2202000000.0,1452000000.0,1056000000.0,1.9,1.89,1.9,3938000000.0,3865000000.0,3938000000.0,18646897628.0,13.0,8.468,-78000000.0,-0.281,1.0,2190000000.0,0.339,0.0,396000000.0,27185000000.0,26263500000.0,778000000.0,423000000.0,16000000.0,407000000.0,16324000000.0,2302000000.0,14022000000.0,10025897628.0,39000000.0,0.0,43000000.0,528000000.0,-322000000.0,463000000.0,-2064000000.0,-231000000.0,1640000000.0,0.0,523000000.0,523000000.0,523000000.0,0.0,2000000.0,0.081,750000000.0,1440000000.0,642000000.0,0.611,2.546,19.17,18.989,14705000000.0,0.0,36.08,1.553,1.553,1940000000.0,-855000000.0,6456000000.0,6456000000.0,0.0,0.027,0.135,0.055,0.225,0.0,0.0,1.0,277879646.0,277879646.0,,23.233,20299000000.0,235000000.0,533000000.0,2422000000.0,73.05,18000000.0
6,CMS,MRY,2014-12-31,2014-12-31,2014-12-31,2021-07-29,-49000000.0,19185000000.0,18302250000.0,2597000000.0,16588000000.0,0.392,13.29,-1577000000.0,244000000.0,244000000.0,5090000000.0,479000000.0,1.333,4.217,8739000000.0,600000000.0,8139000000.0,8739000000.0,0.0,685000000.0,0.0,0.031,1.08,1386000000.0,2071000000.0,0.288,2071000000.0,1386000000.0,979000000.0,1.76,1.74,1.76,3670000000.0,3650750000.0,3670000000.0,17927175839.0,13.0,8.656,-96000000.0,-0.348,1.0,2089000000.0,0.291,0.0,407000000.0,25732000000.0,24584750000.0,918000000.0,454000000.0,41000000.0,413000000.0,15478000000.0,1948000000.0,13530000000.0,9596175839.0,45000000.0,0.0,43000000.0,481000000.0,-295000000.0,462000000.0,-1898000000.0,-255000000.0,1481000000.0,0.0,477000000.0,477000000.0,477000000.0,0.0,2000000.0,0.066,685000000.0,1404000000.0,688000000.0,0.614,2.615,20.118,19.744,13412000000.0,0.0,34.75,1.337,1.337,1824000000.0,-1058000000.0,7179000000.0,7179000000.0,0.0,0.026,0.131,0.056,0.193,0.0,0.0,1.0,276148945.0,276148945.0,,25.997,19185000000.0,216000000.0,502000000.0,2101000000.0,69.473,649000000.0
7,CMS,MRY,2013-12-31,2013-12-31,2013-12-31,2021-07-29,-22000000.0,17416000000.0,17275000000.0,2526000000.0,14890000000.0,0.38,12.932,-1325000000.0,204000000.0,204000000.0,4562000000.0,454000000.0,1.299,4.032,7971000000.0,732000000.0,7239000000.0,7971000000.0,0.0,628000000.0,0.0,0.038,1.02,1386000000.0,2014000000.0,0.307,2014000000.0,1386000000.0,988000000.0,1.71,1.66,1.71,3454000000.0,3369750000.0,3454000000.0,14619021573.0,11.0,7.259,96000000.0,0.359,1.0,2004000000.0,0.305,0.0,398000000.0,23238000000.0,22879500000.0,881000000.0,531000000.0,63000000.0,468000000.0,13925000000.0,1945000000.0,11980000000.0,7150021573.0,79000000.0,0.0,36000000.0,302000000.0,-273000000.0,190000000.0,-1532000000.0,-139000000.0,1421000000.0,0.0,452000000.0,452000000.0,452000000.0,0.0,2000000.0,0.069,628000000.0,1376000000.0,595000000.0,0.596,2.07,15.819,15.655,12246000000.0,0.0,26.77,1.089,1.089,1570000000.0,-1242000000.0,6566000000.0,6566000000.0,0.0,0.026,0.134,0.061,0.211,0.0,0.0,1.0,267090832.0,267090832.0,,24.583,17416000000.0,328000000.0,536000000.0,1953000000.0,65.206,581000000.0
8,CMS,MRY,2012-12-31,2012-12-31,2012-12-31,2021-07-29,-55000000.0,17131000000.0,16548000000.0,2422000000.0,14709000000.0,0.378,12.044,-1227000000.0,122000000.0,122000000.0,4423000000.0,384000000.0,1.348,4.35,7514000000.0,651000000.0,6863000000.0,7514000000.0,0.0,598000000.0,0.0,0.039,0.96,1243000000.0,1841000000.0,0.294,1841000000.0,1243000000.0,854000000.0,1.46,1.42,1.46,3194000000.0,3137500000.0,3194000000.0,13682667254.0,11.0,7.432,14000000.0,0.053,1.0,1830000000.0,0.293,0.0,389000000.0,22726000000.0,21878500000.0,1084000000.0,391000000.0,41000000.0,350000000.0,13893000000.0,1797000000.0,12096000000.0,6465667254.0,-68000000.0,0.0,30000000.0,263000000.0,-252000000.0,41000000.0,-1350000000.0,-63000000.0,1241000000.0,0.0,380000000.0,382000000.0,382000000.0,-7000000.0,4000000.0,0.061,598000000.0,1232000000.0,521000000.0,0.658,2.024,16.926,16.699,11551000000.0,-2000000.0,24.38,1.034,1.034,1418000000.0,-1423000000.0,6253000000.0,6253000000.0,0.0,0.023,0.122,0.057,0.199,0.0,0.0,1.0,265203743.0,265203743.0,,23.578,17131000000.0,190000000.0,474000000.0,1405000000.0,64.596,625000000.0
9,CMS,MRY,2011-12-31,2011-12-31,2011-12-31,2021-07-29,-49000000.0,16452000000.0,15999250000.0,2565000000.0,13887000000.0,0.406,11.942,-882000000.0,188000000.0,188000000.0,4749000000.0,417000000.0,1.097,4.419,7264000000.0,1057000000.0,6207000000.0,7264000000.0,0.0,546000000.0,0.0,0.038,0.84,1224000000.0,1770000000.0,0.272,1770000000.0,1224000000.0,809000000.0,1.66,1.58,1.66,3028000000.0,2979000000.0,3028000000.0,12294621426.0,10.0,6.946,287000000.0,1.132,1.0,1754000000.0,0.27,0.0,415000000.0,21190000000.0,20424750000.0,1187000000.0,375000000.0,49000000.0,326000000.0,13380000000.0,2338000000.0,11042000000.0,5598621426.0,-86000000.0,0.0,29000000.0,26000000.0,-211000000.0,-199000000.0,-1058000000.0,-100000000.0,1169000000.0,0.0,413000000.0,415000000.0,415000000.0,-2000000.0,4000000.0,0.064,546000000.0,1208000000.0,584000000.0,0.506,1.849,13.491,13.301,10633000000.0,-2000000.0,22.08,0.861,0.861,1341000000.0,-1553000000.0,6503000000.0,6503000000.0,0.0,0.026,0.139,0.06,0.188,0.0,0.0,1.0,253560753.0,253560753.0,,25.647,16452000000.0,211000000.0,396000000.0,1363000000.0,64.884,227000000.0
10,CMS,MRY,2010-12-31,2010-12-31,2010-12-31,2021-07-29,-40000000.0,15616000000.0,15366000000.0,2759000000.0,12857000000.0,0.419,11.42,-821000000.0,270000000.0,270000000.0,4724000000.0,343000000.0,1.365,4.575,7386000000.0,750000000.0,6636000000.0,7386000000.0,0.0,576000000.0,0.0,0.035,0.66,1205000000.0,1781000000.0,0.277,1781000000.0,1205000000.0,774000000.0,1.4,1.28,1.4,2793000000.0,2864750000.0,2793000000.0,11064107983.0,9.0,6.212,138000000.0,0.564,1.0,1708000000.0,0.266,0.0,431000000.0,20711000000.0,19942250000.0,1175000000.0,119000000.0,70000000.0,49000000.0,12779000000.0,2021000000.0,10758000000.0,4549107983.0,157000000.0,-10000000.0,10000000.0,593000000.0,-162000000.0,202000000.0,-1003000000.0,-131000000.0,959000000.0,0.0,340000000.0,324000000.0,324000000.0,23000000.0,6000000.0,0.05,520000000.0,1188000000.0,501000000.0,0.471,1.629,14.04,13.286,10069000000.0,16000000.0,18.6,0.707,0.707,1403000000.0,-1757000000.0,6432000000.0,6432000000.0,0.0,0.021,0.113,0.06,0.187,0.0,0.0,1.0,244575698.0,244575698.0,,26.299,15616000000.0,180000000.0,434000000.0,969000000.0,63.849,738000000.0
11,CMS,MRY,2009-12-31,2009-12-31,2009-12-31,2021-07-29,-33000000.0,15256000000.0,15104500000.0,2742000000.0,12514000000.0,0.411,12.373,-818000000.0,122000000.0,122000000.0,4733000000.0,240000000.0,1.403,4.336,6826000000.0,734000000.0,6092000000.0,6826000000.0,0.0,570000000.0,0.0,0.032,0.5,996000000.0,1566000000.0,0.252,1566000000.0,996000000.0,561000000.0,0.96,0.91,0.96,2841000000.0,3157000000.0,2841000000.0,10210644727.0,10.0,6.52,30000000.0,0.131,1.0,1472000000.0,0.237,0.0,435000000.0,20006000000.0,19738500000.0,1319000000.0,90000000.0,81000000.0,9000000.0,12318000000.0,1954000000.0,10364000000.0,3595644727.0,-117000000.0,0.0,9000000.0,120000000.0,-114000000.0,-35000000.0,-935000000.0,-83000000.0,848000000.0,0.0,229000000.0,218000000.0,218000000.0,-20000000.0,22000000.0,0.035,557000000.0,915000000.0,509000000.0,0.521,1.266,16.494,16.312,9682000000.0,11000000.0,15.66,0.579,0.579,1293000000.0,-1927000000.0,6205000000.0,6205000000.0,0.0,0.014,0.069,0.05,0.161,0.0,0.0,1.0,229606943.0,229606943.0,,27.024,15256000000.0,172000000.0,332000000.0,608000000.0,66.444,788000000.0
12,CMS,MRY,2008-12-31,2008-12-31,2008-12-31,2021-07-29,-28000000.0,14901000000.0,14277500000.0,2827000000.0,12074000000.0,0.477,12.02,-792000000.0,242000000.0,242000000.0,5231000000.0,302000000.0,1.517,4.445,6735000000.0,514000000.0,6221000000.0,6735000000.0,0.0,589000000.0,0.0,0.036,0.36,1037000000.0,1626000000.0,0.239,1626000000.0,1037000000.0,637000000.0,1.25,1.2,1.25,2719000000.0,3234500000.0,2719000000.0,8850958674.0,9.0,5.443,-235000000.0,-1.039,1.0,1576000000.0,0.232,0.0,400000000.0,19531000000.0,18506000000.0,1405000000.0,106000000.0,95000000.0,11000000.0,12086000000.0,1863000000.0,10223000000.0,2286958674.0,-137000000.0,0.0,9000000.0,240000000.0,-82000000.0,147000000.0,-839000000.0,-19000000.0,557000000.0,0.0,295000000.0,284000000.0,284000000.0,-1000000.0,14000000.0,0.042,579000000.0,997000000.0,516000000.0,0.288,0.841,8.053,8.088,9181000000.0,11000000.0,10.11,0.336,0.336,1036000000.0,-2031000000.0,6807000000.0,6807000000.0,0.0,0.02,0.088,0.056,0.152,0.0,0.0,1.0,226207584.0,226207584.0,,30.092,14901000000.0,165000000.0,342000000.0,815000000.0,65.873,964000000.0
13,CMS,MRY,2007-12-31,2007-12-31,2007-12-31,2021-07-29,-144000000.0,14192000000.0,14615750000.0,2880000000.0,11312000000.0,0.441,15.345,454000000.0,382000000.0,382000000.0,4301000000.0,-230000000.0,1.165,3.109,6511000000.0,723000000.0,5788000000.0,6511000000.0,0.0,545000000.0,0.0,0.012,0.2,250000000.0,795000000.0,0.123,795000000.0,250000000.0,-197000000.0,-1.04,-1.04,-1.04,3454000000.0,3772750000.0,3454000000.0,9411082119.0,38.0,11.838,477000000.0,2.119,1.0,2150000000.0,0.333,0.0,447000000.0,17848000000.0,17922000000.0,1334000000.0,79000000.0,68000000.0,11000000.0,10738000000.0,2473000000.0,8265000000.0,3912082119.0,-3000000.0,-113000000.0,15000000.0,-600000000.0,-45000000.0,-690000000.0,662000000.0,381000000.0,23000000.0,2000000.0,-222000000.0,-234000000.0,-234000000.0,110000000.0,-16000000.0,-0.036,1967000000.0,183000000.0,431000000.0,-0.192,1.133,-16.718,-16.712,8728000000.0,12000000.0,17.38,0.606,0.606,1273000000.0,-2208000000.0,6451000000.0,6451000000.0,0.0,-0.016,-0.062,0.014,0.039,0.0,0.0,1.0,225091031.0,225091031.0,,28.66,14192000000.0,257000000.0,25000000.0,1620000000.0,63.05,407000000.0
14,CMS,MRY,2006-12-31,2006-12-31,2006-12-31,2021-07-29,-318000000.0,15371000000.0,15391250000.0,3143000000.0,12228000000.0,0.398,18.9,-601000000.0,320000000.0,320000000.0,4052000000.0,-79000000.0,1.458,2.656,6985000000.0,565000000.0,6420000000.0,6985000000.0,0.0,576000000.0,0.0,0.0,0.0,374000000.0,950000000.0,0.155,950000000.0,374000000.0,-116000000.0,-0.41,-0.41,-0.41,4204000000.0,3726250000.0,4204000000.0,10618659290.0,28.0,11.178,89000000.0,0.4,1.0,2074000000.0,0.339,0.0,490000000.0,19880000000.0,20322500000.0,1342000000.0,614000000.0,48000000.0,566000000.0,11167000000.0,2156000000.0,9011000000.0,3714659290.0,-496000000.0,-148000000.0,8000000.0,-419000000.0,0.0,-436000000.0,-751000000.0,124000000.0,690000000.0,1000000.0,-79000000.0,-90000000.0,-90000000.0,-54000000.0,0.0,-0.015,2066000000.0,8000000.0,483000000.0,0.0,0.884,-41.274,-40.732,7708000000.0,11000000.0,16.7,0.606,0.606,826000000.0,-1918000000.0,6126000000.0,6126000000.0,0.0,-0.006,-0.024,0.018,0.061,0.0,0.0,1.0,222434688.0,222434688.0,,27.541,15371000000.0,305000000.0,-37000000.0,1025000000.0,69.103,987000000.0
15,CMS,MRY,2005-12-31,2005-12-31,2005-12-31,2021-07-29,-288000000.0,16041000000.0,16204500000.0,3920000000.0,12121000000.0,0.363,16.634,-532000000.0,1045000000.0,1045000000.0,3411000000.0,-84000000.0,1.837,3.382,7731000000.0,445000000.0,7286000000.0,7731000000.0,0.0,525000000.0,193000000.0,0.0,0.0,463000000.0,988000000.0,0.168,988000000.0,463000000.0,-38000000.0,-0.44,-0.44,-0.44,3661000000.0,3870500000.0,3661000000.0,9643585444.0,21.0,9.761,66000000.0,0.3,1.0,2468000000.0,0.42,27000000.0,501000000.0,20566000000.0,20860250000.0,1275000000.0,1990000000.0,242000000.0,1748000000.0,12380000000.0,2134000000.0,10246000000.0,3193585444.0,178000000.0,0.0,295000000.0,-153000000.0,0.0,74000000.0,-493000000.0,41000000.0,598000000.0,-1000000.0,-84000000.0,-94000000.0,-94000000.0,-57000000.0,0.0,-0.016,2712000000.0,-244000000.0,613000000.0,0.0,0.872,-33.974,-32.977,7845000000.0,10000000.0,14.51,0.543,0.543,899000000.0,-1828000000.0,5879000000.0,5879000000.0,0.0,-0.006,-0.024,0.022,0.079,0.0,0.0,1.0,220095482.0,220095482.0,,26.711,16014000000.0,160000000.0,46000000.0,1205000000.0,72.759,1786000000.0
16,CMS,MRY,2004-12-31,2004-12-31,2004-12-31,2021-07-29,-336000000.0,15872000000.0,15418250000.0,2999000000.0,12873000000.0,0.355,19.227,-306000000.0,725000000.0,725000000.0,3179000000.0,121000000.0,1.709,3.239,7739000000.0,476000000.0,7263000000.0,7739000000.0,0.0,431000000.0,289000000.0,0.0,0.0,990000000.0,1421000000.0,0.26,1421000000.0,990000000.0,386000000.0,0.65,0.64,0.65,3744000000.0,3150500000.0,3744000000.0,9215883596.0,9.0,6.485,47000000.0,0.241,1.0,2293000000.0,0.419,23000000.0,604000000.0,21108000000.0,20495250000.0,1030000000.0,1847000000.0,205000000.0,1642000000.0,12128000000.0,1755000000.0,10373000000.0,2034883596.0,-37000000.0,-71000000.0,290000000.0,-283000000.0,0.0,-43000000.0,-347000000.0,57000000.0,353000000.0,0.0,121000000.0,110000000.0,110000000.0,4000000.0,0.0,0.02,1545000000.0,748000000.0,392000000.0,0.0,0.544,18.499,16.077,8742000000.0,11000000.0,10.45,0.372,0.372,581000000.0,-1734000000.0,5472000000.0,5472000000.0,0.0,0.007,0.035,0.048,0.181,0.0,0.0,1.0,194725703.0,194725703.0,,28.101,15849000000.0,167000000.0,265000000.0,1337000000.0,81.391,1244000000.0
17,CMS,MRY,2003-12-31,2003-12-31,2003-12-31,2021-07-29,-419000000.0,13838000000.0,14053000000.0,2469000000.0,11369000000.0,0.392,21.579,404000000.0,733000000.0,733000000.0,3417000000.0,-43000000.0,1.509,2.98,7281000000.0,519000000.0,6762000000.0,7281000000.0,0.0,462000000.0,0.0,0.0,0.0,796000000.0,1258000000.0,0.228,1258000000.0,796000000.0,206000000.0,-0.3,-0.3,-0.3,3477000000.0,3046000000.0,3477000000.0,7098835481.0,9.0,5.643,154000000.0,0.956,1.0,2096000000.0,0.38,25000000.0,590000000.0,18725000000.0,18115750000.0,891000000.0,2228000000.0,2000000.0,2226000000.0,10361000000.0,1636000000.0,8725000000.0,1372835481.0,181000000.0,0.0,0.0,-59000000.0,0.0,229000000.0,203000000.0,-135000000.0,-250000000.0,-1000000.0,-43000000.0,-44000000.0,-44000000.0,-23000000.0,0.0,-0.008,1474000000.0,622000000.0,343000000.0,0.0,0.395,-31.201,-28.4,6890000000.0,1000000.0,8.52,0.249,0.249,436000000.0,-1844000000.0,5513000000.0,5513000000.0,0.0,-0.003,-0.014,0.044,0.144,0.0,0.0,1.0,161130925.0,161130925.0,,34.214,13813000000.0,146000000.0,249000000.0,1509000000.0,85.725,833000000.0
18,CMS,MRY,2002-12-31,2002-12-31,2002-12-31,2021-07-29,-728000000.0,14781000000.0,14842250000.0,2739000000.0,12042000000.0,0.584,7.482,912000000.0,389000000.0,389000000.0,6539000000.0,-650000000.0,0.948,12.712,6577000000.0,1104000000.0,5473000000.0,6577000000.0,0.0,485000000.0,0.0,0.115,1.09,-33000000.0,452000000.0,0.052,452000000.0,-33000000.0,-469000000.0,-4.68,-4.68,-4.68,1078000000.0,1634750000.0,1078000000.0,8498178911.0,-258.0,18.801,1526000000.0,10.591,1.0,2134000000.0,0.246,31000000.0,436000000.0,18049000000.0,18236750000.0,624000000.0,2100000000.0,0.0,2100000000.0,13703000000.0,2889000000.0,4376000000.0,1360178911.0,228000000.0,-55000000.0,-8000000.0,-1049000000.0,-149000000.0,-1223000000.0,829000000.0,24000000.0,614000000.0,8000000.0,-650000000.0,-650000000.0,-650000000.0,0.0,0.0,-0.075,1929000000.0,205000000.0,549000000.0,-0.233,1.262,-2.093,-2.017,6103000000.0,0.0,9.44,0.157,0.157,783000000.0,-1800000000.0,8673000000.0,8673000000.0,0.0,-0.044,-0.398,-0.002,-0.004,0.0,0.0,1.0,144086749.0,144086749.0,,60.193,14750000000.0,0.0,181000000.0,1357000000.0,102.369,-150000000.0
19,CMS,MRY,2001-12-31,2001-12-31,2001-12-31,2021-07-29,-269000000.0,16775000000.0,17036500000.0,2560000000.0,14215000000.0,0.47,15.326,-1105000000.0,127000000.0,127000000.0,6144000000.0,-459000000.0,0.697,7.231,7343000000.0,1432000000.0,5911000000.0,7343000000.0,0.0,594000000.0,0.0,0.061,1.46,170000000.0,764000000.0,0.095,764000000.0,170000000.0,-333000000.0,-3.51,-3.51,-3.51,2038000000.0,2400250000.0,2038000000.0,11396515335.0,67.0,14.917,-733000000.0,-5.512,1.0,1862000000.0,0.233,0.0,503000000.0,20320000000.0,20468250000.0,731000000.0,2119000000.0,0.0,2119000000.0,14737000000.0,3671000000.0,3873000000.0,3195515335.0,-20000000.0,-111000000.0,321000000.0,804000000.0,-190000000.0,967000000.0,-1349000000.0,23000000.0,372000000.0,-10000000.0,-459000000.0,-459000000.0,-459000000.0,128000000.0,0.0,-0.057,1663000000.0,199000000.0,649000000.0,-0.416,1.568,-6.962,-6.846,6562000000.0,0.0,24.03,0.399,0.399,704000000.0,-951000000.0,8006000000.0,8006000000.0,0.0,-0.027,-0.191,0.008,0.021,0.0,0.0,1.0,132980247.0,132980247.0,,60.204,16775000000.0,0.0,126000000.0,1605000000.0,126.147,-1111000000.0
20,CMS,MRY,2000-12-31,2000-12-31,2000-12-31,2021-07-29,0.0,17251000000.0,16017250000.0,3503000000.0,13748000000.0,0.418,19.532,-403000000.0,182000000.0,182000000.0,4335000000.0,43000000.0,0.822,6.307,7934000000.0,1110000000.0,6824000000.0,7934000000.0,0.0,489000000.0,0.0,0.046,1.46,740000000.0,1229000000.0,0.184,1229000000.0,740000000.0,286000000.0,0.38,0.38,0.38,2361000000.0,2342000000.0,2361000000.0,11850584271.0,16.0,9.642,197000000.0,1.63,1.0,2362000000.0,0.353,891000000.0,454000000.0,19851000000.0,19613250000.0,467000000.0,2010000000.0,0.0,2010000000.0,14890000000.0,4261000000.0,10629000000.0,3830584271.0,9000000.0,-540000000.0,187000000.0,609000000.0,-167000000.0,629000000.0,-1220000000.0,-2000000.0,600000000.0,0.0,43000000.0,43000000.0,43000000.0,-83000000.0,0.0,0.006,1356000000.0,1006000000.0,1094000000.0,3.842,1.622,89.083,83.395,8755000000.0,0.0,31.69,0.572,0.572,1440000000.0,,6697000000.0,6697000000.0,0.0,0.003,0.018,0.038,0.11,0.0,0.0,1.0,120876752.0,120876752.0,,55.404,16360000000.0,39000000.0,243000000.0,1935000000.0,135.344,-758000000.0
21,CMS,MRY,1999-12-31,1999-12-31,1999-12-31,2021-07-29,0.0,15462000000.0,14490500000.0,1817000000.0,13645000000.0,0.409,21.209,-1055000000.0,132000000.0,132000000.0,3152000000.0,277000000.0,0.593,5.296,7857000000.0,1341000000.0,6516000000.0,7857000000.0,0.0,595000000.0,0.0,0.045,1.39,1161250000.0,1756250000.0,0.296,1756250000.0,1161250000.0,597250000.0,2.44,2.42,2.44,2456000000.0,2382750000.0,2456000000.0,11183818250.0,10.0,6.368,-138000000.0,-1.192,1.0,2774000000.0,0.468,891000000.0,564000000.0,19230000000.0,19237000000.0,430000000.0,2048000000.0,0.0,2048000000.0,13006000000.0,3066000000.0,9940000000.0,3611818250.0,31000000.0,-2318000000.0,88000000.0,2947000000.0,-163000000.0,2678000000.0,-3564000000.0,-7000000.0,917000000.0,0.0,297250000.0,269000000.0,269000000.0,14000000.0,-20250000.0,0.045,1562000000.0,1212000000.0,1257000000.0,0.57,1.471,13.427,12.783,9071000000.0,28250000.0,31.19,0.609,0.609,959000000.0,,5926000000.0,5926000000.0,0.0,0.019,0.113,0.06,0.196,0.0,0.0,1.0,115800521.0,115800521.0,,51.174,14571000000.0,33000000.0,300000000.0,1874000000.0,125.828,-1249000000.0
22,CMS,MRY,1998-12-31,1998-12-31,1998-12-31,2021-07-29,0.0,11310000000.0,10150750000.0,1407000000.0,9903000000.0,0.506,21.423,-1238000000.0,101000000.0,101000000.0,2904000000.0,285000000.0,0.779,4.104,5452000000.0,621000000.0,4831000000.0,5452000000.0,0.0,484000000.0,0.0,0.026,1.26,952000000.0,1436000000.0,0.279,1436000000.0,952000000.0,587000000.0,2.65,2.62,2.65,2216000000.0,1970500000.0,2216000000.0,9707528970.0,10.0,6.76,-722000000.0,-6.98,1.0,2237000000.0,0.435,46000000.0,365000000.0,14808000000.0,13389500000.0,361000000.0,2093000000.0,0.0,482000000.0,9094000000.0,1807000000.0,7287000000.0,5010528970.0,32000000.0,-345000000.0,266000000.0,1024000000.0,-140000000.0,1150000000.0,-1634000000.0,0.0,516000000.0,0.0,272000000.0,272000000.0,272000000.0,0.0,13000000.0,0.053,1298000000.0,939000000.0,580000000.0,0.475,2.261,18.421,18.279,6040000000.0,0.0,48.44,0.975,0.975,720000000.0,,5141000000.0,5141000000.0,0.0,0.027,0.138,0.071,0.185,0.0,0.0,1.0,103437840.0,103437840.0,,49.701,11264000000.0,0.0,315000000.0,1487000000.0,108.896,-400000000.0
23,CMS,MRY,1997-12-31,1997-12-31,1997-12-31,2021-07-29,0.0,9508000000.0,8998750000.0,1156000000.0,8352000000.0,0.531,16.361,-629000000.0,69000000.0,69000000.0,2668000000.0,244000000.0,0.557,4.321,4372000000.0,1025000000.0,3347000000.0,4372000000.0,0.0,467000000.0,0.0,0.026,1.14,870000000.0,1337000000.0,0.28,1337000000.0,870000000.0,548000000.0,2.39,2.37,2.39,1787000000.0,1711500000.0,1787000000.0,,,,-5000000.0,-0.046,1.0,2113000000.0,0.442,0.0,322000000.0,11736000000.0,11110500000.0,319000000.0,1746000000.0,0.0,458000000.0,7721000000.0,2075000000.0,5646000000.0,4812510073.0,11000000.0,-830000000.0,222000000.0,955000000.0,-119000000.0,938000000.0,-1551000000.0,0.0,624000000.0,0.0,229000000.0,229000000.0,229000000.0,0.0,15000000.0,0.048,1186000000.0,927000000.0,478000000.0,0.477,2.693,21.015,18.435,5144000000.0,0.0,44.06,1.007,1.007,495000000.0,,4781000000.0,4781000000.0,0.0,0.025,0.134,0.078,0.182,0.0,0.0,1.0,109226284.0,109226284.0,,43.772,9508000000.0,38000000.0,319000000.0,1293000000.0,87.049,-919000000.0
24,CMS,MRY,1996-12-31,1996-12-31,1996-12-31,2021-07-29,0.0,8615000000.0,,,,,,-564000000.0,56000000.0,56000000.0,2278000000.0,224000000.0,,4.062,3687000000.0,,,3687000000.0,0.0,427000000.0,0.0,0.03,1.02,821000000.0,1248000000.0,0.289,1248000000.0,821000000.0,548000000.0,2.27,2.26,2.27,1702000000.0,,1702000000.0,,,,83000000.0,,1.0,2046000000.0,0.473,0.0,273000000.0,12246000000.0,,302000000.0,614000000.0,,,6913000000.0,,,,2000000.0,-183000000.0,94000000.0,189000000.0,-103000000.0,180000000.0,-825000000.0,0.0,647000000.0,0.0,210000000.0,210000000.0,210000000.0,0.0,14000000.0,0.049,1191000000.0,855000000.0,411000000.0,0.449,,,14.811,5280000000.0,0.0,33.62,,,374000000.0,,4324000000.0,4324000000.0,0.0,,,,0.19,0.0,0.0,1.0,,,,,8615000000.0,48000000.0,338000000.0,1352000000.0,,
25,CMS,MRY,1995-12-31,1995-12-31,1995-12-31,2021-07-29,,,,,,,,-513000000.0,,,1980000000.0,204000000.0,,,,,,,,416000000.0,,0.03,0.9,781000000.0,1197000000.0,0.308,1197000000.0,781000000.0,515000000.0,2.27,2.26,2.27,,,,,,,169000000.0,,1.0,1910000000.0,0.491,,266000000.0,,,,,,,,,,,-23000000.0,-388000000.0,159000000.0,236000000.0,-84000000.0,311000000.0,-1016000000.0,-51000000.0,682000000.0,0.0,201000000.0,201000000.0,201000000.0,0.0,3000000.0,0.052,1095000000.0,815000000.0,,0.396,,,13.163,,0.0,29.88,,,,,3890000000.0,3890000000.0,0.0,,,,0.201,0.0,0.0,1.0,,,,,,,314000000.0,,,
0,CMS,MRQ,2021-06-30,2021-06-30,2021-06-30,2021-07-29,-82000000.0,29953000000.0,,2322000000.0,27631000000.0,,20.027,-441000000.0,171000000.0,171000000.0,975000000.0,171000000.0,0.746,4.069,12367000000.0,589000000.0,11778000000.0,12367000000.0,0.0,242000000.0,0.0,0.029,0.435,410000000.0,652000000.0,0.418,652000000.0,410000000.0,285000000.0,0.61,0.61,0.61,5797000000.0,,5797000000.0,31695270805.0,16.0,10.331,94000000.0,0.325,1.0,583000000.0,0.374,0.0,125000000.0,39035000000.0,,539000000.0,71000000.0,0.0,71000000.0,23587000000.0,3114000000.0,20473000000.0,17101270805.0,-232000000.0,2000000.0,11000000.0,-16000000.0,-127000000.0,-199000000.0,-568000000.0,-187000000.0,535000000.0,0.0,176000000.0,176000000.0,176000000.0,-18000000.0,-5000000.0,0.113,244000000.0,339000000.0,666000000.0,0.713,2.95,18.98,18.875,21533000000.0,0.0,59.08,2.438,2.438,779000000.0,487000000.0,1558000000.0,1558000000.0,0.0,,,,,0.0,0.0,1.0,289459560.0,289459560.0,,5.382,29953000000.0,243000000.0,109000000.0,2436000000.0,103.479,-792000000.0
1,CMS,MRQ,2021-03-31,2021-03-31,2021-03-31,2021-07-29,-84000000.0,29723000000.0,,2513000000.0,27210000000.0,,19.82,-437000000.0,524000000.0,524000000.0,1135000000.0,342000000.0,0.871,4.09,15118000000.0,1506000000.0,13612000000.0,15118000000.0,0.0,340000000.0,0.0,0.027,0.435,659000000.0,999000000.0,0.48,999000000.0,659000000.0,523000000.0,1.21,1.21,1.21,5727000000.0,,5727000000.0,32700112132.0,17.0,10.904,395000000.0,1.367,1.0,948000000.0,0.455,0.0,136000000.0,41432000000.0,,407000000.0,945000000.0,0.0,945000000.0,23421000000.0,2885000000.0,20536000000.0,17689112132.0,339000000.0,-2000000.0,9000000.0,-2000000.0,-126000000.0,-210000000.0,-283000000.0,187000000.0,832000000.0,0.0,349000000.0,349000000.0,349000000.0,0.0,-7000000.0,0.168,340000000.0,608000000.0,545000000.0,0.36,3.089,20.545,20.407,21207000000.0,0.0,61.22,2.587,2.587,3585000000.0,437000000.0,2083000000.0,2083000000.0,0.0,,,,,0.0,0.0,1.0,288943354.0,288943354.0,,7.209,29723000000.0,267000000.0,174000000.0,2400000000.0,102.868,-372000000.0
2,CMS,MRQ,2020-12-31,2020-12-31,2020-12-31,2021-07-29,-86000000.0,29666000000.0,,2404000000.0,27262000000.0,,19.194,-562000000.0,49000000.0,49000000.0,1070000000.0,162000000.0,0.782,4.292,12391000000.0,591000000.0,11800000000.0,12391000000.0,0.0,281000000.0,0.0,0.027,0.407,428000000.0,709000000.0,0.394,709000000.0,428000000.0,288000000.0,0.55,0.55,0.55,5496000000.0,,5496000000.0,32046265771.0,18.0,11.221,-430000000.0,-1.502,1.0,728000000.0,0.405,0.0,140000000.0,38934000000.0,,576000000.0,70000000.0,0.0,70000000.0,23589000000.0,3074000000.0,20515000000.0,17469265771.0,-373000000.0,0.0,146000000.0,51000000.0,-116000000.0,64000000.0,-569000000.0,20000000.0,132000000.0,0.0,158000000.0,158000000.0,158000000.0,0.0,4000000.0,0.088,281000000.0,447000000.0,668000000.0,0.74,3.179,23.138,23.023,21017000000.0,0.0,61.01,2.615,2.615,891000000.0,214000000.0,1798000000.0,1798000000.0,0.0,,,,,0.0,0.0,1.0,286334466.0,286334466.0,,6.279,29666000000.0,332000000.0,130000000.0,2432000000.0,103.606,-670000000.0
3,CMS,MRQ,2020-09-30,2020-09-30,2020-09-30,2021-07-29,-79000000.0,29280000000.0,,2494000000.0,26786000000.0,,18.583,-751000000.0,558000000.0,558000000.0,903000000.0,210000000.0,0.834,4.395,15135000000.0,1799000000.0,13336000000.0,15135000000.0,0.0,228000000.0,0.0,0.026,0.407,480000000.0,708000000.0,0.45,708000000.0,480000000.0,337000000.0,0.76,0.76,0.76,5320000000.0,,5320000000.0,31201497419.0,17.0,11.084,-403000000.0,-1.408,1.0,672000000.0,0.427,0.0,143000000.0,40865000000.0,,639000000.0,756000000.0,0.0,756000000.0,23382000000.0,2992000000.0,20390000000.0,17580497419.0,-1046000000.0,-2000000.0,3000000.0,-902000000.0,-117000000.0,-264000000.0,-1130000000.0,-332000000.0,348000000.0,0.0,218000000.0,218000000.0,218000000.0,0.0,-8000000.0,0.138,228000000.0,444000000.0,667000000.0,0.536,3.305,23.011,22.829,20630000000.0,0.0,61.41,2.657,2.657,3596000000.0,171000000.0,1575000000.0,1575000000.0,0.0,,,,,0.0,0.0,1.0,286280694.0,286280694.0,,5.502,29280000000.0,199000000.0,119000000.0,2065000000.0,102.277,-498000000.0
4,CMS,MRQ,2020-06-30,2020-06-30,2020-06-30,2021-07-29,-76000000.0,28581000000.0,,3532000000.0,25049000000.0,,18.217,-421000000.0,1604000000.0,1604000000.0,837000000.0,137000000.0,1.131,4.474,15225000000.0,1744000000.0,13481000000.0,15225000000.0,0.0,221000000.0,0.0,0.027,0.407,362000000.0,583000000.0,0.422,583000000.0,362000000.0,235000000.0,0.48,0.48,0.48,5214000000.0,,5214000000.0,30197058394.0,17.0,10.886,174000000.0,0.608,1.0,545000000.0,0.394,0.0,127000000.0,39079000000.0,,506000000.0,775000000.0,0.0,775000000.0,23330000000.0,3123000000.0,20207000000.0,16721058394.0,743000000.0,8000000.0,3000000.0,765000000.0,-118000000.0,757000000.0,-609000000.0,4000000.0,595000000.0,0.0,136000000.0,136000000.0,136000000.0,-8000000.0,1000000.0,0.098,222000000.0,323000000.0,635000000.0,0.848,3.207,22.206,21.962,19436000000.0,0.0,58.42,2.538,2.538,3374000000.0,70000000.0,1382000000.0,1382000000.0,0.0,,,,,0.0,0.0,1.0,286221472.0,286221472.0,,4.828,28581000000.0,223000000.0,99000000.0,2207000000.0,99.856,409000000.0
5,CMS,MRQ,2020-03-31,2020-03-31,2020-03-31,2021-07-29,-76000000.0,27447000000.0,,2817000000.0,24630000000.0,,18.267,-523000000.0,861000000.0,861000000.0,1066000000.0,243000000.0,0.958,4.286,14337000000.0,1721000000.0,12616000000.0,14337000000.0,0.0,316000000.0,0.0,0.026,0.407,521000000.0,837000000.0,0.449,837000000.0,521000000.0,384000000.0,0.86,0.85,0.86,5185000000.0,,5185000000.0,29765745582.0,17.0,10.935,-322000000.0,-1.134,1.0,798000000.0,0.428,0.0,137000000.0,37983000000.0,,434000000.0,1036000000.0,241000000.0,795000000.0,22225000000.0,2940000000.0,19285000000.0,16675745582.0,704000000.0,-8000000.0,101000000.0,1106000000.0,-116000000.0,1062000000.0,-559000000.0,-4000000.0,201000000.0,0.0,243000000.0,243000000.0,243000000.0,0.0,0.0,0.13,316000000.0,482000000.0,497000000.0,0.473,3.216,23.487,23.406,19144000000.0,0.0,58.75,2.508,2.508,3136000000.0,51000000.0,1864000000.0,1864000000.0,0.0,,,,,0.0,0.0,1.0,283842478.0,283842478.0,,6.567,27447000000.0,246000000.0,141000000.0,2171000000.0,96.698,-123000000.0
6,CMS,MRQ,2019-12-31,2019-12-31,2019-12-31,2021-07-29,-73000000.0,26837000000.0,,2331000000.0,24506000000.0,,17.679,-533000000.0,157000000.0,157000000.0,1135000000.0,168000000.0,0.862,4.341,13247000000.0,1220000000.0,12027000000.0,13247000000.0,0.0,263000000.0,0.0,0.024,0.382,424000000.0,687000000.0,0.383,687000000.0,424000000.0,290000000.0,0.59,0.58,0.59,5018000000.0,,5018000000.0,30599661318.0,18.0,11.456,-138000000.0,-0.486,1.0,660000000.0,0.368,0.0,134000000.0,37223000000.0,,605000000.0,810000000.0,0.0,810000000.0,21782000000.0,2704000000.0,19078000000.0,17836661318.0,-276000000.0,-36000000.0,3000000.0,42000000.0,-110000000.0,-67000000.0,-604000000.0,-6000000.0,395000000.0,0.0,167000000.0,167000000.0,167000000.0,0.0,1000000.0,0.093,263000000.0,397000000.0,635000000.0,0.647,3.555,26.23,26.183,18926000000.0,0.0,62.84,2.606,2.606,3426000000.0,-25000000.0,1795000000.0,1795000000.0,0.0,,,,,0.0,0.0,1.0,283842478.0,283842478.0,,6.324,26837000000.0,305000000.0,123000000.0,2212000000.0,94.549,-373000000.0
7,CMS,MRQ,2019-09-30,2019-09-30,2019-09-30,2021-07-29,-67000000.0,26009000000.0,,2305000000.0,23704000000.0,,17.467,-501000000.0,432000000.0,432000000.0,910000000.0,207000000.0,1.065,4.239,13195000000.0,1074000000.0,12121000000.0,13195000000.0,0.0,215000000.0,0.0,0.024,0.383,452000000.0,667000000.0,0.431,667000000.0,452000000.0,319000000.0,0.73,0.73,0.73,4957000000.0,,4957000000.0,30213179034.0,19.0,11.825,-291000000.0,-1.025,1.0,636000000.0,0.411,0.0,133000000.0,36607000000.0,,699000000.0,560000000.0,0.0,560000000.0,21015000000.0,2165000000.0,18850000000.0,18148179034.0,99000000.0,-87000000.0,3000000.0,555000000.0,-108000000.0,691000000.0,-802000000.0,-158000000.0,210000000.0,0.0,207000000.0,207000000.0,207000000.0,0.0,0.0,0.134,215000000.0,421000000.0,607000000.0,0.525,3.661,29.224,29.201,18524000000.0,0.0,63.95,2.638,2.638,3150000000.0,-83000000.0,1546000000.0,1546000000.0,0.0,,,,,0.0,0.0,1.0,283787006.0,283787006.0,,5.448,26009000000.0,184000000.0,112000000.0,1829000000.0,91.65,140000000.0
8,CMS,MRQ,2019-06-30,2019-06-30,2019-06-30,2021-07-29,-67000000.0,25292000000.0,,2254000000.0,23038000000.0,,17.096,-492000000.0,334000000.0,334000000.0,940000000.0,94000000.0,0.945,4.206,12399000000.0,1077000000.0,11322000000.0,12399000000.0,0.0,216000000.0,0.0,0.026,0.383,315000000.0,531000000.0,0.367,531000000.0,315000000.0,184000000.0,0.33,0.33,0.33,4851000000.0,,4851000000.0,28233188059.0,19.0,11.398,76000000.0,0.268,1.0,505000000.0,0.349,0.0,131000000.0,34971000000.0,,552000000.0,583000000.0,0.0,583000000.0,20404000000.0,2386000000.0,18018000000.0,16432188059.0,67000000.0,-99000000.0,3000000.0,118000000.0,-110000000.0,234000000.0,-735000000.0,-124000000.0,568000000.0,0.0,93000000.0,93000000.0,93000000.0,0.0,1000000.0,0.064,216000000.0,289000000.0,636000000.0,1.161,3.387,28.186,28.112,18106000000.0,0.0,57.91,2.37,2.37,3028000000.0,-182000000.0,1445000000.0,1445000000.0,0.0,,,,,0.0,0.0,1.0,283753895.0,283753895.0,,5.092,25292000000.0,204000000.0,91000000.0,1960000000.0,89.134,-132000000.0
9,CMS,MRQ,2019-03-31,2019-03-31,2019-03-31,2021-07-29,-66000000.0,24793000000.0,,2376000000.0,22417000000.0,,17.142,-481000000.0,267000000.0,267000000.0,1296000000.0,213000000.0,1.128,4.096,12068000000.0,872000000.0,11196000000.0,12068000000.0,0.0,298000000.0,0.0,0.026,0.383,488000000.0,786000000.0,0.382,786000000.0,488000000.0,367000000.0,0.75,0.75,0.75,4858000000.0,,4858000000.0,27343041832.0,18.0,10.964,136000000.0,0.48,1.0,763000000.0,0.371,0.0,121000000.0,34488000000.0,,442000000.0,600000000.0,0.0,600000000.0,19898000000.0,2106000000.0,17792000000.0,15740041832.0,92000000.0,-121000000.0,3000000.0,136000000.0,-108000000.0,150000000.0,-675000000.0,-46000000.0,617000000.0,0.0,213000000.0,213000000.0,213000000.0,0.0,0.0,0.103,298000000.0,465000000.0,550000000.0,0.511,3.24,25.024,25.018,18315000000.0,0.0,55.54,2.255,2.255,3070000000.0,-166000000.0,2059000000.0,2059000000.0,0.0,,,,,0.0,0.0,1.0,283400105.0,283400105.0,,7.265,24793000000.0,226000000.0,154000000.0,1937000000.0,87.484,270000000.0
10,CMS,MRQ,2018-12-31,2018-12-31,2018-12-31,2021-07-29,-65000000.0,24529000000.0,,2468000000.0,22061000000.0,,16.782,-502000000.0,174000000.0,174000000.0,1254000000.0,109000000.0,0.941,4.151,11777000000.0,1093000000.0,10684000000.0,11777000000.0,0.0,244000000.0,0.0,0.029,0.357,327000000.0,571000000.0,0.312,571000000.0,327000000.0,206000000.0,0.38,0.38,0.38,4755000000.0,,4755000000.0,24896404804.0,16.0,10.096,-364000000.0,-1.285,1.0,575000000.0,0.314,0.0,121000000.0,33508000000.0,,650000000.0,547000000.0,0.0,547000000.0,19737000000.0,2624000000.0,17113000000.0,14067404804.0,-191000000.0,-138000000.0,2000000.0,339000000.0,-102000000.0,462000000.0,-791000000.0,-107000000.0,138000000.0,0.0,108000000.0,108000000.0,108000000.0,0.0,1000000.0,0.059,244000000.0,331000000.0,733000000.0,0.939,2.958,21.412,21.309,18126000000.0,0.0,49.65,2.047,2.047,2872000000.0,-271000000.0,1829000000.0,1829000000.0,0.0,,,,,0.0,0.0,1.0,283331416.0,283331416.0,,6.455,24529000000.0,279000000.0,98000000.0,1984000000.0,86.574,-156000000.0
11,CMS,MRQ,2018-09-30,2018-09-30,2018-09-30,2021-07-29,-59000000.0,23913000000.0,,2374000000.0,21539000000.0,,16.765,-700000000.0,365000000.0,365000000.0,1032000000.0,169000000.0,0.69,4.028,11194000000.0,2250000000.0,8944000000.0,11194000000.0,0.0,206000000.0,0.0,0.029,0.357,383000000.0,589000000.0,0.368,589000000.0,383000000.0,269000000.0,0.6,0.59,0.6,4749000000.0,,4749000000.0,23955005923.0,15.0,9.468,-551000000.0,-1.945,1.0,567000000.0,0.355,0.0,114000000.0,31300000000.0,,741000000.0,727000000.0,26000000.0,701000000.0,19127000000.0,3442000000.0,15685000000.0,13880005923.0,-135000000.0,-87000000.0,3000000.0,528000000.0,-101000000.0,523000000.0,-807000000.0,26000000.0,149000000.0,0.0,169000000.0,169000000.0,169000000.0,0.0,0.0,0.106,206000000.0,361000000.0,689000000.0,0.595,2.923,25.421,25.258,17790000000.0,0.0,49.0,2.035,2.035,2355000000.0,-278000000.0,1599000000.0,1599000000.0,0.0,,,,,0.0,0.0,1.0,283265427.0,283265427.0,,5.645,23913000000.0,167000000.0,100000000.0,1590000000.0,84.419,-1068000000.0
12,CMS,MRQ,2018-06-30,2018-06-30,2018-06-30,2021-07-29,-61000000.0,23312000000.0,,2286000000.0,21026000000.0,,16.537,-450000000.0,494000000.0,494000000.0,965000000.0,140000000.0,0.902,3.982,10569000000.0,1216000000.0,9353000000.0,10569000000.0,0.0,204000000.0,0.0,0.029,0.357,344000000.0,548000000.0,0.367,548000000.0,344000000.0,232000000.0,0.49,0.49,0.49,4672000000.0,,4672000000.0,23504848428.0,14.0,9.268,258000000.0,0.913,1.0,527000000.0,0.353,0.0,112000000.0,30852000000.0,,570000000.0,853000000.0,0.0,853000000.0,18603000000.0,2535000000.0,16068000000.0,13357848428.0,274000000.0,0.0,33000000.0,43000000.0,-103000000.0,118000000.0,-552000000.0,-75000000.0,708000000.0,0.0,139000000.0,139000000.0,139000000.0,0.0,1000000.0,0.093,204000000.0,323000000.0,629000000.0,0.729,2.859,24.331,24.246,17237000000.0,0.0,47.28,1.979,1.979,2174000000.0,-346000000.0,1492000000.0,1492000000.0,0.0,,,,,0.0,0.0,1.0,282526405.0,282526405.0,,5.281,23312000000.0,187000000.0,93000000.0,1713000000.0,82.513,-249000000.0
13,CMS,MRQ,2018-03-31,2018-03-31,2018-03-31,2021-07-29,-61000000.0,22868000000.0,,2207000000.0,20661000000.0,,16.274,-422000000.0,221000000.0,221000000.0,1224000000.0,241000000.0,0.889,3.968,10368000000.0,1286000000.0,9082000000.0,10368000000.0,0.0,279000000.0,0.0,0.03,0.357,479000000.0,758000000.0,0.388,758000000.0,479000000.0,368000000.0,0.86,0.86,0.86,4596000000.0,,4596000000.0,23078820188.0,14.0,9.232,286000000.0,1.013,1.0,729000000.0,0.373,0.0,111000000.0,30533000000.0,,445000000.0,858000000.0,2000000.0,856000000.0,18235000000.0,2482000000.0,15753000000.0,12790820188.0,23000000.0,0.0,3000000.0,-122000000.0,-101000000.0,-229000000.0,-456000000.0,-5000000.0,708000000.0,0.0,241000000.0,241000000.0,241000000.0,0.0,0.0,0.123,279000000.0,450000000.0,540000000.0,0.415,2.783,25.48,25.302,16904000000.0,0.0,45.29,1.907,1.907,2399000000.0,-383000000.0,1953000000.0,1953000000.0,0.0,,,,,0.0,0.0,1.0,282420406.0,282420406.0,,6.915,22868000000.0,207000000.0,127000000.0,1677000000.0,80.971,-275000000.0
14,CMS,MRQ,2017-12-31,2017-12-31,2017-12-31,2021-07-29,-50000000.0,23050000000.0,,2475000000.0,20575000000.0,,15.744,-457000000.0,199000000.0,199000000.0,1095000000.0,-2000000.0,0.889,4.182,10487000000.0,1273000000.0,9214000000.0,10487000000.0,0.0,229000000.0,0.0,0.028,0.333,406000000.0,635000000.0,0.357,635000000.0,406000000.0,296000000.0,-0.01,-0.01,-0.01,4441000000.0,,4441000000.0,23504553570.0,15.0,9.451,49000000.0,0.174,1.0,683000000.0,0.384,0.0,110000000.0,30554000000.0,,672000000.0,865000000.0,2000000.0,863000000.0,18572000000.0,2784000000.0,15788000000.0,13342553570.0,31000000.0,0.0,3000000.0,170000000.0,-95000000.0,39000000.0,-514000000.0,-20000000.0,506000000.0,0.0,-3000000.0,-3000000.0,-3000000.0,0.0,1000000.0,-0.002,229000000.0,454000000.0,740000000.0,-33.3,3.004,29.006,28.841,16761000000.0,0.0,47.3,2.027,2.027,2429000000.0,-531000000.0,1778000000.0,1778000000.0,0.0,,,,,0.0,0.0,1.0,282083585.0,282083585.0,,6.303,23050000000.0,257000000.0,299000000.0,1716000000.0,81.713,-309000000.0
15,CMS,MRQ,2017-09-30,2017-09-30,2017-09-30,2021-07-29,-47000000.0,22120000000.0,,2121000000.0,19999000000.0,,16.081,-462000000.0,169000000.0,169000000.0,942000000.0,172000000.0,0.938,3.869,10331000000.0,1210000000.0,9121000000.0,10331000000.0,0.0,193000000.0,0.0,0.028,0.333,402000000.0,595000000.0,0.39,595000000.0,402000000.0,291000000.0,0.61,0.61,0.61,4535000000.0,,4535000000.0,22657828449.0,15.0,9.552,-382000000.0,-1.355,1.0,585000000.0,0.383,0.0,111000000.0,30021000000.0,,787000000.0,371000000.0,31000000.0,340000000.0,17548000000.0,2261000000.0,15287000000.0,13062828449.0,-268000000.0,0.0,4000000.0,223000000.0,-94000000.0,200000000.0,-548000000.0,-62000000.0,80000000.0,0.0,172000000.0,172000000.0,172000000.0,0.0,0.0,0.113,193000000.0,392000000.0,632000000.0,0.546,2.88,24.19,24.0,16444000000.0,0.0,46.32,2.027,2.027,2017000000.0,-434000000.0,1527000000.0,1527000000.0,0.0,,,,,0.0,0.0,1.0,282012704.0,282012704.0,,5.415,22120000000.0,157000000.0,119000000.0,2679000000.0,78.436,-140000000.0
16,CMS,MRQ,2017-06-30,2017-06-30,2017-06-30,2021-07-29,-48000000.0,21867000000.0,,2211000000.0,19656000000.0,,15.864,-381000000.0,435000000.0,435000000.0,945000000.0,93000000.0,1.045,3.907,10030000000.0,840000000.0,9190000000.0,10030000000.0,0.0,197000000.0,0.0,0.028,0.333,315000000.0,512000000.0,0.353,512000000.0,315000000.0,205000000.0,0.33,0.33,0.33,4449000000.0,,4449000000.0,22552970166.0,14.0,9.346,92000000.0,0.328,1.0,504000000.0,0.348,0.0,110000000.0,29347000000.0,,582000000.0,380000000.0,18000000.0,362000000.0,17381000000.0,2115000000.0,15266000000.0,12970970166.0,-22000000.0,0.0,73000000.0,-16000000.0,-94000000.0,-35000000.0,-460000000.0,-39000000.0,473000000.0,0.0,92000000.0,92000000.0,92000000.0,0.0,1000000.0,0.063,197000000.0,307000000.0,608000000.0,1.009,2.915,23.413,23.241,16119000000.0,0.0,46.25,1.994,1.994,1996000000.0,-512000000.0,1449000000.0,1449000000.0,0.0,,,,,0.0,0.0,1.0,280453409.0,280453409.0,,5.167,21867000000.0,179000000.0,113000000.0,2767000000.0,77.97,96000000.0
17,CMS,MRQ,2017-03-31,2017-03-31,2017-03-31,2021-07-29,-49000000.0,21623000000.0,,2215000000.0,19408000000.0,,15.606,-365000000.0,463000000.0,463000000.0,1098000000.0,199000000.0,1.15,3.94,10045000000.0,812000000.0,9233000000.0,10045000000.0,0.0,262000000.0,0.0,0.028,0.333,483000000.0,745000000.0,0.407,745000000.0,483000000.0,376000000.0,0.71,0.71,0.71,4370000000.0,,4370000000.0,22307866447.0,14.0,9.192,281000000.0,1.004,1.0,731000000.0,0.4,0.0,107000000.0,29279000000.0,,425000000.0,406000000.0,19000000.0,387000000.0,17216000000.0,1926000000.0,15290000000.0,12527866447.0,206000000.0,0.0,3000000.0,26000000.0,-94000000.0,-94000000.0,-346000000.0,33000000.0,646000000.0,0.0,199000000.0,199000000.0,199000000.0,0.0,0.0,0.109,262000000.0,469000000.0,488000000.0,0.469,2.867,21.379,21.204,15857000000.0,0.0,44.74,1.949,1.949,2065000000.0,-511000000.0,1829000000.0,1829000000.0,0.0,,,,,0.0,0.0,1.0,280014896.0,280014896.0,,6.532,21623000000.0,203000000.0,177000000.0,2722000000.0,77.221,289000000.0
18,CMS,MRQ,2016-12-31,2016-12-31,2016-12-31,2021-07-29,-50000000.0,21622000000.0,,2280000000.0,19342000000.0,,15.194,-448000000.0,254000000.0,254000000.0,1074000000.0,78000000.0,0.859,4.075,10034000000.0,1284000000.0,8750000000.0,10034000000.0,0.0,214000000.0,0.0,0.03,0.31,306000000.0,520000000.0,0.317,520000000.0,306000000.0,195000000.0,0.28,0.28,0.28,4253000000.0,,4253000000.0,21194767256.0,14.0,9.015,-60000000.0,-0.214,1.0,566000000.0,0.345,0.0,111000000.0,28747000000.0,,626000000.0,457000000.0,39000000.0,418000000.0,17332000000.0,2655000000.0,14677000000.0,11649767256.0,-111000000.0,0.0,3000000.0,66000000.0,-87000000.0,18000000.0,-517000000.0,-49000000.0,388000000.0,0.0,77000000.0,77000000.0,77000000.0,0.0,1000000.0,0.047,214000000.0,352000000.0,610000000.0,1.107,2.739,21.143,20.915,15715000000.0,0.0,41.62,1.821,1.821,2131000000.0,-616000000.0,1640000000.0,1640000000.0,0.0,,,,,0.0,0.0,1.0,279907911.0,279907911.0,,5.859,21622000000.0,250000000.0,118000000.0,2708000000.0,77.247,-375000000.0
19,CMS,MRQ,2016-09-30,2016-09-30,2016-09-30,2021-07-29,-45000000.0,20842000000.0,,2198000000.0,18644000000.0,,15.22,-407000000.0,367000000.0,367000000.0,967000000.0,186000000.0,1.062,3.885,9912000000.0,1080000000.0,8832000000.0,9912000000.0,0.0,183000000.0,0.0,0.029,0.31,453000000.0,636000000.0,0.401,636000000.0,453000000.0,343000000.0,0.67,0.67,0.67,4259000000.0,,4259000000.0,20866619693.0,13.0,8.933,-267000000.0,-0.954,1.0,620000000.0,0.391,0.0,110000000.0,28318000000.0,,736000000.0,367000000.0,41000000.0,326000000.0,16546000000.0,2069000000.0,14477000000.0,11755619693.0,-38000000.0,0.0,3000000.0,341000000.0,-87000000.0,309000000.0,-487000000.0,-44000000.0,140000000.0,0.0,186000000.0,186000000.0,186000000.0,0.0,0.0,0.117,183000000.0,437000000.0,548000000.0,0.463,2.76,20.268,20.005,15443000000.0,0.0,42.01,1.875,1.875,1902000000.0,-607000000.0,1587000000.0,1587000000.0,0.0,,,,,0.0,0.0,1.0,279829081.0,279829081.0,,5.671,20842000000.0,152000000.0,157000000.0,2397000000.0,74.481,129000000.0
20,CMS,MRQ,2016-06-30,2016-06-30,2016-06-30,2021-07-29,-47000000.0,20463000000.0,,2031000000.0,18432000000.0,,14.845,-410000000.0,403000000.0,403000000.0,860000000.0,125000000.0,0.971,3.915,9514000000.0,918000000.0,8596000000.0,9514000000.0,0.0,176000000.0,0.0,0.026,0.31,350000000.0,526000000.0,0.384,526000000.0,350000000.0,242000000.0,0.45,0.45,0.45,4156000000.0,,4156000000.0,21868044021.0,15.0,9.693,59000000.0,0.211,1.0,511000000.0,0.373,0.0,108000000.0,27483000000.0,,573000000.0,366000000.0,15000000.0,351000000.0,16270000000.0,2091000000.0,14179000000.0,12839044021.0,200000000.0,0.0,3000000.0,284000000.0,-87000000.0,198000000.0,-467000000.0,-27000000.0,469000000.0,0.0,124000000.0,124000000.0,124000000.0,0.0,1000000.0,0.09,176000000.0,335000000.0,568000000.0,0.689,3.089,23.688,23.398,15187000000.0,0.0,45.86,2.082,2.082,1855000000.0,-706000000.0,1371000000.0,1371000000.0,0.0,,,,,0.0,0.0,1.0,279961710.0,279961710.0,,4.897,20463000000.0,174000000.0,118000000.0,2452000000.0,73.092,-60000000.0
21,CMS,MRQ,2016-03-31,2016-03-31,2016-03-31,2021-07-29,-47000000.0,20037000000.0,,1890000000.0,18147000000.0,,14.976,-407000000.0,205000000.0,205000000.0,1150000000.0,164000000.0,0.923,3.867,9234000000.0,950000000.0,8284000000.0,9234000000.0,0.0,238000000.0,0.0,0.028,0.31,431000000.0,669000000.0,0.371,669000000.0,431000000.0,325000000.0,0.59,0.59,0.59,4109000000.0,,4109000000.0,20873361091.0,15.0,9.641,225000000.0,0.82,1.0,651000000.0,0.361,0.0,106000000.0,27019000000.0,,498000000.0,395000000.0,16000000.0,379000000.0,15891000000.0,2047000000.0,13844000000.0,11644361091.0,-82000000.0,0.0,63000000.0,-261000000.0,-86000000.0,-270000000.0,-444000000.0,-16000000.0,632000000.0,0.0,164000000.0,164000000.0,164000000.0,0.0,0.0,0.091,238000000.0,413000000.0,543000000.0,0.525,2.834,24.009,24.114,14907000000.0,0.0,42.44,1.895,1.895,1910000000.0,-744000000.0,1801000000.0,1801000000.0,0.0,,,,,0.0,0.0,1.0,274372316.0,274372316.0,,6.564,20037000000.0,193000000.0,161000000.0,2387000000.0,73.029,-157000000.0
22,CMS,MRQ,2015-12-31,2015-12-31,2015-12-31,2021-07-29,-47000000.0,20299000000.0,,2320000000.0,17979000000.0,,14.172,-616000000.0,285000000.0,285000000.0,1001000000.0,107000000.0,1.008,4.145,9473000000.0,955000000.0,8518000000.0,9473000000.0,0.0,186000000.0,0.0,0.032,0.29,319000000.0,505000000.0,0.335,505000000.0,319000000.0,228000000.0,0.39,0.38,0.39,3938000000.0,,3938000000.0,18646897628.0,13.0,8.468,-396000000.0,-1.425,1.0,508000000.0,0.337,0.0,91000000.0,27185000000.0,,778000000.0,423000000.0,16000000.0,407000000.0,16324000000.0,2302000000.0,14022000000.0,10025897628.0,96000000.0,0.0,3000000.0,599000000.0,-81000000.0,600000000.0,-724000000.0,-93000000.0,220000000.0,0.0,106000000.0,106000000.0,106000000.0,0.0,1000000.0,0.07,186000000.0,322000000.0,642000000.0,0.744,2.546,19.17,18.989,14705000000.0,0.0,36.08,1.553,1.553,1940000000.0,-855000000.0,1509000000.0,1509000000.0,0.0,,,,,0.0,0.0,1.0,277879646.0,277879646.0,,5.43,20299000000.0,235000000.0,122000000.0,2422000000.0,73.05,18000000.0
23,CMS,MRQ,2015-09-30,2015-09-30,2015-09-30,2021-07-29,-49000000.0,19452000000.0,,2123000000.0,17329000000.0,,14.063,-427000000.0,202000000.0,202000000.0,937000000.0,148000000.0,1.187,3.976,8823000000.0,809000000.0,8014000000.0,8823000000.0,0.0,173000000.0,0.0,0.032,0.29,383000000.0,556000000.0,0.374,556000000.0,383000000.0,282000000.0,0.53,0.53,0.53,3902000000.0,,3902000000.0,17955311040.0,12.0,8.169,-269000000.0,-0.969,1.0,549000000.0,0.369,0.0,101000000.0,26285000000.0,,863000000.0,366000000.0,17000000.0,349000000.0,15513000000.0,1788000000.0,13725000000.0,9800311040.0,-327000000.0,0.0,13000000.0,44000000.0,-80000000.0,73000000.0,-558000000.0,-87000000.0,158000000.0,0.0,148000000.0,148000000.0,148000000.0,0.0,0.0,0.1,173000000.0,376000000.0,594000000.0,0.547,2.512,19.104,18.989,14160000000.0,0.0,35.32,1.462,1.462,1721000000.0,-881000000.0,1486000000.0,1486000000.0,0.0,,,,,0.0,0.0,1.0,277472000.0,277472000.0,,5.355,19452000000.0,153000000.0,134000000.0,2126000000.0,70.104,335000000.0
24,CMS,MRQ,2015-06-30,2015-06-30,2015-06-30,2021-07-29,-48000000.0,19238000000.0,,2291000000.0,16947000000.0,,13.793,-327000000.0,517000000.0,517000000.0,917000000.0,68000000.0,1.397,4.029,8672000000.0,519000000.0,8153000000.0,8672000000.0,0.0,169000000.0,0.0,0.035,0.29,266000000.0,435000000.0,0.322,435000000.0,266000000.0,163000000.0,0.25,0.25,0.25,3818000000.0,,3818000000.0,17045225363.0,12.0,8.14,175000000.0,0.632,1.0,433000000.0,0.321,0.0,103000000.0,25753000000.0,,683000000.0,494000000.0,114000000.0,380000000.0,15383000000.0,1640000000.0,13743000000.0,8813225363.0,-45000000.0,0.0,23000000.0,-128000000.0,-81000000.0,-187000000.0,-360000000.0,-22000000.0,502000000.0,0.0,67000000.0,67000000.0,67000000.0,0.0,1000000.0,0.05,169000000.0,264000000.0,564000000.0,1.16,2.308,19.201,19.066,13775000000.0,0.0,31.84,1.325,1.325,1565000000.0,-949000000.0,1350000000.0,1350000000.0,0.0,,,,,0.0,0.0,1.0,276797279.0,276797279.0,,4.877,19238000000.0,176000000.0,96000000.0,2191000000.0,69.502,651000000.0
25,CMS,MRQ,2015-03-31,2015-03-31,2015-03-31,2021-07-29,-48000000.0,19198000000.0,,2501000000.0,16697000000.0,,13.762,-348000000.0,571000000.0,571000000.0,1411000000.0,202000000.0,1.564,4.04,8803000000.0,543000000.0,8260000000.0,8803000000.0,0.0,222000000.0,0.0,0.032,0.29,484000000.0,706000000.0,0.334,706000000.0,484000000.0,383000000.0,0.73,0.73,0.73,3802000000.0,,3802000000.0,18139381337.0,13.0,8.667,412000000.0,1.491,1.0,700000000.0,0.332,0.0,101000000.0,25831000000.0,,540000000.0,568000000.0,152000000.0,416000000.0,15359000000.0,1599000000.0,13760000000.0,9644381337.0,315000000.0,0.0,4000000.0,13000000.0,-80000000.0,-23000000.0,-422000000.0,-29000000.0,760000000.0,0.0,202000000.0,202000000.0,202000000.0,0.0,0.0,0.096,222000000.0,478000000.0,521000000.0,0.397,2.537,20.304,20.179,13526000000.0,0.0,34.91,1.425,1.425,1742000000.0,-936000000.0,2111000000.0,2111000000.0,0.0,,,,,0.0,0.0,1.0,276264146.0,276264146.0,,7.641,19198000000.0,178000000.0,181000000.0,2129000000.0,69.491,902000000.0
26,CMS,MRQ,2014-12-31,2014-12-31,2014-12-31,2021-07-29,-49000000.0,19185000000.0,,2597000000.0,16588000000.0,,13.29,-452000000.0,244000000.0,244000000.0,1239000000.0,97000000.0,1.333,4.217,8739000000.0,600000000.0,8139000000.0,8739000000.0,0.0,182000000.0,0.0,0.031,0.27,319000000.0,501000000.0,0.285,501000000.0,319000000.0,215000000.0,0.35,0.35,0.35,3670000000.0,,3670000000.0,17927175839.0,13.0,8.656,67000000.0,0.243,1.0,519000000.0,0.295,0.0,104000000.0,25732000000.0,,918000000.0,454000000.0,41000000.0,413000000.0,15478000000.0,1948000000.0,13530000000.0,9596175839.0,-276000000.0,0.0,3000000.0,-258000000.0,-75000000.0,-244000000.0,-551000000.0,-91000000.0,519000000.0,0.0,96000000.0,96000000.0,96000000.0,0.0,1000000.0,0.055,182000000.0,337000000.0,688000000.0,0.771,2.615,20.118,19.744,13412000000.0,0.0,34.75,1.337,1.337,1824000000.0,-1058000000.0,1758000000.0,1758000000.0,0.0,,,,,0.0,0.0,1.0,276148945.0,276148945.0,,6.366,19185000000.0,216000000.0,119000000.0,2101000000.0,69.473,649000000.0
27,CMS,MRQ,2014-09-30,2014-09-30,2014-09-30,2021-07-29,-20000000.0,18381000000.0,,2734000000.0,15647000000.0,,13.294,-462000000.0,530000000.0,530000000.0,984000000.0,94000000.0,1.659,3.998,8861000000.0,690000000.0,8171000000.0,8861000000.0,0.0,153000000.0,0.0,0.036,0.27,299000000.0,452000000.0,0.316,452000000.0,299000000.0,198000000.0,0.34,0.34,0.34,3670000000.0,,3670000000.0,15904010636.0,11.0,7.728,-437000000.0,-1.583,1.0,446000000.0,0.312,0.0,101000000.0,25064000000.0,,1043000000.0,492000000.0,96000000.0,396000000.0,14674000000.0,1648000000.0,13026000000.0,8188010636.0,135000000.0,0.0,3000000.0,598000000.0,-74000000.0,674000000.0,-564000000.0,-78000000.0,25000000.0,0.0,94000000.0,94000000.0,94000000.0,0.0,0.0,0.066,153000000.0,293000000.0,613000000.0,0.794,2.231,16.952,16.387,13045000000.0,0.0,29.66,1.144,1.144,1453000000.0,-1080000000.0,1430000000.0,1430000000.0,0.0,,,,,0.0,0.0,1.0,276062395.0,276062395.0,,5.18,18381000000.0,176000000.0,104000000.0,1876000000.0,66.583,1086000000.0
28,CMS,MRQ,2014-06-30,2014-06-30,2014-06-30,2021-07-29,-20000000.0,17719000000.0,,2465000000.0,15254000000.0,,13.526,-359000000.0,389000000.0,389000000.0,1026000000.0,84000000.0,1.577,3.851,8105000000.0,439000000.0,7666000000.0,8105000000.0,0.0,151000000.0,0.0,0.034,0.27,283000000.0,434000000.0,0.296,434000000.0,283000000.0,182000000.0,0.31,0.3,0.31,3645000000.0,,3645000000.0,15942614403.0,11.0,7.517,-33000000.0,-0.122,1.0,442000000.0,0.301,0.0,101000000.0,23872000000.0,,775000000.0,512000000.0,88000000.0,424000000.0,14037000000.0,1563000000.0,12474000000.0,8394614403.0,-400000000.0,0.0,4000000.0,-219000000.0,-74000000.0,-289000000.0,-437000000.0,-57000000.0,326000000.0,0.0,83000000.0,83000000.0,83000000.0,0.0,1000000.0,0.057,151000000.0,291000000.0,597000000.0,0.871,2.303,16.3,15.974,12680000000.0,0.0,31.15,1.17,1.17,1452000000.0,-1099000000.0,1468000000.0,1468000000.0,0.0,,,,,0.0,0.0,1.0,269490029.0,269490029.0,,5.447,17719000000.0,177000000.0,99000000.0,1940000000.0,65.75,902000000.0
29,CMS,MRQ,2014-03-31,2014-03-31,2014-03-31,2021-07-29,-21000000.0,17924000000.0,,2969000000.0,14955000000.0,,13.54,-304000000.0,789000000.0,789000000.0,1841000000.0,204000000.0,1.649,3.944,8337000000.0,666000000.0,7671000000.0,8337000000.0,0.0,199000000.0,0.0,0.035,0.27,485000000.0,684000000.0,0.271,684000000.0,485000000.0,384000000.0,0.77,0.75,0.77,3618000000.0,,3618000000.0,15590846199.0,11.0,7.389,307000000.0,1.149,1.0,682000000.0,0.27,0.0,101000000.0,23671000000.0,,537000000.0,522000000.0,69000000.0,453000000.0,14269000000.0,1801000000.0,12468000000.0,7823846199.0,586000000.0,0.0,33000000.0,360000000.0,-72000000.0,321000000.0,-346000000.0,-29000000.0,611000000.0,0.0,204000000.0,204000000.0,204000000.0,0.0,0.0,0.081,199000000.0,483000000.0,642000000.0,0.351,2.162,15.281,15.093,12360000000.0,0.0,29.28,1.1,1.1,1688000000.0,-1110000000.0,2523000000.0,2523000000.0,0.0,,,,,0.0,0.0,1.0,267207862.0,267207862.0,,9.442,17924000000.0,209000000.0,180000000.0,1911000000.0,67.079,1168000000.0
30,CMS,MRQ,2013-12-31,2013-12-31,2013-12-31,2021-07-29,-22000000.0,17416000000.0,,2526000000.0,14890000000.0,,12.932,-425000000.0,204000000.0,204000000.0,1247000000.0,102000000.0,1.299,4.032,7971000000.0,732000000.0,7239000000.0,7971000000.0,0.0,165000000.0,0.0,0.038,0.255,323000000.0,488000000.0,0.281,488000000.0,323000000.0,224000000.0,0.39,0.37,0.39,3454000000.0,,3454000000.0,14619021573.0,11.0,7.259,-122000000.0,-0.457,1.0,489000000.0,0.282,0.0,99000000.0,23238000000.0,,881000000.0,531000000.0,63000000.0,468000000.0,13925000000.0,1945000000.0,11980000000.0,7150021573.0,-88000000.0,0.0,4000000.0,76000000.0,-68000000.0,137000000.0,-528000000.0,-86000000.0,303000000.0,0.0,102000000.0,102000000.0,102000000.0,0.0,0.0,0.059,165000000.0,324000000.0,595000000.0,0.654,2.07,15.819,15.655,12246000000.0,0.0,26.77,1.089,1.089,1570000000.0,-1242000000.0,1736000000.0,1736000000.0,0.0,,,,,0.0,0.0,1.0,267090832.0,267090832.0,,6.5,17416000000.0,328000000.0,122000000.0,1953000000.0,65.206,581000000.0
31,CMS,MRQ,2013-09-30,2013-09-30,2013-09-30,2021-07-29,-39000000.0,16986000000.0,,2401000000.0,14585000000.0,,12.721,-320000000.0,292000000.0,292000000.0,929000000.0,127000000.0,1.64,3.991,7761000000.0,532000000.0,7229000000.0,7761000000.0,0.0,145000000.0,0.0,0.038,0.255,370000000.0,515000000.0,0.356,515000000.0,370000000.0,271000000.0,0.48,0.46,0.48,3396000000.0,,3396000000.0,14057373014.0,11.0,7.216,-297000000.0,-1.113,1.0,516000000.0,0.357,0.0,99000000.0,22991000000.0,,1089000000.0,380000000.0,84000000.0,296000000.0,13553000000.0,1464000000.0,12089000000.0,7026373014.0,-277000000.0,0.0,4000000.0,154000000.0,-70000000.0,88000000.0,-388000000.0,-53000000.0,23000000.0,0.0,126000000.0,126000000.0,126000000.0,0.0,1000000.0,0.087,145000000.0,371000000.0,526000000.0,0.531,2.069,16.85,16.658,12154000000.0,0.0,26.32,1.081,1.081,1244000000.0,-1276000000.0,1445000000.0,1445000000.0,0.0,,,,,0.0,0.0,1.0,266959461.0,266959461.0,,5.413,16986000000.0,122000000.0,145000000.0,1550000000.0,63.628,937000000.0
32,CMS,MRQ,2013-06-30,2013-06-30,2013-06-30,2021-07-29,-56000000.0,17429000000.0,,2485000000.0,14944000000.0,,12.454,-306000000.0,566000000.0,566000000.0,987000000.0,81000000.0,1.379,4.234,7597000000.0,758000000.0,6839000000.0,7597000000.0,0.0,137000000.0,0.0,0.036,0.255,286000000.0,423000000.0,0.301,423000000.0,286000000.0,184000000.0,0.3,0.29,0.3,3323000000.0,,3323000000.0,14256674483.0,11.0,7.255,64000000.0,0.24,1.0,419000000.0,0.298,0.0,102000000.0,22658000000.0,,830000000.0,398000000.0,76000000.0,322000000.0,14069000000.0,1802000000.0,12267000000.0,7249674483.0,-49000000.0,0.0,4000000.0,-32000000.0,-68000000.0,-96000000.0,-323000000.0,0.0,370000000.0,0.0,80000000.0,80000000.0,80000000.0,0.0,1000000.0,0.057,137000000.0,282000000.0,521000000.0,0.85,2.182,16.514,16.367,11916000000.0,0.0,27.17,1.105,1.105,1242000000.0,-1334000000.0,1406000000.0,1406000000.0,0.0,,,,,0.0,0.0,1.0,266826444.0,266826444.0,,5.269,17429000000.0,140000000.0,104000000.0,1440000000.0,65.32,683000000.0
33,CMS,MRQ,2013-03-31,2013-03-31,2013-03-31,2021-07-29,-54000000.0,17269000000.0,,2528000000.0,14741000000.0,,12.432,-274000000.0,615000000.0,615000000.0,1399000000.0,144000000.0,1.537,4.21,7622000000.0,732000000.0,6890000000.0,7622000000.0,0.0,181000000.0,0.0,0.035,0.255,407000000.0,588000000.0,0.297,588000000.0,407000000.0,309000000.0,0.55,0.53,0.55,3306000000.0,,3306000000.0,14822236222.0,11.0,7.471,451000000.0,1.696,1.0,580000000.0,0.293,0.0,98000000.0,22631000000.0,,637000000.0,416000000.0,73000000.0,343000000.0,13919000000.0,1645000000.0,12274000000.0,7430236222.0,493000000.0,0.0,24000000.0,104000000.0,-67000000.0,61000000.0,-293000000.0,0.0,725000000.0,0.0,144000000.0,144000000.0,144000000.0,0.0,0.0,0.073,181000000.0,399000000.0,436000000.0,0.464,2.248,16.188,16.057,11667000000.0,0.0,27.94,1.145,1.145,1432000000.0,-1346000000.0,1979000000.0,1979000000.0,0.0,,,,,0.0,0.0,1.0,265935441.0,265935441.0,,7.442,17269000000.0,157000000.0,165000000.0,1400000000.0,64.937,883000000.0
34,CMS,MRQ,2012-12-31,2012-12-31,2012-12-31,2021-07-29,-55000000.0,17131000000.0,,2422000000.0,14709000000.0,,12.044,-366000000.0,122000000.0,122000000.0,1240000000.0,67000000.0,1.348,4.35,7514000000.0,651000000.0,6863000000.0,7514000000.0,0.0,158000000.0,0.0,0.039,0.24,264000000.0,422000000.0,0.253,422000000.0,264000000.0,168000000.0,0.25,0.25,0.25,3194000000.0,,3194000000.0,13682667254.0,11.0,7.432,-59000000.0,-0.222,1.0,430000000.0,0.257,0.0,96000000.0,22726000000.0,,1084000000.0,391000000.0,41000000.0,350000000.0,13893000000.0,1797000000.0,12096000000.0,6465667254.0,-35000000.0,0.0,3000000.0,131000000.0,-64000000.0,70000000.0,-412000000.0,-63000000.0,307000000.0,0.0,67000000.0,67000000.0,67000000.0,0.0,0.0,0.04,159000000.0,271000000.0,521000000.0,0.96,2.024,16.926,16.699,11551000000.0,0.0,24.38,1.034,1.034,1418000000.0,-1423000000.0,1670000000.0,1670000000.0,0.0,,,,,0.0,0.0,1.0,265203743.0,265203743.0,,6.297,17131000000.0,190000000.0,101000000.0,1405000000.0,64.596,625000000.0
35,CMS,MRQ,2012-09-30,2012-09-30,2012-09-30,2021-07-29,-43000000.0,16608000000.0,,2360000000.0,14248000000.0,,12.061,-286000000.0,159000000.0,159000000.0,974000000.0,149000000.0,1.589,4.183,7376000000.0,510000000.0,6866000000.0,7376000000.0,0.0,138000000.0,0.0,0.039,0.24,394000000.0,532000000.0,0.353,532000000.0,394000000.0,298000000.0,0.56,0.55,0.56,3196000000.0,,3196000000.0,13056441024.0,11.0,7.331,-295000000.0,-1.113,1.0,533000000.0,0.354,0.0,96000000.0,22340000000.0,,1272000000.0,301000000.0,28000000.0,273000000.0,13368000000.0,1485000000.0,11883000000.0,6240441024.0,-59000000.0,0.0,4000000.0,337000000.0,-63000000.0,278000000.0,-328000000.0,0.0,-9000000.0,0.0,147000000.0,148000000.0,148000000.0,0.0,2000000.0,0.098,137000000.0,396000000.0,500000000.0,0.429,1.953,17.529,17.19,11190000000.0,-1000000.0,23.55,1.006,1.006,1205000000.0,-1426000000.0,1507000000.0,1507000000.0,0.0,,,,,0.0,0.0,1.0,264986880.0,264986880.0,,5.687,16608000000.0,119000000.0,151000000.0,1335000000.0,62.675,875000000.0
36,CMS,MRQ,2012-06-30,2012-06-30,2012-06-30,2021-07-29,-45000000.0,16293000000.0,,2206000000.0,14087000000.0,,11.892,-281000000.0,215000000.0,215000000.0,895000000.0,101000000.0,1.221,4.223,7031000000.0,653000000.0,6378000000.0,7031000000.0,0.0,130000000.0,0.0,0.038,0.24,312000000.0,442000000.0,0.332,442000000.0,312000000.0,214000000.0,0.38,0.37,0.38,3111000000.0,,3111000000.0,12952569098.0,11.0,7.509,27000000.0,0.103,1.0,438000000.0,0.329,0.0,98000000.0,21302000000.0,,1052000000.0,334000000.0,40000000.0,294000000.0,13138000000.0,1807000000.0,11331000000.0,6147569098.0,-171000000.0,0.0,22000000.0,-141000000.0,-63000000.0,-182000000.0,-297000000.0,0.0,308000000.0,0.0,99000000.0,100000000.0,100000000.0,0.0,2000000.0,0.075,130000000.0,308000000.0,536000000.0,0.632,1.976,17.716,17.279,10997000000.0,-1000000.0,23.5,0.998,0.998,1141000000.0,-1511000000.0,1333000000.0,1333000000.0,0.0,,,,,0.0,0.0,1.0,261598685.0,261598685.0,,5.096,16293000000.0,136000000.0,115000000.0,1361000000.0,62.282,399000000.0
37,CMS,MRQ,2012-03-31,2012-03-31,2012-03-31,2021-07-29,-47000000.0,16160000000.0,,2268000000.0,13892000000.0,,11.792,-294000000.0,387000000.0,387000000.0,1314000000.0,67000000.0,1.247,4.286,7192000000.0,837000000.0,6355000000.0,7192000000.0,0.0,172000000.0,0.0,0.04,0.24,273000000.0,445000000.0,0.255,445000000.0,273000000.0,174000000.0,0.26,0.25,0.26,3049000000.0,,3049000000.0,12764557864.0,11.0,7.648,341000000.0,1.319,1.0,429000000.0,0.246,0.0,99000000.0,21146000000.0,,888000000.0,346000000.0,25000000.0,321000000.0,13067000000.0,1819000000.0,11248000000.0,5688557864.0,197000000.0,0.0,1000000.0,-64000000.0,-62000000.0,-125000000.0,-313000000.0,0.0,635000000.0,0.0,67000000.0,67000000.0,67000000.0,-14000000.0,0.0,0.038,172000000.0,257000000.0,417000000.0,0.923,1.866,16.394,15.942,10755000000.0,0.0,22.0,0.919,0.919,1214000000.0,-1548000000.0,1743000000.0,1743000000.0,0.0,,,,,0.0,0.0,1.0,258570812.0,258570812.0,,6.741,16160000000.0,158000000.0,107000000.0,1307000000.0,62.497,449000000.0
38,CMS,MRQ,2011-12-31,2011-12-31,2011-12-31,2021-07-29,-49000000.0,16452000000.0,,2565000000.0,13887000000.0,,11.942,-258000000.0,188000000.0,188000000.0,1250000000.0,41000000.0,1.097,4.419,7264000000.0,1057000000.0,6207000000.0,7264000000.0,0.0,142000000.0,0.0,0.038,0.21,220000000.0,362000000.0,0.223,362000000.0,220000000.0,118000000.0,0.17,0.15,0.17,3028000000.0,,3028000000.0,12294621426.0,10.0,6.946,-284000000.0,-1.12,1.0,370000000.0,0.228,0.0,102000000.0,21190000000.0,,1187000000.0,375000000.0,49000000.0,326000000.0,13380000000.0,2338000000.0,11042000000.0,5598621426.0,-462000000.0,0.0,3000000.0,-81000000.0,-52000000.0,-130000000.0,-306000000.0,-40000000.0,-26000000.0,0.0,41000000.0,41000000.0,41000000.0,0.0,0.0,0.025,142000000.0,228000000.0,584000000.0,1.235,1.849,13.491,13.301,10633000000.0,0.0,22.08,0.861,0.861,1341000000.0,-1553000000.0,1620000000.0,1620000000.0,0.0,,,,,0.0,0.0,1.0,253560753.0,253560753.0,,6.389,16452000000.0,211000000.0,77000000.0,1363000000.0,64.884,227000000.0
39,CMS,MRQ,2011-09-30,2011-09-30,2011-09-30,2021-07-29,-40000000.0,15958000000.0,,2860000000.0,13098000000.0,,12.011,-225000000.0,652000000.0,652000000.0,995000000.0,140000000.0,1.292,4.23,7348000000.0,1140000000.0,6208000000.0,7348000000.0,0.0,120000000.0,0.0,0.042,0.21,356000000.0,476000000.0,0.325,476000000.0,356000000.0,252000000.0,0.55,0.53,0.55,3043000000.0,,3043000000.0,11474920009.0,10.0,6.553,-246000000.0,-0.971,1.0,469000000.0,0.32,0.0,104000000.0,20440000000.0,,1279000000.0,115000000.0,62000000.0,53000000.0,12871000000.0,2214000000.0,10657000000.0,5013920009.0,-371000000.0,0.0,4000000.0,15000000.0,-53000000.0,-69000000.0,-281000000.0,-60000000.0,-21000000.0,0.0,138000000.0,139000000.0,139000000.0,0.0,2000000.0,0.095,120000000.0,349000000.0,493000000.0,0.382,1.648,12.566,12.447,10410000000.0,-1000000.0,19.79,0.764,0.764,1130000000.0,-1542000000.0,1464000000.0,1464000000.0,0.0,,,,,0.0,0.0,1.0,253356241.0,253356241.0,,5.778,15958000000.0,116000000.0,114000000.0,1152000000.0,62.986,646000000.0
40,CMS,MRQ,2011-06-30,2011-06-30,2011-06-30,2021-07-29,-38000000.0,15945000000.0,,2956000000.0,12989000000.0,,11.722,-208000000.0,1023000000.0,1023000000.0,984000000.0,101000000.0,1.319,4.376,7484000000.0,1123000000.0,6361000000.0,7484000000.0,0.0,122000000.0,0.0,0.04,0.21,264000000.0,386000000.0,0.283,386000000.0,264000000.0,160000000.0,0.4,0.38,0.4,2958000000.0,,2958000000.0,11520824702.0,9.0,6.433,167000000.0,0.662,1.0,380000000.0,0.279,0.0,104000000.0,20165000000.0,,969000000.0,109000000.0,57000000.0,52000000.0,12943000000.0,2241000000.0,10702000000.0,4968824702.0,193000000.0,0.0,22000000.0,98000000.0,-53000000.0,61000000.0,-243000000.0,0.0,375000000.0,0.0,99000000.0,100000000.0,100000000.0,0.0,2000000.0,0.073,122000000.0,258000000.0,452000000.0,0.525,1.68,12.611,12.154,10255000000.0,-1000000.0,19.69,0.759,0.759,1127000000.0,-1628000000.0,1364000000.0,1364000000.0,0.0,,,,,0.0,0.0,1.0,252352702.0,252352702.0,,5.405,15945000000.0,133000000.0,61000000.0,1208000000.0,63.185,715000000.0
41,CMS,MRQ,2011-03-31,2011-03-31,2011-03-31,2021-07-29,-40000000.0,15642000000.0,,2741000000.0,12901000000.0,,11.45,-191000000.0,831000000.0,831000000.0,1520000000.0,135000000.0,1.197,4.403,7383000000.0,1275000000.0,6108000000.0,7383000000.0,0.0,162000000.0,0.0,0.037,0.21,384000000.0,546000000.0,0.266,546000000.0,384000000.0,279000000.0,0.54,0.52,0.54,2887000000.0,,2887000000.0,12068041738.0,10.0,6.577,650000000.0,2.578,1.0,535000000.0,0.26,0.0,105000000.0,19904000000.0,,712000000.0,106000000.0,55000000.0,51000000.0,12711000000.0,2290000000.0,10421000000.0,4952041738.0,554000000.0,0.0,0.0,-6000000.0,-53000000.0,-61000000.0,-228000000.0,0.0,841000000.0,0.0,135000000.0,135000000.0,135000000.0,-4000000.0,0.0,0.066,162000000.0,373000000.0,421000000.0,0.389,1.715,13.241,12.51,10138000000.0,0.0,19.64,0.76,0.76,1322000000.0,-1675000000.0,2055000000.0,2055000000.0,0.0,,,,,0.0,0.0,1.0,252140618.0,252140618.0,,8.15,15642000000.0,149000000.0,144000000.0,982000000.0,62.037,451000000.0
42,CMS,MRQ,2010-12-31,2010-12-31,2010-12-31,2021-07-29,-40000000.0,15616000000.0,,2759000000.0,12857000000.0,,11.42,-210000000.0,270000000.0,270000000.0,1330000000.0,25000000.0,1.365,4.575,7386000000.0,750000000.0,6636000000.0,7386000000.0,0.0,140000000.0,0.0,0.035,0.21,203000000.0,343000000.0,0.204,343000000.0,203000000.0,96000000.0,0.1,0.09,0.1,2793000000.0,,2793000000.0,11064107983.0,9.0,6.212,-249000000.0,-1.018,1.0,352000000.0,0.209,0.0,107000000.0,20711000000.0,,1175000000.0,119000000.0,70000000.0,49000000.0,12779000000.0,2021000000.0,10758000000.0,4549107983.0,-449000000.0,0.0,3000000.0,92000000.0,-59000000.0,-133000000.0,-277000000.0,-56000000.0,-39000000.0,0.0,25000000.0,25000000.0,25000000.0,6000000.0,0.0,0.015,140000000.0,212000000.0,501000000.0,2.1,1.629,14.04,13.286,10069000000.0,0.0,18.6,0.707,0.707,1403000000.0,-1757000000.0,1682000000.0,1682000000.0,0.0,,,,,0.0,0.0,1.0,244575698.0,244575698.0,,6.877,15616000000.0,180000000.0,71000000.0,969000000.0,63.849,738000000.0
43,CMS,MRQ,2010-09-30,2010-09-30,2010-09-30,2021-07-29,-31000000.0,15571000000.0,,3086000000.0,12485000000.0,,12.256,-187000000.0,719000000.0,719000000.0,944000000.0,146000000.0,1.343,4.504,7234000000.0,1031000000.0,6203000000.0,7234000000.0,0.0,133000000.0,0.0,0.032,0.15,383000000.0,516000000.0,0.358,516000000.0,383000000.0,281000000.0,0.58,0.53,0.58,2821000000.0,,2821000000.0,10321826841.0,9.0,5.875,-237000000.0,-1.03,1.0,499000000.0,0.346,0.0,102000000.0,19789000000.0,,1395000000.0,123000000.0,74000000.0,49000000.0,12705000000.0,2297000000.0,10408000000.0,4147826841.0,160000000.0,0.0,2000000.0,499000000.0,-34000000.0,446000000.0,-236000000.0,-75000000.0,-50000000.0,0.0,145000000.0,134000000.0,134000000.0,0.0,2000000.0,0.093,131000000.0,368000000.0,464000000.0,0.259,1.47,13.599,13.549,9918000000.0,11000000.0,18.02,0.652,0.652,1049000000.0,-1731000000.0,1443000000.0,1443000000.0,0.0,,,,,0.0,0.0,1.0,230179070.0,230179070.0,,6.269,15571000000.0,111000000.0,136000000.0,758000000.0,67.647,789000000.0
44,CMS,MRQ,2010-06-30,2010-06-30,2010-06-30,2021-07-29,-31000000.0,15051000000.0,,2621000000.0,12430000000.0,,12.823,-234000000.0,558000000.0,558000000.0,960000000.0,84000000.0,1.51,4.09,6732000000.0,653000000.0,6079000000.0,6732000000.0,0.0,131000000.0,0.0,0.038,0.15,299000000.0,430000000.0,0.321,430000000.0,299000000.0,182000000.0,0.35,0.32,0.35,2948000000.0,,2948000000.0,9614989175.0,9.0,5.866,157000000.0,0.683,1.0,380000000.0,0.284,0.0,117000000.0,19489000000.0,,1077000000.0,124000000.0,72000000.0,52000000.0,12058000000.0,1736000000.0,10322000000.0,3367989175.0,-219000000.0,0.0,5000000.0,-283000000.0,-35000000.0,-332000000.0,-278000000.0,0.0,391000000.0,0.0,82000000.0,80000000.0,80000000.0,16000000.0,4000000.0,0.06,77000000.0,303000000.0,460000000.0,0.429,1.142,14.151,14.087,9804000000.0,2000000.0,14.65,0.545,0.545,1017000000.0,-1831000000.0,1340000000.0,1340000000.0,0.0,,,,,0.0,0.0,1.0,229896872.0,229896872.0,,5.829,15051000000.0,127000000.0,100000000.0,774000000.0,65.468,885000000.0
45,CMS,MRQ,2010-03-31,2010-03-31,2010-03-31,2021-07-29,-32000000.0,15226000000.0,,2795000000.0,12431000000.0,,12.608,-190000000.0,778000000.0,778000000.0,1490000000.0,88000000.0,1.651,4.241,7025000000.0,720000000.0,6305000000.0,7025000000.0,0.0,172000000.0,0.0,0.034,0.15,315000000.0,487000000.0,0.248,487000000.0,315000000.0,215000000.0,0.37,0.34,0.37,2897000000.0,,2897000000.0,10256288184.0,10.0,6.438,467000000.0,2.032,1.0,477000000.0,0.243,0.0,100000000.0,19780000000.0,,846000000.0,133000000.0,81000000.0,52000000.0,12285000000.0,1693000000.0,10592000000.0,3552288184.0,665000000.0,-10000000.0,0.0,285000000.0,-34000000.0,221000000.0,-212000000.0,0.0,657000000.0,0.0,88000000.0,85000000.0,85000000.0,1000000.0,0.0,0.043,172000000.0,305000000.0,403000000.0,0.405,1.226,15.246,15.157,9647000000.0,3000000.0,15.46,0.585,0.585,1139000000.0,-1876000000.0,1967000000.0,1967000000.0,0.0,,,,,0.0,0.0,1.0,229772845.0,229772845.0,,8.561,15226000000.0,142000000.0,127000000.0,1012000000.0,66.265,1102000000.0
46,CMS,MRQ,2009-12-31,2009-12-31,2009-12-31,2021-07-29,-33000000.0,15256000000.0,,2742000000.0,12514000000.0,,12.373,-201000000.0,122000000.0,122000000.0,1304000000.0,11000000.0,1.403,4.336,6826000000.0,734000000.0,6092000000.0,6826000000.0,0.0,148000000.0,0.0,0.032,0.125,176000000.0,324000000.0,0.201,324000000.0,176000000.0,48000000.0,0.03,0.01,0.03,2841000000.0,,2841000000.0,10210644727.0,10.0,6.52,13000000.0,0.057,1.0,309000000.0,0.192,0.0,128000000.0,20006000000.0,,1319000000.0,90000000.0,81000000.0,9000000.0,12318000000.0,1954000000.0,10364000000.0,3595644727.0,-91000000.0,0.0,2000000.0,35000000.0,-29000000.0,-46000000.0,-260000000.0,-42000000.0,214000000.0,0.0,9000000.0,6000000.0,6000000.0,3000000.0,4000000.0,0.004,148000000.0,161000000.0,509000000.0,4.167,1.266,16.494,16.312,9682000000.0,3000000.0,15.66,0.579,0.579,1293000000.0,-1927000000.0,1613000000.0,1613000000.0,0.0,,,,,0.0,0.0,1.0,229606943.0,229606943.0,,7.025,15256000000.0,172000000.0,39000000.0,608000000.0,66.444,788000000.0
47,CMS,MRQ,2009-09-30,2009-09-30,2009-09-30,2021-07-29,-23000000.0,14883000000.0,,2662000000.0,12221000000.0,,12.743,-215000000.0,213000000.0,213000000.0,859000000.0,75000000.0,1.455,4.084,6828000000.0,712000000.0,6116000000.0,6828000000.0,0.0,128000000.0,0.0,0.035,0.125,270000000.0,398000000.0,0.315,398000000.0,270000000.0,167000000.0,0.29,0.28,0.29,2917000000.0,,2917000000.0,9221486808.0,9.0,5.671,-381000000.0,-1.664,1.0,404000000.0,0.32,0.0,103000000.0,19668000000.0,,1527000000.0,96000000.0,87000000.0,9000000.0,11913000000.0,1830000000.0,10083000000.0,3067486808.0,-842000000.0,0.0,2000000.0,-437000000.0,-28000000.0,-434000000.0,-242000000.0,-41000000.0,-166000000.0,0.0,69000000.0,67000000.0,67000000.0,1000000.0,12000000.0,0.053,123000000.0,281000000.0,376000000.0,0.431,1.052,11.278,11.261,9566000000.0,2000000.0,13.4,0.478,0.478,1046000000.0,-1900000000.0,1263000000.0,1263000000.0,0.0,,,,,0.0,0.0,1.0,228916926.0,228916926.0,,5.517,14883000000.0,115000000.0,98000000.0,1481000000.0,65.015,832000000.0
48,CMS,MRQ,2009-06-30,2009-06-30,2009-06-30,2021-07-29,-27000000.0,15277000000.0,,3156000000.0,12121000000.0,,12.648,-222000000.0,1056000000.0,1056000000.0,914000000.0,80000000.0,1.731,4.307,7210000000.0,623000000.0,6587000000.0,7210000000.0,0.0,121000000.0,0.0,0.036,0.125,263000000.0,384000000.0,0.313,384000000.0,263000000.0,158000000.0,0.33,0.32,0.33,2869000000.0,,2869000000.0,8846113527.0,8.0,5.447,-28000000.0,-0.123,1.0,311000000.0,0.254,0.0,105000000.0,19608000000.0,,1138000000.0,97000000.0,87000000.0,10000000.0,12357000000.0,1823000000.0,10534000000.0,2740113527.0,203000000.0,0.0,2000000.0,288000000.0,-28000000.0,246000000.0,-241000000.0,0.0,194000000.0,0.0,78000000.0,75000000.0,75000000.0,-25000000.0,4000000.0,0.061,113000000.0,198000000.0,406000000.0,0.379,0.955,9.682,9.664,9421000000.0,3000000.0,12.08,0.416,0.416,1076000000.0,-1945000000.0,1225000000.0,1225000000.0,0.0,,,,,0.0,0.0,1.0,226830590.0,226830590.0,,5.401,15277000000.0,128000000.0,80000000.0,1539000000.0,67.35,1333000000.0
49,CMS,MRQ,2009-03-31,2009-03-31,2009-03-31,2021-07-29,-32000000.0,15002000000.0,,2984000000.0,12018000000.0,,17.655,-180000000.0,862000000.0,862000000.0,1434000000.0,74000000.0,2.078,2.737,6968000000.0,311000000.0,6657000000.0,6968000000.0,0.0,173000000.0,0.0,0.033,0.125,287000000.0,460000000.0,0.219,460000000.0,287000000.0,188000000.0,0.31,0.3,0.31,4001000000.0,,4001000000.0,9192216782.0,9.0,5.803,426000000.0,1.88,1.0,670000000.0,0.318,0.0,99000000.0,19672000000.0,,839000000.0,88000000.0,77000000.0,11000000.0,10949000000.0,1436000000.0,9513000000.0,2683216782.0,613000000.0,0.0,3000000.0,234000000.0,-29000000.0,199000000.0,-192000000.0,0.0,606000000.0,0.0,73000000.0,70000000.0,70000000.0,1000000.0,2000000.0,0.033,395000000.0,275000000.0,354000000.0,0.403,0.671,10.648,10.571,9266000000.0,3000000.0,11.84,0.399,0.399,1360000000.0,-1991000000.0,2104000000.0,2104000000.0,0.0,,,,,0.0,0.0,1.0,226623039.0,226623039.0,,9.284,15002000000.0,140000000.0,115000000.0,1452000000.0,66.198,1548000000.0
50,CMS,MRQ,2008-12-31,2008-12-31,2008-12-31,2021-07-29,-28000000.0,14901000000.0,,2827000000.0,12074000000.0,,12.02,-282000000.0,242000000.0,242000000.0,2069000000.0,64000000.0,1.517,4.445,6735000000.0,514000000.0,6221000000.0,6735000000.0,0.0,153000000.0,0.0,0.036,0.09,231000000.0,384000000.0,0.21,384000000.0,231000000.0,127000000.0,0.26,0.26,0.26,2719000000.0,,2719000000.0,8850958674.0,9.0,5.443,94000000.0,0.416,1.0,-239000000.0,-0.131,0.0,104000000.0,19531000000.0,,1405000000.0,106000000.0,95000000.0,11000000.0,12086000000.0,1863000000.0,10223000000.0,2286958674.0,49000000.0,0.0,3000000.0,-4000000.0,-21000000.0,-24000000.0,-301000000.0,-23000000.0,376000000.0,0.0,63000000.0,60000000.0,60000000.0,-1000000.0,8000000.0,0.033,-464000000.0,225000000.0,516000000.0,0.346,0.841,8.053,8.088,9181000000.0,3000000.0,10.11,0.336,0.336,1036000000.0,-2031000000.0,1830000000.0,1830000000.0,0.0,,,,,0.0,0.0,1.0,226207584.0,226207584.0,,8.09,14901000000.0,165000000.0,64000000.0,815000000.0,65.873,964000000.0
51,CMS,MRQ,2008-09-30,2008-09-30,2008-09-30,2021-07-29,-17000000.0,14077000000.0,,2830000000.0,11247000000.0,,14.718,-170000000.0,193000000.0,193000000.0,821000000.0,82000000.0,1.509,3.241,6757000000.0,649000000.0,6108000000.0,6757000000.0,0.0,135000000.0,0.0,0.026,0.09,261000000.0,396000000.0,0.277,396000000.0,261000000.0,163000000.0,0.35,0.33,0.35,3319000000.0,,3319000000.0,8688043123.0,13.0,6.884,-640000000.0,-2.838,1.0,607000000.0,0.425,0.0,98000000.0,18766000000.0,,1726000000.0,110000000.0,99000000.0,11000000.0,10758000000.0,1875000000.0,8883000000.0,2812043123.0,-365000000.0,0.0,2000000.0,324000000.0,-20000000.0,299000000.0,-194000000.0,4000000.0,-470000000.0,0.0,80000000.0,78000000.0,78000000.0,-1000000.0,2000000.0,0.055,353000000.0,254000000.0,417000000.0,0.257,0.847,31.245,30.415,8995000000.0,2000000.0,12.47,0.424,0.424,992000000.0,-2047000000.0,1428000000.0,1428000000.0,0.0,,,,,0.0,0.0,1.0,225504661.0,225504661.0,,6.332,14077000000.0,159000000.0,83000000.0,1174000000.0,62.424,955000000.0
52,CMS,MRQ,2008-06-30,2008-06-30,2008-06-30,2021-07-29,-22000000.0,13890000000.0,,2647000000.0,11243000000.0,,15.034,-185000000.0,555000000.0,555000000.0,832000000.0,48000000.0,1.406,3.101,6431000000.0,517000000.0,5914000000.0,6431000000.0,0.0,128000000.0,0.0,0.019,0.09,216000000.0,344000000.0,0.252,344000000.0,216000000.0,119000000.0,0.2,0.18,0.2,3387000000.0,,3387000000.0,9191717534.0,13.0,7.164,-9000000.0,-0.04,1.0,533000000.0,0.39,0.0,97000000.0,17884000000.0,,1194000000.0,83000000.0,75000000.0,8000000.0,10503000000.0,1882000000.0,8621000000.0,3356717534.0,-314000000.0,0.0,2000000.0,-277000000.0,-21000000.0,-298000000.0,-192000000.0,0.0,176000000.0,0.0,47000000.0,44000000.0,44000000.0,1000000.0,1000000.0,0.032,329000000.0,204000000.0,478000000.0,0.45,0.991,35.71,34.651,8895000000.0,3000000.0,14.9,0.517,0.517,1016000000.0,-2106000000.0,1365000000.0,1365000000.0,0.0,,,,,0.0,0.0,1.0,225283056.0,225283056.0,,6.059,13890000000.0,202000000.0,72000000.0,976000000.0,61.656,765000000.0
53,CMS,MRQ,2008-03-31,2008-03-31,2008-03-31,2021-07-29,-149000000.0,14242000000.0,,2887000000.0,11355000000.0,,15.601,-155000000.0,964000000.0,964000000.0,1509000000.0,108000000.0,1.292,3.054,6799000000.0,856000000.0,5943000000.0,6799000000.0,0.0,173000000.0,0.0,0.018,0.09,329000000.0,502000000.0,0.23,502000000.0,329000000.0,228000000.0,0.45,0.43,0.45,3513000000.0,,3513000000.0,9177897541.0,13.0,7.378,320000000.0,1.421,1.0,675000000.0,0.309,0.0,101000000.0,17843000000.0,,808000000.0,9000000.0,0.0,9000000.0,10729000000.0,2234000000.0,8495000000.0,3048897541.0,493000000.0,0.0,2000000.0,197000000.0,-20000000.0,170000000.0,-152000000.0,0.0,475000000.0,0.0,105000000.0,102000000.0,102000000.0,0.0,3000000.0,0.047,361000000.0,314000000.0,396000000.0,0.2,0.868,36.734,35.632,8786000000.0,3000000.0,13.54,0.473,0.473,1324000000.0,-2131000000.0,2184000000.0,2184000000.0,0.0,,,,,0.0,0.0,1.0,225177071.0,225177071.0,,9.699,14242000000.0,322000000.0,123000000.0,1023000000.0,63.248,653000000.0
54,CMS,MRQ,2007-12-31,2007-12-31,2007-12-31,2021-07-29,-144000000.0,14192000000.0,,2880000000.0,11312000000.0,,15.345,-719000000.0,382000000.0,382000000.0,1150000000.0,-139000000.0,1.165,3.109,6511000000.0,723000000.0,5788000000.0,6511000000.0,0.0,138000000.0,0.0,0.012,0.05,-118000000.0,20000000.0,0.012,20000000.0,-118000000.0,-224000000.0,-0.59,-0.59,-0.59,3454000000.0,,3454000000.0,9411082119.0,38.0,11.838,-581000000.0,-2.581,1.0,511000000.0,0.308,0.0,106000000.0,17848000000.0,,1334000000.0,79000000.0,68000000.0,11000000.0,10738000000.0,2473000000.0,8265000000.0,3912082119.0,-897000000.0,0.0,2000000.0,-293000000.0,-11000000.0,-303000000.0,-732000000.0,49000000.0,138000000.0,0.0,-131000000.0,-134000000.0,-134000000.0,23000000.0,-16000000.0,-0.081,663000000.0,-152000000.0,431000000.0,-0.085,1.133,-16.718,-16.712,8728000000.0,3000000.0,17.38,0.606,0.606,1273000000.0,-2208000000.0,1661000000.0,1661000000.0,0.0,,,,,0.0,0.0,1.0,225091031.0,225091031.0,,7.379,14192000000.0,257000000.0,-93000000.0,1620000000.0,63.05,407000000.0
55,CMS,MRQ,2007-09-30,2007-09-30,2007-09-30,2021-07-29,-136000000.0,14304000000.0,,3696000000.0,10608000000.0,,15.34,-65000000.0,1293000000.0,1293000000.0,764000000.0,84000000.0,1.509,3.152,6792000000.0,998000000.0,5794000000.0,6792000000.0,0.0,121000000.0,0.0,0.009,0.05,296000000.0,417000000.0,0.325,417000000.0,296000000.0,183000000.0,0.37,0.34,0.37,3445000000.0,,3445000000.0,8636438998.0,19.0,8.385,-581000000.0,-2.587,1.0,518000000.0,0.404,0.0,113000000.0,17354000000.0,,1509000000.0,257000000.0,80000000.0,177000000.0,10859000000.0,2449000000.0,8410000000.0,3777438998.0,-646000000.0,0.0,2000000.0,-14000000.0,-12000000.0,-45000000.0,-85000000.0,16000000.0,-516000000.0,0.0,84000000.0,82000000.0,82000000.0,0.0,0.0,0.064,253000000.0,265000000.0,392000000.0,0.135,1.096,-28.617,-28.033,7961000000.0,2000000.0,16.82,0.58,0.58,533000000.0,-2070000000.0,1282000000.0,1282000000.0,0.0,,,,,0.0,0.0,1.0,224580202.0,224580202.0,,5.708,14304000000.0,226000000.0,99000000.0,940000000.0,63.692,1247000000.0
56,CMS,MRQ,2007-06-30,2007-06-30,2007-06-30,2021-07-29,-137000000.0,14690000000.0,,4171000000.0,10519000000.0,,17.149,1278000000.0,1944000000.0,1944000000.0,868000000.0,36000000.0,1.687,2.816,6803000000.0,986000000.0,5817000000.0,6803000000.0,0.0,122000000.0,0.0,0.006,0.05,183000000.0,305000000.0,0.231,305000000.0,183000000.0,62000000.0,0.15,0.15,0.15,3850000000.0,,3850000000.0,10204360216.0,80.0,14.578,1364000000.0,6.076,1.0,451000000.0,0.342,0.0,121000000.0,17076000000.0,,1130000000.0,440000000.0,0.0,440000000.0,10840000000.0,2473000000.0,8367000000.0,3861360216.0,1275000000.0,-67000000.0,4000000.0,-276000000.0,-11000000.0,-285000000.0,1473000000.0,315000000.0,86000000.0,1000000.0,36000000.0,33000000.0,33000000.0,-91000000.0,0.0,0.025,406000000.0,45000000.0,470000000.0,0.333,1.003,-12.181,-11.944,7820000000.0,3000000.0,17.2,0.592,0.592,699000000.0,-2140000000.0,1319000000.0,1319000000.0,0.0,,,,,0.0,0.0,1.0,224497687.0,224497687.0,,5.875,14690000000.0,182000000.0,26000000.0,972000000.0,65.435,1698000000.0
57,CMS,MRQ,2007-03-31,2007-03-31,2007-03-31,2021-07-29,-192000000.0,15277000000.0,,3215000000.0,12062000000.0,,19.449,-40000000.0,642000000.0,642000000.0,1519000000.0,-211000000.0,1.472,2.518,6985000000.0,723000000.0,6262000000.0,6985000000.0,0.0,164000000.0,0.0,0.003,0.05,-111000000.0,53000000.0,0.024,53000000.0,-111000000.0,-218000000.0,-0.97,-0.97,-0.97,4342000000.0,,4342000000.0,10539954379.0,87.0,15.079,275000000.0,1.232,1.0,670000000.0,0.306,26000000.0,107000000.0,19410000000.0,,824000000.0,1052000000.0,0.0,1052000000.0,10935000000.0,2184000000.0,8751000000.0,3973954379.0,265000000.0,-46000000.0,7000000.0,-17000000.0,-11000000.0,-57000000.0,6000000.0,1000000.0,315000000.0,1000000.0,-211000000.0,-215000000.0,-215000000.0,178000000.0,0.0,-0.098,645000000.0,25000000.0,495000000.0,-0.052,0.915,-14.295,-14.127,7903000000.0,4000000.0,17.8,0.619,0.619,1072000000.0,-2168000000.0,2189000000.0,2189000000.0,0.0,,,,,0.0,0.0,1.0,223255864.0,223255864.0,,9.805,15251000000.0,282000000.0,-7000000.0,1010000000.0,68.312,1031000000.0
58,CMS,MRQ,2006-12-31,2006-12-31,2006-12-31,2021-07-29,-318000000.0,15371000000.0,,3143000000.0,12228000000.0,,18.9,-124000000.0,320000000.0,320000000.0,1104000000.0,-29000000.0,1.458,2.656,6985000000.0,565000000.0,6420000000.0,6985000000.0,0.0,158000000.0,0.0,0.0,0.0,97000000.0,255000000.0,0.148,255000000.0,97000000.0,-21000000.0,-0.15,-0.15,-0.15,4204000000.0,,4204000000.0,10618659290.0,28.0,11.178,119000000.0,0.535,1.0,618000000.0,0.359,0.0,118000000.0,19880000000.0,,1342000000.0,614000000.0,48000000.0,566000000.0,11167000000.0,2156000000.0,9011000000.0,3714659290.0,-108000000.0,-148000000.0,1000000.0,-35000000.0,0.0,-36000000.0,-315000000.0,-2000000.0,243000000.0,0.0,-29000000.0,-32000000.0,-32000000.0,-22000000.0,0.0,-0.019,671000000.0,-53000000.0,483000000.0,0.0,0.884,-41.274,-40.732,7708000000.0,3000000.0,16.7,0.606,0.606,826000000.0,-1918000000.0,1722000000.0,1722000000.0,0.0,,,,,0.0,0.0,1.0,222434688.0,222434688.0,,7.742,15371000000.0,305000000.0,8000000.0,1025000000.0,69.103,987000000.0
59,CMS,MRQ,2006-09-30,2006-09-30,2006-09-30,2021-07-29,-301000000.0,14978000000.0,,3046000000.0,11932000000.0,,15.118,-157000000.0,529000000.0,529000000.0,719000000.0,-101000000.0,1.922,3.471,7433000000.0,315000000.0,7118000000.0,7433000000.0,0.0,129000000.0,342000000.0,0.0,0.0,-42000000.0,87000000.0,0.068,87000000.0,-42000000.0,-163000000.0,-0.47,-0.47,-0.47,3350000000.0,,3350000000.0,9794726937.0,28.0,10.956,-206000000.0,-0.93,1.0,569000000.0,0.442,30000000.0,121000000.0,20267000000.0,,1520000000.0,1637000000.0,113000000.0,1524000000.0,11628000000.0,1585000000.0,10043000000.0,3199726937.0,-392000000.0,0.0,2000000.0,-151000000.0,0.0,-157000000.0,-186000000.0,4000000.0,-49000000.0,0.0,-101000000.0,-103000000.0,-103000000.0,-11000000.0,0.0,-0.08,636000000.0,-67000000.0,499000000.0,0.0,0.955,-49.996,-51.571,8081000000.0,2000000.0,14.44,0.539,0.539,559000000.0,-1886000000.0,1288000000.0,1288000000.0,0.0,,,,,0.0,0.0,1.0,221587738.0,221587738.0,,5.813,14948000000.0,124000000.0,-62000000.0,820000000.0,67.459,1461000000.0
60,CMS,MRQ,2006-06-30,2006-06-30,2006-06-30,2021-07-29,-282000000.0,15666000000.0,,3393000000.0,12273000000.0,,16.247,-191000000.0,918000000.0,918000000.0,752000000.0,75000000.0,2.022,3.36,7513000000.0,174000000.0,7339000000.0,7513000000.0,0.0,127000000.0,335000000.0,0.0,0.0,177000000.0,304000000.0,0.249,304000000.0,177000000.0,50000000.0,0.33,0.31,0.33,3593000000.0,,3593000000.0,9557653127.0,64.0,13.932,134000000.0,0.606,1.0,467000000.0,0.383,30000000.0,127000000.0,20553000000.0,,1171000000.0,1910000000.0,95000000.0,1815000000.0,12073000000.0,1678000000.0,10395000000.0,2861653127.0,93000000.0,26000000.0,3000000.0,-17000000.0,0.0,-18000000.0,-214000000.0,-20000000.0,325000000.0,0.0,75000000.0,72000000.0,72000000.0,-12000000.0,0.0,0.059,351000000.0,116000000.0,509000000.0,0.0,0.796,-12.662,-12.686,8028000000.0,3000000.0,12.94,0.48,0.48,857000000.0,-1783000000.0,1219000000.0,1219000000.0,0.0,,,,,0.0,0.0,1.0,221147846.0,221147846.0,,5.512,15636000000.0,147000000.0,-25000000.0,1037000000.0,70.704,1715000000.0
61,CMS,MRQ,2006-03-31,2006-03-31,2006-03-31,2021-07-29,-286000000.0,15550000000.0,,3314000000.0,12236000000.0,,17.023,-129000000.0,824000000.0,824000000.0,1492000000.0,-24000000.0,2.038,3.138,7520000000.0,319000000.0,7201000000.0,7520000000.0,0.0,162000000.0,364000000.0,0.0,0.0,151000000.0,313000000.0,0.162,313000000.0,151000000.0,24000000.0,-0.12,-0.12,-0.12,3758000000.0,,3758000000.0,9544823520.0,54.0,13.481,42000000.0,0.19,1.0,445000000.0,0.23,30000000.0,127000000.0,20590000000.0,,898000000.0,1974000000.0,121000000.0,1853000000.0,11792000000.0,1626000000.0,10166000000.0,2858823520.0,-89000000.0,-26000000.0,2000000.0,-216000000.0,0.0,-225000000.0,-36000000.0,142000000.0,171000000.0,1000000.0,-24000000.0,-27000000.0,-27000000.0,-8000000.0,0.0,-0.014,424000000.0,21000000.0,400000000.0,0.0,0.761,-10.549,-10.528,7898000000.0,3000000.0,12.95,0.479,0.479,1084000000.0,-1855000000.0,1937000000.0,1937000000.0,0.0,,,,,0.0,0.0,1.0,220758573.0,220758573.0,,8.774,15520000000.0,166000000.0,48000000.0,1124000000.0,70.303,1688000000.0
62,CMS,MRQ,2005-12-31,2005-12-31,2005-12-31,2021-07-29,-288000000.0,16041000000.0,,3920000000.0,12121000000.0,,16.634,-156000000.0,1045000000.0,1045000000.0,1215000000.0,-3000000.0,1.837,3.382,7731000000.0,445000000.0,7286000000.0,7731000000.0,0.0,126000000.0,193000000.0,0.0,0.0,64000000.0,190000000.0,0.127,190000000.0,64000000.0,-41000000.0,-0.02,-0.02,-0.02,3661000000.0,,3661000000.0,9643585444.0,21.0,9.761,-125000000.0,-0.568,1.0,282000000.0,0.188,27000000.0,105000000.0,20566000000.0,,1275000000.0,1990000000.0,242000000.0,1748000000.0,12380000000.0,2134000000.0,10246000000.0,3193585444.0,54000000.0,0.0,6000000.0,168000000.0,0.0,156000000.0,-131000000.0,6000000.0,31000000.0,-2000000.0,-3000000.0,-6000000.0,-6000000.0,-57000000.0,0.0,-0.004,376000000.0,-94000000.0,613000000.0,0.0,0.872,-33.974,-32.977,7845000000.0,3000000.0,14.51,0.543,0.543,899000000.0,-1828000000.0,1497000000.0,1497000000.0,0.0,,,,,0.0,0.0,1.0,220095482.0,220095482.0,,6.802,16014000000.0,160000000.0,-38000000.0,1205000000.0,72.759,1786000000.0
63,CMS,MRQ,2005-09-30,2005-09-30,2005-09-30,2021-07-29,-297000000.0,16115000000.0,,3940000000.0,12175000000.0,,17.955,-155000000.0,989000000.0,989000000.0,525000000.0,-263000000.0,1.817,3.093,7439000000.0,441000000.0,6998000000.0,7439000000.0,0.0,121000000.0,594000000.0,0.0,0.0,-242000000.0,-121000000.0,-0.093,-121000000.0,-242000000.0,-369000000.0,-1.21,-1.21,-1.21,3937000000.0,,3937000000.0,10007997751.0,15.0,8.849,-68000000.0,-0.31,1.0,782000000.0,0.598,30000000.0,127000000.0,20367000000.0,,1380000000.0,2063000000.0,380000000.0,1683000000.0,12178000000.0,2168000000.0,10010000000.0,3606997751.0,-220000000.0,0.0,6000000.0,-47000000.0,0.0,-55000000.0,-252000000.0,-74000000.0,87000000.0,0.0,-263000000.0,-265000000.0,-265000000.0,0.0,0.0,-0.203,1567000000.0,-785000000.0,531000000.0,0.0,0.916,-87.976,-274.167,7719000000.0,2000000.0,16.45,0.607,0.607,642000000.0,-1822000000.0,1307000000.0,1307000000.0,0.0,,,,,0.0,0.0,1.0,219270380.0,219270380.0,,5.961,16085000000.0,116000000.0,-106000000.0,1197000000.0,73.357,1772000000.0
64,CMS,MRQ,2005-06-30,2005-06-30,2005-06-30,2021-07-29,-333000000.0,16461000000.0,,3293000000.0,13168000000.0,,18.37,-92000000.0,1080000000.0,1080000000.0,711000000.0,30000000.0,2.031,3.096,7481000000.0,343000000.0,7138000000.0,7481000000.0,0.0,122000000.0,0.0,0.0,0.0,204000000.0,326000000.0,0.265,326000000.0,204000000.0,71000000.0,0.12,0.12,0.12,4019000000.0,,4019000000.0,10075839737.0,8.0,6.099,126000000.0,0.576,1.0,519000000.0,0.422,27000000.0,133000000.0,21214000000.0,,918000000.0,1887000000.0,241000000.0,1646000000.0,12442000000.0,1621000000.0,10821000000.0,3294839737.0,73000000.0,0.0,277000000.0,-297000000.0,0.0,-44000000.0,-102000000.0,-17000000.0,218000000.0,1000000.0,30000000.0,27000000.0,27000000.0,0.0,0.0,0.022,379000000.0,140000000.0,412000000.0,0.0,0.82,11.767,10.04,8834000000.0,3000000.0,15.06,0.578,0.578,648000000.0,-1557000000.0,1230000000.0,1230000000.0,0.0,,,,,0.0,0.0,1.0,218780859.0,218780859.0,,5.622,16434000000.0,139000000.0,41000000.0,1710000000.0,75.116,1672000000.0
65,CMS,MRQ,2005-03-31,2005-03-31,2005-03-31,2021-07-29,-323000000.0,16201000000.0,,3181000000.0,13020000000.0,,19.773,-129000000.0,985000000.0,985000000.0,960000000.0,152000000.0,1.909,3.192,7766000000.0,487000000.0,7279000000.0,7766000000.0,0.0,156000000.0,0.0,0.0,0.0,437000000.0,593000000.0,0.321,593000000.0,437000000.0,301000000.0,0.77,0.74,0.77,3865000000.0,,3865000000.0,9562877774.0,8.0,5.778,133000000.0,0.68,1.0,885000000.0,0.48,22000000.0,136000000.0,21294000000.0,,612000000.0,1941000000.0,253000000.0,1688000000.0,12336000000.0,1666000000.0,10670000000.0,2548877774.0,271000000.0,0.0,6000000.0,23000000.0,0.0,17000000.0,-8000000.0,126000000.0,262000000.0,0.0,152000000.0,150000000.0,150000000.0,0.0,0.0,0.081,390000000.0,495000000.0,358000000.0,0.0,0.659,9.475,8.811,8798000000.0,2000000.0,13.04,0.458,0.458,886000000.0,-1584000000.0,1845000000.0,1845000000.0,0.0,,,,,0.0,0.0,1.0,195466087.0,195466087.0,,9.439,16179000000.0,164000000.0,149000000.0,1704000000.0,82.771,1515000000.0
66,CMS,MRQ,2004-12-31,2004-12-31,2004-12-31,2021-07-29,-336000000.0,15872000000.0,,2999000000.0,12873000000.0,,19.227,-144000000.0,725000000.0,725000000.0,1000000000.0,49000000.0,1.709,3.239,7739000000.0,476000000.0,7263000000.0,7739000000.0,0.0,65000000.0,289000000.0,0.0,0.0,268000000.0,333000000.0,0.213,333000000.0,268000000.0,106000000.0,0.26,0.26,0.26,3744000000.0,,3744000000.0,9215883596.0,9.0,6.485,9000000.0,0.046,1.0,562000000.0,0.36,23000000.0,162000000.0,21108000000.0,,1030000000.0,1847000000.0,205000000.0,1642000000.0,12128000000.0,1755000000.0,10373000000.0,2034883596.0,370000000.0,-1000000.0,290000000.0,-94000000.0,0.0,176000000.0,41000000.0,287000000.0,153000000.0,0.0,49000000.0,47000000.0,47000000.0,10000000.0,0.0,0.03,387000000.0,175000000.0,392000000.0,0.0,0.544,18.499,16.077,8742000000.0,2000000.0,10.45,0.372,0.372,581000000.0,-1734000000.0,1562000000.0,1562000000.0,0.0,,,,,0.0,0.0,1.0,194725703.0,194725703.0,,8.022,15849000000.0,167000000.0,57000000.0,1337000000.0,81.391,1244000000.0
67,CMS,MRQ,2004-09-30,2004-09-30,2004-09-30,2021-07-29,-309000000.0,15377000000.0,,2804000000.0,12573000000.0,,22.452,9000000.0,643000000.0,643000000.0,520000000.0,59000000.0,1.643,3.247,7824000000.0,594000000.0,7230000000.0,7824000000.0,0.0,114000000.0,0.0,0.0,0.0,286000000.0,400000000.0,0.376,400000000.0,286000000.0,141000000.0,0.35,0.34,0.35,3621000000.0,,3621000000.0,8367362961.0,9.0,5.582,-269000000.0,-1.668,1.0,543000000.0,0.511,28000000.0,145000000.0,20823000000.0,,1186000000.0,1797000000.0,143000000.0,1654000000.0,11756000000.0,1707000000.0,10049000000.0,1535362961.0,-205000000.0,-70000000.0,0.0,81000000.0,0.0,57000000.0,15000000.0,-58000000.0,-278000000.0,1000000.0,59000000.0,56000000.0,56000000.0,-8000000.0,0.0,0.053,339000000.0,204000000.0,339000000.0,0.0,0.424,21.625,21.156,8600000000.0,3000000.0,9.52,0.291,0.291,449000000.0,-1779000000.0,1063000000.0,1063000000.0,0.0,,,,,0.0,0.0,1.0,161277622.0,161277622.0,,6.591,15349000000.0,0.0,82000000.0,1728000000.0,95.171,1097000000.0
68,CMS,MRQ,2004-06-30,2004-06-30,2004-06-30,2021-07-29,-313000000.0,15307000000.0,,2852000000.0,12455000000.0,,21.774,-61000000.0,909000000.0,909000000.0,592000000.0,19000000.0,1.32,3.299,7741000000.0,903000000.0,6838000000.0,7741000000.0,0.0,108000000.0,0.0,0.0,0.0,221000000.0,329000000.0,0.301,329000000.0,221000000.0,74000000.0,0.1,0.1,0.1,3561000000.0,,3561000000.0,8460159295.0,10.0,6.414,179000000.0,1.095,1.0,501000000.0,0.458,23000000.0,147000000.0,19955000000.0,,832000000.0,1783000000.0,114000000.0,1669000000.0,11746000000.0,2161000000.0,9585000000.0,1493159295.0,3000000.0,0.0,0.0,-4000000.0,0.0,-7000000.0,-238000000.0,-141000000.0,240000000.0,8000000.0,19000000.0,16000000.0,16000000.0,0.0,0.0,0.015,332000000.0,169000000.0,381000000.0,0.0,0.419,-27.651,-25.361,8528000000.0,3000000.0,9.13,0.284,0.284,627000000.0,-1835000000.0,1093000000.0,1093000000.0,0.0,,,,,0.0,0.0,1.0,163544282.0,163544282.0,,6.683,15284000000.0,0.0,55000000.0,1788000000.0,93.455,691000000.0
69,CMS,MRQ,2004-03-31,2004-03-31,2004-03-31,2021-07-29,-317000000.0,15117000000.0,,2719000000.0,12398000000.0,,10.4,-110000000.0,767000000.0,767000000.0,1067000000.0,-6000000.0,1.384,8.02,7734000000.0,892000000.0,6842000000.0,7734000000.0,0.0,144000000.0,0.0,0.0,0.0,215000000.0,359000000.0,0.205,359000000.0,215000000.0,65000000.0,-0.06,-0.06,-0.06,1676000000.0,,1676000000.0,7990276793.0,11.0,6.686,128000000.0,0.794,1.0,687000000.0,0.392,25000000.0,150000000.0,20095000000.0,,562000000.0,1764000000.0,118000000.0,1646000000.0,13441000000.0,1964000000.0,3576000000.0,1442276793.0,-205000000.0,0.0,0.0,-266000000.0,0.0,-269000000.0,-165000000.0,-31000000.0,238000000.0,-9000000.0,-6000000.0,-9000000.0,-9000000.0,2000000.0,0.0,-0.005,487000000.0,200000000.0,276000000.0,0.0,0.861,-10.684,-9.835,8492000000.0,3000000.0,8.95,0.272,0.272,832000000.0,-1855000000.0,1754000000.0,1754000000.0,0.0,,,,,0.0,0.0,1.0,161148245.0,161148245.0,,10.884,15092000000.0,0.0,71000000.0,1614000000.0,93.653,755000000.0
70,CMS,MRQ,2003-12-31,2003-12-31,2003-12-31,2021-07-29,-419000000.0,13838000000.0,,2469000000.0,11369000000.0,,21.579,-83000000.0,733000000.0,733000000.0,783000000.0,9000000.0,1.509,2.98,7281000000.0,519000000.0,6762000000.0,7281000000.0,0.0,154000000.0,0.0,0.0,0.0,257000000.0,411000000.0,0.3,411000000.0,257000000.0,76000000.0,0.06,0.06,0.06,3477000000.0,,3477000000.0,7098835481.0,9.0,5.643,-319000000.0,-1.98,1.0,589000000.0,0.429,25000000.0,181000000.0,18725000000.0,,891000000.0,2228000000.0,2000000.0,2226000000.0,10361000000.0,1636000000.0,8725000000.0,1372835481.0,-137000000.0,0.0,-229000000.0,186000000.0,0.0,245000000.0,-129000000.0,-157000000.0,-236000000.0,-3000000.0,9000000.0,8000000.0,8000000.0,-43000000.0,0.0,0.006,466000000.0,123000000.0,343000000.0,0.0,0.395,-31.201,-28.4,6890000000.0,1000000.0,8.52,0.249,0.249,436000000.0,-1844000000.0,1372000000.0,1372000000.0,0.0,,,,,0.0,0.0,1.0,161130925.0,161130925.0,,8.515,13813000000.0,146000000.0,67000000.0,1509000000.0,85.725,833000000.0
71,CMS,MRQ,2003-09-30,2003-09-30,2003-09-30,2021-07-29,-693000000.0,13234000000.0,,2654000000.0,10580000000.0,,24.938,26000000.0,874000000.0,874000000.0,573000000.0,-69000000.0,2.217,2.683,6601000000.0,190000000.0,6411000000.0,6601000000.0,0.0,90000000.0,0.0,0.024,0.0,130000000.0,220000000.0,0.21,220000000.0,130000000.0,-36000000.0,-0.46,-0.46,-0.46,3593000000.0,,3593000000.0,6660834467.0,-66.0,16.863,-121000000.0,-0.84,1.0,474000000.0,0.453,40000000.0,166000000.0,17724000000.0,,961000000.0,2040000000.0,2000000.0,2038000000.0,9641000000.0,1197000000.0,8444000000.0,1061834467.0,-248000000.0,0.0,229000000.0,-370000000.0,0.0,-141000000.0,40000000.0,7000000.0,-147000000.0,0.0,-69000000.0,-69000000.0,-69000000.0,-2000000.0,0.0,-0.066,366000000.0,108000000.0,411000000.0,0.0,0.296,-1.502,-1.457,6624000000.0,0.0,7.37,0.178,0.178,428000000.0,-1852000000.0,1047000000.0,1047000000.0,0.0,,,,,0.0,0.0,1.0,144075233.0,144075233.0,,7.267,13194000000.0,0.0,33000000.0,1348000000.0,91.577,1457000000.0
72,CMS,MRQ,2003-06-30,2003-06-30,2003-06-30,2021-07-29,-690000000.0,13939000000.0,,3035000000.0,10904000000.0,,27.336,522000000.0,1122000000.0,1122000000.0,683000000.0,-65000000.0,1.772,2.539,6725000000.0,544000000.0,6181000000.0,6725000000.0,0.0,90000000.0,0.0,0.044,0.0,115000000.0,205000000.0,0.182,205000000.0,115000000.0,-24000000.0,-0.45,-0.45,-0.45,3939000000.0,,3939000000.0,7005179738.0,350.0,13.602,254000000.0,1.763,1.0,443000000.0,0.393,36000000.0,139000000.0,17793000000.0,,604000000.0,2108000000.0,2000000.0,2106000000.0,10000000000.0,1713000000.0,8287000000.0,1167179738.0,261000000.0,0.0,0.0,173000000.0,0.0,175000000.0,353000000.0,11000000.0,-268000000.0,1000000.0,-65000000.0,-65000000.0,-65000000.0,53000000.0,0.0,-0.058,310000000.0,133000000.0,433000000.0,0.0,0.296,-1.942,-1.866,6674000000.0,0.0,8.1,0.157,0.157,800000000.0,-1783000000.0,1126000000.0,1126000000.0,0.0,,,,,0.0,0.0,1.0,144096264.0,144096264.0,,7.814,13903000000.0,0.0,41000000.0,1439000000.0,96.484,1322000000.0
73,CMS,MRQ,2003-03-31,2003-03-31,2003-03-31,2021-07-29,-713000000.0,15201000000.0,,2598000000.0,12603000000.0,,8.155,-61000000.0,699000000.0,699000000.0,1378000000.0,82000000.0,0.938,11.937,6520000000.0,1182000000.0,5338000000.0,6520000000.0,0.0,128000000.0,0.0,0.164,0.0,294000000.0,422000000.0,0.214,422000000.0,294000000.0,190000000.0,0.57,0.52,0.57,1175000000.0,,1175000000.0,6828386225.0,-683.0,14.196,354000000.0,2.457,1.0,590000000.0,0.3,32000000.0,104000000.0,18221000000.0,,384000000.0,2116000000.0,0.0,2116000000.0,14026000000.0,2769000000.0,4951000000.0,635386225.0,305000000.0,0.0,0.0,-48000000.0,0.0,-50000000.0,-61000000.0,4000000.0,415000000.0,1000000.0,82000000.0,82000000.0,82000000.0,-31000000.0,0.0,0.042,332000000.0,258000000.0,545000000.0,0.0,0.541,-1.042,-0.993,6628000000.0,0.0,4.41,0.075,0.075,876000000.0,-1718000000.0,1968000000.0,1968000000.0,0.0,,,,,0.0,0.0,1.0,144078509.0,144078509.0,,13.659,15169000000.0,0.0,108000000.0,1308000000.0,105.283,-171000000.0
74,CMS,MRQ,2002-12-31,2002-12-31,2002-12-31,2021-07-29,-728000000.0,14781000000.0,,2739000000.0,12042000000.0,,7.482,-77000000.0,389000000.0,389000000.0,1273000000.0,-655000000.0,0.948,12.712,6577000000.0,1104000000.0,5473000000.0,6577000000.0,0.0,188000000.0,0.0,0.115,0.18,-640000000.0,-452000000.0,-0.247,-452000000.0,-640000000.0,-752000000.0,-4.72,-4.72,-4.72,1078000000.0,,1078000000.0,8498178911.0,-258.0,18.801,204000000.0,1.416,1.0,557000000.0,0.304,31000000.0,112000000.0,18049000000.0,,624000000.0,2100000000.0,0.0,2100000000.0,13703000000.0,2889000000.0,4376000000.0,1360178911.0,19000000.0,-6000000.0,-370000000.0,183000000.0,-25000000.0,-215000000.0,-55000000.0,10000000.0,281000000.0,8000000.0,-655000000.0,-655000000.0,-655000000.0,-153000000.0,0.0,-0.358,992000000.0,-435000000.0,549000000.0,-0.038,1.262,-2.093,-2.017,6103000000.0,0.0,9.44,0.157,0.157,783000000.0,-1800000000.0,1830000000.0,1830000000.0,0.0,,,,,0.0,0.0,1.0,144086749.0,144086749.0,,12.701,14750000000.0,0.0,-97000000.0,1357000000.0,102.369,-150000000.0
75,CMS,MRQ,2002-09-30,2002-09-30,2002-09-30,2021-07-29,-721000000.0,14397000000.0,,2290000000.0,12107000000.0,,12.701,1351000000.0,350000000.0,350000000.0,2003000000.0,37000000.0,0.899,6.872,6594000000.0,836000000.0,5758000000.0,6594000000.0,0.0,89000000.0,0.0,0.158,0.18,251000000.0,340000000.0,0.134,340000000.0,251000000.0,137000000.0,0.26,0.26,0.26,1829000000.0,,1829000000.0,8222613712.0,13.0,6.573,1272000000.0,8.833,1.0,531000000.0,0.21,0.0,114000000.0,18094000000.0,,771000000.0,2334000000.0,0.0,2334000000.0,12568000000.0,2547000000.0,3324000000.0,1159613712.0,114000000.0,-1306000000.0,302000000.0,-96000000.0,-27000000.0,164000000.0,29000000.0,5000000.0,-79000000.0,0.0,37000000.0,37000000.0,37000000.0,-25000000.0,0.0,0.015,336000000.0,195000000.0,534000000.0,0.692,0.634,-6.944,-23.029,5630000000.0,0.0,8.06,0.133,0.134,478000000.0,-1070000000.0,2534000000.0,2534000000.0,0.0,,,,,0.0,0.0,1.0,143872669.0,144000000.0,144000000.0,17.597,14397000000.0,0.0,100000000.0,1457000000.0,99.979,-257000000.0
76,CMS,MRQ,2002-06-30,2002-06-30,2002-06-30,2021-07-29,-686000000.0,14587000000.0,,2197000000.0,12390000000.0,,11.496,-1081000000.0,222000000.0,222000000.0,1626000000.0,-74000000.0,0.762,8.399,6372000000.0,908000000.0,5464000000.0,6372000000.0,0.0,86000000.0,0.0,0.133,0.365,85000000.0,171000000.0,0.08,171000000.0,85000000.0,-21000000.0,-0.55,-0.55,-0.55,1552000000.0,,1552000000.0,8845048452.0,98.0,13.566,-916000000.0,-6.785,1.0,509000000.0,0.238,0.0,106000000.0,17855000000.0,,610000000.0,2391000000.0,0.0,2391000000.0,13035000000.0,2882000000.0,3448000000.0,1480048452.0,93000000.0,1273000000.0,18000000.0,-253000000.0,-48000000.0,-281000000.0,208000000.0,3000000.0,165000000.0,1000000.0,-74000000.0,-74000000.0,-74000000.0,127000000.0,0.0,-0.035,310000000.0,199000000.0,560000000.0,-0.664,0.954,-2.543,-3.173,5506000000.0,0.0,10.98,0.184,0.184,583000000.0,-1080000000.0,2135000000.0,2135000000.0,0.0,,,,,0.0,0.0,1.0,134794941.0,135000000.0,135000000.0,15.815,14587000000.0,0.0,53000000.0,1358000000.0,108.052,-685000000.0
77,CMS,MRQ,2002-03-31,2002-03-31,2002-03-31,2021-07-29,-263000000.0,15604000000.0,,2263000000.0,13341000000.0,,15.639,719000000.0,129000000.0,129000000.0,1637000000.0,42000000.0,0.758,6.502,6459000000.0,900000000.0,5559000000.0,6459000000.0,0.0,122000000.0,0.0,0.065,0.365,273000000.0,395000000.0,0.175,395000000.0,273000000.0,167000000.0,0.32,0.32,0.32,2080000000.0,,2080000000.0,11211503381.0,40.0,13.237,966000000.0,7.263,1.0,626000000.0,0.277,0.0,106000000.0,18949000000.0,,549000000.0,2623000000.0,0.0,2623000000.0,13524000000.0,2985000000.0,3728000000.0,3020503381.0,2000000.0,-16000000.0,42000000.0,-883000000.0,-49000000.0,-891000000.0,647000000.0,6000000.0,247000000.0,-1000000.0,42000000.0,42000000.0,42000000.0,51000000.0,0.0,0.019,294000000.0,332000000.0,566000000.0,1.141,1.452,-6.638,-9.016,5912000000.0,0.0,22.63,0.374,0.372,666000000.0,-957000000.0,2263000000.0,2263000000.0,0.0,,,,,0.0,0.0,1.0,133473415.0,133000000.0,133000000.0,17.015,15604000000.0,0.0,125000000.0,1356000000.0,117.323,-722000000.0
78,CMS,MRQ,2001-12-31,2001-12-31,2001-12-31,2021-07-29,-269000000.0,16775000000.0,,2560000000.0,14215000000.0,,15.326,-370000000.0,127000000.0,127000000.0,1407000000.0,-172000000.0,0.697,7.231,7343000000.0,1432000000.0,5911000000.0,7343000000.0,0.0,309000000.0,0.0,0.061,0.365,36000000.0,345000000.0,0.196,345000000.0,36000000.0,-114000000.0,-0.38,-0.38,-0.38,2038000000.0,,2038000000.0,11396515335.0,67.0,14.917,-179000000.0,-1.346,1.0,353000000.0,0.201,0.0,150000000.0,20320000000.0,,731000000.0,2119000000.0,0.0,2119000000.0,14737000000.0,3671000000.0,3873000000.0,3195515335.0,-12000000.0,54000000.0,-8000000.0,225000000.0,-50000000.0,197000000.0,-390000000.0,7000000.0,191000000.0,-10000000.0,-172000000.0,-172000000.0,-172000000.0,-26000000.0,0.0,-0.098,707000000.0,-354000000.0,649000000.0,-0.961,1.568,-6.962,-6.846,6562000000.0,0.0,24.03,0.399,0.399,704000000.0,-951000000.0,1760000000.0,1760000000.0,0.0,,,,,0.0,0.0,1.0,132980247.0,132980247.0,,13.235,16775000000.0,0.0,58000000.0,1605000000.0,126.147,-1111000000.0
79,CMS,MRQ,2001-09-30,2001-09-30,2001-09-30,2021-07-29,-300000000.0,16548000000.0,,2534000000.0,14014000000.0,,16.361,-280000000.0,133000000.0,133000000.0,1455000000.0,-378000000.0,0.829,6.605,7237000000.0,954000000.0,6283000000.0,7237000000.0,0.0,45000000.0,0.0,0.073,0.365,-304000000.0,-259000000.0,-0.136,-259000000.0,-304000000.0,-418000000.0,-2.85,-2.85,-2.85,2176000000.0,,2176000000.0,10389361140.0,58.0,20.492,-427000000.0,-3.211,1.0,443000000.0,0.233,0.0,114000000.0,20594000000.0,,750000000.0,2196000000.0,0.0,2196000000.0,14372000000.0,3058000000.0,3745000000.0,2648361140.0,-2000000.0,-19000000.0,1000000.0,489000000.0,-46000000.0,445000000.0,-300000000.0,5000000.0,-147000000.0,0.0,-378000000.0,-378000000.0,-378000000.0,202000000.0,0.0,-0.199,300000000.0,143000000.0,566000000.0,-0.128,1.217,-6.969,-6.536,6386000000.0,0.0,20.0,0.331,0.333,618000000.0,-790000000.0,1898000000.0,1898000000.0,0.0,,,,,0.0,0.0,1.0,132418057.0,133000000.0,133000000.0,14.271,16548000000.0,0.0,-40000000.0,1423000000.0,124.421,-524000000.0
80,CMS,MRQ,2001-06-30,2001-06-30,2001-06-30,2021-07-29,0.0,17646000000.0,,3448000000.0,14198000000.0,,20.333,-182000000.0,176000000.0,176000000.0,1489000000.0,53000000.0,0.895,5.575,7917000000.0,669000000.0,7248000000.0,7917000000.0,0.0,91000000.0,0.0,0.052,0.365,275000000.0,366000000.0,0.169,366000000.0,275000000.0,125000000.0,0.4,0.4,0.4,2684000000.0,,2684000000.0,11133917211.0,14.0,9.412,-215000000.0,-1.629,1.0,676000000.0,0.312,849000000.0,150000000.0,20685000000.0,,570000000.0,2290000000.0,0.0,2290000000.0,14962000000.0,3853000000.0,11109000000.0,3675917211.0,-46000000.0,-115000000.0,12000000.0,347000000.0,-49000000.0,314000000.0,-327000000.0,3000000.0,-33000000.0,0.0,53000000.0,53000000.0,53000000.0,-19000000.0,0.0,0.024,399000000.0,277000000.0,1082000000.0,0.912,1.37,72.077,99.464,9082000000.0,0.0,27.85,0.437,0.437,1348000000.0,,2165000000.0,2165000000.0,0.0,,,,,0.0,0.0,1.0,131989846.0,132000000.0,132000000.0,16.402,16797000000.0,0.0,72000000.0,2008000000.0,127.25,-405000000.0
81,CMS,MRQ,2001-03-31,2001-03-31,2001-03-31,2021-07-29,0.0,17177000000.0,,3211000000.0,13966000000.0,,21.624,-273000000.0,222000000.0,222000000.0,1960000000.0,109000000.0,0.922,5.355,7680000000.0,472000000.0,7208000000.0,7680000000.0,0.0,149000000.0,0.0,0.049,0.365,391000000.0,540000000.0,0.189,540000000.0,391000000.0,234000000.0,0.87,0.85,0.87,2703000000.0,,2703000000.0,11640661520.0,14.0,9.108,88000000.0,0.704,1.0,893000000.0,0.313,880000000.0,157000000.0,20274000000.0,,342000000.0,2127000000.0,0.0,2127000000.0,14474000000.0,3481000000.0,10993000000.0,3888661520.0,40000000.0,-31000000.0,316000000.0,-257000000.0,-45000000.0,11000000.0,-332000000.0,8000000.0,361000000.0,0.0,109000000.0,109000000.0,109000000.0,-1000000.0,0.0,0.038,497000000.0,396000000.0,966000000.0,0.42,1.439,50.502,49.317,8990000000.0,0.0,29.59,0.495,0.471,1262000000.0,,2853000000.0,2853000000.0,0.0,,,,,0.0,0.0,1.0,131418098.0,125000000.0,125000000.0,22.824,16297000000.0,41000000.0,125000000.0,1971000000.0,130.376,-270000000.0
82,CMS,MRQ,2000-12-31,2000-12-31,2000-12-31,2021-07-29,0.0,17251000000.0,,3503000000.0,13748000000.0,,19.532,-254000000.0,182000000.0,182000000.0,776000000.0,-164000000.0,0.822,6.307,7934000000.0,1110000000.0,6824000000.0,7934000000.0,0.0,43000000.0,0.0,0.046,0.365,-183000000.0,-140000000.0,-0.13,-140000000.0,-183000000.0,-177000000.0,-1.48,-1.47,-1.48,2361000000.0,,2361000000.0,11850584271.0,16.0,9.642,183000000.0,1.514,1.0,301000000.0,0.279,891000000.0,-6000000.0,19851000000.0,,467000000.0,2010000000.0,0.0,2010000000.0,14890000000.0,4261000000.0,10629000000.0,3830584271.0,-140000000.0,-418000000.0,313000000.0,3000000.0,-45000000.0,271000000.0,-848000000.0,-2000000.0,437000000.0,0.0,-164000000.0,-164000000.0,-164000000.0,-79000000.0,0.0,-0.152,193000000.0,108000000.0,1094000000.0,-0.247,1.622,89.083,83.395,8755000000.0,0.0,31.69,0.572,0.572,1440000000.0,,1077000000.0,1077000000.0,0.0,,,,,0.0,0.0,1.0,120876752.0,120876752.0,,8.91,16360000000.0,39000000.0,-13000000.0,1935000000.0,135.344,-758000000.0
83,CMS,MRQ,2000-09-30,2000-09-30,2000-09-30,2021-07-29,0.0,16241000000.0,,2682000000.0,13559000000.0,,20.909,-235000000.0,281000000.0,281000000.0,1630000000.0,53000000.0,0.805,6.061,8301000000.0,974000000.0,7327000000.0,8301000000.0,0.0,128000000.0,0.0,0.054,0.365,289000000.0,417000000.0,0.18,417000000.0,289000000.0,127000000.0,0.49,0.49,0.49,2300000000.0,,2300000000.0,10666154675.0,9.0,5.948,-253000000.0,-2.3,1.0,693000000.0,0.298,903000000.0,162000000.0,20026000000.0,,554000000.0,1978000000.0,0.0,1978000000.0,13941000000.0,3332000000.0,10609000000.0,2966154675.0,41000000.0,-24000000.0,0.0,436000000.0,-40000000.0,394000000.0,-335000000.0,0.0,-18000000.0,0.0,53000000.0,53000000.0,53000000.0,-2000000.0,0.0,0.023,399000000.0,294000000.0,1422000000.0,0.745,1.29,13.009,13.347,9124000000.0,0.0,26.96,0.404,0.404,1578000000.0,,2323000000.0,2323000000.0,0.0,,,,,0.0,0.0,1.0,110020574.0,110000000.0,110000000.0,21.118,15338000000.0,28000000.0,74000000.0,1635000000.0,139.436,-650000000.0
84,CMS,MRQ,2000-06-30,2000-06-30,2000-06-30,2021-07-29,0.0,15310000000.0,,1935000000.0,13375000000.0,,21.255,-10000000.0,240000000.0,240000000.0,920000000.0,79000000.0,0.742,5.548,7829000000.0,825000000.0,7004000000.0,7829000000.0,0.0,142000000.0,0.0,0.066,0.365,319000000.0,461000000.0,0.289,461000000.0,319000000.0,163000000.0,0.72,0.71,0.72,2338000000.0,,2338000000.0,10211736474.0,8.0,5.549,57000000.0,0.518,1.0,676000000.0,0.424,915000000.0,156000000.0,19376000000.0,,398000000.0,1825000000.0,0.0,1825000000.0,12972000000.0,2608000000.0,10364000000.0,2428736474.0,32000000.0,7000000.0,-27000000.0,41000000.0,-40000000.0,-24000000.0,-11000000.0,0.0,67000000.0,0.0,79000000.0,79000000.0,79000000.0,0.0,0.0,0.049,404000000.0,272000000.0,889000000.0,0.507,1.039,9.414,9.539,9054000000.0,0.0,22.13,0.375,0.376,1030000000.0,,1596000000.0,1596000000.0,0.0,,,,,0.0,0.0,1.0,109748598.0,110000000.0,110000000.0,14.509,14395000000.0,16000000.0,84000000.0,1543000000.0,130.864,-673000000.0
85,CMS,MRQ,2000-03-31,2000-03-31,2000-03-31,2021-07-29,0.0,15267000000.0,,1656000000.0,13611000000.0,,20.965,96000000.0,208000000.0,208000000.0,1059000000.0,75000000.0,0.564,5.444,7991000000.0,1370000000.0,6621000000.0,7991000000.0,0.0,176000000.0,0.0,0.079,0.365,346000000.0,522000000.0,0.286,522000000.0,346000000.0,198000000.0,0.66,0.65,0.66,2369000000.0,,2369000000.0,9723376621.0,8.0,5.324,210000000.0,1.858,1.0,769000000.0,0.421,913000000.0,148000000.0,19200000000.0,,266000000.0,1936000000.0,0.0,1936000000.0,12898000000.0,2937000000.0,9961000000.0,1998376621.0,76000000.0,-105000000.0,-99000000.0,129000000.0,-42000000.0,-12000000.0,-26000000.0,0.0,114000000.0,0.0,75000000.0,75000000.0,75000000.0,0.0,0.0,0.041,406000000.0,363000000.0,1111000000.0,0.553,0.844,7.899,7.952,9146000000.0,0.0,18.13,0.321,0.33,937000000.0,,1828000000.0,1828000000.0,0.0,,,,,0.0,0.0,1.0,110224855.0,113000000.0,113000000.0,16.177,14354000000.0,25000000.0,123000000.0,1816000000.0,127.027,-1281000000.0
86,CMS,MRQ,1999-12-31,1999-12-31,1999-12-31,2021-07-29,0.0,15462000000.0,,1817000000.0,13645000000.0,,21.209,-604000000.0,132000000.0,132000000.0,887000000.0,21000000.0,0.593,5.296,7857000000.0,1341000000.0,6516000000.0,7857000000.0,0.0,166000000.0,0.0,0.045,0.365,227250000.0,393250000.0,0.247,393250000.0,227250000.0,72250000.0,0.15,0.17,0.15,2456000000.0,,2456000000.0,11183818250.0,10.0,6.368,-127000000.0,-1.097,1.0,704000000.0,0.442,891000000.0,155000000.0,19230000000.0,,430000000.0,2048000000.0,0.0,2048000000.0,13006000000.0,3066000000.0,9940000000.0,3611818250.0,-102000000.0,-128000000.0,16000000.0,252000000.0,-1000000.0,267000000.0,-846000000.0,-7000000.0,477000000.0,0.0,49250000.0,21000000.0,21000000.0,14000000.0,-28250000.0,0.013,427000000.0,277000000.0,1257000000.0,2.433,1.471,13.427,12.783,9071000000.0,28250000.0,31.19,0.609,0.609,959000000.0,,1591000000.0,1591000000.0,0.0,,,,,0.0,0.0,1.0,115800521.0,115800521.0,,13.739,14571000000.0,33000000.0,23000000.0,1874000000.0,125.828,-1249000000.0
87,CMS,MRQ,1999-09-30,1999-09-30,1999-09-30,2021-07-29,0.0,14594000000.0,,1961000000.0,12633000000.0,,21.559,-176000000.0,234000000.0,234000000.0,745000000.0,83000000.0,1.005,5.099,7806000000.0,625000000.0,7181000000.0,7806000000.0,0.0,141000000.0,0.0,0.04,0.365,323000000.0,464000000.0,0.317,464000000.0,323000000.0,167000000.0,0.79,0.77,0.79,2393000000.0,,2393000000.0,11240802289.0,10.0,6.581,-176000000.0,-1.586,1.0,721000000.0,0.492,717000000.0,156000000.0,19498000000.0,,469000000.0,1224000000.0,0.0,1224000000.0,12201000000.0,1951000000.0,10250000000.0,3712802289.0,21000000.0,-33000000.0,21000000.0,362000000.0,-85000000.0,298000000.0,-277000000.0,0.0,0.0,0.0,83000000.0,83000000.0,83000000.0,0.0,0.0,0.057,388000000.0,333000000.0,524000000.0,0.462,1.552,13.119,11.313,8413000000.0,0.0,33.94,0.653,0.639,1023000000.0,,1466000000.0,1466000000.0,0.0,,,,,0.0,0.0,1.0,109393114.0,111000000.0,111000000.0,13.207,13877000000.0,13000000.0,84000000.0,1111000000.0,125.018,10000000.0
88,CMS,MRQ,1999-06-30,1999-06-30,1999-06-30,2021-07-29,0.0,14139000000.0,,1694000000.0,12453000000.0,,21.927,-138000000.0,213000000.0,213000000.0,650000000.0,75000000.0,0.925,4.916,7741000000.0,570000000.0,7171000000.0,7741000000.0,0.0,138000000.0,0.0,0.032,0.33,309000000.0,447000000.0,0.336,447000000.0,309000000.0,164000000.0,0.68,0.67,0.68,2390000000.0,,2390000000.0,12245389975.0,11.0,7.587,-19000000.0,-0.174,1.0,682000000.0,0.512,709000000.0,145000000.0,19127000000.0,,344000000.0,2185000000.0,0.0,503000000.0,11749000000.0,1831000000.0,9926000000.0,4553389975.0,109000000.0,-56000000.0,24000000.0,403000000.0,-39000000.0,196000000.0,-206000000.0,0.0,119000000.0,0.0,74000000.0,74000000.0,74000000.0,0.0,1000000.0,0.056,395000000.0,287000000.0,470000000.0,0.485,1.905,16.204,12.464,6337000000.0,0.0,41.88,0.827,0.829,931000000.0,,1332000000.0,1332000000.0,0.0,,,,,0.0,0.0,1.0,108724689.0,109000000.0,109000000.0,12.22,13430000000.0,9000000.0,90000000.0,1153000000.0,123.211,-137000000.0
89,CMS,MRQ,1999-03-31,1999-03-31,1999-03-31,2021-07-29,0.0,13767000000.0,,1406000000.0,12361000000.0,,20.283,-137000000.0,104000000.0,104000000.0,870000000.0,98000000.0,0.857,5.007,7796000000.0,439000000.0,7357000000.0,7796000000.0,0.0,150000000.0,0.0,0.032,0.33,292000000.0,442000000.0,0.288,442000000.0,292000000.0,183000000.0,0.71,0.7,0.71,2292000000.0,,2292000000.0,10054257822.0,10.0,6.685,184000000.0,1.628,1.0,667000000.0,0.434,726000000.0,109000000.0,19093000000.0,,255000000.0,509000000.0,0.0,509000000.0,11475000000.0,1640000000.0,9835000000.0,4703257822.0,3000000.0,-2101000000.0,27000000.0,1930000000.0,-38000000.0,1917000000.0,-2235000000.0,0.0,321000000.0,0.0,80000000.0,80000000.0,80000000.0,0.0,18000000.0,0.052,356000000.0,311000000.0,498000000.0,0.465,2.052,17.291,13.552,8789000000.0,0.0,40.25,0.887,0.789,859000000.0,,1537000000.0,1537000000.0,0.0,,,,,0.0,0.0,1.0,116851126.0,113000000.0,113000000.0,13.602,13041000000.0,0.0,103000000.0,1149000000.0,115.407,-234000000.0
90,CMS,MRQ,1998-12-31,1998-12-31,1998-12-31,2021-07-29,0.0,11310000000.0,,1407000000.0,9903000000.0,,21.423,-846000000.0,101000000.0,101000000.0,779000000.0,51000000.0,0.779,4.104,5452000000.0,621000000.0,4831000000.0,5452000000.0,0.0,137000000.0,0.0,0.026,0.33,218000000.0,355000000.0,0.263,355000000.0,218000000.0,120000000.0,0.82,0.43,0.82,2216000000.0,,2216000000.0,9707528970.0,10.0,6.76,-716000000.0,-6.922,1.0,570000000.0,0.423,46000000.0,98000000.0,14808000000.0,,361000000.0,2093000000.0,0.0,482000000.0,9094000000.0,1807000000.0,7287000000.0,5010528970.0,0.0,-111000000.0,217000000.0,635000000.0,-38000000.0,814000000.0,-944000000.0,0.0,130000000.0,0.0,46000000.0,46000000.0,46000000.0,0.0,5000000.0,0.034,393000000.0,177000000.0,580000000.0,0.402,2.261,18.421,18.279,6040000000.0,0.0,48.44,0.975,0.975,720000000.0,,1349000000.0,1349000000.0,0.0,,,,,0.0,0.0,1.0,103437840.0,103437840.0,,13.042,11264000000.0,0.0,74000000.0,1487000000.0,108.896,-400000000.0
91,CMS,MRQ,1998-09-30,1998-09-30,1998-09-30,2021-07-29,0.0,9930000000.0,,1138000000.0,8792000000.0,,22.612,-171000000.0,101000000.0,101000000.0,703000000.0,81000000.0,0.857,4.166,4798000000.0,473000000.0,4325000000.0,4798000000.0,0.0,112000000.0,0.0,0.028,0.33,258000000.0,370000000.0,0.288,370000000.0,258000000.0,171000000.0,1.15,1.52,1.15,1922000000.0,,1922000000.0,8959073037.0,10.0,6.354,-94000000.0,-1.106,1.0,583000000.0,0.453,0.0,87000000.0,13299000000.0,,396000000.0,471000000.0,0.0,471000000.0,8008000000.0,1328000000.0,6680000000.0,4436073037.0,-129000000.0,-72000000.0,19000000.0,34000000.0,-36000000.0,17000000.0,-223000000.0,-13000000.0,77000000.0,0.0,81000000.0,81000000.0,81000000.0,0.0,0.0,0.063,312000000.0,271000000.0,399000000.0,0.287,2.308,15.957,,6751000000.0,0.0,43.56,0.849,0.842,457000000.0,,1286000000.0,1286000000.0,0.0,,,,,0.0,0.0,1.0,101838224.0,85000000.0,85000000.0,15.129,9930000000.0,14000000.0,90000000.0,1025000000.0,116.824,-190000000.0
92,CMS,MRQ,1998-06-30,1998-06-30,1998-06-30,2021-07-29,0.0,9858000000.0,,1257000000.0,8601000000.0,,16.043,-125000000.0,230000000.0,230000000.0,613000000.0,65000000.0,1.006,4.252,4753000000.0,381000000.0,4372000000.0,4753000000.0,0.0,107000000.0,0.0,0.027,0.3,230000000.0,337000000.0,0.298,337000000.0,230000000.0,139000000.0,0.29,-0.1,0.29,1877000000.0,,1877000000.0,8778843004.0,10.0,6.417,-59000000.0,-0.504,1.0,519000000.0,0.458,0.0,91000000.0,13132000000.0,,302000000.0,472000000.0,0.0,472000000.0,7981000000.0,1249000000.0,6732000000.0,4458843004.0,158000000.0,-50000000.0,10000000.0,54000000.0,-33000000.0,317000000.0,-225000000.0,-24000000.0,66000000.0,0.0,65000000.0,65000000.0,65000000.0,0.0,0.0,0.057,283000000.0,236000000.0,416000000.0,1.034,2.376,17.216,23.656,6602000000.0,0.0,44.0,0.897,1.036,509000000.0,,1132000000.0,1132000000.0,0.0,,,,,0.0,0.0,1.0,101337341.0,117000000.0,117000000.0,9.675,9858000000.0,2000000.0,74000000.0,1058000000.0,84.256,8000000.0
93,CMS,MRQ,1998-03-31,1998-03-31,1998-03-31,2021-07-29,0.0,9505000000.0,,1023000000.0,8482000000.0,,18.485,-96000000.0,72000000.0,72000000.0,810000000.0,88000000.0,0.679,4.091,4392000000.0,563000000.0,3829000000.0,4392000000.0,0.0,128000000.0,0.0,0.025,0.3,244000000.0,372000000.0,0.271,372000000.0,244000000.0,156000000.0,0.39,0.77,0.39,1867000000.0,,1867000000.0,9432081771.0,11.0,7.086,147000000.0,1.455,1.0,564000000.0,0.41,0.0,88000000.0,12319000000.0,,208000000.0,465000000.0,0.0,465000000.0,7638000000.0,1506000000.0,6132000000.0,5127081771.0,3000000.0,-112000000.0,20000000.0,15000000.0,-33000000.0,2000000.0,-242000000.0,0.0,243000000.0,0.0,79000000.0,79000000.0,79000000.0,0.0,9000000.0,0.057,309000000.0,255000000.0,412000000.0,0.769,2.746,21.452,,6528000000.0,0.0,46.94,1.055,0.947,467000000.0,,1374000000.0,1374000000.0,0.0,,,,,0.0,0.0,1.0,109226284.0,101000000.0,101000000.0,13.604,9505000000.0,28000000.0,77000000.0,1240000000.0,94.109,-483000000.0
94,CMS,MRQ,1997-12-31,1997-12-31,1997-12-31,2021-07-29,0.0,9508000000.0,,1156000000.0,8352000000.0,,16.361,-166000000.0,69000000.0,69000000.0,900000000.0,59000000.0,0.557,4.321,4372000000.0,1025000000.0,3347000000.0,4372000000.0,0.0,125000000.0,0.0,0.026,0.3,206000000.0,331000000.0,0.231,331000000.0,206000000.0,116000000.0,,,,1787000000.0,,1787000000.0,,,,124000000.0,1.135,1.0,534000000.0,0.372,0.0,90000000.0,11736000000.0,,319000000.0,1746000000.0,0.0,458000000.0,7721000000.0,2075000000.0,5646000000.0,4812510073.0,-67000000.0,-242000000.0,164000000.0,207000000.0,-32000000.0,53000000.0,-410000000.0,37000000.0,290000000.0,0.0,53000000.0,53000000.0,53000000.0,0.0,6000000.0,0.037,304000000.0,230000000.0,478000000.0,,2.693,21.015,18.435,5144000000.0,0.0,44.06,1.007,1.007,495000000.0,,1434000000.0,1434000000.0,0.0,,,,,0.0,0.0,1.0,109226284.0,109226284.0,,13.129,9508000000.0,38000000.0,63000000.0,1293000000.0,87.049,-919000000.0
95,CMS,MRQ,1997-09-30,1997-09-30,1997-09-30,2021-07-29,0.0,9221000000.0,,1037000000.0,8184000000.0,,17.177,-134000000.0,136000000.0,136000000.0,505000000.0,60000000.0,0.482,4.592,4447000000.0,1305000000.0,3142000000.0,4447000000.0,0.0,108000000.0,0.0,0.03,0.3,220000000.0,328000000.0,0.318,328000000.0,220000000.0,137000000.0,,,,1649000000.0,,1649000000.0,,,,-158000000.0,-1.646,1.0,525000000.0,0.51,0.0,83000000.0,11379000000.0,,374000000.0,448000000.0,0.0,448000000.0,7572000000.0,2153000000.0,5419000000.0,,83000000.0,-54000000.0,28000000.0,346000000.0,-31000000.0,336000000.0,-229000000.0,-13000000.0,-24000000.0,0.0,62000000.0,62000000.0,62000000.0,0.0,-2000000.0,0.06,299000000.0,226000000.0,396000000.0,,,,,6250000000.0,0.0,37.0,,,401000000.0,,1030000000.0,1030000000.0,0.0,,,,,0.0,0.0,1.0,,96000000.0,96000000.0,10.729,9221000000.0,18000000.0,75000000.0,1128000000.0,96.052,-1116000000.0
96,CMS,MRQ,1997-06-30,1997-06-30,1997-06-30,2021-07-29,0.0,8864000000.0,,815000000.0,8049000000.0,,17.211,-210000000.0,53000000.0,53000000.0,538000000.0,47000000.0,0.465,4.421,4102000000.0,936000000.0,3166000000.0,4102000000.0,0.0,103000000.0,0.0,0.031,0.27,197000000.0,300000000.0,0.294,300000000.0,197000000.0,118000000.0,0.48,0.48,0.48,1635000000.0,,1635000000.0,,,,-231000000.0,-2.432,1.0,484000000.0,0.474,0.0,79000000.0,11160000000.0,,248000000.0,408000000.0,0.0,408000000.0,7229000000.0,1753000000.0,5476000000.0,,-6000000.0,-522000000.0,13000000.0,612000000.0,-28000000.0,770000000.0,-755000000.0,-11000000.0,-21000000.0,0.0,45000000.0,45000000.0,45000000.0,0.0,2000000.0,0.044,278000000.0,206000000.0,351000000.0,0.562,,,,6247000000.0,0.0,35.25,,,353000000.0,,1022000000.0,1022000000.0,0.0,,,,,0.0,0.0,1.0,,95000000.0,95000000.0,10.758,8864000000.0,28000000.0,73000000.0,1191000000.0,93.305,-938000000.0
97,CMS,MRQ,1997-03-31,1997-03-31,1997-03-31,2021-07-29,0.0,8402000000.0,,768000000.0,7634000000.0,,18.684,-119000000.0,57000000.0,57000000.0,721000000.0,84000000.0,0.462,3.734,3484000000.0,756000000.0,2728000000.0,3484000000.0,0.0,131000000.0,0.0,0.032,0.27,257000000.0,388000000.0,0.3,388000000.0,257000000.0,186000000.0,0.79,0.78,0.79,1775000000.0,,1775000000.0,,,,260000000.0,2.737,1.0,574000000.0,0.443,0.0,71000000.0,10167000000.0,,184000000.0,398000000.0,0.0,398000000.0,6627000000.0,1662000000.0,4965000000.0,,1000000.0,-12000000.0,17000000.0,-210000000.0,-28000000.0,-221000000.0,-157000000.0,-13000000.0,379000000.0,0.0,75000000.0,75000000.0,75000000.0,0.0,9000000.0,0.058,300000000.0,274000000.0,387000000.0,0.342,,,,5904000000.0,0.0,32.88,,,300000000.0,,1295000000.0,1295000000.0,0.0,,,,,0.0,0.0,1.0,,95000000.0,95000000.0,13.632,8402000000.0,42000000.0,111000000.0,1313000000.0,88.442,-894000000.0
98,CMS,MRQ,1996-12-31,1996-12-31,1996-12-31,2021-07-29,0.0,8615000000.0,,,,,,,56000000.0,56000000.0,,,,4.062,3687000000.0,,,3687000000.0,0.0,,0.0,0.03,0.27,,,,,,,,,,1702000000.0,,1702000000.0,,,,,,1.0,,,0.0,,12246000000.0,,302000000.0,614000000.0,,,6913000000.0,,,,,,,,,,,,,,,,,,,,,,411000000.0,,,,14.811,5280000000.0,,33.62,,,374000000.0,,,,,,,,,,,1.0,,,,,8615000000.0,48000000.0,,1352000000.0,,
0,CMS,MRT,2021-06-30,2021-06-30,2021-06-30,2021-07-29,-82000000.0,29953000000.0,29655500000.0,2322000000.0,27631000000.0,0.237,20.027,-2191000000.0,171000000.0,171000000.0,4083000000.0,885000000.0,0.746,4.069,12367000000.0,589000000.0,11778000000.0,12367000000.0,0.0,1091000000.0,0.0,0.029,1.685,1977000000.0,3068000000.0,0.437,3068000000.0,1977000000.0,1433000000.0,3.13,3.13,3.13,5797000000.0,5585000000.0,5797000000.0,31695270805.0,16.0,10.331,-344000000.0,-1.188,1.0,2931000000.0,0.418,0.0,544000000.0,39035000000.0,40066500000.0,539000000.0,71000000.0,0.0,71000000.0,23587000000.0,3114000000.0,20473000000.0,17101270805.0,-1312000000.0,-2000000.0,169000000.0,-869000000.0,-486000000.0,-609000000.0,-2550000000.0,-312000000.0,1847000000.0,0.0,901000000.0,901000000.0,901000000.0,-18000000.0,-16000000.0,0.128,1093000000.0,1838000000.0,666000000.0,0.538,2.95,18.98,18.875,21533000000.0,0.0,59.08,2.438,2.438,779000000.0,487000000.0,7014000000.0,7014000000.0,0.0,0.03,0.161,0.049,0.282,0.0,0.0,1.0,289459560.0,289459560.0,,24.231,29953000000.0,243000000.0,532000000.0,2436000000.0,103.479,-792000000.0
1,CMS,MRT,2021-03-31,2021-03-31,2021-03-31,2021-07-29,-84000000.0,29723000000.0,29312500000.0,2513000000.0,27210000000.0,0.233,19.82,-2171000000.0,524000000.0,524000000.0,3945000000.0,851000000.0,0.871,4.09,15118000000.0,1506000000.0,13612000000.0,15118000000.0,0.0,1070000000.0,0.0,0.027,1.657,1929000000.0,2999000000.0,0.439,2999000000.0,1929000000.0,1383000000.0,3.0,3.0,3.0,5727000000.0,5439250000.0,5727000000.0,32700112132.0,17.0,10.904,-264000000.0,-0.914,1.0,2893000000.0,0.423,0.0,546000000.0,41432000000.0,40077500000.0,407000000.0,945000000.0,0.0,945000000.0,23421000000.0,2885000000.0,20536000000.0,17689112132.0,-337000000.0,4000000.0,161000000.0,-88000000.0,-477000000.0,347000000.0,-2591000000.0,-121000000.0,1907000000.0,0.0,861000000.0,861000000.0,861000000.0,-8000000.0,-10000000.0,0.126,1071000000.0,1822000000.0,545000000.0,0.552,3.089,20.545,20.407,21207000000.0,0.0,61.22,2.587,2.587,3585000000.0,437000000.0,6838000000.0,6838000000.0,0.0,0.029,0.158,0.048,0.282,0.0,0.0,1.0,288943354.0,288943354.0,,23.666,29723000000.0,267000000.0,522000000.0,2400000000.0,102.868,-372000000.0
2,CMS,MRT,2020-12-31,2020-12-31,2020-12-31,2021-07-29,-86000000.0,29666000000.0,28743500000.0,2404000000.0,27262000000.0,0.232,19.194,-2259000000.0,49000000.0,49000000.0,3911000000.0,752000000.0,0.782,4.292,12391000000.0,591000000.0,11800000000.0,12391000000.0,0.0,1048000000.0,0.0,0.027,1.63,1808000000.0,2856000000.0,0.428,2856000000.0,1808000000.0,1247000000.0,2.65,2.64,2.65,5496000000.0,5303750000.0,5496000000.0,32046265771.0,18.0,11.221,-983000000.0,-3.433,1.0,2769000000.0,0.415,0.0,561000000.0,38934000000.0,39215250000.0,576000000.0,70000000.0,0.0,70000000.0,23589000000.0,3074000000.0,20515000000.0,17469265771.0,28000000.0,-17000000.0,253000000.0,1020000000.0,-467000000.0,1619000000.0,-2867000000.0,-460000000.0,1276000000.0,0.0,755000000.0,755000000.0,755000000.0,0.0,-3000000.0,0.113,1048000000.0,1721000000.0,668000000.0,0.615,3.179,23.138,23.023,21017000000.0,0.0,61.01,2.615,2.615,891000000.0,214000000.0,6680000000.0,6680000000.0,0.0,0.026,0.142,0.046,0.271,0.0,0.0,1.0,286334466.0,286334466.0,,23.329,29666000000.0,332000000.0,492000000.0,2432000000.0,103.606,-670000000.0
3,CMS,MRT,2020-09-30,2020-09-30,2020-09-30,2021-07-29,-79000000.0,29280000000.0,28036250000.0,2494000000.0,26786000000.0,0.236,18.583,-2228000000.0,558000000.0,558000000.0,3941000000.0,758000000.0,0.834,4.395,15135000000.0,1799000000.0,13336000000.0,15135000000.0,0.0,1028000000.0,0.0,0.026,1.604,1787000000.0,2815000000.0,0.425,2815000000.0,1787000000.0,1246000000.0,2.69,2.67,2.69,5320000000.0,5184250000.0,5320000000.0,31201497419.0,17.0,11.084,-689000000.0,-2.407,1.0,2675000000.0,0.404,0.0,541000000.0,40865000000.0,38787500000.0,639000000.0,756000000.0,0.0,756000000.0,23382000000.0,2992000000.0,20390000000.0,17580497419.0,125000000.0,-38000000.0,110000000.0,1011000000.0,-461000000.0,1488000000.0,-2902000000.0,-338000000.0,1539000000.0,0.0,764000000.0,764000000.0,764000000.0,-8000000.0,-6000000.0,0.115,1029000000.0,1646000000.0,667000000.0,0.596,3.305,23.011,22.829,20630000000.0,0.0,61.41,2.657,2.657,3596000000.0,171000000.0,6616000000.0,6616000000.0,0.0,0.027,0.147,0.046,0.27,0.0,0.0,1.0,286280694.0,286280694.0,,23.11,29280000000.0,199000000.0,482000000.0,2065000000.0,102.277,-498000000.0
4,CMS,MRT,2020-06-30,2020-06-30,2020-06-30,2021-07-29,-76000000.0,28581000000.0,27218500000.0,3532000000.0,25049000000.0,0.242,18.217,-1978000000.0,1604000000.0,1604000000.0,3948000000.0,755000000.0,1.131,4.474,15225000000.0,1744000000.0,13481000000.0,15225000000.0,0.0,1015000000.0,0.0,0.027,1.58,1759000000.0,2774000000.0,0.421,2774000000.0,1759000000.0,1228000000.0,2.66,2.64,2.66,5214000000.0,5093500000.0,5214000000.0,30197058394.0,17.0,10.886,-577000000.0,-2.016,1.0,2639000000.0,0.401,0.0,531000000.0,39079000000.0,37723000000.0,506000000.0,775000000.0,0.0,775000000.0,23330000000.0,3123000000.0,20207000000.0,16721058394.0,1270000000.0,-123000000.0,110000000.0,2468000000.0,-452000000.0,2443000000.0,-2574000000.0,-164000000.0,1401000000.0,0.0,753000000.0,753000000.0,753000000.0,-8000000.0,2000000.0,0.114,1016000000.0,1623000000.0,635000000.0,0.594,3.207,22.206,21.962,19436000000.0,0.0,58.42,2.538,2.538,3374000000.0,70000000.0,6587000000.0,6587000000.0,0.0,0.028,0.148,0.047,0.267,0.0,0.0,1.0,286221472.0,286221472.0,,23.014,28581000000.0,223000000.0,475000000.0,2207000000.0,99.856,409000000.0
5,CMS,MRT,2020-03-31,2020-03-31,2020-03-31,2021-07-29,-76000000.0,27447000000.0,26396250000.0,2817000000.0,24630000000.0,0.252,18.267,-2049000000.0,861000000.0,861000000.0,4051000000.0,712000000.0,0.958,4.286,14337000000.0,1721000000.0,12616000000.0,14337000000.0,0.0,1010000000.0,0.0,0.026,1.554,1712000000.0,2722000000.0,0.409,2722000000.0,1712000000.0,1177000000.0,2.51,2.49,2.51,5185000000.0,5002750000.0,5185000000.0,29765745582.0,17.0,10.935,-675000000.0,-2.378,1.0,2599000000.0,0.391,0.0,535000000.0,37983000000.0,36696000000.0,434000000.0,1036000000.0,241000000.0,795000000.0,22225000000.0,2940000000.0,19285000000.0,16675745582.0,594000000.0,-230000000.0,110000000.0,1821000000.0,-444000000.0,1920000000.0,-2700000000.0,-292000000.0,1374000000.0,0.0,710000000.0,710000000.0,710000000.0,0.0,2000000.0,0.107,1010000000.0,1589000000.0,497000000.0,0.619,3.216,23.487,23.406,19144000000.0,0.0,58.75,2.508,2.508,3136000000.0,51000000.0,6650000000.0,6650000000.0,0.0,0.027,0.142,0.047,0.257,0.0,0.0,1.0,283842478.0,283842478.0,,23.428,27447000000.0,246000000.0,467000000.0,2171000000.0,96.698,-123000000.0
6,CMS,MRT,2019-12-31,2019-12-31,2019-12-31,2021-07-29,-73000000.0,26837000000.0,25732750000.0,2331000000.0,24506000000.0,0.266,17.679,-2007000000.0,157000000.0,157000000.0,4281000000.0,682000000.0,0.862,4.341,13247000000.0,1220000000.0,12027000000.0,13247000000.0,0.0,992000000.0,0.0,0.024,1.53,1679000000.0,2671000000.0,0.39,2671000000.0,1679000000.0,1160000000.0,2.4,2.39,2.4,5018000000.0,4921000000.0,5018000000.0,30599661318.0,18.0,11.456,-217000000.0,-0.765,1.0,2564000000.0,0.375,0.0,519000000.0,37223000000.0,35822250000.0,605000000.0,810000000.0,0.0,810000000.0,21782000000.0,2704000000.0,19078000000.0,17836661318.0,-18000000.0,-343000000.0,12000000.0,851000000.0,-436000000.0,1008000000.0,-2816000000.0,-334000000.0,1790000000.0,0.0,680000000.0,680000000.0,680000000.0,0.0,2000000.0,0.099,992000000.0,1572000000.0,635000000.0,0.637,3.555,26.23,26.183,18926000000.0,0.0,62.84,2.606,2.606,3426000000.0,-25000000.0,6845000000.0,6845000000.0,0.0,0.026,0.138,0.047,0.245,0.0,0.0,1.0,283842478.0,283842478.0,,24.115,26837000000.0,305000000.0,480000000.0,2212000000.0,94.549,-373000000.0
7,CMS,MRT,2019-09-30,2019-09-30,2019-09-30,2021-07-29,-67000000.0,26009000000.0,25155750000.0,2305000000.0,23704000000.0,0.273,17.467,-1976000000.0,432000000.0,432000000.0,4400000000.0,623000000.0,1.065,4.239,13195000000.0,1074000000.0,12121000000.0,13195000000.0,0.0,973000000.0,0.0,0.024,1.505,1582000000.0,2555000000.0,0.371,2555000000.0,1582000000.0,1076000000.0,2.19,2.19,2.19,4957000000.0,4855250000.0,4957000000.0,30213179034.0,19.0,11.825,-443000000.0,-1.561,1.0,2479000000.0,0.36,0.0,506000000.0,36607000000.0,34893500000.0,699000000.0,560000000.0,0.0,560000000.0,21015000000.0,2165000000.0,18850000000.0,18148179034.0,67000000.0,-445000000.0,11000000.0,1148000000.0,-428000000.0,1537000000.0,-3003000000.0,-435000000.0,1533000000.0,0.0,621000000.0,621000000.0,621000000.0,0.0,2000000.0,0.09,973000000.0,1506000000.0,607000000.0,0.687,3.661,29.224,29.201,18524000000.0,0.0,63.95,2.638,2.638,3150000000.0,-83000000.0,6879000000.0,6879000000.0,0.0,0.025,0.128,0.045,0.23,0.0,0.0,1.0,283787006.0,283787006.0,,24.24,26009000000.0,184000000.0,455000000.0,1829000000.0,91.65,140000000.0
8,CMS,MRT,2019-06-30,2019-06-30,2019-06-30,2021-07-29,-67000000.0,25292000000.0,24631750000.0,2254000000.0,23038000000.0,0.281,17.096,-2175000000.0,334000000.0,334000000.0,4522000000.0,585000000.0,0.945,4.206,12399000000.0,1077000000.0,11322000000.0,12399000000.0,0.0,964000000.0,0.0,0.026,1.48,1513000000.0,2477000000.0,0.357,2477000000.0,1513000000.0,1026000000.0,2.06,2.05,2.06,4851000000.0,4803250000.0,4851000000.0,28233188059.0,19.0,11.398,-703000000.0,-2.477,1.0,2410000000.0,0.348,0.0,487000000.0,34971000000.0,33566750000.0,552000000.0,583000000.0,0.0,583000000.0,20404000000.0,2386000000.0,18018000000.0,16432188059.0,-167000000.0,-445000000.0,11000000.0,1121000000.0,-421000000.0,1369000000.0,-3008000000.0,-251000000.0,1472000000.0,0.0,583000000.0,583000000.0,583000000.0,0.0,2000000.0,0.084,964000000.0,1446000000.0,636000000.0,0.718,3.387,28.186,28.112,18106000000.0,0.0,57.91,2.37,2.37,3028000000.0,-182000000.0,6932000000.0,6932000000.0,0.0,0.024,0.121,0.045,0.218,0.0,0.0,1.0,283753895.0,283753895.0,,24.43,25292000000.0,204000000.0,443000000.0,1960000000.0,89.134,-132000000.0
9,CMS,MRT,2019-03-31,2019-03-31,2019-03-31,2021-07-29,-66000000.0,24793000000.0,24136750000.0,2376000000.0,22417000000.0,0.289,17.142,-2133000000.0,267000000.0,267000000.0,4547000000.0,631000000.0,1.128,4.096,12068000000.0,872000000.0,11196000000.0,12068000000.0,0.0,952000000.0,0.0,0.026,1.455,1542000000.0,2494000000.0,0.357,2494000000.0,1542000000.0,1074000000.0,2.22,2.21,2.22,4858000000.0,4758500000.0,4858000000.0,27343041832.0,18.0,10.964,-521000000.0,-1.838,1.0,2432000000.0,0.348,0.0,468000000.0,34488000000.0,32537000000.0,442000000.0,600000000.0,0.0,600000000.0,19898000000.0,2106000000.0,17792000000.0,15740041832.0,40000000.0,-346000000.0,41000000.0,1046000000.0,-414000000.0,1253000000.0,-2825000000.0,-202000000.0,1612000000.0,0.0,629000000.0,629000000.0,629000000.0,0.0,2000000.0,0.09,952000000.0,1480000000.0,550000000.0,0.655,3.24,25.024,25.018,18315000000.0,0.0,55.54,2.255,2.255,3070000000.0,-166000000.0,6979000000.0,6979000000.0,0.0,0.026,0.132,0.047,0.221,0.0,0.0,1.0,283400105.0,283400105.0,,24.626,24793000000.0,226000000.0,445000000.0,1937000000.0,87.484,270000000.0
10,CMS,MRT,2018-12-31,2018-12-31,2018-12-31,2021-07-29,-65000000.0,24529000000.0,23655500000.0,2468000000.0,22061000000.0,0.291,16.782,-2074000000.0,174000000.0,174000000.0,4475000000.0,659000000.0,0.941,4.151,11777000000.0,1093000000.0,10684000000.0,11777000000.0,0.0,933000000.0,0.0,0.029,1.429,1533000000.0,2466000000.0,0.359,2466000000.0,1533000000.0,1075000000.0,2.33,2.32,2.33,4755000000.0,4693000000.0,4755000000.0,24896404804.0,16.0,10.096,-371000000.0,-1.309,1.0,2398000000.0,0.349,0.0,458000000.0,33508000000.0,31548250000.0,650000000.0,547000000.0,0.0,547000000.0,19737000000.0,2624000000.0,17113000000.0,14067404804.0,-29000000.0,-225000000.0,41000000.0,788000000.0,-407000000.0,874000000.0,-2606000000.0,-161000000.0,1703000000.0,0.0,657000000.0,657000000.0,657000000.0,0.0,2000000.0,0.096,933000000.0,1465000000.0,733000000.0,0.613,2.958,21.412,21.309,18126000000.0,0.0,49.65,2.047,2.047,2872000000.0,-271000000.0,6873000000.0,6873000000.0,0.0,0.028,0.14,0.049,0.223,0.0,0.0,1.0,283331416.0,283331416.0,,24.258,24529000000.0,279000000.0,418000000.0,1984000000.0,86.574,-156000000.0
11,CMS,MRT,2018-09-30,2018-09-30,2018-09-30,2021-07-29,-59000000.0,23913000000.0,23285750000.0,2374000000.0,21539000000.0,0.293,16.765,-2029000000.0,365000000.0,365000000.0,4316000000.0,548000000.0,0.69,4.028,11194000000.0,2250000000.0,8944000000.0,11194000000.0,0.0,918000000.0,0.0,0.029,1.405,1612000000.0,2530000000.0,0.371,2530000000.0,1612000000.0,1165000000.0,1.94,1.93,1.94,4749000000.0,4614500000.0,4749000000.0,23955005923.0,15.0,9.468,42000000.0,0.148,1.0,2506000000.0,0.367,0.0,447000000.0,31300000000.0,30809750000.0,741000000.0,727000000.0,26000000.0,701000000.0,19127000000.0,3442000000.0,15685000000.0,13880005923.0,193000000.0,-87000000.0,42000000.0,619000000.0,-400000000.0,451000000.0,-2329000000.0,-74000000.0,2071000000.0,0.0,546000000.0,546000000.0,546000000.0,0.0,2000000.0,0.08,918000000.0,1588000000.0,689000000.0,0.724,2.923,25.421,25.258,17790000000.0,0.0,49.0,2.035,2.035,2355000000.0,-278000000.0,6822000000.0,6822000000.0,0.0,0.023,0.118,0.052,0.236,0.0,0.0,1.0,283265427.0,283265427.0,,24.083,23913000000.0,167000000.0,619000000.0,1590000000.0,84.419,-1068000000.0
12,CMS,MRT,2018-06-30,2018-06-30,2018-06-30,2021-07-29,-61000000.0,23312000000.0,22837500000.0,2286000000.0,21026000000.0,0.296,16.537,-1791000000.0,494000000.0,494000000.0,4226000000.0,551000000.0,0.902,3.982,10569000000.0,1216000000.0,9353000000.0,10569000000.0,0.0,905000000.0,0.0,0.029,1.38,1631000000.0,2536000000.0,0.376,2536000000.0,1631000000.0,1187000000.0,1.95,1.95,1.95,4672000000.0,4561000000.0,4672000000.0,23504848428.0,14.0,9.268,211000000.0,0.747,1.0,2524000000.0,0.374,0.0,444000000.0,30852000000.0,30490000000.0,570000000.0,853000000.0,0.0,853000000.0,18603000000.0,2535000000.0,16068000000.0,13357848428.0,60000000.0,0.0,43000000.0,314000000.0,-393000000.0,128000000.0,-2070000000.0,-162000000.0,2002000000.0,0.0,549000000.0,549000000.0,549000000.0,0.0,2000000.0,0.081,905000000.0,1619000000.0,629000000.0,0.708,2.859,24.331,24.246,17237000000.0,0.0,47.28,1.979,1.979,2174000000.0,-346000000.0,6750000000.0,6750000000.0,0.0,0.024,0.12,0.053,0.242,0.0,0.0,1.0,282526405.0,282526405.0,,23.892,23312000000.0,187000000.0,638000000.0,1713000000.0,82.513,-249000000.0
13,CMS,MRT,2018-03-31,2018-03-31,2018-03-31,2021-07-29,-61000000.0,22868000000.0,22476250000.0,2207000000.0,20661000000.0,0.298,16.274,-1722000000.0,221000000.0,221000000.0,4206000000.0,504000000.0,0.889,3.968,10368000000.0,1286000000.0,9082000000.0,10368000000.0,0.0,898000000.0,0.0,0.03,1.356,1602000000.0,2500000000.0,0.373,2500000000.0,1602000000.0,1160000000.0,1.79,1.79,1.79,4596000000.0,4505250000.0,4596000000.0,23078820188.0,14.0,9.232,45000000.0,0.159,1.0,2501000000.0,0.373,0.0,442000000.0,30533000000.0,30113750000.0,445000000.0,858000000.0,2000000.0,856000000.0,18235000000.0,2482000000.0,15753000000.0,12790820188.0,-236000000.0,0.0,83000000.0,255000000.0,-384000000.0,-25000000.0,-1978000000.0,-126000000.0,1767000000.0,0.0,502000000.0,502000000.0,502000000.0,0.0,2000000.0,0.075,898000000.0,1603000000.0,540000000.0,0.758,2.783,25.48,25.302,16904000000.0,0.0,45.29,1.907,1.907,2399000000.0,-383000000.0,6707000000.0,6707000000.0,0.0,0.022,0.111,0.053,0.239,0.0,0.0,1.0,282420406.0,282420406.0,,23.748,22868000000.0,207000000.0,658000000.0,1677000000.0,80.971,-275000000.0
14,CMS,MRT,2017-12-31,2017-12-31,2017-12-31,2021-07-29,-50000000.0,23050000000.0,22165000000.0,2475000000.0,20575000000.0,0.297,15.744,-1665000000.0,199000000.0,199000000.0,4080000000.0,462000000.0,0.889,4.182,10487000000.0,1273000000.0,9214000000.0,10487000000.0,0.0,881000000.0,0.0,0.028,1.332,1606000000.0,2487000000.0,0.378,2487000000.0,1606000000.0,1168000000.0,1.64,1.64,1.64,4441000000.0,4448750000.0,4441000000.0,23504553570.0,15.0,9.451,40000000.0,0.142,1.0,2503000000.0,0.38,0.0,438000000.0,30554000000.0,29800250000.0,672000000.0,865000000.0,2000000.0,863000000.0,18572000000.0,2784000000.0,15788000000.0,13342553570.0,-53000000.0,0.0,83000000.0,403000000.0,-377000000.0,110000000.0,-1868000000.0,-88000000.0,1705000000.0,0.0,460000000.0,460000000.0,460000000.0,0.0,2000000.0,0.07,881000000.0,1622000000.0,740000000.0,0.812,3.004,29.006,28.841,16761000000.0,0.0,47.3,2.027,2.027,2429000000.0,-531000000.0,6583000000.0,6583000000.0,0.0,0.021,0.103,0.054,0.244,0.0,0.0,1.0,282083585.0,282083585.0,,23.337,23050000000.0,257000000.0,708000000.0,1716000000.0,81.713,-309000000.0
15,CMS,MRT,2017-09-30,2017-09-30,2017-09-30,2021-07-29,-47000000.0,22120000000.0,21808000000.0,2121000000.0,19999000000.0,0.296,16.081,-1656000000.0,169000000.0,169000000.0,4059000000.0,542000000.0,0.938,3.869,10331000000.0,1210000000.0,9121000000.0,10331000000.0,0.0,866000000.0,0.0,0.028,1.309,1506000000.0,2372000000.0,0.368,2372000000.0,1506000000.0,1067000000.0,1.93,1.93,1.93,4535000000.0,4401750000.0,4535000000.0,22657828449.0,15.0,9.552,-69000000.0,-0.245,1.0,2386000000.0,0.37,0.0,439000000.0,30021000000.0,29348500000.0,787000000.0,371000000.0,31000000.0,340000000.0,17548000000.0,2261000000.0,15287000000.0,13062828449.0,-195000000.0,0.0,83000000.0,299000000.0,-369000000.0,89000000.0,-1871000000.0,-117000000.0,1587000000.0,0.0,540000000.0,540000000.0,540000000.0,0.0,2000000.0,0.084,866000000.0,1520000000.0,632000000.0,0.678,2.88,24.19,24.0,16444000000.0,0.0,46.32,2.027,2.027,2017000000.0,-434000000.0,6445000000.0,6445000000.0,0.0,0.025,0.123,0.051,0.234,0.0,0.0,1.0,282012704.0,282012704.0,,22.854,22120000000.0,157000000.0,527000000.0,2679000000.0,78.436,-140000000.0
16,CMS,MRT,2017-06-30,2017-06-30,2017-06-30,2021-07-29,-48000000.0,21867000000.0,21488500000.0,2211000000.0,19656000000.0,0.303,15.864,-1601000000.0,435000000.0,435000000.0,4084000000.0,556000000.0,1.045,3.907,10030000000.0,840000000.0,9190000000.0,10030000000.0,0.0,856000000.0,0.0,0.028,1.286,1557000000.0,2413000000.0,0.371,2413000000.0,1557000000.0,1119000000.0,1.99,1.99,1.99,4449000000.0,4332750000.0,4449000000.0,22552970166.0,14.0,9.346,46000000.0,0.164,1.0,2421000000.0,0.372,0.0,438000000.0,29347000000.0,28922750000.0,582000000.0,380000000.0,18000000.0,362000000.0,17381000000.0,2115000000.0,15266000000.0,12970970166.0,35000000.0,0.0,82000000.0,417000000.0,-362000000.0,198000000.0,-1810000000.0,-99000000.0,1647000000.0,0.0,554000000.0,554000000.0,554000000.0,0.0,2000000.0,0.085,856000000.0,1565000000.0,608000000.0,0.646,2.915,23.413,23.241,16119000000.0,0.0,46.25,1.994,1.994,1996000000.0,-512000000.0,6505000000.0,6505000000.0,0.0,0.026,0.128,0.054,0.239,0.0,0.0,1.0,280453409.0,280453409.0,,23.195,21867000000.0,179000000.0,565000000.0,2767000000.0,77.97,96000000.0
17,CMS,MRT,2017-03-31,2017-03-31,2017-03-31,2021-07-29,-49000000.0,21623000000.0,21137500000.0,2215000000.0,19408000000.0,0.304,15.606,-1630000000.0,463000000.0,463000000.0,3999000000.0,588000000.0,1.15,3.94,10045000000.0,812000000.0,9233000000.0,10045000000.0,0.0,835000000.0,0.0,0.028,1.263,1592000000.0,2427000000.0,0.378,2427000000.0,1592000000.0,1156000000.0,2.11,2.11,2.11,4370000000.0,4259500000.0,4370000000.0,22307866447.0,14.0,9.192,13000000.0,0.046,1.0,2428000000.0,0.378,0.0,436000000.0,29279000000.0,28456750000.0,425000000.0,406000000.0,19000000.0,387000000.0,17216000000.0,1926000000.0,15290000000.0,12527866447.0,257000000.0,0.0,12000000.0,717000000.0,-355000000.0,431000000.0,-1817000000.0,-87000000.0,1643000000.0,0.0,586000000.0,586000000.0,586000000.0,0.0,2000000.0,0.091,835000000.0,1593000000.0,488000000.0,0.599,2.867,21.379,21.204,15857000000.0,0.0,44.74,1.949,1.949,2065000000.0,-511000000.0,6427000000.0,6427000000.0,0.0,0.028,0.138,0.056,0.248,0.0,0.0,1.0,280014896.0,280014896.0,,22.952,21623000000.0,203000000.0,570000000.0,2722000000.0,77.221,289000000.0
18,CMS,MRT,2016-12-31,2016-12-31,2016-12-31,2021-07-29,-50000000.0,21622000000.0,20741000000.0,2280000000.0,19342000000.0,0.309,15.194,-1672000000.0,254000000.0,254000000.0,4051000000.0,553000000.0,0.859,4.075,10034000000.0,1284000000.0,8750000000.0,10034000000.0,0.0,811000000.0,0.0,0.03,1.24,1540000000.0,2351000000.0,0.367,2351000000.0,1540000000.0,1105000000.0,1.99,1.98,1.99,4253000000.0,4194250000.0,4253000000.0,21194767256.0,14.0,9.015,-43000000.0,-0.154,1.0,2348000000.0,0.367,0.0,435000000.0,28747000000.0,27891750000.0,626000000.0,457000000.0,39000000.0,418000000.0,17332000000.0,2655000000.0,14677000000.0,11649767256.0,-31000000.0,0.0,72000000.0,430000000.0,-347000000.0,255000000.0,-1915000000.0,-136000000.0,1629000000.0,0.0,551000000.0,551000000.0,551000000.0,0.0,2000000.0,0.086,811000000.0,1537000000.0,610000000.0,0.623,2.739,21.143,20.915,15715000000.0,0.0,41.62,1.821,1.821,2131000000.0,-616000000.0,6399000000.0,6399000000.0,0.0,0.027,0.131,0.055,0.241,0.0,0.0,1.0,279907911.0,279907911.0,,22.861,21622000000.0,250000000.0,554000000.0,2708000000.0,77.247,-375000000.0
19,CMS,MRT,2016-09-30,2016-09-30,2016-09-30,2021-07-29,-45000000.0,20842000000.0,20410250000.0,2198000000.0,18644000000.0,0.307,15.22,-1840000000.0,367000000.0,367000000.0,3978000000.0,582000000.0,1.062,3.885,9912000000.0,1080000000.0,8832000000.0,9912000000.0,0.0,783000000.0,0.0,0.029,1.22,1553000000.0,2336000000.0,0.373,2336000000.0,1553000000.0,1138000000.0,2.1,2.09,2.1,4259000000.0,4115500000.0,4259000000.0,20866619693.0,13.0,8.933,-379000000.0,-1.354,1.0,2290000000.0,0.365,0.0,415000000.0,28318000000.0,27501250000.0,736000000.0,367000000.0,41000000.0,326000000.0,16546000000.0,2069000000.0,14477000000.0,11755619693.0,176000000.0,0.0,72000000.0,963000000.0,-341000000.0,837000000.0,-2122000000.0,-180000000.0,1461000000.0,0.0,580000000.0,580000000.0,580000000.0,0.0,2000000.0,0.093,783000000.0,1507000000.0,548000000.0,0.581,2.76,20.268,20.005,15443000000.0,0.0,42.01,1.875,1.875,1902000000.0,-607000000.0,6268000000.0,6268000000.0,0.0,0.028,0.141,0.056,0.248,0.0,0.0,1.0,279829081.0,279829081.0,,22.399,20842000000.0,152000000.0,558000000.0,2397000000.0,74.481,129000000.0
20,CMS,MRT,2016-06-30,2016-06-30,2016-06-30,2021-07-29,-47000000.0,20463000000.0,20062750000.0,2031000000.0,18432000000.0,0.307,14.845,-1860000000.0,403000000.0,403000000.0,3948000000.0,544000000.0,0.971,3.915,9514000000.0,918000000.0,8596000000.0,9514000000.0,0.0,773000000.0,0.0,0.026,1.2,1483000000.0,2256000000.0,0.366,2256000000.0,1483000000.0,1077000000.0,1.96,1.95,1.96,4156000000.0,4026250000.0,4156000000.0,21868044021.0,15.0,9.693,-381000000.0,-1.361,1.0,2219000000.0,0.36,0.0,406000000.0,27483000000.0,26993000000.0,573000000.0,366000000.0,15000000.0,351000000.0,16270000000.0,2091000000.0,14179000000.0,12839044021.0,-113000000.0,0.0,82000000.0,666000000.0,-334000000.0,601000000.0,-2193000000.0,-223000000.0,1479000000.0,0.0,542000000.0,542000000.0,542000000.0,0.0,2000000.0,0.088,773000000.0,1446000000.0,568000000.0,0.612,3.089,23.688,23.398,15187000000.0,0.0,45.86,2.082,2.082,1855000000.0,-706000000.0,6167000000.0,6167000000.0,0.0,0.027,0.135,0.055,0.24,0.0,0.0,1.0,279961710.0,279961710.0,,22.028,20463000000.0,174000000.0,535000000.0,2452000000.0,73.092,-60000000.0
21,CMS,MRT,2016-03-31,2016-03-31,2016-03-31,2021-07-29,-47000000.0,20037000000.0,19756500000.0,1890000000.0,18147000000.0,0.311,14.976,-1777000000.0,205000000.0,205000000.0,4005000000.0,487000000.0,0.923,3.867,9234000000.0,950000000.0,8284000000.0,9234000000.0,0.0,766000000.0,0.0,0.028,1.18,1399000000.0,2165000000.0,0.352,2165000000.0,1399000000.0,998000000.0,1.76,1.75,1.76,4109000000.0,3941750000.0,4109000000.0,20873361091.0,15.0,9.641,-265000000.0,-0.966,1.0,2141000000.0,0.348,0.0,401000000.0,27019000000.0,26560500000.0,498000000.0,395000000.0,16000000.0,379000000.0,15891000000.0,2047000000.0,13844000000.0,11644361091.0,-358000000.0,0.0,102000000.0,254000000.0,-328000000.0,216000000.0,-2086000000.0,-218000000.0,1512000000.0,0.0,485000000.0,485000000.0,485000000.0,0.0,2000000.0,0.079,766000000.0,1375000000.0,543000000.0,0.67,2.834,24.009,24.114,14907000000.0,0.0,42.44,1.895,1.895,1910000000.0,-744000000.0,6146000000.0,6146000000.0,0.0,0.025,0.123,0.053,0.228,0.0,0.0,1.0,274372316.0,274372316.0,,22.4,20037000000.0,193000000.0,513000000.0,2387000000.0,73.029,-157000000.0
22,CMS,MRT,2015-12-31,2015-12-31,2015-12-31,2021-07-29,-47000000.0,20299000000.0,19546750000.0,2320000000.0,17979000000.0,0.33,14.172,-1718000000.0,285000000.0,285000000.0,4266000000.0,525000000.0,1.008,4.145,9473000000.0,955000000.0,8518000000.0,9473000000.0,0.0,750000000.0,0.0,0.032,1.16,1452000000.0,2202000000.0,0.341,2202000000.0,1452000000.0,1056000000.0,1.9,1.89,1.9,3938000000.0,3865000000.0,3938000000.0,18646897628.0,13.0,8.468,-78000000.0,-0.281,1.0,2190000000.0,0.339,0.0,396000000.0,27185000000.0,26263500000.0,778000000.0,423000000.0,16000000.0,407000000.0,16324000000.0,2302000000.0,14022000000.0,10025897628.0,39000000.0,0.0,43000000.0,528000000.0,-322000000.0,463000000.0,-2064000000.0,-231000000.0,1640000000.0,0.0,523000000.0,523000000.0,523000000.0,0.0,2000000.0,0.081,750000000.0,1440000000.0,642000000.0,0.611,2.546,19.17,18.989,14705000000.0,0.0,36.08,1.553,1.553,1940000000.0,-855000000.0,6456000000.0,6456000000.0,0.0,0.027,0.135,0.055,0.225,0.0,0.0,1.0,277879646.0,277879646.0,,23.233,20299000000.0,235000000.0,533000000.0,2422000000.0,73.05,18000000.0
23,CMS,MRT,2015-09-30,2015-09-30,2015-09-30,2021-07-29,-49000000.0,19452000000.0,19268250000.0,2123000000.0,17329000000.0,0.348,14.063,-1554000000.0,202000000.0,202000000.0,4504000000.0,515000000.0,1.187,3.976,8823000000.0,809000000.0,8014000000.0,8823000000.0,0.0,746000000.0,0.0,0.032,1.14,1452000000.0,2198000000.0,0.328,2198000000.0,1452000000.0,1043000000.0,1.86,1.86,1.86,3902000000.0,3798000000.0,3902000000.0,17955311040.0,12.0,8.169,385000000.0,1.388,1.0,2201000000.0,0.328,0.0,409000000.0,26285000000.0,25900250000.0,863000000.0,366000000.0,17000000.0,349000000.0,15513000000.0,1788000000.0,13725000000.0,9800311040.0,-333000000.0,0.0,43000000.0,-329000000.0,-316000000.0,-381000000.0,-1891000000.0,-229000000.0,1939000000.0,0.0,513000000.0,513000000.0,513000000.0,0.0,2000000.0,0.077,746000000.0,1455000000.0,594000000.0,0.613,2.512,19.104,18.989,14160000000.0,0.0,35.32,1.462,1.462,1721000000.0,-881000000.0,6705000000.0,6705000000.0,0.0,0.027,0.135,0.056,0.217,0.0,0.0,1.0,277472000.0,277472000.0,,24.165,19452000000.0,153000000.0,530000000.0,2126000000.0,70.104,335000000.0
24,CMS,MRT,2015-06-30,2015-06-30,2015-06-30,2021-07-29,-48000000.0,19238000000.0,19000500000.0,2291000000.0,16947000000.0,0.35,13.793,-1589000000.0,517000000.0,517000000.0,4551000000.0,461000000.0,1.397,4.029,8672000000.0,519000000.0,8153000000.0,8672000000.0,0.0,726000000.0,0.0,0.035,1.12,1368000000.0,2094000000.0,0.315,2094000000.0,1368000000.0,959000000.0,1.67,1.67,1.67,3818000000.0,3740000000.0,3818000000.0,17045225363.0,12.0,8.14,217000000.0,0.784,1.0,2098000000.0,0.316,0.0,409000000.0,25753000000.0,25595000000.0,683000000.0,494000000.0,114000000.0,380000000.0,15383000000.0,1640000000.0,13743000000.0,8813225363.0,129000000.0,0.0,33000000.0,225000000.0,-310000000.0,220000000.0,-1897000000.0,-220000000.0,1806000000.0,0.0,459000000.0,459000000.0,459000000.0,0.0,2000000.0,0.069,726000000.0,1372000000.0,564000000.0,0.671,2.308,19.201,19.066,13775000000.0,0.0,31.84,1.325,1.325,1565000000.0,-949000000.0,6649000000.0,6649000000.0,0.0,0.024,0.123,0.053,0.206,0.0,0.0,1.0,276797279.0,276797279.0,,24.021,19238000000.0,176000000.0,500000000.0,2191000000.0,69.502,651000000.0
25,CMS,MRT,2015-03-31,2015-03-31,2015-03-31,2021-07-29,-48000000.0,19198000000.0,18620750000.0,2501000000.0,16697000000.0,0.363,13.762,-1621000000.0,571000000.0,571000000.0,4660000000.0,477000000.0,1.564,4.04,8803000000.0,543000000.0,8260000000.0,8803000000.0,0.0,708000000.0,0.0,0.032,1.1,1385000000.0,2093000000.0,0.309,2093000000.0,1385000000.0,978000000.0,1.73,1.72,1.73,3802000000.0,3696750000.0,3802000000.0,18139381337.0,13.0,8.667,9000000.0,0.033,1.0,2107000000.0,0.311,0.0,407000000.0,25831000000.0,25124750000.0,540000000.0,568000000.0,152000000.0,416000000.0,15359000000.0,1599000000.0,13760000000.0,9644381337.0,-226000000.0,0.0,14000000.0,134000000.0,-303000000.0,118000000.0,-1974000000.0,-255000000.0,1630000000.0,0.0,475000000.0,475000000.0,475000000.0,0.0,2000000.0,0.07,708000000.0,1399000000.0,521000000.0,0.636,2.537,20.304,20.179,13526000000.0,0.0,34.91,1.425,1.425,1742000000.0,-936000000.0,6767000000.0,6767000000.0,0.0,0.026,0.128,0.055,0.205,0.0,0.0,1.0,276264146.0,276264146.0,,24.495,19198000000.0,178000000.0,503000000.0,2129000000.0,69.491,902000000.0
26,CMS,MRT,2014-12-31,2014-12-31,2014-12-31,2021-07-29,-49000000.0,19185000000.0,18302250000.0,2597000000.0,16588000000.0,0.392,13.29,-1577000000.0,244000000.0,244000000.0,5090000000.0,479000000.0,1.333,4.217,8739000000.0,600000000.0,8139000000.0,8739000000.0,0.0,685000000.0,0.0,0.031,1.08,1386000000.0,2071000000.0,0.288,2071000000.0,1386000000.0,979000000.0,1.76,1.74,1.76,3670000000.0,3650750000.0,3670000000.0,17927175839.0,13.0,8.656,-96000000.0,-0.348,1.0,2089000000.0,0.291,0.0,407000000.0,25732000000.0,24584750000.0,918000000.0,454000000.0,41000000.0,413000000.0,15478000000.0,1948000000.0,13530000000.0,9596175839.0,45000000.0,0.0,43000000.0,481000000.0,-295000000.0,462000000.0,-1898000000.0,-255000000.0,1481000000.0,0.0,477000000.0,477000000.0,477000000.0,0.0,2000000.0,0.066,685000000.0,1404000000.0,688000000.0,0.614,2.615,20.118,19.744,13412000000.0,0.0,34.75,1.337,1.337,1824000000.0,-1058000000.0,7179000000.0,7179000000.0,0.0,0.026,0.131,0.056,0.193,0.0,0.0,1.0,276148945.0,276148945.0,,25.997,19185000000.0,216000000.0,502000000.0,2101000000.0,69.473,649000000.0
27,CMS,MRT,2014-09-30,2014-09-30,2014-09-30,2021-07-29,-20000000.0,18381000000.0,17860000000.0,2734000000.0,15647000000.0,0.401,13.294,-1550000000.0,530000000.0,530000000.0,5098000000.0,484000000.0,1.659,3.998,8861000000.0,690000000.0,8171000000.0,8861000000.0,0.0,668000000.0,0.0,0.036,1.065,1390000000.0,2058000000.0,0.288,2058000000.0,1390000000.0,988000000.0,1.81,1.76,1.81,3670000000.0,3596750000.0,3670000000.0,15904010636.0,11.0,7.728,-285000000.0,-1.032,1.0,2059000000.0,0.288,0.0,402000000.0,25064000000.0,23961250000.0,1043000000.0,492000000.0,96000000.0,396000000.0,14674000000.0,1648000000.0,13026000000.0,8188010636.0,233000000.0,0.0,44000000.0,815000000.0,-288000000.0,843000000.0,-1875000000.0,-250000000.0,1265000000.0,0.0,483000000.0,483000000.0,483000000.0,0.0,1000000.0,0.067,668000000.0,1391000000.0,613000000.0,0.588,2.231,16.952,16.387,13045000000.0,0.0,29.66,1.144,1.144,1453000000.0,-1080000000.0,7157000000.0,7157000000.0,0.0,0.027,0.134,0.058,0.194,0.0,0.0,1.0,276062395.0,276062395.0,,25.925,18381000000.0,176000000.0,505000000.0,1876000000.0,66.583,1086000000.0
28,CMS,MRT,2014-06-30,2014-06-30,2014-06-30,2021-07-29,-20000000.0,17719000000.0,17511250000.0,2465000000.0,15254000000.0,0.41,13.526,-1408000000.0,389000000.0,389000000.0,5043000000.0,517000000.0,1.577,3.851,8105000000.0,439000000.0,7666000000.0,8105000000.0,0.0,660000000.0,0.0,0.034,1.05,1461000000.0,2121000000.0,0.296,2121000000.0,1461000000.0,1061000000.0,1.95,1.88,1.95,3645000000.0,3528250000.0,3645000000.0,15942614403.0,11.0,7.517,-145000000.0,-0.538,1.0,2129000000.0,0.297,0.0,400000000.0,23872000000.0,23443000000.0,775000000.0,512000000.0,88000000.0,424000000.0,14037000000.0,1563000000.0,12474000000.0,8394614403.0,-179000000.0,0.0,45000000.0,371000000.0,-284000000.0,257000000.0,-1699000000.0,-225000000.0,1263000000.0,0.0,515000000.0,515000000.0,515000000.0,0.0,2000000.0,0.072,660000000.0,1469000000.0,597000000.0,0.538,2.303,16.3,15.974,12680000000.0,0.0,31.15,1.17,1.17,1452000000.0,-1099000000.0,7172000000.0,7172000000.0,0.0,0.029,0.146,0.062,0.204,0.0,0.0,1.0,269490029.0,269490029.0,,26.613,17719000000.0,177000000.0,546000000.0,1940000000.0,65.75,902000000.0
29,CMS,MRT,2014-03-31,2014-03-31,2014-03-31,2021-07-29,-21000000.0,17924000000.0,17438750000.0,2969000000.0,14955000000.0,0.408,13.54,-1355000000.0,789000000.0,789000000.0,5004000000.0,514000000.0,1.649,3.944,8337000000.0,666000000.0,7671000000.0,8337000000.0,0.0,646000000.0,0.0,0.035,1.035,1464000000.0,2110000000.0,0.297,2110000000.0,1464000000.0,1063000000.0,1.94,1.87,1.94,3618000000.0,3447750000.0,3618000000.0,15590846199.0,11.0,7.389,-48000000.0,-0.18,1.0,2106000000.0,0.296,0.0,401000000.0,23671000000.0,23139500000.0,537000000.0,522000000.0,69000000.0,453000000.0,14269000000.0,1801000000.0,12468000000.0,7823846199.0,172000000.0,0.0,45000000.0,558000000.0,-278000000.0,450000000.0,-1585000000.0,-168000000.0,1307000000.0,0.0,512000000.0,512000000.0,512000000.0,0.0,2000000.0,0.072,646000000.0,1460000000.0,642000000.0,0.534,2.162,15.281,15.093,12360000000.0,0.0,29.28,1.1,1.1,1688000000.0,-1110000000.0,7110000000.0,7110000000.0,0.0,0.029,0.149,0.063,0.206,0.0,0.0,1.0,267207862.0,267207862.0,,26.608,17924000000.0,209000000.0,551000000.0,1911000000.0,67.079,1168000000.0
30,CMS,MRT,2013-12-31,2013-12-31,2013-12-31,2021-07-29,-22000000.0,17416000000.0,17275000000.0,2526000000.0,14890000000.0,0.38,12.932,-1325000000.0,204000000.0,204000000.0,4562000000.0,454000000.0,1.299,4.032,7971000000.0,732000000.0,7239000000.0,7971000000.0,0.0,628000000.0,0.0,0.038,1.02,1386000000.0,2014000000.0,0.307,2014000000.0,1386000000.0,988000000.0,1.71,1.66,1.71,3454000000.0,3369750000.0,3454000000.0,14619021573.0,11.0,7.259,96000000.0,0.359,1.0,2004000000.0,0.305,0.0,398000000.0,23238000000.0,22879500000.0,881000000.0,531000000.0,63000000.0,468000000.0,13925000000.0,1945000000.0,11980000000.0,7150021573.0,79000000.0,0.0,36000000.0,302000000.0,-273000000.0,190000000.0,-1532000000.0,-139000000.0,1421000000.0,0.0,452000000.0,452000000.0,452000000.0,0.0,2000000.0,0.069,628000000.0,1376000000.0,595000000.0,0.596,2.07,15.819,15.655,12246000000.0,0.0,26.77,1.089,1.089,1570000000.0,-1242000000.0,6566000000.0,6566000000.0,0.0,0.026,0.134,0.061,0.211,0.0,0.0,1.0,267090832.0,267090832.0,,24.583,17416000000.0,328000000.0,536000000.0,1953000000.0,65.206,581000000.0
31,CMS,MRT,2013-09-30,2013-09-30,2013-09-30,2021-07-29,-39000000.0,16986000000.0,17203750000.0,2401000000.0,14585000000.0,0.378,12.721,-1266000000.0,292000000.0,292000000.0,4555000000.0,419000000.0,1.64,3.991,7761000000.0,532000000.0,7229000000.0,7761000000.0,0.0,621000000.0,0.0,0.038,1.005,1327000000.0,1948000000.0,0.3,1948000000.0,1327000000.0,932000000.0,1.58,1.53,1.58,3396000000.0,3304750000.0,3396000000.0,14057373014.0,11.0,7.216,159000000.0,0.596,1.0,1945000000.0,0.299,0.0,395000000.0,22991000000.0,22751500000.0,1089000000.0,380000000.0,84000000.0,296000000.0,13553000000.0,1464000000.0,12089000000.0,7026373014.0,132000000.0,0.0,35000000.0,357000000.0,-269000000.0,123000000.0,-1416000000.0,-116000000.0,1425000000.0,0.0,417000000.0,417000000.0,417000000.0,0.0,2000000.0,0.064,622000000.0,1323000000.0,526000000.0,0.636,2.069,16.85,16.658,12154000000.0,0.0,26.32,1.081,1.081,1244000000.0,-1276000000.0,6500000000.0,6500000000.0,0.0,0.024,0.126,0.058,0.204,0.0,0.0,1.0,266959461.0,266959461.0,,24.348,16986000000.0,122000000.0,515000000.0,1550000000.0,63.628,937000000.0
32,CMS,MRT,2013-06-30,2013-06-30,2013-06-30,2021-07-29,-56000000.0,17429000000.0,17109250000.0,2485000000.0,14944000000.0,0.384,12.454,-1232000000.0,566000000.0,566000000.0,4600000000.0,441000000.0,1.379,4.234,7597000000.0,758000000.0,6839000000.0,7597000000.0,0.0,614000000.0,0.0,0.036,0.99,1351000000.0,1965000000.0,0.299,1965000000.0,1351000000.0,959000000.0,1.66,1.62,1.66,3323000000.0,3254750000.0,3323000000.0,14256674483.0,11.0,7.255,161000000.0,0.603,1.0,1962000000.0,0.299,0.0,392000000.0,22658000000.0,22588750000.0,830000000.0,398000000.0,76000000.0,322000000.0,14069000000.0,1802000000.0,12267000000.0,7249674483.0,350000000.0,0.0,35000000.0,540000000.0,-262000000.0,313000000.0,-1356000000.0,-63000000.0,1393000000.0,0.0,438000000.0,439000000.0,439000000.0,0.0,3000000.0,0.067,614000000.0,1348000000.0,521000000.0,0.596,2.182,16.514,16.367,11916000000.0,-1000000.0,27.17,1.105,1.105,1242000000.0,-1334000000.0,6562000000.0,6562000000.0,0.0,0.026,0.135,0.06,0.206,0.0,0.0,1.0,266826444.0,266826444.0,,24.593,17429000000.0,140000000.0,521000000.0,1440000000.0,65.32,683000000.0
33,CMS,MRT,2013-03-31,2013-03-31,2013-03-31,2021-07-29,-54000000.0,17269000000.0,16825250000.0,2528000000.0,14741000000.0,0.386,12.432,-1207000000.0,615000000.0,615000000.0,4508000000.0,461000000.0,1.537,4.21,7622000000.0,732000000.0,6890000000.0,7622000000.0,0.0,607000000.0,0.0,0.035,0.975,1377000000.0,1984000000.0,0.306,1984000000.0,1377000000.0,989000000.0,1.74,1.7,1.74,3306000000.0,3201750000.0,3306000000.0,14822236222.0,11.0,7.471,124000000.0,0.466,1.0,1981000000.0,0.305,0.0,388000000.0,22631000000.0,22249750000.0,637000000.0,416000000.0,73000000.0,343000000.0,13919000000.0,1645000000.0,12274000000.0,7430236222.0,228000000.0,0.0,53000000.0,431000000.0,-257000000.0,227000000.0,-1330000000.0,-63000000.0,1331000000.0,0.0,457000000.0,459000000.0,459000000.0,0.0,4000000.0,0.071,607000000.0,1374000000.0,436000000.0,0.56,2.248,16.188,16.057,11667000000.0,-2000000.0,27.94,1.145,1.145,1432000000.0,-1346000000.0,6489000000.0,6489000000.0,0.0,0.027,0.143,0.062,0.212,0.0,0.0,1.0,265935441.0,265935441.0,,24.401,17269000000.0,157000000.0,532000000.0,1400000000.0,64.937,883000000.0
34,CMS,MRT,2012-12-31,2012-12-31,2012-12-31,2021-07-29,-55000000.0,17131000000.0,16548000000.0,2422000000.0,14709000000.0,0.378,12.044,-1227000000.0,122000000.0,122000000.0,4423000000.0,384000000.0,1.348,4.35,7514000000.0,651000000.0,6863000000.0,7514000000.0,0.0,598000000.0,0.0,0.039,0.96,1243000000.0,1841000000.0,0.294,1841000000.0,1243000000.0,854000000.0,1.46,1.42,1.46,3194000000.0,3137500000.0,3194000000.0,13682667254.0,11.0,7.432,14000000.0,0.053,1.0,1830000000.0,0.293,0.0,389000000.0,22726000000.0,21878500000.0,1084000000.0,391000000.0,41000000.0,350000000.0,13893000000.0,1797000000.0,12096000000.0,6465667254.0,-68000000.0,0.0,30000000.0,263000000.0,-252000000.0,41000000.0,-1350000000.0,-63000000.0,1241000000.0,0.0,380000000.0,382000000.0,382000000.0,-7000000.0,4000000.0,0.061,598000000.0,1232000000.0,521000000.0,0.658,2.024,16.926,16.699,11551000000.0,-2000000.0,24.38,1.034,1.034,1418000000.0,-1423000000.0,6253000000.0,6253000000.0,0.0,0.023,0.122,0.057,0.199,0.0,0.0,1.0,265203743.0,265203743.0,,23.578,17131000000.0,190000000.0,474000000.0,1405000000.0,64.596,625000000.0
35,CMS,MRT,2012-09-30,2012-09-30,2012-09-30,2021-07-29,-43000000.0,16608000000.0,16378250000.0,2360000000.0,14248000000.0,0.379,12.061,-1119000000.0,159000000.0,159000000.0,4433000000.0,358000000.0,1.589,4.183,7376000000.0,510000000.0,6866000000.0,7376000000.0,0.0,582000000.0,0.0,0.039,0.93,1199000000.0,1781000000.0,0.287,1781000000.0,1199000000.0,804000000.0,1.37,1.32,1.37,3196000000.0,3096000000.0,3196000000.0,13056441024.0,11.0,7.331,-211000000.0,-0.796,1.0,1770000000.0,0.285,0.0,395000000.0,22340000000.0,21494500000.0,1272000000.0,301000000.0,28000000.0,273000000.0,13368000000.0,1485000000.0,11883000000.0,6240441024.0,-495000000.0,0.0,30000000.0,51000000.0,-240000000.0,-159000000.0,-1244000000.0,-40000000.0,908000000.0,0.0,354000000.0,356000000.0,356000000.0,-14000000.0,4000000.0,0.057,581000000.0,1189000000.0,500000000.0,0.679,1.953,17.529,17.19,11190000000.0,-2000000.0,23.55,1.006,1.006,1205000000.0,-1426000000.0,6203000000.0,6203000000.0,0.0,0.022,0.115,0.056,0.193,0.0,0.0,1.0,264986880.0,264986880.0,,23.409,16608000000.0,119000000.0,450000000.0,1335000000.0,62.675,875000000.0
36,CMS,MRT,2012-06-30,2012-06-30,2012-06-30,2021-07-29,-45000000.0,16293000000.0,16215750000.0,2206000000.0,14087000000.0,0.38,11.892,-1058000000.0,215000000.0,215000000.0,4454000000.0,349000000.0,1.221,4.223,7031000000.0,653000000.0,6378000000.0,7031000000.0,0.0,564000000.0,0.0,0.038,0.9,1161000000.0,1725000000.0,0.28,1725000000.0,1161000000.0,758000000.0,1.36,1.3,1.36,3111000000.0,3057750000.0,3111000000.0,12952569098.0,11.0,7.509,-162000000.0,-0.619,1.0,1706000000.0,0.277,0.0,403000000.0,21302000000.0,21019500000.0,1052000000.0,334000000.0,40000000.0,294000000.0,13138000000.0,1807000000.0,11331000000.0,6147569098.0,-807000000.0,0.0,30000000.0,-271000000.0,-230000000.0,-506000000.0,-1197000000.0,-100000000.0,896000000.0,0.0,345000000.0,347000000.0,347000000.0,-14000000.0,4000000.0,0.056,564000000.0,1142000000.0,536000000.0,0.662,1.976,17.716,17.279,10997000000.0,-2000000.0,23.5,0.998,0.998,1141000000.0,-1511000000.0,6160000000.0,6160000000.0,0.0,0.021,0.113,0.055,0.188,0.0,0.0,1.0,261598685.0,261598685.0,,23.548,16293000000.0,136000000.0,413000000.0,1361000000.0,62.282,399000000.0
37,CMS,MRT,2012-03-31,2012-03-31,2012-03-31,2021-07-29,-47000000.0,16160000000.0,16128750000.0,2268000000.0,13892000000.0,0.384,11.792,-985000000.0,387000000.0,387000000.0,4543000000.0,349000000.0,1.247,4.286,7192000000.0,837000000.0,6355000000.0,7192000000.0,0.0,556000000.0,0.0,0.04,0.87,1113000000.0,1669000000.0,0.27,1669000000.0,1113000000.0,704000000.0,1.38,1.31,1.38,3049000000.0,3019500000.0,3049000000.0,12764557864.0,11.0,7.648,-22000000.0,-0.085,1.0,1648000000.0,0.266,0.0,409000000.0,21146000000.0,20735250000.0,888000000.0,346000000.0,25000000.0,321000000.0,13067000000.0,1819000000.0,11248000000.0,5688557864.0,-443000000.0,0.0,30000000.0,-32000000.0,-220000000.0,-263000000.0,-1143000000.0,-100000000.0,963000000.0,0.0,345000000.0,347000000.0,347000000.0,-14000000.0,4000000.0,0.056,556000000.0,1092000000.0,417000000.0,0.63,1.866,16.394,15.942,10755000000.0,-2000000.0,22.0,0.919,0.919,1214000000.0,-1548000000.0,6191000000.0,6191000000.0,0.0,0.022,0.115,0.054,0.18,0.0,0.0,1.0,258570812.0,258570812.0,,23.943,16160000000.0,158000000.0,359000000.0,1307000000.0,62.497,449000000.0
38,CMS,MRT,2011-12-31,2011-12-31,2011-12-31,2021-07-29,-49000000.0,16452000000.0,15999250000.0,2565000000.0,13887000000.0,0.406,11.942,-882000000.0,188000000.0,188000000.0,4749000000.0,417000000.0,1.097,4.419,7264000000.0,1057000000.0,6207000000.0,7264000000.0,0.0,546000000.0,0.0,0.038,0.84,1224000000.0,1770000000.0,0.272,1770000000.0,1224000000.0,809000000.0,1.66,1.58,1.66,3028000000.0,2979000000.0,3028000000.0,12294621426.0,10.0,6.946,287000000.0,1.132,1.0,1754000000.0,0.27,0.0,415000000.0,21190000000.0,20424750000.0,1187000000.0,375000000.0,49000000.0,326000000.0,13380000000.0,2338000000.0,11042000000.0,5598621426.0,-86000000.0,0.0,29000000.0,26000000.0,-211000000.0,-199000000.0,-1058000000.0,-100000000.0,1169000000.0,0.0,413000000.0,415000000.0,415000000.0,-2000000.0,4000000.0,0.064,546000000.0,1208000000.0,584000000.0,0.506,1.849,13.491,13.301,10633000000.0,-2000000.0,22.08,0.861,0.861,1341000000.0,-1553000000.0,6503000000.0,6503000000.0,0.0,0.026,0.139,0.06,0.188,0.0,0.0,1.0,253560753.0,253560753.0,,25.647,16452000000.0,211000000.0,396000000.0,1363000000.0,64.884,227000000.0
39,CMS,MRT,2011-09-30,2011-09-30,2011-09-30,2021-07-29,-40000000.0,15958000000.0,15790250000.0,2860000000.0,13098000000.0,0.416,12.011,-834000000.0,652000000.0,652000000.0,4829000000.0,401000000.0,1.292,4.23,7348000000.0,1140000000.0,6208000000.0,7348000000.0,0.0,544000000.0,0.0,0.042,0.84,1207000000.0,1751000000.0,0.267,1751000000.0,1207000000.0,787000000.0,1.59,1.52,1.59,3043000000.0,2920250000.0,3043000000.0,11474920009.0,10.0,6.553,322000000.0,1.271,1.0,1736000000.0,0.264,0.0,420000000.0,20440000000.0,20305000000.0,1279000000.0,115000000.0,62000000.0,53000000.0,12871000000.0,2214000000.0,10657000000.0,5013920009.0,-73000000.0,0.0,29000000.0,199000000.0,-218000000.0,-202000000.0,-1029000000.0,-116000000.0,1156000000.0,0.0,397000000.0,399000000.0,399000000.0,2000000.0,4000000.0,0.061,544000000.0,1192000000.0,493000000.0,0.528,1.648,12.566,12.447,10410000000.0,-2000000.0,19.79,0.764,0.764,1130000000.0,-1542000000.0,6565000000.0,6565000000.0,0.0,0.025,0.137,0.059,0.184,0.0,0.0,1.0,253356241.0,253356241.0,,25.912,15958000000.0,116000000.0,390000000.0,1152000000.0,62.986,646000000.0
40,CMS,MRT,2011-06-30,2011-06-30,2011-06-30,2021-07-29,-38000000.0,15945000000.0,15693500000.0,2956000000.0,12989000000.0,0.417,11.722,-796000000.0,1023000000.0,1023000000.0,4778000000.0,407000000.0,1.319,4.376,7484000000.0,1123000000.0,6361000000.0,7484000000.0,0.0,557000000.0,0.0,0.04,0.78,1234000000.0,1791000000.0,0.274,1791000000.0,1234000000.0,816000000.0,1.62,1.52,1.62,2958000000.0,2864750000.0,2958000000.0,11520824702.0,9.0,6.433,331000000.0,1.312,1.0,1766000000.0,0.27,0.0,418000000.0,20165000000.0,20142250000.0,969000000.0,109000000.0,57000000.0,52000000.0,12943000000.0,2241000000.0,10702000000.0,4968824702.0,458000000.0,0.0,27000000.0,683000000.0,-199000000.0,313000000.0,-984000000.0,-131000000.0,1127000000.0,0.0,404000000.0,394000000.0,394000000.0,2000000.0,4000000.0,0.06,555000000.0,1211000000.0,452000000.0,0.481,1.68,12.611,12.154,10255000000.0,10000000.0,19.69,0.759,0.759,1127000000.0,-1628000000.0,6544000000.0,6544000000.0,0.0,0.025,0.138,0.061,0.189,0.0,0.0,1.0,252352702.0,252352702.0,,25.932,15945000000.0,133000000.0,412000000.0,1208000000.0,63.185,715000000.0
41,CMS,MRT,2011-03-31,2011-03-31,2011-03-31,2021-07-29,-40000000.0,15642000000.0,15470000000.0,2741000000.0,12901000000.0,0.421,11.45,-822000000.0,831000000.0,831000000.0,4754000000.0,390000000.0,1.197,4.403,7383000000.0,1275000000.0,6108000000.0,7383000000.0,0.0,566000000.0,0.0,0.037,0.72,1269000000.0,1835000000.0,0.281,1835000000.0,1269000000.0,838000000.0,1.57,1.46,1.57,2887000000.0,2862250000.0,2887000000.0,12068041738.0,10.0,6.577,321000000.0,1.273,1.0,1766000000.0,0.271,0.0,431000000.0,19904000000.0,19973250000.0,712000000.0,106000000.0,55000000.0,51000000.0,12711000000.0,2290000000.0,10421000000.0,4952041738.0,46000000.0,0.0,10000000.0,302000000.0,-181000000.0,-80000000.0,-1019000000.0,-131000000.0,1143000000.0,0.0,387000000.0,374000000.0,374000000.0,18000000.0,6000000.0,0.057,510000000.0,1256000000.0,421000000.0,0.459,1.715,13.241,12.51,10138000000.0,13000000.0,19.64,0.76,0.76,1322000000.0,-1675000000.0,6520000000.0,6520000000.0,0.0,0.024,0.131,0.064,0.195,0.0,0.0,1.0,252140618.0,252140618.0,,25.859,15642000000.0,149000000.0,451000000.0,982000000.0,62.037,451000000.0
42,CMS,MRT,2010-12-31,2010-12-31,2010-12-31,2021-07-29,-40000000.0,15616000000.0,15366000000.0,2759000000.0,12857000000.0,0.419,11.42,-821000000.0,270000000.0,270000000.0,4724000000.0,343000000.0,1.365,4.575,7386000000.0,750000000.0,6636000000.0,7386000000.0,0.0,576000000.0,0.0,0.035,0.66,1205000000.0,1781000000.0,0.277,1781000000.0,1205000000.0,774000000.0,1.4,1.28,1.4,2793000000.0,2864750000.0,2793000000.0,11064107983.0,9.0,6.212,138000000.0,0.564,1.0,1708000000.0,0.266,0.0,431000000.0,20711000000.0,19942250000.0,1175000000.0,119000000.0,70000000.0,49000000.0,12779000000.0,2021000000.0,10758000000.0,4549107983.0,157000000.0,-10000000.0,10000000.0,593000000.0,-162000000.0,202000000.0,-1003000000.0,-131000000.0,959000000.0,0.0,340000000.0,324000000.0,324000000.0,23000000.0,6000000.0,0.05,520000000.0,1188000000.0,501000000.0,0.471,1.629,14.04,13.286,10069000000.0,16000000.0,18.6,0.707,0.707,1403000000.0,-1757000000.0,6432000000.0,6432000000.0,0.0,0.021,0.113,0.06,0.187,0.0,0.0,1.0,244575698.0,244575698.0,,26.299,15616000000.0,180000000.0,434000000.0,969000000.0,63.849,738000000.0
43,CMS,MRT,2010-09-30,2010-09-30,2010-09-30,2021-07-29,-31000000.0,15571000000.0,15276000000.0,3086000000.0,12485000000.0,0.417,12.256,-812000000.0,719000000.0,719000000.0,4698000000.0,329000000.0,1.343,4.504,7234000000.0,1031000000.0,6203000000.0,7234000000.0,0.0,584000000.0,0.0,0.032,0.575,1173000000.0,1757000000.0,0.276,1757000000.0,1173000000.0,726000000.0,1.33,1.2,1.33,2821000000.0,2876750000.0,2821000000.0,10321826841.0,9.0,5.875,400000000.0,1.738,1.0,1665000000.0,0.262,0.0,447000000.0,19789000000.0,19766000000.0,1395000000.0,123000000.0,74000000.0,49000000.0,12705000000.0,2297000000.0,10408000000.0,4147826841.0,515000000.0,-10000000.0,9000000.0,536000000.0,-132000000.0,289000000.0,-986000000.0,-117000000.0,1212000000.0,0.0,324000000.0,305000000.0,305000000.0,20000000.0,10000000.0,0.048,528000000.0,1137000000.0,464000000.0,0.432,1.47,13.599,13.549,9918000000.0,19000000.0,18.02,0.652,0.652,1049000000.0,-1731000000.0,6363000000.0,6363000000.0,0.0,0.02,0.106,0.059,0.184,0.0,0.0,1.0,230179070.0,230179070.0,,27.644,15571000000.0,111000000.0,402000000.0,758000000.0,67.647,789000000.0
44,CMS,MRT,2010-06-30,2010-06-30,2010-06-30,2021-07-29,-31000000.0,15051000000.0,15104000000.0,2621000000.0,12430000000.0,0.409,12.823,-840000000.0,558000000.0,558000000.0,4613000000.0,258000000.0,1.51,4.09,6732000000.0,653000000.0,6079000000.0,6732000000.0,0.0,579000000.0,0.0,0.038,0.55,1060000000.0,1639000000.0,0.265,1639000000.0,1060000000.0,612000000.0,1.04,0.95,1.04,2948000000.0,2900750000.0,2948000000.0,9614989175.0,9.0,5.866,256000000.0,1.114,1.0,1570000000.0,0.254,0.0,448000000.0,19489000000.0,19735750000.0,1077000000.0,124000000.0,72000000.0,52000000.0,12058000000.0,1736000000.0,10322000000.0,3367989175.0,-487000000.0,-10000000.0,9000000.0,-400000000.0,-126000000.0,-591000000.0,-992000000.0,-83000000.0,1096000000.0,0.0,248000000.0,238000000.0,238000000.0,21000000.0,20000000.0,0.038,520000000.0,1050000000.0,460000000.0,0.529,1.142,14.151,14.087,9804000000.0,10000000.0,14.65,0.545,0.545,1017000000.0,-1831000000.0,6183000000.0,6183000000.0,0.0,0.016,0.082,0.054,0.171,0.0,0.0,1.0,229896872.0,229896872.0,,26.895,15051000000.0,127000000.0,364000000.0,774000000.0,65.468,885000000.0
45,CMS,MRT,2010-03-31,2010-03-31,2010-03-31,2021-07-29,-32000000.0,15226000000.0,15160500000.0,2795000000.0,12431000000.0,0.4,12.608,-828000000.0,778000000.0,778000000.0,4567000000.0,254000000.0,1.651,4.241,7025000000.0,720000000.0,6305000000.0,7025000000.0,0.0,569000000.0,0.0,0.034,0.525,1024000000.0,1593000000.0,0.263,1593000000.0,1024000000.0,588000000.0,1.02,0.95,1.02,2897000000.0,2881000000.0,2897000000.0,10256288184.0,10.0,6.438,71000000.0,0.309,1.0,1501000000.0,0.247,0.0,436000000.0,19780000000.0,19765500000.0,846000000.0,133000000.0,81000000.0,52000000.0,12285000000.0,1693000000.0,10592000000.0,3552288184.0,-65000000.0,-10000000.0,6000000.0,171000000.0,-119000000.0,-13000000.0,-955000000.0,-83000000.0,899000000.0,0.0,244000000.0,233000000.0,233000000.0,-20000000.0,20000000.0,0.038,556000000.0,945000000.0,403000000.0,0.515,1.226,15.246,15.157,9647000000.0,11000000.0,15.46,0.585,0.585,1139000000.0,-1876000000.0,6068000000.0,6068000000.0,0.0,0.015,0.081,0.052,0.169,0.0,0.0,1.0,229772845.0,229772845.0,,26.409,15226000000.0,142000000.0,344000000.0,1012000000.0,66.265,1102000000.0
46,CMS,MRT,2009-12-31,2009-12-31,2009-12-31,2021-07-29,-33000000.0,15256000000.0,15104500000.0,2742000000.0,12514000000.0,0.411,12.373,-818000000.0,122000000.0,122000000.0,4733000000.0,240000000.0,1.403,4.336,6826000000.0,734000000.0,6092000000.0,6826000000.0,0.0,570000000.0,0.0,0.032,0.5,996000000.0,1566000000.0,0.252,1566000000.0,996000000.0,561000000.0,0.96,0.91,0.96,2841000000.0,3157000000.0,2841000000.0,10210644727.0,10.0,6.52,30000000.0,0.131,1.0,1472000000.0,0.237,0.0,435000000.0,20006000000.0,19738500000.0,1319000000.0,90000000.0,81000000.0,9000000.0,12318000000.0,1954000000.0,10364000000.0,3595644727.0,-117000000.0,0.0,9000000.0,120000000.0,-114000000.0,-35000000.0,-935000000.0,-83000000.0,848000000.0,0.0,229000000.0,218000000.0,218000000.0,-20000000.0,22000000.0,0.035,557000000.0,915000000.0,509000000.0,0.521,1.266,16.494,16.312,9682000000.0,11000000.0,15.66,0.579,0.579,1293000000.0,-1927000000.0,6205000000.0,6205000000.0,0.0,0.014,0.069,0.05,0.161,0.0,0.0,1.0,229606943.0,229606943.0,,27.024,15256000000.0,172000000.0,332000000.0,608000000.0,66.444,788000000.0
47,CMS,MRT,2009-09-30,2009-09-30,2009-09-30,2021-07-29,-23000000.0,14883000000.0,15015750000.0,2662000000.0,12221000000.0,0.428,12.743,-899000000.0,213000000.0,213000000.0,5276000000.0,293000000.0,1.455,4.084,6828000000.0,712000000.0,6116000000.0,6828000000.0,0.0,575000000.0,0.0,0.035,0.465,1051000000.0,1626000000.0,0.253,1626000000.0,1051000000.0,640000000.0,1.19,1.16,1.19,2917000000.0,3126500000.0,2917000000.0,9221486808.0,9.0,5.671,111000000.0,0.485,1.0,1146000000.0,0.178,0.0,411000000.0,19668000000.0,19619750000.0,1527000000.0,96000000.0,87000000.0,9000000.0,11913000000.0,1830000000.0,10083000000.0,3067486808.0,23000000.0,0.0,10000000.0,81000000.0,-106000000.0,-13000000.0,-976000000.0,-64000000.0,1010000000.0,0.0,283000000.0,272000000.0,272000000.0,-24000000.0,26000000.0,0.042,167000000.0,979000000.0,376000000.0,0.391,1.052,11.278,11.261,9566000000.0,11000000.0,13.4,0.478,0.478,1046000000.0,-1900000000.0,6422000000.0,6422000000.0,0.0,0.018,0.087,0.054,0.164,0.0,0.0,1.0,228916926.0,228916926.0,,28.054,14883000000.0,115000000.0,357000000.0,1481000000.0,65.015,832000000.0
48,CMS,MRT,2009-06-30,2009-06-30,2009-06-30,2021-07-29,-27000000.0,15277000000.0,14814250000.0,3156000000.0,12121000000.0,0.445,12.648,-854000000.0,1056000000.0,1056000000.0,5238000000.0,300000000.0,1.731,4.307,7210000000.0,623000000.0,6587000000.0,7210000000.0,0.0,582000000.0,0.0,0.036,0.43,1042000000.0,1624000000.0,0.247,1624000000.0,1042000000.0,636000000.0,1.25,1.21,1.25,2869000000.0,3227000000.0,2869000000.0,8846113527.0,8.0,5.447,-148000000.0,-0.652,1.0,1349000000.0,0.205,0.0,406000000.0,19608000000.0,19394250000.0,1138000000.0,97000000.0,87000000.0,10000000.0,12357000000.0,1823000000.0,10534000000.0,2740113527.0,500000000.0,0.0,10000000.0,842000000.0,-98000000.0,720000000.0,-928000000.0,-19000000.0,706000000.0,0.0,294000000.0,283000000.0,283000000.0,-26000000.0,16000000.0,0.043,397000000.0,952000000.0,406000000.0,0.344,0.955,9.682,9.664,9421000000.0,11000000.0,12.08,0.416,0.416,1076000000.0,-1945000000.0,6587000000.0,6587000000.0,0.0,0.019,0.088,0.054,0.158,0.0,0.0,1.0,226830590.0,226830590.0,,29.039,15277000000.0,128000000.0,342000000.0,1539000000.0,67.35,1333000000.0
49,CMS,MRT,2009-03-31,2009-03-31,2009-03-31,2021-07-29,-32000000.0,15002000000.0,14467500000.0,2984000000.0,12018000000.0,0.465,17.655,-817000000.0,862000000.0,862000000.0,5156000000.0,268000000.0,2.078,2.737,6968000000.0,311000000.0,6657000000.0,6968000000.0,0.0,589000000.0,0.0,0.033,0.395,995000000.0,1584000000.0,0.235,1584000000.0,995000000.0,597000000.0,1.12,1.07,1.12,4001000000.0,3356500000.0,4001000000.0,9192216782.0,9.0,5.803,-129000000.0,-0.569,1.0,1571000000.0,0.234,0.0,398000000.0,19672000000.0,18963250000.0,839000000.0,88000000.0,77000000.0,11000000.0,10949000000.0,1436000000.0,9513000000.0,2683216782.0,-17000000.0,0.0,10000000.0,277000000.0,-91000000.0,176000000.0,-879000000.0,-19000000.0,688000000.0,0.0,263000000.0,252000000.0,252000000.0,0.0,13000000.0,0.037,613000000.0,958000000.0,354000000.0,0.353,0.671,10.648,10.571,9266000000.0,11000000.0,11.84,0.399,0.399,1360000000.0,-1991000000.0,6727000000.0,6727000000.0,0.0,0.017,0.075,0.052,0.148,0.0,0.0,1.0,226623039.0,226623039.0,,29.684,15002000000.0,140000000.0,334000000.0,1452000000.0,66.198,1548000000.0
50,CMS,MRT,2008-12-31,2008-12-31,2008-12-31,2021-07-29,-28000000.0,14901000000.0,14277500000.0,2827000000.0,12074000000.0,0.477,12.02,-792000000.0,242000000.0,242000000.0,5231000000.0,302000000.0,1.517,4.445,6735000000.0,514000000.0,6221000000.0,6735000000.0,0.0,589000000.0,0.0,0.036,0.36,1037000000.0,1626000000.0,0.239,1626000000.0,1037000000.0,637000000.0,1.25,1.2,1.25,2719000000.0,3234500000.0,2719000000.0,8850958674.0,9.0,5.443,-235000000.0,-1.039,1.0,1576000000.0,0.232,0.0,400000000.0,19531000000.0,18506000000.0,1405000000.0,106000000.0,95000000.0,11000000.0,12086000000.0,1863000000.0,10223000000.0,2286958674.0,-137000000.0,0.0,9000000.0,240000000.0,-82000000.0,147000000.0,-839000000.0,-19000000.0,557000000.0,0.0,295000000.0,284000000.0,284000000.0,-1000000.0,14000000.0,0.042,579000000.0,997000000.0,516000000.0,0.288,0.841,8.053,8.088,9181000000.0,11000000.0,10.11,0.336,0.336,1036000000.0,-2031000000.0,6807000000.0,6807000000.0,0.0,0.02,0.088,0.056,0.152,0.0,0.0,1.0,226207584.0,226207584.0,,30.092,14901000000.0,165000000.0,342000000.0,815000000.0,65.873,964000000.0
51,CMS,MRT,2008-09-30,2008-09-30,2008-09-30,2021-07-29,-17000000.0,14077000000.0,14100250000.0,2830000000.0,11247000000.0,0.471,14.718,-1229000000.0,193000000.0,193000000.0,4312000000.0,99000000.0,1.509,3.241,6757000000.0,649000000.0,6108000000.0,6757000000.0,0.0,574000000.0,0.0,0.026,0.32,688000000.0,1262000000.0,0.19,1262000000.0,688000000.0,286000000.0,0.41,0.35,0.41,3319000000.0,3418250000.0,3319000000.0,8688043123.0,13.0,6.884,-910000000.0,-4.035,1.0,2326000000.0,0.35,0.0,402000000.0,18766000000.0,18085250000.0,1726000000.0,110000000.0,99000000.0,11000000.0,10758000000.0,1875000000.0,8883000000.0,2812043123.0,-1083000000.0,0.0,8000000.0,-49000000.0,-72000000.0,-132000000.0,-1270000000.0,53000000.0,319000000.0,0.0,101000000.0,90000000.0,90000000.0,23000000.0,-10000000.0,0.014,1706000000.0,620000000.0,417000000.0,0.78,0.847,31.245,30.415,8995000000.0,11000000.0,12.47,0.424,0.424,992000000.0,-2047000000.0,6638000000.0,6638000000.0,0.0,0.006,0.026,0.038,0.104,0.0,0.0,1.0,225504661.0,225504661.0,,29.436,14077000000.0,159000000.0,185000000.0,1174000000.0,62.424,955000000.0
52,CMS,MRT,2008-06-30,2008-06-30,2008-06-30,2021-07-29,-22000000.0,13890000000.0,14157000000.0,2647000000.0,11243000000.0,0.459,15.034,-1124000000.0,555000000.0,555000000.0,4255000000.0,101000000.0,1.406,3.101,6431000000.0,517000000.0,5914000000.0,6431000000.0,0.0,560000000.0,0.0,0.019,0.28,723000000.0,1283000000.0,0.198,1283000000.0,723000000.0,306000000.0,0.43,0.36,0.43,3387000000.0,3449750000.0,3387000000.0,9191717534.0,13.0,7.164,-851000000.0,-3.777,1.0,2237000000.0,0.345,0.0,417000000.0,17884000000.0,17732250000.0,1194000000.0,83000000.0,75000000.0,8000000.0,10503000000.0,1882000000.0,8621000000.0,3356717534.0,-1364000000.0,0.0,8000000.0,-387000000.0,-64000000.0,-476000000.0,-1161000000.0,65000000.0,273000000.0,0.0,105000000.0,94000000.0,94000000.0,24000000.0,-12000000.0,0.014,1606000000.0,631000000.0,478000000.0,0.651,0.991,35.71,34.651,8895000000.0,11000000.0,14.9,0.517,0.517,1016000000.0,-2106000000.0,6492000000.0,6492000000.0,0.0,0.007,0.027,0.041,0.111,0.0,0.0,1.0,225283056.0,225283056.0,,28.817,13890000000.0,202000000.0,201000000.0,976000000.0,61.656,765000000.0
53,CMS,MRT,2008-03-31,2008-03-31,2008-03-31,2021-07-29,-149000000.0,14242000000.0,14357000000.0,2887000000.0,11355000000.0,0.449,15.601,339000000.0,964000000.0,964000000.0,4291000000.0,89000000.0,1.292,3.054,6799000000.0,856000000.0,5943000000.0,6799000000.0,0.0,554000000.0,0.0,0.018,0.24,690000000.0,1244000000.0,0.193,1244000000.0,690000000.0,249000000.0,0.38,0.33,0.38,3513000000.0,3565500000.0,3513000000.0,9177897541.0,13.0,7.378,522000000.0,2.318,1.0,2155000000.0,0.334,0.0,441000000.0,17843000000.0,17530250000.0,808000000.0,9000000.0,0.0,9000000.0,10729000000.0,2234000000.0,8495000000.0,3048897541.0,225000000.0,-67000000.0,10000000.0,-386000000.0,-54000000.0,-463000000.0,504000000.0,380000000.0,183000000.0,1000000.0,94000000.0,83000000.0,83000000.0,-68000000.0,-13000000.0,0.013,1683000000.0,472000000.0,396000000.0,0.632,0.868,36.734,35.632,8786000000.0,11000000.0,13.54,0.473,0.473,1324000000.0,-2131000000.0,6446000000.0,6446000000.0,0.0,0.006,0.023,0.039,0.107,0.0,0.0,1.0,225177071.0,225177071.0,,28.626,14242000000.0,322000000.0,155000000.0,1023000000.0,63.248,653000000.0
54,CMS,MRT,2007-12-31,2007-12-31,2007-12-31,2021-07-29,-144000000.0,14192000000.0,14615750000.0,2880000000.0,11312000000.0,0.441,15.345,454000000.0,382000000.0,382000000.0,4301000000.0,-230000000.0,1.165,3.109,6511000000.0,723000000.0,5788000000.0,6511000000.0,0.0,545000000.0,0.0,0.012,0.2,250000000.0,795000000.0,0.123,795000000.0,250000000.0,-197000000.0,-1.04,-1.04,-1.04,3454000000.0,3772750000.0,3454000000.0,9411082119.0,38.0,11.838,477000000.0,2.119,1.0,2150000000.0,0.333,0.0,447000000.0,17848000000.0,17922000000.0,1334000000.0,79000000.0,68000000.0,11000000.0,10738000000.0,2473000000.0,8265000000.0,3912082119.0,-3000000.0,-113000000.0,15000000.0,-600000000.0,-45000000.0,-690000000.0,662000000.0,381000000.0,23000000.0,2000000.0,-222000000.0,-234000000.0,-234000000.0,110000000.0,-16000000.0,-0.036,1967000000.0,183000000.0,431000000.0,-0.192,1.133,-16.718,-16.712,8728000000.0,12000000.0,17.38,0.606,0.606,1273000000.0,-2208000000.0,6451000000.0,6451000000.0,0.0,-0.016,-0.062,0.014,0.039,0.0,0.0,1.0,225091031.0,225091031.0,,28.66,14192000000.0,257000000.0,25000000.0,1620000000.0,63.05,407000000.0
55,CMS,MRT,2007-09-30,2007-09-30,2007-09-30,2021-07-29,-136000000.0,14304000000.0,14910500000.0,3696000000.0,10608000000.0,0.437,15.34,1049000000.0,1293000000.0,1293000000.0,4255000000.0,-120000000.0,1.509,3.152,6792000000.0,998000000.0,5794000000.0,6792000000.0,0.0,565000000.0,0.0,0.009,0.15,465000000.0,1030000000.0,0.158,1030000000.0,465000000.0,6000000.0,-0.6,-0.63,-0.6,3445000000.0,3960250000.0,3445000000.0,8636438998.0,19.0,8.385,1177000000.0,5.241,1.0,2257000000.0,0.347,0.0,459000000.0,17354000000.0,18430000000.0,1509000000.0,257000000.0,80000000.0,177000000.0,10859000000.0,2449000000.0,8410000000.0,3777438998.0,786000000.0,-261000000.0,14000000.0,-342000000.0,-34000000.0,-423000000.0,1079000000.0,330000000.0,128000000.0,2000000.0,-120000000.0,-132000000.0,-132000000.0,65000000.0,0.0,-0.02,1975000000.0,282000000.0,392000000.0,-0.25,1.096,-28.617,-28.033,7961000000.0,12000000.0,16.82,0.58,0.58,533000000.0,-2070000000.0,6512000000.0,6512000000.0,0.0,-0.009,-0.033,0.025,0.071,0.0,0.0,1.0,224580202.0,224580202.0,,28.996,14304000000.0,226000000.0,126000000.0,940000000.0,63.692,1247000000.0
56,CMS,MRT,2007-06-30,2007-06-30,2007-06-30,2021-07-29,-137000000.0,14690000000.0,15079000000.0,4171000000.0,10519000000.0,0.432,17.149,957000000.0,1944000000.0,1944000000.0,4210000000.0,-305000000.0,1.687,2.816,6803000000.0,986000000.0,5817000000.0,6803000000.0,0.0,573000000.0,0.0,0.006,0.1,127000000.0,700000000.0,0.107,700000000.0,127000000.0,-340000000.0,-1.44,-1.44,-1.44,3850000000.0,3936500000.0,3850000000.0,10204360216.0,80.0,14.578,1552000000.0,6.913,1.0,2308000000.0,0.354,0.0,467000000.0,17076000000.0,19158250000.0,1130000000.0,440000000.0,0.0,440000000.0,10840000000.0,2473000000.0,8367000000.0,3861360216.0,1040000000.0,-261000000.0,14000000.0,-479000000.0,-22000000.0,-535000000.0,978000000.0,318000000.0,595000000.0,2000000.0,-305000000.0,-317000000.0,-317000000.0,54000000.0,0.0,-0.049,2358000000.0,-50000000.0,470000000.0,-0.069,1.003,-12.181,-11.944,7820000000.0,12000000.0,17.2,0.592,0.592,699000000.0,-2140000000.0,6518000000.0,6518000000.0,0.0,-0.021,-0.081,0.007,0.019,0.0,0.0,1.0,224497687.0,224497687.0,,29.034,14690000000.0,182000000.0,-35000000.0,972000000.0,65.435,1698000000.0
57,CMS,MRT,2007-03-31,2007-03-31,2007-03-31,2021-07-29,-192000000.0,15277000000.0,15323000000.0,3215000000.0,12062000000.0,0.419,19.449,-512000000.0,642000000.0,642000000.0,4094000000.0,-266000000.0,1.472,2.518,6985000000.0,723000000.0,6262000000.0,6985000000.0,0.0,578000000.0,0.0,0.003,0.05,121000000.0,699000000.0,0.109,699000000.0,121000000.0,-352000000.0,-1.26,-1.28,-1.26,4342000000.0,3872250000.0,4342000000.0,10539954379.0,87.0,15.079,322000000.0,1.442,1.0,2324000000.0,0.362,26000000.0,473000000.0,19410000000.0,20027500000.0,824000000.0,1052000000.0,0.0,1052000000.0,10935000000.0,2184000000.0,8751000000.0,3973954379.0,-142000000.0,-168000000.0,13000000.0,-220000000.0,-11000000.0,-268000000.0,-709000000.0,-17000000.0,834000000.0,1000000.0,-266000000.0,-278000000.0,-278000000.0,133000000.0,0.0,-0.043,2303000000.0,21000000.0,495000000.0,-0.04,0.915,-14.295,-14.127,7903000000.0,12000000.0,17.8,0.619,0.619,1072000000.0,-2168000000.0,6418000000.0,6418000000.0,0.0,-0.018,-0.072,0.006,0.019,0.0,0.0,1.0,223255864.0,223255864.0,,28.747,15251000000.0,282000000.0,-86000000.0,1010000000.0,68.312,1031000000.0
58,CMS,MRT,2006-12-31,2006-12-31,2006-12-31,2021-07-29,-318000000.0,15371000000.0,15391250000.0,3143000000.0,12228000000.0,0.398,18.9,-601000000.0,320000000.0,320000000.0,4052000000.0,-79000000.0,1.458,2.656,6985000000.0,565000000.0,6420000000.0,6985000000.0,0.0,576000000.0,0.0,0.0,0.0,374000000.0,950000000.0,0.155,950000000.0,374000000.0,-116000000.0,-0.41,-0.41,-0.41,4204000000.0,3726250000.0,4204000000.0,10618659290.0,28.0,11.178,89000000.0,0.4,1.0,2074000000.0,0.339,0.0,490000000.0,19880000000.0,20322500000.0,1342000000.0,614000000.0,48000000.0,566000000.0,11167000000.0,2156000000.0,9011000000.0,3714659290.0,-496000000.0,-148000000.0,8000000.0,-419000000.0,0.0,-436000000.0,-751000000.0,124000000.0,690000000.0,1000000.0,-79000000.0,-90000000.0,-90000000.0,-54000000.0,0.0,-0.015,2066000000.0,8000000.0,483000000.0,0.0,0.884,-41.274,-40.732,7708000000.0,11000000.0,16.7,0.606,0.606,826000000.0,-1918000000.0,6126000000.0,6126000000.0,0.0,-0.006,-0.024,0.018,0.061,0.0,0.0,1.0,222434688.0,222434688.0,,27.541,15371000000.0,305000000.0,-37000000.0,1025000000.0,69.103,987000000.0
59,CMS,MRT,2006-09-30,2006-09-30,2006-09-30,2021-07-29,-301000000.0,14978000000.0,15558750000.0,3046000000.0,11932000000.0,0.382,15.118,-633000000.0,529000000.0,529000000.0,4178000000.0,-53000000.0,1.922,3.471,7433000000.0,315000000.0,7118000000.0,7433000000.0,0.0,544000000.0,342000000.0,0.0,0.0,350000000.0,894000000.0,0.15,894000000.0,350000000.0,-130000000.0,-0.28,-0.3,-0.28,3350000000.0,3590500000.0,3350000000.0,9794726937.0,28.0,10.956,-155000000.0,-0.699,1.0,1763000000.0,0.297,30000000.0,480000000.0,20267000000.0,20494000000.0,1520000000.0,1637000000.0,113000000.0,1524000000.0,11628000000.0,1585000000.0,10043000000.0,3199726937.0,-334000000.0,0.0,13000000.0,-216000000.0,0.0,-244000000.0,-567000000.0,132000000.0,478000000.0,-1000000.0,-53000000.0,-64000000.0,-64000000.0,-88000000.0,0.0,-0.011,1787000000.0,-24000000.0,499000000.0,0.0,0.955,-49.996,-51.571,8081000000.0,11000000.0,14.44,0.539,0.539,559000000.0,-1886000000.0,5941000000.0,5941000000.0,0.0,-0.004,-0.018,0.017,0.059,0.0,0.0,1.0,221587738.0,221587738.0,,26.811,14948000000.0,124000000.0,-77000000.0,820000000.0,67.459,1461000000.0
60,CMS,MRT,2006-06-30,2006-06-30,2006-06-30,2021-07-29,-282000000.0,15666000000.0,15843000000.0,3393000000.0,12273000000.0,0.376,16.247,-631000000.0,918000000.0,918000000.0,3984000000.0,-215000000.0,2.022,3.36,7513000000.0,174000000.0,7339000000.0,7513000000.0,0.0,536000000.0,335000000.0,0.0,0.0,150000000.0,686000000.0,0.115,686000000.0,150000000.0,-336000000.0,-1.02,-1.04,-1.02,3593000000.0,3737250000.0,3593000000.0,9557653127.0,64.0,13.932,-17000000.0,-0.077,1.0,1976000000.0,0.332,30000000.0,486000000.0,20553000000.0,20519000000.0,1171000000.0,1910000000.0,95000000.0,1815000000.0,12073000000.0,1678000000.0,10395000000.0,2861653127.0,-162000000.0,0.0,17000000.0,-112000000.0,0.0,-142000000.0,-633000000.0,54000000.0,614000000.0,-1000000.0,-215000000.0,-226000000.0,-226000000.0,-77000000.0,0.0,-0.038,2718000000.0,-742000000.0,509000000.0,0.0,0.796,-12.662,-12.686,8028000000.0,11000000.0,12.94,0.48,0.48,857000000.0,-1783000000.0,5960000000.0,5960000000.0,0.0,-0.014,-0.06,0.007,0.025,0.0,0.0,1.0,221147846.0,221147846.0,,26.95,15636000000.0,147000000.0,-121000000.0,1037000000.0,70.704,1715000000.0
61,CMS,MRT,2006-03-31,2006-03-31,2006-03-31,2021-07-29,-286000000.0,15550000000.0,16041750000.0,3314000000.0,12236000000.0,0.372,17.023,-532000000.0,824000000.0,824000000.0,3943000000.0,-260000000.0,2.038,3.138,7520000000.0,319000000.0,7201000000.0,7520000000.0,0.0,531000000.0,364000000.0,0.0,0.0,177000000.0,708000000.0,0.119,708000000.0,177000000.0,-315000000.0,-1.23,-1.23,-1.23,3758000000.0,3843750000.0,3758000000.0,9544823520.0,54.0,13.481,-25000000.0,-0.113,1.0,2028000000.0,0.34,30000000.0,492000000.0,20590000000.0,20684250000.0,898000000.0,1974000000.0,121000000.0,1853000000.0,11792000000.0,1626000000.0,10166000000.0,2858823520.0,-182000000.0,-26000000.0,291000000.0,-392000000.0,0.0,-168000000.0,-521000000.0,57000000.0,507000000.0,0.0,-260000000.0,-271000000.0,-271000000.0,-65000000.0,0.0,-0.045,2746000000.0,-718000000.0,400000000.0,0.0,0.761,-10.549,-10.528,7898000000.0,11000000.0,12.95,0.479,0.479,1084000000.0,-1855000000.0,5971000000.0,5971000000.0,0.0,-0.017,-0.071,0.009,0.03,0.0,0.0,1.0,220758573.0,220758573.0,,27.048,15520000000.0,166000000.0,-55000000.0,1124000000.0,70.303,1688000000.0
62,CMS,MRT,2005-12-31,2005-12-31,2005-12-31,2021-07-29,-288000000.0,16041000000.0,16204500000.0,3920000000.0,12121000000.0,0.363,16.634,-532000000.0,1045000000.0,1045000000.0,3411000000.0,-84000000.0,1.837,3.382,7731000000.0,445000000.0,7286000000.0,7731000000.0,0.0,525000000.0,193000000.0,0.0,0.0,463000000.0,988000000.0,0.168,988000000.0,463000000.0,-38000000.0,-0.44,-0.44,-0.44,3661000000.0,3870500000.0,3661000000.0,9643585444.0,21.0,9.761,66000000.0,0.3,1.0,2468000000.0,0.42,27000000.0,501000000.0,20566000000.0,20860250000.0,1275000000.0,1990000000.0,242000000.0,1748000000.0,12380000000.0,2134000000.0,10246000000.0,3193585444.0,178000000.0,0.0,295000000.0,-153000000.0,0.0,74000000.0,-493000000.0,41000000.0,598000000.0,-1000000.0,-84000000.0,-94000000.0,-94000000.0,-57000000.0,0.0,-0.016,2712000000.0,-244000000.0,613000000.0,0.0,0.872,-33.974,-32.977,7845000000.0,10000000.0,14.51,0.543,0.543,899000000.0,-1828000000.0,5879000000.0,5879000000.0,0.0,-0.006,-0.024,0.022,0.079,0.0,0.0,1.0,220095482.0,220095482.0,,26.711,16014000000.0,160000000.0,46000000.0,1205000000.0,72.759,1786000000.0
63,CMS,MRT,2005-09-30,2005-09-30,2005-09-30,2021-07-29,-297000000.0,16115000000.0,16162250000.0,3940000000.0,12175000000.0,0.368,17.955,-520000000.0,989000000.0,989000000.0,3196000000.0,-32000000.0,1.817,3.093,7439000000.0,441000000.0,6998000000.0,7439000000.0,0.0,464000000.0,594000000.0,0.0,0.0,667000000.0,1131000000.0,0.19,1131000000.0,667000000.0,109000000.0,-0.06,-0.09,-0.06,3937000000.0,3891250000.0,3937000000.0,10007997751.0,15.0,8.849,200000000.0,0.912,1.0,2748000000.0,0.462,30000000.0,558000000.0,20367000000.0,20995750000.0,1380000000.0,2063000000.0,380000000.0,1683000000.0,12178000000.0,2168000000.0,10010000000.0,3606997751.0,494000000.0,-1000000.0,579000000.0,-415000000.0,0.0,94000000.0,-321000000.0,322000000.0,720000000.0,1000000.0,-32000000.0,-41000000.0,-41000000.0,10000000.0,0.0,-0.007,2723000000.0,25000000.0,531000000.0,0.0,0.916,-87.976,-274.167,7719000000.0,9000000.0,16.45,0.607,0.607,642000000.0,-1822000000.0,5944000000.0,5944000000.0,0.0,-0.003,-0.011,0.032,0.112,0.0,0.0,1.0,219270380.0,219270380.0,,27.108,16085000000.0,116000000.0,141000000.0,1197000000.0,73.357,1772000000.0
64,CMS,MRT,2005-06-30,2005-06-30,2005-06-30,2021-07-29,-333000000.0,16461000000.0,15977750000.0,3293000000.0,13168000000.0,0.357,18.37,-356000000.0,1080000000.0,1080000000.0,3191000000.0,290000000.0,2.031,3.096,7481000000.0,343000000.0,7138000000.0,7481000000.0,0.0,457000000.0,0.0,0.0,0.0,1195000000.0,1652000000.0,0.29,1652000000.0,1195000000.0,619000000.0,1.5,1.46,1.5,4019000000.0,3812250000.0,4019000000.0,10075839737.0,8.0,6.099,-1000000.0,-0.005,1.0,2509000000.0,0.44,27000000.0,576000000.0,21214000000.0,21109750000.0,918000000.0,1887000000.0,241000000.0,1646000000.0,12442000000.0,1621000000.0,10821000000.0,3294839737.0,509000000.0,-71000000.0,573000000.0,-287000000.0,0.0,206000000.0,-54000000.0,338000000.0,355000000.0,2000000.0,290000000.0,280000000.0,280000000.0,2000000.0,0.0,0.049,1495000000.0,1014000000.0,412000000.0,0.0,0.82,11.767,10.04,8834000000.0,10000000.0,15.06,0.578,0.578,648000000.0,-1557000000.0,5700000000.0,5700000000.0,0.0,0.018,0.073,0.057,0.21,0.0,0.0,1.0,218780859.0,218780859.0,,26.053,16434000000.0,139000000.0,329000000.0,1710000000.0,75.116,1672000000.0
65,CMS,MRT,2005-03-31,2005-03-31,2005-03-31,2021-07-29,-323000000.0,16201000000.0,15689250000.0,3181000000.0,13020000000.0,0.355,19.773,-325000000.0,985000000.0,985000000.0,3072000000.0,279000000.0,1.909,3.192,7766000000.0,487000000.0,7279000000.0,7766000000.0,0.0,443000000.0,0.0,0.0,0.0,1212000000.0,1655000000.0,0.298,1655000000.0,1212000000.0,622000000.0,1.48,1.44,1.48,3865000000.0,3697750000.0,3865000000.0,9562877774.0,8.0,5.778,52000000.0,0.266,1.0,2491000000.0,0.448,22000000.0,590000000.0,21294000000.0,20795000000.0,612000000.0,1941000000.0,253000000.0,1688000000.0,12336000000.0,1666000000.0,10670000000.0,2548877774.0,439000000.0,-71000000.0,296000000.0,6000000.0,0.0,243000000.0,-190000000.0,214000000.0,377000000.0,9000000.0,279000000.0,269000000.0,269000000.0,2000000.0,0.0,0.048,1448000000.0,1043000000.0,358000000.0,0.0,0.659,9.475,8.811,8798000000.0,10000000.0,13.04,0.458,0.458,886000000.0,-1584000000.0,5563000000.0,5563000000.0,0.0,0.017,0.073,0.058,0.218,0.0,0.0,1.0,195466087.0,195466087.0,,28.46,16179000000.0,164000000.0,343000000.0,1704000000.0,82.771,1515000000.0
66,CMS,MRT,2004-12-31,2004-12-31,2004-12-31,2021-07-29,-336000000.0,15872000000.0,15418250000.0,2999000000.0,12873000000.0,0.355,19.227,-306000000.0,725000000.0,725000000.0,3179000000.0,121000000.0,1.709,3.239,7739000000.0,476000000.0,7263000000.0,7739000000.0,0.0,431000000.0,289000000.0,0.0,0.0,990000000.0,1421000000.0,0.26,1421000000.0,990000000.0,386000000.0,0.65,0.64,0.65,3744000000.0,3150500000.0,3744000000.0,9215883596.0,9.0,6.485,47000000.0,0.241,1.0,2293000000.0,0.419,23000000.0,604000000.0,21108000000.0,20495250000.0,1030000000.0,1847000000.0,205000000.0,1642000000.0,12128000000.0,1755000000.0,10373000000.0,2034883596.0,-37000000.0,-71000000.0,290000000.0,-283000000.0,0.0,-43000000.0,-347000000.0,57000000.0,353000000.0,0.0,121000000.0,110000000.0,110000000.0,4000000.0,0.0,0.02,1545000000.0,748000000.0,392000000.0,0.0,0.544,18.499,16.077,8742000000.0,11000000.0,10.45,0.372,0.372,581000000.0,-1734000000.0,5472000000.0,5472000000.0,0.0,0.007,0.035,0.048,0.181,0.0,0.0,1.0,194725703.0,194725703.0,,28.101,15849000000.0,167000000.0,265000000.0,1337000000.0,81.391,1244000000.0
67,CMS,MRT,2004-09-30,2004-09-30,2004-09-30,2021-07-29,-309000000.0,15377000000.0,14909750000.0,2804000000.0,12573000000.0,0.354,22.452,-245000000.0,643000000.0,643000000.0,2962000000.0,81000000.0,1.643,3.247,7824000000.0,594000000.0,7230000000.0,7824000000.0,0.0,520000000.0,0.0,0.0,0.0,979000000.0,1499000000.0,0.284,1499000000.0,979000000.0,356000000.0,0.45,0.44,0.45,3621000000.0,3083750000.0,3621000000.0,8367362961.0,9.0,5.582,-281000000.0,-1.742,1.0,2320000000.0,0.439,28000000.0,623000000.0,20823000000.0,19899500000.0,1186000000.0,1797000000.0,143000000.0,1654000000.0,11756000000.0,1707000000.0,10049000000.0,1535362961.0,-544000000.0,-70000000.0,-229000000.0,-3000000.0,0.0,26000000.0,-517000000.0,-387000000.0,-36000000.0,-3000000.0,81000000.0,71000000.0,71000000.0,-49000000.0,0.0,0.013,1624000000.0,696000000.0,339000000.0,0.0,0.424,21.625,21.156,8600000000.0,10000000.0,9.52,0.291,0.291,449000000.0,-1779000000.0,5282000000.0,5282000000.0,0.0,0.005,0.023,0.049,0.185,0.0,0.0,1.0,161277622.0,161277622.0,,32.751,15349000000.0,0.0,275000000.0,1728000000.0,95.171,1097000000.0
68,CMS,MRT,2004-06-30,2004-06-30,2004-06-30,2021-07-29,-313000000.0,15307000000.0,14374000000.0,2852000000.0,12455000000.0,0.366,21.774,-228000000.0,909000000.0,909000000.0,3015000000.0,-47000000.0,1.32,3.299,7741000000.0,903000000.0,6838000000.0,7741000000.0,0.0,496000000.0,0.0,0.0,0.0,823000000.0,1319000000.0,0.25,1319000000.0,823000000.0,179000000.0,-0.36,-0.36,-0.36,3561000000.0,3076750000.0,3561000000.0,8460159295.0,10.0,6.414,-133000000.0,-0.813,1.0,2251000000.0,0.427,23000000.0,644000000.0,19955000000.0,19124750000.0,832000000.0,1783000000.0,114000000.0,1669000000.0,11746000000.0,2161000000.0,9585000000.0,1493159295.0,-587000000.0,0.0,0.0,-454000000.0,0.0,-172000000.0,-492000000.0,-322000000.0,95000000.0,-4000000.0,-47000000.0,-54000000.0,-54000000.0,-43000000.0,0.0,-0.01,1651000000.0,600000000.0,381000000.0,0.0,0.419,-27.651,-25.361,8528000000.0,7000000.0,9.13,0.284,0.284,627000000.0,-1835000000.0,5266000000.0,5266000000.0,0.0,-0.004,-0.018,0.043,0.156,0.0,0.0,1.0,163544282.0,163544282.0,,32.199,15284000000.0,0.0,226000000.0,1788000000.0,93.455,691000000.0
69,CMS,MRT,2004-03-31,2004-03-31,2004-03-31,2021-07-29,-317000000.0,15117000000.0,14032000000.0,2719000000.0,12398000000.0,0.378,10.4,355000000.0,767000000.0,767000000.0,3106000000.0,-131000000.0,1.384,8.02,7734000000.0,892000000.0,6842000000.0,7734000000.0,0.0,478000000.0,0.0,0.0,0.0,717000000.0,1195000000.0,0.226,1195000000.0,717000000.0,81000000.0,-0.91,-0.91,-0.91,1676000000.0,3171250000.0,1676000000.0,7990276793.0,11.0,6.686,-58000000.0,-0.36,1.0,2193000000.0,0.414,25000000.0,636000000.0,20095000000.0,18584250000.0,562000000.0,1764000000.0,118000000.0,1646000000.0,13441000000.0,1964000000.0,3576000000.0,1442276793.0,-329000000.0,0.0,0.0,-277000000.0,0.0,10000000.0,99000000.0,-170000000.0,-413000000.0,-11000000.0,-131000000.0,-135000000.0,-135000000.0,10000000.0,0.0,-0.025,1629000000.0,564000000.0,276000000.0,0.0,0.861,-10.684,-9.835,8492000000.0,4000000.0,8.95,0.272,0.272,832000000.0,-1855000000.0,5299000000.0,5299000000.0,0.0,-0.01,-0.043,0.039,0.135,0.0,0.0,1.0,161148245.0,161148245.0,,32.883,15092000000.0,0.0,212000000.0,1614000000.0,93.653,755000000.0
70,CMS,MRT,2003-12-31,2003-12-31,2003-12-31,2021-07-29,-419000000.0,13838000000.0,14053000000.0,2469000000.0,11369000000.0,0.392,21.579,404000000.0,733000000.0,733000000.0,3417000000.0,-43000000.0,1.509,2.98,7281000000.0,519000000.0,6762000000.0,7281000000.0,0.0,462000000.0,0.0,0.0,0.0,796000000.0,1258000000.0,0.228,1258000000.0,796000000.0,206000000.0,-0.3,-0.3,-0.3,3477000000.0,3046000000.0,3477000000.0,7098835481.0,9.0,5.643,154000000.0,0.956,1.0,2096000000.0,0.38,25000000.0,590000000.0,18725000000.0,18115750000.0,891000000.0,2228000000.0,2000000.0,2226000000.0,10361000000.0,1636000000.0,8725000000.0,1372835481.0,181000000.0,0.0,0.0,-59000000.0,0.0,229000000.0,203000000.0,-135000000.0,-250000000.0,-1000000.0,-43000000.0,-44000000.0,-44000000.0,-23000000.0,0.0,-0.008,1474000000.0,622000000.0,343000000.0,0.0,0.395,-31.201,-28.4,6890000000.0,1000000.0,8.52,0.249,0.249,436000000.0,-1844000000.0,5513000000.0,5513000000.0,0.0,-0.003,-0.014,0.044,0.144,0.0,0.0,1.0,161130925.0,161130925.0,,34.214,13813000000.0,146000000.0,249000000.0,1509000000.0,85.725,833000000.0
71,CMS,MRT,2003-09-30,2003-09-30,2003-09-30,2021-07-29,-693000000.0,13234000000.0,14288750000.0,2654000000.0,10580000000.0,0.418,24.938,410000000.0,874000000.0,874000000.0,3907000000.0,-707000000.0,2.217,2.683,6601000000.0,190000000.0,6411000000.0,6601000000.0,0.0,496000000.0,0.0,0.024,0.18,-101000000.0,395000000.0,0.066,395000000.0,-101000000.0,-622000000.0,-5.06,-5.11,-5.06,3593000000.0,2446250000.0,3593000000.0,6660834467.0,-66.0,16.863,691000000.0,4.796,1.0,2064000000.0,0.346,40000000.0,521000000.0,17724000000.0,17946750000.0,961000000.0,2040000000.0,2000000.0,2038000000.0,9641000000.0,1197000000.0,8444000000.0,1061834467.0,337000000.0,-6000000.0,-141000000.0,-62000000.0,-25000000.0,-231000000.0,277000000.0,32000000.0,281000000.0,10000000.0,-707000000.0,-707000000.0,-707000000.0,-133000000.0,0.0,-0.118,2000000000.0,64000000.0,411000000.0,-0.036,0.296,-1.502,-1.457,6624000000.0,0.0,7.37,0.178,0.178,428000000.0,-1852000000.0,5971000000.0,5971000000.0,0.0,-0.049,-0.289,-0.006,-0.017,0.0,0.0,1.0,144075233.0,144075233.0,,41.444,13194000000.0,0.0,85000000.0,1348000000.0,91.577,1457000000.0
72,CMS,MRT,2003-06-30,2003-06-30,2003-06-30,2021-07-29,-690000000.0,13939000000.0,14579500000.0,3035000000.0,10904000000.0,0.512,27.336,1735000000.0,1122000000.0,1122000000.0,5337000000.0,-601000000.0,1.772,2.539,6725000000.0,544000000.0,6181000000.0,6725000000.0,0.0,495000000.0,0.0,0.044,0.36,20000000.0,515000000.0,0.069,515000000.0,20000000.0,-449000000.0,-4.34,-4.39,-4.34,3939000000.0,2005250000.0,3939000000.0,7005179738.0,350.0,13.602,2084000000.0,14.463,1.0,2121000000.0,0.284,36000000.0,469000000.0,17793000000.0,18039250000.0,604000000.0,2108000000.0,2000000.0,2106000000.0,10000000000.0,1713000000.0,8287000000.0,1167179738.0,699000000.0,-1312000000.0,-68000000.0,212000000.0,-52000000.0,74000000.0,266000000.0,30000000.0,349000000.0,10000000.0,-601000000.0,-601000000.0,-601000000.0,-156000000.0,0.0,-0.081,1970000000.0,151000000.0,433000000.0,-0.083,0.296,-1.942,-1.866,6674000000.0,0.0,8.1,0.157,0.157,800000000.0,-1783000000.0,7458000000.0,7458000000.0,0.0,-0.041,-0.3,0.001,0.003,0.0,0.0,1.0,144096264.0,144096264.0,,51.757,13903000000.0,0.0,152000000.0,1439000000.0,96.484,1322000000.0
73,CMS,MRT,2003-03-31,2003-03-31,2003-03-31,2021-07-29,-713000000.0,15201000000.0,14741500000.0,2598000000.0,12603000000.0,0.574,8.155,132000000.0,699000000.0,699000000.0,6280000000.0,-610000000.0,0.938,11.937,6520000000.0,1182000000.0,5338000000.0,6520000000.0,0.0,491000000.0,0.0,0.164,0.725,-10000000.0,481000000.0,0.057,481000000.0,-10000000.0,-446000000.0,-4.44,-4.49,-4.44,1175000000.0,1408500000.0,1175000000.0,6828386225.0,-683.0,14.196,914000000.0,6.344,1.0,2187000000.0,0.258,32000000.0,436000000.0,18221000000.0,18054750000.0,384000000.0,2116000000.0,0.0,2116000000.0,14026000000.0,2769000000.0,4951000000.0,635386225.0,531000000.0,-39000000.0,-50000000.0,-214000000.0,-100000000.0,-382000000.0,121000000.0,22000000.0,782000000.0,10000000.0,-610000000.0,-610000000.0,-610000000.0,-82000000.0,0.0,-0.072,1970000000.0,217000000.0,545000000.0,-0.163,0.541,-1.042,-0.993,6628000000.0,0.0,4.41,0.075,0.075,876000000.0,-1718000000.0,8467000000.0,8467000000.0,0.0,-0.041,-0.433,-0.001,-0.001,0.0,0.0,1.0,144078509.0,144078509.0,,58.767,15169000000.0,0.0,164000000.0,1308000000.0,105.283,-171000000.0
74,CMS,MRT,2002-12-31,2002-12-31,2002-12-31,2021-07-29,-728000000.0,14781000000.0,14842250000.0,2739000000.0,12042000000.0,0.584,7.482,912000000.0,389000000.0,389000000.0,6539000000.0,-650000000.0,0.948,12.712,6577000000.0,1104000000.0,5473000000.0,6577000000.0,0.0,485000000.0,0.0,0.115,1.09,-33000000.0,452000000.0,0.052,452000000.0,-33000000.0,-469000000.0,-4.68,-4.68,-4.68,1078000000.0,1634750000.0,1078000000.0,8498178911.0,-258.0,18.801,1526000000.0,10.591,1.0,2134000000.0,0.246,31000000.0,436000000.0,18049000000.0,18236750000.0,624000000.0,2100000000.0,0.0,2100000000.0,13703000000.0,2889000000.0,4376000000.0,1360178911.0,228000000.0,-55000000.0,-8000000.0,-1049000000.0,-149000000.0,-1223000000.0,829000000.0,24000000.0,614000000.0,8000000.0,-650000000.0,-650000000.0,-650000000.0,0.0,0.0,-0.075,1929000000.0,205000000.0,549000000.0,-0.233,1.262,-2.093,-2.017,6103000000.0,0.0,9.44,0.157,0.157,783000000.0,-1800000000.0,8673000000.0,8673000000.0,0.0,-0.044,-0.398,-0.002,-0.004,0.0,0.0,1.0,144086749.0,144086749.0,,60.193,14750000000.0,0.0,181000000.0,1357000000.0,102.369,-150000000.0
75,CMS,MRT,2002-09-30,2002-09-30,2002-09-30,2021-07-29,-721000000.0,14397000000.0,15340750000.0,2290000000.0,12107000000.0,0.567,12.701,619000000.0,350000000.0,350000000.0,6673000000.0,-167000000.0,0.899,6.872,6594000000.0,836000000.0,5758000000.0,6594000000.0,0.0,606000000.0,0.0,0.158,1.275,645000000.0,1251000000.0,0.144,1251000000.0,645000000.0,169000000.0,-0.35,-0.35,-0.35,1829000000.0,1874750000.0,1829000000.0,8222613712.0,13.0,6.573,1143000000.0,7.938,1.0,2019000000.0,0.232,0.0,476000000.0,18094000000.0,18804500000.0,771000000.0,2334000000.0,0.0,2334000000.0,12568000000.0,2547000000.0,3324000000.0,1159613712.0,197000000.0,5000000.0,354000000.0,-1007000000.0,-174000000.0,-811000000.0,494000000.0,21000000.0,524000000.0,-10000000.0,-167000000.0,-167000000.0,-167000000.0,127000000.0,0.0,-0.019,1647000000.0,372000000.0,534000000.0,-3.643,0.634,-6.944,-23.029,5630000000.0,0.0,8.06,0.133,0.134,478000000.0,-1070000000.0,8692000000.0,8692000000.0,0.0,-0.011,-0.089,0.034,0.074,0.0,0.0,1.0,143872669.0,144000000.0,,60.361,14397000000.0,0.0,336000000.0,1457000000.0,99.979,-257000000.0
76,CMS,MRT,2002-06-30,2002-06-30,2002-06-30,2021-07-29,-686000000.0,14587000000.0,15878500000.0,2197000000.0,12390000000.0,0.507,11.496,-1012000000.0,222000000.0,222000000.0,6125000000.0,-582000000.0,0.762,8.399,6372000000.0,908000000.0,5464000000.0,6372000000.0,0.0,562000000.0,0.0,0.133,1.46,90000000.0,652000000.0,0.081,652000000.0,90000000.0,-386000000.0,-3.46,-3.46,-3.46,1552000000.0,1961500000.0,1552000000.0,8845048452.0,98.0,13.566,-556000000.0,-4.119,1.0,1931000000.0,0.24,0.0,476000000.0,17855000000.0,19429500000.0,610000000.0,2391000000.0,0.0,2391000000.0,13035000000.0,2882000000.0,3448000000.0,1480048452.0,81000000.0,1292000000.0,53000000.0,-422000000.0,-193000000.0,-530000000.0,165000000.0,21000000.0,456000000.0,-10000000.0,-582000000.0,-582000000.0,-582000000.0,354000000.0,0.0,-0.072,1611000000.0,320000000.0,560000000.0,-0.422,0.954,-2.543,-3.173,5506000000.0,0.0,10.98,0.184,0.184,583000000.0,-1080000000.0,8056000000.0,8056000000.0,0.0,-0.037,-0.297,0.005,0.011,0.0,0.0,1.0,134794941.0,135000000.0,,59.674,14587000000.0,0.0,196000000.0,1358000000.0,108.052,-685000000.0
77,CMS,MRT,2002-03-31,2002-03-31,2002-03-31,2021-07-29,-263000000.0,15604000000.0,16643250000.0,2263000000.0,13341000000.0,0.486,15.639,-113000000.0,129000000.0,129000000.0,5988000000.0,-455000000.0,0.758,6.502,6459000000.0,900000000.0,5559000000.0,6459000000.0,0.0,567000000.0,0.0,0.065,1.46,280000000.0,847000000.0,0.105,847000000.0,280000000.0,-240000000.0,-2.51,-2.51,-2.51,2080000000.0,2244500000.0,2080000000.0,11211503381.0,40.0,13.237,145000000.0,1.09,1.0,2098000000.0,0.259,0.0,520000000.0,18949000000.0,20137000000.0,549000000.0,2623000000.0,0.0,2623000000.0,13524000000.0,2985000000.0,3728000000.0,3020503381.0,-58000000.0,-96000000.0,47000000.0,178000000.0,-194000000.0,65000000.0,-370000000.0,21000000.0,258000000.0,-11000000.0,-455000000.0,-455000000.0,-455000000.0,208000000.0,0.0,-0.056,1700000000.0,398000000.0,566000000.0,-0.582,1.452,-6.638,-9.016,5912000000.0,0.0,22.63,0.374,0.372,666000000.0,-957000000.0,8086000000.0,8086000000.0,0.0,-0.027,-0.203,0.014,0.035,0.0,0.0,1.0,133473415.0,133000000.0,,60.797,15604000000.0,0.0,215000000.0,1356000000.0,117.323,-722000000.0
78,CMS,MRT,2001-12-31,2001-12-31,2001-12-31,2021-07-29,-269000000.0,16775000000.0,17036500000.0,2560000000.0,14215000000.0,0.47,15.326,-1105000000.0,127000000.0,127000000.0,6144000000.0,-459000000.0,0.697,7.231,7343000000.0,1432000000.0,5911000000.0,7343000000.0,0.0,594000000.0,0.0,0.061,1.46,170000000.0,764000000.0,0.095,764000000.0,170000000.0,-333000000.0,-3.51,-3.51,-3.51,2038000000.0,2400250000.0,2038000000.0,11396515335.0,67.0,14.917,-733000000.0,-5.512,1.0,1862000000.0,0.233,0.0,503000000.0,20320000000.0,20468250000.0,731000000.0,2119000000.0,0.0,2119000000.0,14737000000.0,3671000000.0,3873000000.0,3195515335.0,-20000000.0,-111000000.0,321000000.0,804000000.0,-190000000.0,967000000.0,-1349000000.0,23000000.0,372000000.0,-10000000.0,-459000000.0,-459000000.0,-459000000.0,128000000.0,0.0,-0.057,1663000000.0,199000000.0,649000000.0,-0.416,1.568,-6.962,-6.846,6562000000.0,0.0,24.03,0.399,0.399,704000000.0,-951000000.0,8006000000.0,8006000000.0,0.0,-0.027,-0.191,0.008,0.021,0.0,0.0,1.0,132980247.0,132980247.0,,60.204,16775000000.0,0.0,126000000.0,1605000000.0,126.147,-1111000000.0
79,CMS,MRT,2001-09-30,2001-09-30,2001-09-30,2021-07-29,-300000000.0,16548000000.0,17155500000.0,2534000000.0,14014000000.0,0.466,16.361,-989000000.0,133000000.0,133000000.0,5680000000.0,-380000000.0,0.829,6.605,7237000000.0,954000000.0,6283000000.0,7237000000.0,0.0,328000000.0,0.0,0.073,1.46,179000000.0,507000000.0,0.063,507000000.0,179000000.0,-236000000.0,-3.06,-3.07,-3.06,2176000000.0,2481000000.0,2176000000.0,10389361140.0,58.0,20.492,-371000000.0,-2.789,1.0,2313000000.0,0.289,0.0,415000000.0,20594000000.0,20351000000.0,750000000.0,2196000000.0,0.0,2196000000.0,14372000000.0,3058000000.0,3745000000.0,2648361140.0,-148000000.0,-583000000.0,642000000.0,582000000.0,-185000000.0,1041000000.0,-1807000000.0,14000000.0,618000000.0,0.0,-380000000.0,-380000000.0,-380000000.0,103000000.0,0.0,-0.048,1389000000.0,924000000.0,566000000.0,-0.477,1.217,-6.969,-6.536,6386000000.0,0.0,20.0,0.331,0.333,618000000.0,-790000000.0,7993000000.0,7993000000.0,0.0,-0.022,-0.153,0.009,0.022,0.0,0.0,1.0,132418057.0,133000000.0,,60.098,16548000000.0,0.0,144000000.0,1423000000.0,124.421,-524000000.0
80,CMS,MRT,2001-06-30,2001-06-30,2001-06-30,2021-07-29,0.0,17646000000.0,17078750000.0,3448000000.0,14198000000.0,0.493,20.333,-944000000.0,176000000.0,176000000.0,5855000000.0,51000000.0,0.895,5.575,7917000000.0,669000000.0,7248000000.0,7917000000.0,0.0,411000000.0,0.0,0.052,1.46,772000000.0,1183000000.0,0.141,1183000000.0,772000000.0,309000000.0,0.28,0.27,0.28,2684000000.0,2512000000.0,2684000000.0,11133917211.0,14.0,9.412,-197000000.0,-1.492,1.0,2563000000.0,0.304,849000000.0,463000000.0,20685000000.0,20209000000.0,570000000.0,2290000000.0,0.0,2290000000.0,14962000000.0,3853000000.0,11109000000.0,3675917211.0,-105000000.0,-588000000.0,641000000.0,529000000.0,-179000000.0,990000000.0,-1842000000.0,9000000.0,747000000.0,0.0,51000000.0,51000000.0,51000000.0,-101000000.0,0.0,0.006,1488000000.0,1075000000.0,1082000000.0,5.214,1.37,72.077,99.464,9082000000.0,0.0,27.85,0.437,0.437,1348000000.0,,8418000000.0,8418000000.0,0.0,0.003,0.02,0.038,0.092,0.0,0.0,1.0,131989846.0,132000000.0,,63.773,16797000000.0,0.0,258000000.0,2008000000.0,127.25,-405000000.0
81,CMS,MRT,2001-03-31,2001-03-31,2001-03-31,2021-07-29,0.0,17177000000.0,16494750000.0,3211000000.0,13966000000.0,0.476,21.624,-772000000.0,222000000.0,222000000.0,5286000000.0,77000000.0,0.922,5.355,7680000000.0,472000000.0,7208000000.0,7680000000.0,0.0,462000000.0,0.0,0.049,1.46,816000000.0,1278000000.0,0.163,1278000000.0,816000000.0,347000000.0,0.6,0.58,0.6,2703000000.0,2425500000.0,2703000000.0,11640661520.0,14.0,9.108,75000000.0,0.6,1.0,2563000000.0,0.327,880000000.0,469000000.0,20274000000.0,19881750000.0,342000000.0,2127000000.0,0.0,2127000000.0,14474000000.0,3481000000.0,10993000000.0,3888661520.0,-27000000.0,-466000000.0,602000000.0,223000000.0,-170000000.0,652000000.0,-1526000000.0,6000000.0,847000000.0,0.0,77000000.0,77000000.0,77000000.0,-82000000.0,0.0,0.01,1493000000.0,1070000000.0,966000000.0,2.433,1.439,50.502,49.317,8990000000.0,0.0,29.59,0.495,0.471,1262000000.0,,7849000000.0,7849000000.0,0.0,0.005,0.032,0.041,0.104,0.0,0.0,1.0,131418098.0,125000000.0,,62.792,16297000000.0,41000000.0,270000000.0,1971000000.0,130.376,-270000000.0
82,CMS,MRT,2000-12-31,2000-12-31,2000-12-31,2021-07-29,0.0,17251000000.0,16017250000.0,3503000000.0,13748000000.0,0.418,19.532,-403000000.0,182000000.0,182000000.0,4335000000.0,43000000.0,0.822,6.307,7934000000.0,1110000000.0,6824000000.0,7934000000.0,0.0,489000000.0,0.0,0.046,1.46,740000000.0,1229000000.0,0.184,1229000000.0,740000000.0,286000000.0,0.38,0.38,0.38,2361000000.0,2342000000.0,2361000000.0,11850584271.0,16.0,9.642,197000000.0,1.63,1.0,2362000000.0,0.353,891000000.0,454000000.0,19851000000.0,19613250000.0,467000000.0,2010000000.0,0.0,2010000000.0,14890000000.0,4261000000.0,10629000000.0,3830584271.0,9000000.0,-540000000.0,187000000.0,609000000.0,-167000000.0,629000000.0,-1220000000.0,-2000000.0,600000000.0,0.0,43000000.0,43000000.0,43000000.0,-83000000.0,0.0,0.006,1356000000.0,1006000000.0,1094000000.0,3.842,1.622,89.083,83.395,8755000000.0,0.0,31.69,0.572,0.572,1440000000.0,,6697000000.0,6697000000.0,0.0,0.003,0.018,0.038,0.11,0.0,0.0,1.0,120876752.0,120876752.0,,55.404,16360000000.0,39000000.0,243000000.0,1935000000.0,135.344,-758000000.0
83,CMS,MRT,2000-09-30,2000-09-30,2000-09-30,2021-07-29,0.0,16241000000.0,15570000000.0,2682000000.0,13559000000.0,0.471,20.909,-753000000.0,281000000.0,281000000.0,4496000000.0,228000000.0,0.805,6.061,8301000000.0,974000000.0,7327000000.0,8301000000.0,0.0,612000000.0,0.0,0.054,1.46,1181250000.0,1793250000.0,0.244,1793250000.0,1181250000.0,560250000.0,2.02,2.02,2.02,2300000000.0,2365750000.0,2300000000.0,10666154675.0,9.0,5.948,-113000000.0,-1.027,1.0,2842000000.0,0.387,903000000.0,621000000.0,20026000000.0,19458000000.0,554000000.0,1978000000.0,0.0,1978000000.0,13941000000.0,3332000000.0,10609000000.0,2966154675.0,47000000.0,-250000000.0,-110000000.0,858000000.0,-123000000.0,625000000.0,-1218000000.0,-7000000.0,640000000.0,0.0,256250000.0,228000000.0,228000000.0,12000000.0,-28250000.0,0.031,1636000000.0,1206000000.0,1422000000.0,0.723,1.29,13.009,13.347,9124000000.0,28250000.0,26.96,0.404,0.404,1578000000.0,,7338000000.0,7338000000.0,0.0,0.015,0.096,0.061,0.161,0.0,0.0,1.0,110020574.0,110000000.0,,66.709,15338000000.0,28000000.0,304000000.0,1635000000.0,139.436,-650000000.0
84,CMS,MRT,2000-06-30,2000-06-30,2000-06-30,2021-07-29,0.0,15310000000.0,15158250000.0,1935000000.0,13375000000.0,0.428,21.255,-694000000.0,240000000.0,240000000.0,3611000000.0,258000000.0,0.742,5.548,7829000000.0,825000000.0,7004000000.0,7829000000.0,0.0,625000000.0,0.0,0.066,1.46,1215250000.0,1840250000.0,0.284,1840250000.0,1215250000.0,600250000.0,2.32,2.3,2.32,2338000000.0,2389000000.0,2338000000.0,10211736474.0,8.0,5.549,-36000000.0,-0.327,1.0,2870000000.0,0.443,915000000.0,615000000.0,19376000000.0,19326000000.0,398000000.0,1825000000.0,0.0,1825000000.0,12972000000.0,2608000000.0,10364000000.0,2428736474.0,27000000.0,-259000000.0,-89000000.0,784000000.0,-168000000.0,529000000.0,-1160000000.0,-7000000.0,658000000.0,0.0,286250000.0,258000000.0,258000000.0,14000000.0,-28250000.0,0.04,1625000000.0,1245000000.0,889000000.0,0.629,1.039,9.414,9.539,9054000000.0,28250000.0,22.13,0.375,0.376,1030000000.0,,6481000000.0,6481000000.0,0.0,0.017,0.108,0.063,0.188,0.0,0.0,1.0,109748598.0,110000000.0,,58.918,14395000000.0,16000000.0,314000000.0,1543000000.0,130.864,-673000000.0
85,CMS,MRT,2000-03-31,2000-03-31,2000-03-31,2021-07-29,0.0,15267000000.0,14865500000.0,1656000000.0,13611000000.0,0.418,20.965,-822000000.0,208000000.0,208000000.0,3341000000.0,254000000.0,0.564,5.444,7991000000.0,1370000000.0,6621000000.0,7991000000.0,0.0,621000000.0,0.0,0.079,1.425,1205250000.0,1826250000.0,0.294,1826250000.0,1205250000.0,601250000.0,2.28,2.26,2.28,2369000000.0,2402000000.0,2369000000.0,9723376621.0,8.0,5.324,-112000000.0,-0.991,1.0,2876000000.0,0.463,913000000.0,604000000.0,19200000000.0,19263750000.0,266000000.0,1936000000.0,0.0,1936000000.0,12898000000.0,2937000000.0,9961000000.0,1998376621.0,104000000.0,-322000000.0,-38000000.0,1146000000.0,-167000000.0,749000000.0,-1355000000.0,-7000000.0,710000000.0,0.0,281250000.0,253000000.0,253000000.0,14000000.0,-27250000.0,0.041,1616000000.0,1260000000.0,1111000000.0,0.625,0.844,7.899,7.952,9146000000.0,28250000.0,18.13,0.321,0.33,937000000.0,,6217000000.0,6217000000.0,0.0,0.017,0.105,0.063,0.194,0.0,0.0,1.0,110224855.0,113000000.0,,55.018,14354000000.0,25000000.0,320000000.0,1816000000.0,127.027,-1281000000.0
86,CMS,MRT,1999-12-31,1999-12-31,1999-12-31,2021-07-29,0.0,15462000000.0,14490500000.0,1817000000.0,13645000000.0,0.409,21.209,-1055000000.0,132000000.0,132000000.0,3152000000.0,277000000.0,0.593,5.296,7857000000.0,1341000000.0,6516000000.0,7857000000.0,0.0,595000000.0,0.0,0.045,1.39,1161250000.0,1756250000.0,0.296,1756250000.0,1161250000.0,597250000.0,2.44,2.42,2.44,2456000000.0,2382750000.0,2456000000.0,11183818250.0,10.0,6.368,-138000000.0,-1.192,1.0,2774000000.0,0.468,891000000.0,564000000.0,19230000000.0,19237000000.0,430000000.0,2048000000.0,0.0,2048000000.0,13006000000.0,3066000000.0,9940000000.0,3611818250.0,31000000.0,-2318000000.0,88000000.0,2947000000.0,-163000000.0,2678000000.0,-3564000000.0,-7000000.0,917000000.0,0.0,297250000.0,269000000.0,269000000.0,14000000.0,-20250000.0,0.045,1562000000.0,1212000000.0,1257000000.0,0.57,1.471,13.427,12.783,9071000000.0,28250000.0,31.19,0.609,0.609,959000000.0,,5926000000.0,5926000000.0,0.0,0.019,0.113,0.06,0.196,0.0,0.0,1.0,115800521.0,115800521.0,,51.174,14571000000.0,33000000.0,300000000.0,1874000000.0,125.828,-1249000000.0
87,CMS,MRT,1999-09-30,1999-09-30,1999-09-30,2021-07-29,0.0,14594000000.0,13452500000.0,1961000000.0,12633000000.0,0.423,22.364,-1297000000.0,234000000.0,234000000.0,3044000000.0,307000000.0,1.005,5.099,7806000000.0,625000000.0,7181000000.0,7806000000.0,0.0,566000000.0,0.0,0.04,1.355,1142000000.0,1708000000.0,0.3,1708000000.0,1142000000.0,634000000.0,3.0,2.57,3.0,2393000000.0,2322750000.0,2393000000.0,11240802289.0,10.0,6.581,-727000000.0,-6.794,1.0,2640000000.0,0.464,717000000.0,508000000.0,19498000000.0,18131500000.0,469000000.0,1224000000.0,0.0,1224000000.0,12201000000.0,1951000000.0,10250000000.0,3712802289.0,133000000.0,-2301000000.0,289000000.0,3330000000.0,-200000000.0,3225000000.0,-3662000000.0,0.0,570000000.0,0.0,283000000.0,283000000.0,283000000.0,0.0,24000000.0,0.05,1532000000.0,1108000000.0,524000000.0,0.452,1.552,13.119,11.313,8413000000.0,0.0,33.94,0.653,0.639,1023000000.0,,5684000000.0,5684000000.0,0.0,0.021,0.122,0.063,0.201,0.0,0.0,1.0,109393114.0,107000000.0,107000000.0,53.121,13877000000.0,13000000.0,351000000.0,1111000000.0,129.692,10000000.0
88,CMS,MRT,1999-06-30,1999-06-30,1999-06-30,2021-07-29,0.0,14139000000.0,12286500000.0,1694000000.0,12453000000.0,0.448,21.927,-1292000000.0,213000000.0,213000000.0,3002000000.0,305000000.0,0.925,4.916,7741000000.0,570000000.0,7171000000.0,7741000000.0,0.0,537000000.0,0.0,0.032,1.32,1077000000.0,1614000000.0,0.293,1614000000.0,1077000000.0,638000000.0,3.36,3.32,3.36,2390000000.0,2205000000.0,2390000000.0,12245389975.0,11.0,7.587,-645000000.0,-5.917,1.0,2502000000.0,0.455,709000000.0,439000000.0,19127000000.0,16581750000.0,344000000.0,2185000000.0,0.0,503000000.0,11749000000.0,1831000000.0,9926000000.0,4553389975.0,-17000000.0,-2340000000.0,287000000.0,3002000000.0,-151000000.0,2944000000.0,-3608000000.0,-13000000.0,647000000.0,0.0,281000000.0,281000000.0,281000000.0,0.0,24000000.0,0.051,1456000000.0,1046000000.0,470000000.0,0.393,1.905,16.204,12.464,6337000000.0,0.0,41.88,0.827,0.829,931000000.0,,5504000000.0,5504000000.0,0.0,0.023,0.127,0.065,0.196,0.0,0.0,1.0,108724689.0,109000000.0,,50.495,13430000000.0,9000000.0,357000000.0,1153000000.0,123.211,-137000000.0
89,CMS,MRT,1999-03-31,1999-03-31,1999-03-31,2021-07-29,0.0,13767000000.0,11216250000.0,1406000000.0,12361000000.0,0.473,22.038,-1279000000.0,104000000.0,104000000.0,2965000000.0,295000000.0,0.857,5.007,7796000000.0,439000000.0,7357000000.0,7796000000.0,0.0,506000000.0,0.0,0.032,1.29,998000000.0,1504000000.0,0.284,1504000000.0,998000000.0,613000000.0,2.97,2.55,2.97,2292000000.0,2076750000.0,2292000000.0,10054257822.0,10.0,6.685,-685000000.0,-6.587,1.0,2339000000.0,0.441,726000000.0,385000000.0,19093000000.0,15083000000.0,255000000.0,509000000.0,0.0,509000000.0,11475000000.0,1640000000.0,9835000000.0,4703257822.0,32000000.0,-2334000000.0,273000000.0,2653000000.0,-145000000.0,3065000000.0,-3627000000.0,-37000000.0,594000000.0,0.0,272000000.0,272000000.0,272000000.0,0.0,23000000.0,0.051,1344000000.0,995000000.0,498000000.0,0.434,2.052,17.291,13.552,8789000000.0,0.0,40.25,0.887,0.789,859000000.0,,5304000000.0,5304000000.0,0.0,0.024,0.131,0.066,0.188,0.0,0.0,1.0,116851126.0,104000000.0,104000000.0,51.0,13041000000.0,0.0,341000000.0,1149000000.0,125.394,-234000000.0
90,CMS,MRT,1998-12-31,1998-12-31,1998-12-31,2021-07-29,0.0,11310000000.0,10150750000.0,1407000000.0,9903000000.0,0.506,21.423,-1238000000.0,101000000.0,101000000.0,2904000000.0,285000000.0,0.779,4.104,5452000000.0,621000000.0,4831000000.0,5452000000.0,0.0,484000000.0,0.0,0.026,1.26,952000000.0,1436000000.0,0.279,1436000000.0,952000000.0,587000000.0,2.65,2.62,2.65,2216000000.0,1970500000.0,2216000000.0,9707528970.0,10.0,6.76,-722000000.0,-6.98,1.0,2237000000.0,0.435,46000000.0,365000000.0,14808000000.0,13389500000.0,361000000.0,2093000000.0,0.0,482000000.0,9094000000.0,1807000000.0,7287000000.0,5010528970.0,32000000.0,-345000000.0,266000000.0,1024000000.0,-140000000.0,1150000000.0,-1634000000.0,0.0,516000000.0,0.0,272000000.0,272000000.0,272000000.0,0.0,13000000.0,0.053,1298000000.0,939000000.0,580000000.0,0.475,2.261,18.421,18.279,6040000000.0,0.0,48.44,0.975,0.975,720000000.0,,5141000000.0,5141000000.0,0.0,0.027,0.138,0.071,0.185,0.0,0.0,1.0,103437840.0,103437840.0,,49.701,11264000000.0,0.0,315000000.0,1487000000.0,108.896,-400000000.0
91,CMS,MRT,1998-09-30,1998-09-30,1998-09-30,2021-07-29,0.0,9930000000.0,9700250000.0,1138000000.0,8792000000.0,0.539,19.03,-558000000.0,101000000.0,101000000.0,3026000000.0,293000000.0,0.857,4.166,4798000000.0,473000000.0,4325000000.0,4798000000.0,0.0,472000000.0,0.0,0.028,1.23,938000000.0,1410000000.0,0.27,1410000000.0,938000000.0,582000000.0,,,,1922000000.0,1863250000.0,1922000000.0,8959073037.0,10.0,6.354,118000000.0,1.168,1.0,2200000000.0,0.421,0.0,356000000.0,13299000000.0,12621500000.0,396000000.0,471000000.0,0.0,471000000.0,8008000000.0,1328000000.0,6680000000.0,4436073037.0,-35000000.0,-476000000.0,213000000.0,310000000.0,-134000000.0,389000000.0,-1100000000.0,0.0,676000000.0,0.0,278000000.0,278000000.0,278000000.0,0.0,15000000.0,0.053,1208000000.0,992000000.0,399000000.0,,2.308,15.957,,6751000000.0,0.0,43.56,0.849,0.842,457000000.0,,5226000000.0,5226000000.0,0.0,0.029,0.149,0.074,0.179,0.0,0.0,1.0,101838224.0,101000000.0,101000000.0,51.743,9930000000.0,14000000.0,304000000.0,1025000000.0,98.317,-190000000.0
92,CMS,MRT,1998-06-30,1998-06-30,1998-06-30,2021-07-29,0.0,9858000000.0,9523000000.0,1257000000.0,8601000000.0,0.522,16.043,-521000000.0,230000000.0,230000000.0,2828000000.0,272000000.0,1.006,4.252,4753000000.0,381000000.0,4372000000.0,4753000000.0,0.0,468000000.0,0.0,0.027,1.2,900000000.0,1368000000.0,0.275,1368000000.0,900000000.0,548000000.0,1.86,1.84,1.86,1877000000.0,1795000000.0,1877000000.0,8778843004.0,10.0,6.417,54000000.0,0.462,1.0,2142000000.0,0.431,0.0,352000000.0,13132000000.0,12141500000.0,302000000.0,472000000.0,0.0,472000000.0,7981000000.0,1249000000.0,6732000000.0,4458843004.0,177000000.0,-458000000.0,222000000.0,622000000.0,-129000000.0,708000000.0,-1106000000.0,0.0,575000000.0,0.0,259000000.0,259000000.0,259000000.0,0.0,13000000.0,0.052,1195000000.0,947000000.0,416000000.0,0.645,2.376,17.216,23.656,6602000000.0,0.0,44.0,0.897,1.036,509000000.0,,4970000000.0,4970000000.0,0.0,0.027,0.144,0.074,0.181,0.0,0.0,1.0,101337341.0,117000000.0,,42.479,9858000000.0,2000000.0,289000000.0,1058000000.0,84.256,8000000.0
93,CMS,MRT,1998-03-31,1998-03-31,1998-03-31,2021-07-29,0.0,9505000000.0,9274500000.0,1023000000.0,8482000000.0,0.524,19.051,-606000000.0,72000000.0,72000000.0,2753000000.0,254000000.0,0.679,4.091,4392000000.0,563000000.0,3829000000.0,4392000000.0,0.0,464000000.0,0.0,0.025,1.17,867000000.0,1331000000.0,0.274,1331000000.0,867000000.0,527000000.0,,,,1867000000.0,1734500000.0,1867000000.0,9432081771.0,11.0,7.086,-118000000.0,-1.204,1.0,2107000000.0,0.434,0.0,340000000.0,12319000000.0,11648500000.0,208000000.0,465000000.0,0.0,465000000.0,7638000000.0,1506000000.0,6132000000.0,5127081771.0,13000000.0,-930000000.0,225000000.0,1180000000.0,-124000000.0,1161000000.0,-1636000000.0,13000000.0,488000000.0,0.0,239000000.0,239000000.0,239000000.0,0.0,15000000.0,0.049,1190000000.0,917000000.0,412000000.0,,2.746,21.452,,6528000000.0,0.0,46.94,1.055,0.947,467000000.0,,4860000000.0,4860000000.0,0.0,0.026,0.138,0.074,0.178,0.0,0.0,1.0,109226284.0,98000000.0,98000000.0,49.592,9505000000.0,28000000.0,288000000.0,1240000000.0,96.99,-483000000.0
94,CMS,MRT,1997-12-31,1997-12-31,1997-12-31,2021-07-29,0.0,9508000000.0,8998750000.0,1156000000.0,8352000000.0,0.531,16.361,-629000000.0,69000000.0,69000000.0,2668000000.0,244000000.0,0.557,4.321,4372000000.0,1025000000.0,3347000000.0,4372000000.0,0.0,467000000.0,0.0,0.026,1.14,870000000.0,1337000000.0,0.28,1337000000.0,870000000.0,548000000.0,2.39,2.37,2.39,1787000000.0,1711500000.0,1787000000.0,,,,-5000000.0,-0.046,1.0,2113000000.0,0.442,0.0,322000000.0,11736000000.0,11110500000.0,319000000.0,1746000000.0,0.0,458000000.0,7721000000.0,2075000000.0,5646000000.0,4812510073.0,11000000.0,-830000000.0,222000000.0,955000000.0,-119000000.0,938000000.0,-1551000000.0,0.0,624000000.0,0.0,229000000.0,229000000.0,229000000.0,0.0,15000000.0,0.048,1186000000.0,927000000.0,478000000.0,0.477,2.693,21.015,18.435,5144000000.0,0.0,44.06,1.007,1.007,495000000.0,,4781000000.0,4781000000.0,0.0,0.025,0.134,0.078,0.182,0.0,0.0,1.0,109226284.0,109226284.0,,43.772,9508000000.0,38000000.0,319000000.0,1293000000.0,87.049,-919000000.0
95,CMS,MRT,1997-09-30,1997-09-30,1997-09-30,2021-07-29,0.0,9221000000.0,8775500000.0,1037000000.0,8184000000.0,,17.177,,136000000.0,136000000.0,,,0.482,4.592,4447000000.0,1305000000.0,3142000000.0,4447000000.0,0.0,,0.0,0.03,1.11,,,,,,,,,,1649000000.0,1690250000.0,1649000000.0,,,,,,1.0,,,0.0,,11379000000.0,11238000000.0,374000000.0,448000000.0,0.0,448000000.0,7572000000.0,2153000000.0,5419000000.0,,,,,,,,,,,,,,,,,,,,396000000.0,,,,,6250000000.0,,37.0,,,401000000.0,,,,,,,,,,,1.0,,96000000.0,,,9221000000.0,18000000.0,,1128000000.0,96.052,-1116000000.0
96,CMS,MRT,1997-06-30,1997-06-30,1997-06-30,2021-07-29,0.0,8864000000.0,,815000000.0,8049000000.0,,17.211,,53000000.0,53000000.0,,,0.465,4.421,4102000000.0,936000000.0,3166000000.0,4102000000.0,0.0,,0.0,0.031,1.08,,,,,,,,,,1635000000.0,,1635000000.0,,,,,,1.0,,,0.0,,11160000000.0,,248000000.0,408000000.0,0.0,408000000.0,7229000000.0,1753000000.0,5476000000.0,,,,,,,,,,,,,,,,,,,,351000000.0,,,,,6247000000.0,,35.25,,,353000000.0,,,,,,,,,,,1.0,,95000000.0,,,8864000000.0,28000000.0,,1191000000.0,93.305,-938000000.0
97,CMS,MRT,1997-03-31,1997-03-31,1997-03-31,2021-07-29,0.0,8402000000.0,,768000000.0,7634000000.0,,18.684,,57000000.0,57000000.0,,,0.462,3.734,3484000000.0,756000000.0,2728000000.0,3484000000.0,0.0,,0.0,0.032,1.05,,,,,,,,,,1775000000.0,,1775000000.0,,,,,,1.0,,,0.0,,10167000000.0,,184000000.0,398000000.0,0.0,398000000.0,6627000000.0,1662000000.0,4965000000.0,,,,,,,,,,,,,,,,,,,,387000000.0,,,,,5904000000.0,,32.88,,,300000000.0,,,,,,,,,,,1.0,,95000000.0,,,8402000000.0,42000000.0,,1313000000.0,88.442,-894000000.0
98,CMS,MRT,1996-12-31,1996-12-31,1996-12-31,2021-07-29,0.0,8615000000.0,,,,,,-564000000.0,56000000.0,56000000.0,2278000000.0,224000000.0,,4.062,3687000000.0,,,3687000000.0,0.0,427000000.0,0.0,0.03,1.02,821000000.0,1248000000.0,0.289,1248000000.0,821000000.0,548000000.0,2.27,2.26,2.27,1702000000.0,,1702000000.0,,,,83000000.0,,1.0,2046000000.0,0.473,0.0,273000000.0,12246000000.0,,302000000.0,614000000.0,,,6913000000.0,,,,2000000.0,-183000000.0,94000000.0,189000000.0,-103000000.0,180000000.0,-825000000.0,0.0,647000000.0,0.0,210000000.0,210000000.0,210000000.0,0.0,14000000.0,0.049,1191000000.0,855000000.0,411000000.0,0.449,,,14.811,5280000000.0,0.0,33.62,,,374000000.0,,4324000000.0,4324000000.0,0.0,,,,0.19,0.0,0.0,1.0,,,,,8615000000.0,48000000.0,338000000.0,1352000000.0,,
99,CMS,MRT,1995-12-31,1995-12-31,1995-12-31,2021-07-29,,,,,,,,-513000000.0,,,1980000000.0,204000000.0,,,,,,,,416000000.0,,0.03,0.9,781000000.0,1197000000.0,0.308,1197000000.0,781000000.0,515000000.0,2.27,2.26,2.27,,,,,,,169000000.0,,1.0,1910000000.0,0.491,,266000000.0,,,,,,,,,,,-23000000.0,-388000000.0,159000000.0,236000000.0,-84000000.0,311000000.0,-1016000000.0,-51000000.0,682000000.0,0.0,201000000.0,201000000.0,201000000.0,0.0,3000000.0,0.052,1095000000.0,815000000.0,,0.396,,,13.163,,0.0,29.88,,,,,3890000000.0,3890000000.0,0.0,,,,0.201,0.0,0.0,1.0,,,,,,,314000000.0,,,
