None,ticker,dimension,calendardate,datekey,reportperiod,lastupdated,accoci,assets,assetsavg,assetsc,assetsnc,assetturnover,bvps,capex,cashneq,cashnequsd,cor,consolinc,currentratio,de,debt,debtc,debtnc,debtusd,deferredrev,depamor,deposits,divyield,dps,ebit,ebitda,ebitdamargin,ebitdausd,ebitusd,ebt,eps,epsdil,epsusd,equity,equityavg,equityusd,ev,evebit,evebitda,fcf,fcfps,fxusd,gp,grossmargin,intangibles,intexp,invcap,invcapavg,inventory,investments,investmentsc,investmentsnc,liabilities,liabilitiesc,liabilitiesnc,marketcap,ncf,ncfbus,ncfcommon,ncfdebt,ncfdiv,ncff,ncfi,ncfinv,ncfo,ncfx,netinc,netinccmn,netinccmnusd,netincdis,netincnci,netmargin,opex,opinc,payables,payoutratio,pb,pe,pe1,ppnenet,prefdivis,price,ps,ps1,receivables,retearn,revenue,revenueusd,rnd,roa,roe,roic,ros,sbcomp,sgna,sharefactor,sharesbas,shareswa,shareswadil,sps,tangibles,taxassets,taxexp,taxliabilities,tbvps,workingcapital
0,CHKAQ,MRY,2019-12-31,2019-12-31,2019-12-31,2021-08-25,12000000.0,16193000000.0,16487250000.0,1251000000.0,14942000000.0,0.521,524.204,-2127000000.0,6000000.0,6000000.0,5605000000.0,-308000000.0,0.523,2.702,9458000000.0,385000000.0,9073000000.0,9458000000.0,0.0,2264000000.0,0.0,0.0,0.0,12000000.0,2276000000.0,0.265,2276000000.0,12000000.0,-639000000.0,-50.0,-50.0,-50.0,4364000000.0,4337000000.0,4364000000.0,10940356698.0,912.0,4.807,-504000000.0,-60.541,1.0,2990000000.0,0.348,0.0,651000000.0,23253000000.0,23518500000.0,0.0,0.0,0.0,0.0,11792000000.0,2392000000.0,9400000000.0,1613356698.0,2000000.0,-353000000.0,0.0,986000000.0,0.0,859000000.0,-2480000000.0,0.0,1623000000.0,0.0,-308000000.0,-416000000.0,-416000000.0,0.0,0.0,-0.048,3021000000.0,-31000000.0,498000000.0,0.0,0.37,-3.878,-3.302,14756000000.0,108000000.0,165.12,0.188,0.16,990000000.0,-14220000000.0,8595000000.0,8595000000.0,84000000.0,-0.025,-0.096,0.001,0.001,30000000.0,315000000.0,1.0,9770813.0,8325000,8325000.0,1032.432,16193000000.0,0.0,-331000000.0,0.0,1945.105,-1141000000.0
1,CHKAQ,MRY,2018-12-31,2018-12-31,2018-12-31,2021-08-25,-23000000.0,12735000000.0,12455250000.0,1598000000.0,11137000000.0,0.805,460.286,381000000.0,4000000.0,4000000.0,7030000000.0,228000000.0,0.554,5.068,7722000000.0,381000000.0,7341000000.0,7722000000.0,0.0,1737000000.0,0.0,0.0,0.0,849000000.0,2586000000.0,0.258,2586000000.0,849000000.0,216000000.0,30.0,30.0,30.0,2092000000.0,367500000.0,2092000000.0,11726791206.0,14.0,4.535,2111000000.0,464.466,1.0,3000000000.0,0.299,0.0,633000000.0,17566000000.0,18824250000.0,0.0,76000000.0,0.0,76000000.0,10602000000.0,2887000000.0,7715000000.0,1918791206.0,-1000000.0,0.0,0.0,-1939000000.0,0.0,-2186000000.0,455000000.0,74000000.0,1730000000.0,0.0,226000000.0,133000000.0,133000000.0,0.0,2000000.0,0.013,2618000000.0,382000000.0,763000000.0,0.0,0.917,14.427,14.0,10818000000.0,93000000.0,420.0,0.191,0.19,1247000000.0,-13912000000.0,10030000000.0,10030000000.0,162000000.0,0.011,0.362,0.045,0.085,32000000.0,335000000.0,1.0,4568550.0,4545000,4545000.0,2206.821,12735000000.0,0.0,-10000000.0,0.0,2801.98,-1289000000.0
2,CHKAQ,MRY,2017-12-31,2017-12-31,2017-12-31,2021-08-25,-57000000.0,12425000000.0,12006250000.0,1525000000.0,10900000000.0,0.836,-109.492,-918000000.0,5000000.0,5000000.0,6586000000.0,-502000000.0,0.647,-25.8,9973000000.0,52000000.0,9921000000.0,9973000000.0,0.0,1697000000.0,0.0,0.0,0.0,98000000.0,1795000000.0,0.179,1795000000.0,98000000.0,-503000000.0,-140.0,-140.0,-140.0,-496000000.0,-962500000.0,-496000000.0,13492395986.0,138.0,7.517,-443000000.0,-97.792,1.0,3453000000.0,0.344,0.0,601000000.0,20037000000.0,19370500000.0,0.0,0.0,0.0,0.0,12797000000.0,2356000000.0,10441000000.0,3598395986.0,-877000000.0,0.0,0.0,-226000000.0,0.0,-434000000.0,-918000000.0,0.0,475000000.0,0.0,-505000000.0,-631000000.0,-631000000.0,0.0,3000000.0,-0.063,3591000000.0,-138000000.0,654000000.0,0.0,-7.255,-5.703,-5.657,10680000000.0,126000000.0,792.0,0.358,0.357,1322000000.0,-16525000000.0,10039000000.0,10039000000.0,235000000.0,-0.053,0.656,0.005,0.01,49000000.0,333000000.0,1.0,4543429.0,4530000,4530000.0,2216.115,12425000000.0,0.0,2000000.0,0.0,2742.826,-831000000.0
3,CHKAQ,MRY,2016-12-31,2016-12-31,2016-12-31,2021-08-25,-96000000.0,13028000000.0,13598750000.0,2142000000.0,10886000000.0,0.579,-348.429,-583000000.0,882000000.0,882000000.0,7417000000.0,-4399000000.0,0.587,-10.692,10441000000.0,503000000.0,9938000000.0,10441000000.0,0.0,1107000000.0,0.0,0.0,0.0,-4284000000.0,-3177000000.0,-0.404,-3177000000.0,-4284000000.0,-4580000000.0,-1286.0,-1286.0,-1286.0,-1331000000.0,-310750000.0,-1331000000.0,15903477035.0,-4.0,-5.006,-787000000.0,-206.021,1.0,455000000.0,0.058,0.0,296000000.0,18939000000.0,19949500000.0,0.0,0.0,0.0,0.0,14231000000.0,3648000000.0,10583000000.0,6229477035.0,57000000.0,0.0,0.0,952000000.0,0.0,921000000.0,-660000000.0,0.0,-204000000.0,0.0,-4390000000.0,-4915000000.0,-4915000000.0,0.0,-9000000.0,-0.624,4866000000.0,-4411000000.0,672000000.0,0.0,-4.68,-1.267,-1.092,10609000000.0,525000000.0,1404.0,0.791,0.681,1057000000.0,-17474000000.0,7872000000.0,7872000000.0,0.0,-0.361,15.817,-0.215,-0.544,52000000.0,240000000.0,1.0,4436949.0,3820000,3820000.0,2060.733,13028000000.0,0.0,-190000000.0,0.0,3410.471,-1506000000.0
4,CHKAQ,MRY,2015-12-31,2015-12-31,2015-12-31,2021-08-25,-99000000.0,17314000000.0,25392750000.0,2480000000.0,14834000000.0,0.503,645.921,-3493000000.0,825000000.0,825000000.0,10394000000.0,-14635000000.0,0.673,6.977,10692000000.0,381000000.0,10311000000.0,10692000000.0,0.0,2229000000.0,0.0,0.039,34.8,-18713000000.0,-16484000000.0,-1.291,-16484000000.0,-18713000000.0,-19030000000.0,-4452.0,-4452.0,-4452.0,2138000000.0,7114000000.0,2138000000.0,12800818177.0,-1.0,-0.777,-2259000000.0,-682.477,1.0,2370000000.0,0.186,0.0,317000000.0,23496000000.0,30132000000.0,0.0,246000000.0,0.0,246000000.0,14917000000.0,3685000000.0,11232000000.0,2992818177.0,-3283000000.0,0.0,0.0,-508000000.0,-118000000.0,-1066000000.0,-3451000000.0,-1000000.0,1234000000.0,0.0,-14567000000.0,-14738000000.0,-14738000000.0,0.0,-68000000.0,-1.155,21289000000.0,-18919000000.0,944000000.0,-0.008,1.4,-0.203,-0.202,14298000000.0,171000000.0,900.0,0.234,0.233,1129000000.0,-13202000000.0,12764000000.0,12764000000.0,0.0,-0.58,-2.072,-0.621,-1.466,78000000.0,235000000.0,1.0,3325354.0,3310000,3310000.0,3856.193,17314000000.0,0.0,-4463000000.0,0.0,5230.816,-1205000000.0
5,CHKAQ,MRY,2014-12-31,2014-12-31,2014-12-31,2021-08-25,-143000000.0,40751000000.0,41250250000.0,7468000000.0,33283000000.0,0.561,5129.894,198000000.0,4146000000.0,4146000000.0,16281000000.0,2056000000.0,1.32,1.334,11535000000.0,381000000.0,11154000000.0,11535000000.0,0.0,2915000000.0,0.0,0.018,70.0,3150000000.0,6065000000.0,0.262,6065000000.0,3150000000.0,3061000000.0,386.0,374.0,386.0,16903000000.0,16441500000.0,16903000000.0,24480215518.0,8.0,4.036,4832000000.0,1466.464,1.0,6844000000.0,0.296,0.0,89000000.0,42484000000.0,45687000000.0,0.0,271000000.0,0.0,271000000.0,22546000000.0,5656000000.0,16890000000.0,13016215518.0,3271000000.0,0.0,0.0,110000000.0,-234000000.0,-1817000000.0,454000000.0,239000000.0,4634000000.0,0.0,1917000000.0,1273000000.0,1273000000.0,0.0,139000000.0,0.055,3367000000.0,3477000000.0,2049000000.0,0.181,0.77,10.225,10.14,32515000000.0,644000000.0,3914.0,0.563,0.558,2236000000.0,1483000000.0,23125000000.0,23125000000.0,0.0,0.031,0.077,0.069,0.136,59000000.0,322000000.0,1.0,3325553.0,3295000,3860000.0,7018.209,40751000000.0,0.0,1144000000.0,4392000000.0,12367.527,1812000000.0
6,CHKAQ,MRY,2013-12-31,2013-12-31,2013-12-31,2021-08-25,-162000000.0,41782000000.0,42174000000.0,3656000000.0,38126000000.0,0.452,4898.928,-3219000000.0,912000000.0,912000000.0,13159000000.0,894000000.0,0.663,1.478,12886000000.0,0.0,12886000000.0,12886000000.0,0.0,2903000000.0,0.0,0.013,70.0,1499000000.0,4402000000.0,0.231,4402000000.0,1499000000.0,1272000000.0,146.0,146.0,146.0,15995000000.0,15981500000.0,15995000000.0,29724765338.0,20.0,6.753,1395000000.0,427.259,1.0,5921000000.0,0.31,0.0,227000000.0,48241000000.0,48845000000.0,0.0,481000000.0,0.0,481000000.0,23642000000.0,5515000000.0,18127000000.0,18050765338.0,550000000.0,0.0,0.0,65000000.0,-233000000.0,-1097000000.0,-2967000000.0,71000000.0,4614000000.0,0.0,724000000.0,474000000.0,474000000.0,0.0,170000000.0,0.025,3852000000.0,2069000000.0,1596000000.0,0.479,1.129,38.082,37.178,37134000000.0,250000000.0,5428.0,0.946,0.929,2222000000.0,688000000.0,19080000000.0,19080000000.0,0.0,0.011,0.03,0.031,0.079,98000000.0,457000000.0,1.0,3325491.0,3265000,3265000.0,5843.798,41782000000.0,223000000.0,548000000.0,3407000000.0,12796.937,-1859000000.0
7,CHKAQ,MRY,2012-12-31,2012-12-31,2012-12-31,2021-08-25,-182000000.0,41611000000.0,45099250000.0,2948000000.0,38663000000.0,0.273,4842.613,-6366000000.0,398000000.0,398000000.0,7269000000.0,-594000000.0,0.47,1.523,12620000000.0,463000000.0,12157000000.0,12620000000.0,0.0,2811000000.0,0.0,0.021,70.0,-1072000000.0,1739000000.0,0.141,1739000000.0,-1072000000.0,-1149000000.0,-292.0,-292.0,-292.0,15569000000.0,16213500000.0,15569000000.0,26966572814.0,-25.0,15.507,-3529000000.0,-1097.667,1.0,5047000000.0,0.41,0.0,77000000.0,47567000000.0,52134500000.0,0.0,730000000.0,0.0,730000000.0,23715000000.0,6266000000.0,17449000000.0,11046572814.0,-64000000.0,0.0,0.0,1653000000.0,-227000000.0,2083000000.0,-4984000000.0,1605000000.0,2837000000.0,0.0,-769000000.0,-940000000.0,-940000000.0,0.0,175000000.0,-0.076,6741000000.0,-1694000000.0,1710000000.0,-0.24,0.71,-11.752,-11.384,37167000000.0,171000000.0,3324.0,0.897,0.868,2245000000.0,437000000.0,12316000000.0,12316000000.0,0.0,-0.021,-0.058,-0.021,-0.087,120000000.0,535000000.0,1.0,3323277.0,3215000,3215000.0,3830.793,41611000000.0,90000000.0,-380000000.0,2807000000.0,12942.768,-3318000000.0
8,CHKAQ,MRY,2011-12-31,2011-12-31,2011-12-31,2021-08-25,-166000000.0,41835000000.0,38353250000.0,3177000000.0,38658000000.0,0.303,5219.466,-5487000000.0,395000000.0,395000000.0,6634000000.0,1757000000.0,0.449,1.436,10626000000.0,0.0,10626000000.0,10626000000.0,0.0,1923000000.0,0.0,0.011,50.0,2909000000.0,4832000000.0,0.415,4832000000.0,2909000000.0,2865000000.0,494.0,464.0,494.0,16624000000.0,15850000000.0,16624000000.0,28011040923.0,10.0,5.797,416000000.0,130.612,1.0,5001000000.0,0.43,0.0,44000000.0,44984000000.0,44289250000.0,0.0,1531000000.0,0.0,1531000000.0,23874000000.0,7082000000.0,16792000000.0,14695040923.0,249000000.0,-339000000.0,0.0,-2358000000.0,-207000000.0,158000000.0,-5812000000.0,101000000.0,5903000000.0,0.0,1742000000.0,1570000000.0,1570000000.0,0.0,15000000.0,0.135,2080000000.0,2921000000.0,3311000000.0,0.101,0.884,9.36,9.024,36760000000.0,172000000.0,4458.0,1.263,1.22,2505000000.0,1608000000.0,11635000000.0,11635000000.0,0.0,0.041,0.099,0.066,0.25,153000000.0,548000000.0,1.0,3296330.0,3185000,3760000.0,3653.061,41835000000.0,139000000.0,1123000000.0,3484000000.0,13135.008,-3905000000.0
9,CHKAQ,MRY,2010-12-31,2010-12-31,2010-12-31,2021-08-25,-168000000.0,37179000000.0,33492250000.0,3266000000.0,33913000000.0,0.28,4838.035,-8338000000.0,102000000.0,102000000.0,4610000000.0,1774000000.0,0.727,1.436,12640000000.0,0.0,12640000000.0,12640000000.0,0.0,1614000000.0,0.0,0.012,60.0,2903000000.0,4517000000.0,0.482,4517000000.0,2903000000.0,2884000000.0,526.0,502.0,526.0,15264000000.0,14392000000.0,15264000000.0,28771937831.0,10.0,6.37,-3221000000.0,-1020.919,1.0,4756000000.0,0.508,0.0,19000000.0,45227000000.0,41558750000.0,0.0,1208000000.0,0.0,1208000000.0,21915000000.0,4490000000.0,17425000000.0,16942937831.0,-205000000.0,0.0,0.0,367000000.0,-189000000.0,3181000000.0,-8503000000.0,-134000000.0,5117000000.0,0.0,1774000000.0,1663000000.0,1663000000.0,0.0,0.0,0.178,1951000000.0,2805000000.0,2069000000.0,0.114,1.11,10.188,9.852,32378000000.0,111000000.0,5182.0,1.809,1.746,1974000000.0,190000000.0,9366000000.0,9366000000.0,0.0,0.05,0.116,0.07,0.31,147000000.0,453000000.0,1.0,3269575.0,3155000,3530000.0,2968.621,37179000000.0,139000000.0,1110000000.0,2384000000.0,11784.152,-1224000000.0
10,CHKAQ,MRY,2009-12-31,2009-12-31,2009-12-31,2021-08-25,102000000.0,29914000000.0,29940750000.0,2446000000.0,27468000000.0,0.257,3739.869,-5421000000.0,307000000.0,307000000.0,3481000000.0,-5805000000.0,0.91,1.536,13109000000.0,27000000.0,13082000000.0,13109000000.0,0.0,1615000000.0,0.0,0.012,60.0,-9200000000.0,-7585000000.0,-0.985,-7585000000.0,-9200000000.0,-9313000000.0,-1914.0,-1914.0,-1914.0,11444000000.0,11810500000.0,11444000000.0,28599676130.0,-3.0,-3.771,-1065000000.0,-348.039,1.0,4221000000.0,0.548,0.0,113000000.0,40028000000.0,39864000000.0,0.0,1156000000.0,692000000.0,464000000.0,17573000000.0,2688000000.0,14885000000.0,16762676130.0,-1442000000.0,0.0,0.0,-900000000.0,-181000000.0,-336000000.0,-5462000000.0,-40000000.0,4356000000.0,0.0,-5830000000.0,-5853000000.0,-5853000000.0,0.0,25000000.0,-0.76,13166000000.0,-8945000000.0,957000000.0,-0.031,1.465,-2.864,-2.704,26710000000.0,23000000.0,5176.0,2.176,2.056,1325000000.0,-1261000000.0,7702000000.0,7702000000.0,0.0,-0.195,-0.496,-0.231,-1.194,140000000.0,349000000.0,1.0,3238539.0,3060000,3060000.0,2516.993,29914000000.0,24000000.0,-3483000000.0,1059000000.0,9775.817,-242000000.0
11,CHKAQ,MRY,2008-12-31,2008-12-31,2008-12-31,2021-08-25,267000000.0,38593000000.0,37524000000.0,4292000000.0,34301000000.0,0.31,6349.627,-9881000000.0,1749000000.0,1749000000.0,4821000000.0,604000000.0,1.185,1.268,13352000000.0,66000000.0,13286000000.0,13352000000.0,0.0,2144000000.0,0.0,0.018,58.5,1262000000.0,3406000000.0,0.293,3406000000.0,1262000000.0,991000000.0,188.0,186.0,188.0,17017000000.0,13792500000.0,17017000000.0,22791380031.0,18.0,6.692,-4524000000.0,-1688.06,1.0,6808000000.0,0.585,0.0,271000000.0,46575000000.0,47718250000.0,58000000.0,1787000000.0,1082000000.0,705000000.0,21576000000.0,3621000000.0,17955000000.0,9717380031.0,1748000000.0,0.0,2598000000.0,4138000000.0,-148000000.0,6356000000.0,-9965000000.0,-74000000.0,5357000000.0,0.0,604000000.0,504000000.0,504000000.0,0.0,0.0,0.043,5351000000.0,1457000000.0,2091000000.0,0.311,0.571,19.281,17.202,33308000000.0,100000000.0,3234.0,0.836,0.745,1324000000.0,4569000000.0,11629000000.0,11629000000.0,0.0,0.013,0.037,0.026,0.109,132000000.0,377000000.0,1.0,3004756.0,2680000,2725000.0,4339.179,38593000000.0,0.0,387000000.0,4666000000.0,14400.373,671000000.0
12,CHKAQ,MRY,2007-12-31,2007-12-31,2007-12-31,2021-08-25,-11000000.0,30734000000.0,28512750000.0,1396000000.0,29338000000.0,0.274,5320.175,-8101000000.0,1000000.0,1000000.0,2919000000.0,1455000000.0,0.506,1.534,11532000000.0,174000000.0,11358000000.0,11532000000.0,0.0,1988000000.0,0.0,0.007,52.5,2748000000.0,4736000000.0,0.607,4736000000.0,2748000000.0,2347000000.0,540.0,526.0,540.0,12130000000.0,11709250000.0,12130000000.0,29862803583.0,11.0,6.305,-3127000000.0,-1371.491,1.0,4881000000.0,0.626,0.0,401000000.0,39504000000.0,36553000000.0,87000000.0,819000000.0,203000000.0,616000000.0,18604000000.0,2761000000.0,15843000000.0,18578803583.0,-2000000.0,-15000000.0,15000000.0,3281000000.0,-115000000.0,2988000000.0,-7964000000.0,116000000.0,4974000000.0,0.0,1455000000.0,1233000000.0,1233000000.0,0.0,0.0,0.158,2231000000.0,2650000000.0,1737000000.0,0.097,1.532,15.068,14.519,28337000000.0,222000000.0,7840.0,2.382,2.292,1074000000.0,4150000000.0,7800000000.0,7800000000.0,0.0,0.043,0.105,0.075,0.352,84000000.0,243000000.0,1.0,2369745.0,2280000,2435000.0,3421.053,30734000000.0,0.0,892000000.0,3971000000.0,13479.825,-1365000000.0
13,CHKAQ,MRY,2006-12-31,2006-12-31,2006-12-31,2021-08-25,528000000.0,24417000000.0,21481333000.0,1154000000.0,23263000000.0,0.341,5653.769,-8482000000.0,3000000.0,3000000.0,2256000000.0,2003000000.0,0.611,1.17,7648000000.0,112000000.0,7536000000.0,7648000000.0,0.0,1463000000.0,0.0,0.008,46.0,3556000000.0,5019000000.0,0.685,5019000000.0,3556000000.0,3255000000.0,956.0,870.0,956.0,11251000000.0,9449207250.0,11251000000.0,20814711364.0,6.0,4.147,-3639000000.0,-1828.643,1.0,5070000000.0,0.692,0.0,301000000.0,30172000000.0,26933306250.0,58000000.0,1263000000.0,225000000.0,1038000000.0,13166000000.0,1890000000.0,11276000000.0,12690940364.0,-57000000.0,-67000000.0,1746000000.0,1931000000.0,-87000000.0,4042000000.0,-8942000000.0,-395000000.0,4843000000.0,0.0,2003000000.0,1904000000.0,1904000000.0,0.0,0.0,0.26,1657000000.0,3413000000.0,1208000000.0,0.048,1.128,6.665,6.077,21904000000.0,99000000.0,5810.0,1.732,1.578,845000000.0,2913000000.0,7326000000.0,7326000000.0,0.0,0.089,0.201,0.132,0.485,84000000.0,139000000.0,1.0,2184327.0,1990000,2295000.0,3681.407,24417000000.0,0.0,1252000000.0,3356000000.0,12269.849,-736000000.0
14,CHKAQ,MRY,2005-12-31,2005-12-31,2005-12-31,2021-08-25,-194972000.0,16118462000.0,12121347000.0,1183397000.0,14935065000.0,0.385,3834.983,-6771000000.0,60027000.0,60027000.0,1883000000.0,948000000.0,0.603,1.611,6547419000.0,577681000.0,5969738000.0,6547419000.0,0.0,936000000.0,0.0,0.006,39.0,1713000000.0,2649000000.0,0.568,2649000000.0,1713000000.0,1493000000.0,546.0,502.0,546.0,6174323000.0,4350122500.0,6174323000.0,16097582447.0,9.0,6.077,-4364000000.0,-2710.559,1.0,2782000000.0,0.596,0.0,220000000.0,20641766000.0,15533773000.0,87081000.0,386806000.0,10503000.0,376303000.0,9944139000.0,1964088000.0,7980051000.0,10936980447.0,53000000.0,-35000000.0,1003000000.0,2337000000.0,-60000000.0,4567000000.0,-6921000000.0,-135000000.0,2407000000.0,0.0,948000000.0,880000000.0,880000000.0,0.0,0.0,0.189,1009000000.0,1773000000.0,934070000.0,0.071,1.771,12.428,11.623,14411887000.0,68000000.0,6346.0,2.344,2.19,791194000.0,1100841000.0,4665000000.0,4665000000.0,0.0,0.073,0.202,0.11,0.367,15000000.0,64000000.0,1.0,1723445.0,1610000,1835000.0,2897.516,16118462000.0,234592000.0,545000000.0,1804978000.0,10011.467,-780691000.0
15,CHKAQ,MRY,2004-12-31,2004-12-31,2004-12-31,2021-08-25,20425000.0,8244509000.0,6892246500.0,567540000.0,7676969000.0,0.393,2498.209,-3328839000.0,6896000.0,6896000.0,1064066000.0,515155000.0,0.589,1.607,3167819000.0,91414000.0,3076405000.0,3167819000.0,0.0,605593000.0,0.0,0.056,184.0,972254000.0,1577847000.0,0.582,1577847000.0,972254000.0,804926000.0,346.0,306.0,346.0,3162883000.0,2688890250.0,3162883000.0,7459469742.0,8.0,4.728,-1896565000.0,-1498.006,1.0,1645202000.0,0.607,0.0,167328000.0,10441479000.0,8730354500.0,32147000.0,187973000.0,51061000.0,136912000.0,5081626000.0,963953000.0,4117673000.0,4453548742.0,-33685000.0,-16250000.0,636174000.0,1064889000.0,-38902000.0,1915245000.0,-3381204000.0,-36962000.0,1432274000.0,0.0,515155000.0,438971000.0,438971000.0,0.0,0.0,0.162,652867000.0,992335000.0,601003000.0,0.532,1.408,10.145,9.538,7444384000.0,76184000.0,3300.0,1.644,1.542,423587000.0,262987000.0,2709268000.0,2709268000.0,0.0,0.064,0.163,0.111,0.359,4828000.0,37045000.0,1.0,1349560.0,1266060,1528590.0,2139.921,8244509000.0,18068000.0,289771000.0,933873000.0,6511.942,-396413000.0
16,CHKAQ,MRY,2003-12-31,2003-12-31,2003-12-31,2021-08-25,-20312000.0,4572291000.0,4153180500.0,342404000.0,4229887000.0,0.414,1640.895,-2039025000.0,40581000.0,40581000.0,625764000.0,312981000.0,0.667,1.639,2155100000.0,92651000.0,2062449000.0,2155100000.0,0.0,382004000.0,0.0,0.01,27.0,657697000.0,1039701000.0,0.605,1039701000.0,657697000.0,503341000.0,276.0,242.0,276.0,1732810000.0,1538298750.0,1732810000.0,4960130145.0,8.0,4.771,-1100118000.0,-1041.764,1.0,1091668000.0,0.636,0.0,154356000.0,6173654000.0,5742900000.0,19257000.0,53504000.0,4467000.0,49037000.0,2839481000.0,513156000.0,2326325000.0,2940359145.0,-207056000.0,-13250000.0,184647000.0,407381000.0,-27253000.0,931254000.0,-2077217000.0,-30750000.0,938907000.0,0.0,312981000.0,290512000.0,290512000.0,0.0,0.0,0.169,416413000.0,675255000.0,279758000.0,0.098,1.697,10.121,9.841,4133117000.0,22469000.0,2716.0,1.712,1.67,214564000.0,-168617000.0,1717432000.0,1717432000.0,0.0,0.07,0.189,0.115,0.383,0.0,23753000.0,1.0,1082606.0,1056015,1292835.0,1626.333,4572291000.0,36705000.0,190360000.0,191026000.0,4329.76,-170752000.0
17,CHKAQ,MRY,2002-12-31,2002-12-31,2002-12-31,2021-08-25,-3461000.0,2875608000.0,2502464750.0,435317000.0,2440291000.0,0.295,1087.862,-768102000.0,247719000.0,247719000.0,294028000.0,40286000.0,1.639,2.167,1715069000.0,33697000.0,1681372000.0,1715069000.0,0.0,230236000.0,0.0,0.008,12.0,179171000.0,409407000.0,0.554,409407000.0,179171000.0,67140000.0,36.0,34.0,36.0,907875000.0,773043000.0,907875000.0,2827175824.0,16.0,6.906,-335571000.0,-402.098,1.0,444474000.0,0.602,0.0,112031000.0,4077406000.0,3684225000.0,15359000.0,11741000.0,0.0,11741000.0,1967733000.0,265552000.0,1702181000.0,1286798824.0,130043000.0,-15000000.0,167914000.0,327830000.0,-4987000.0,477257000.0,-779745000.0,-2408000.0,432531000.0,0.0,40286000.0,30169000.0,30169000.0,0.0,0.0,0.041,252816000.0,191658000.0,154162000.0,0.333,1.417,42.653,43.0,2389884000.0,10117000.0,1548.0,1.742,1.749,134161000.0,-426085000.0,738502000.0,738502000.0,0.0,0.012,0.039,0.049,0.243,0.0,17618000.0,1.0,831265.0,834550,863570.0,884.91,2875608000.0,8109000.0,26854000.0,0.0,3445.699,169765000.0
18,CHKAQ,MRY,2001-12-31,2001-12-31,2001-12-31,2021-08-25,43511000.0,2286768000.0,2037163500.0,361383000.0,1925385000.0,0.476,945.304,-775278000.0,124960000.0,124960000.0,252757000.0,217406000.0,2.084,1.98,1330055000.0,602000.0,1329453000.0,1330055000.0,0.0,177543000.0,0.0,0.0,0.0,460019000.0,637562000.0,0.658,637562000.0,460019000.0,361698000.0,266.0,250.0,266.0,767407000.0,584006250.0,767407000.0,2339372042.0,5.0,3.669,-221541000.0,-272.898,1.0,716294000.0,0.739,0.0,98321000.0,3318482000.0,3057224750.0,10629000.0,133763000.0,97544000.0,36219000.0,1519361000.0,173381000.0,1345980000.0,1087183042.0,117594000.0,142906000.0,3206000.0,97254000.0,0.0,234507000.0,-670105000.0,-40239000.0,553737000.0,-545000.0,217406000.0,215356000.0,215356000.0,0.0,0.0,0.222,196014000.0,520280000.0,122161000.0,0.0,1.417,5.048,4.97,1785581000.0,2050000.0,1322.0,1.122,1.107,97608000.0,-442974000.0,969051000.0,969051000.0,0.0,0.106,0.369,0.15,0.475,0.0,14449000.0,1.0,822377.0,811810,869905.0,1193.692,2286768000.0,67781000.0,144292000.0,0.0,2816.876,188002000.0
19,CHKAQ,MRY,2000-12-31,2000-12-31,2000-12-31,2021-08-25,-3901000.0,1440426000.0,1086702500.0,166926000.0,1273500000.0,0.578,485.657,-279586000.0,3500000.0,3500000.0,227234000.0,455570000.0,1.026,3.599,945681000.0,836000.0,944845000.0,945681000.0,0.0,105103000.0,0.0,0.0,0.0,282418000.0,387521000.0,0.617,387521000.0,282418000.0,196162000.0,704.0,602.0,704.0,313232000.0,-10823500.0,313232000.0,2499970871.0,9.0,6.451,35054000.0,54.35,1.0,400718000.0,0.638,0.0,86256000.0,2219906000.0,1921237250.0,5164000.0,128434000.0,0.0,128434000.0,1127194000.0,162701000.0,964493000.0,1540840871.0,-38658000.0,-36693000.0,1398000.0,-18500000.0,0.0,-27740000.0,-325229000.0,-9937000.0,314640000.0,-329000.0,455570000.0,453660000.0,453660000.0,0.0,0.0,0.722,121949000.0,278769000.0,106420000.0,0.0,4.919,3.396,2.878,888234000.0,1910000.0,2026.0,2.454,2.081,114385000.0,-659286000.0,627952000.0,627952000.0,0.0,0.417,-41.914,0.147,0.45,0.0,13177000.0,1.0,760534.0,644965,757820.0,973.622,1440426000.0,270642000.0,-259408000.0,11850000.0,2233.34,4225000.0
20,CHKAQ,MRY,1999-12-31,1999-12-31,1999-12-31,2021-08-25,196000.0,850533000.0,808049000.0,97546000.0,752987000.0,0.439,-448.189,-158708000.0,38850000.0,38850000.0,131095000.0,33266000.0,1.106,-4.91,964860000.0,763000.0,964097000.0,964860000.0,0.0,99516000.0,0.0,0.0,0.0,116082000.0,215598000.0,0.607,215598000.0,116082000.0,35030000.0,34.0,32.0,34.0,-217544000.0,-239000000.0,-217544000.0,1122568734.0,10.0,5.207,-13686000.0,-28.196,1.0,223851000.0,0.631,0.0,81052000.0,1688357000.0,1636270750.0,4582000.0,10000000.0,0.0,10000000.0,1068077000.0,88186000.0,979891000.0,230965734.0,9138000.0,0.0,467000.0,18500000.0,0.0,13102000.0,-153908000.0,-730000.0,145022000.0,4922000.0,33266000.0,16555000.0,16555000.0,0.0,0.0,0.047,116331000.0,107520000.0,62020000.0,0.0,-1.062,13.951,13.971,719097000.0,16711000.0,475.0,0.651,0.65,51065000.0,-1093929000.0,354946000.0,354946000.0,0.0,0.02,-0.069,0.071,0.327,0.0,13477000.0,1.0,486244.0,485385,510190.0,731.267,850533000.0,0.0,1764000.0,6484000.0,1752.285,9360000.0
21,CHKAQ,MRY,1998-12-31,1998-12-31,1998-12-31,2021-08-25,-4726000.0,812615000.0,1091349250.0,117999000.0,694616000.0,0.346,-523.792,-535395000.0,35274000.0,35274000.0,178505000.0,-933854000.0,0.899,-4.269,944076000.0,25000000.0,919076000.0,944076000.0,0.0,152204000.0,0.0,0.043,8.0,-865605000.0,-713401000.0,-1.888,-713401000.0,-865605000.0,-933854000.0,-1994.0,-1994.0,-1994.0,-248568000.0,87159500.0,-248568000.0,984772047.0,-1.0,-1.38,-440756000.0,-928.777,1.0,199441000.0,0.528,0.0,68249000.0,1590133000.0,1771844500.0,5325000.0,0.0,0.0,0.0,1061183000.0,131284000.0,929899000.0,90666047.0,-94340000.0,-18255000.0,-29808000.0,184584000.0,-5592000.0,363797000.0,-548050000.0,5600000.0,94639000.0,-4726000.0,-933854000.0,-945931000.0,-945931000.0,0.0,0.0,-2.503,1055638000.0,-856197000.0,70535000.0,-0.004,-0.365,-0.096,-0.094,663991000.0,12077000.0,187.5,0.24,0.235,76299000.0,-1127195000.0,377946000.0,377946000.0,0.0,-0.867,-10.853,-0.489,-2.29,0.0,19918000.0,1.0,483552.0,474555,474555.0,796.422,812615000.0,0.0,0.0,0.0,1712.373,-13285000.0
22,CHKAQ,MRY,1997-12-31,1997-06-30,1997-06-30,2021-08-25,0.0,949068000.0,760701500.0,297605000.0,651463000.0,0.354,872.441,-499234000.0,124017000.0,124017000.0,90247000.0,-183377000.0,2.034,2.308,510330000.0,1380000.0,508950000.0,510330000.0,0.0,105591000.0,0.0,0.002,4.0,-168400000.0,-62809000.0,-0.233,-62809000.0,-168400000.0,-186950000.0,-558.0,-558.0,-558.0,286889000.0,232328000.0,286889000.0,,,,-415145000.0,-1262.472,1.0,178845000.0,0.665,0.0,18550000.0,1189055000.0,938052000.0,4854000.0,104485000.0,104485000.0,0.0,662179000.0,146326000.0,515853000.0,699923571.0,72379000.0,-3048000.0,289478000.0,223045000.0,0.0,512144000.0,-523854000.0,-21572000.0,84089000.0,0.0,-183377000.0,-183377000.0,-183377000.0,0.0,0.0,-0.681,351848000.0,-173003000.0,123148000.0,-0.007,2.44,-3.817,-3.562,607366000.0,0.0,1987.6,2.601,2.429,63557000.0,-146805000.0,269092000.0,269092000.0,0.0,-0.241,-0.789,-0.18,-0.626,0.0,8802000.0,1.0,352145.0,328835,328835.0,818.319,949068000.0,0.0,-3573000.0,0.0,2886.153,151279000.0
23,CHKAQ,MRY,1996-12-31,1996-06-30,1996-06-30,2021-08-25,0.0,572335000.0,,109173000.0,463162000.0,,651.591,-344724000.0,51638000.0,51638000.0,40650000.0,23355000.0,1.003,2.22,275186000.0,6755000.0,268431000.0,275186000.0,0.0,52768000.0,0.0,0.0,0.0,49888000.0,102656000.0,0.705,102656000.0,49888000.0,36209000.0,86.0,80.0,86.0,177767000.0,,177767000.0,,,,-223752000.0,-820.145,1.0,104941000.0,0.721,0.0,13679000.0,687049000.0,,5163000.0,0.0,0.0,0.0,394568000.0,108834000.0,285734000.0,,-3897000.0,-363000.0,101487000.0,118033000.0,0.0,219520000.0,-344389000.0,698000.0,120972000.0,0.0,23355000.0,23355000.0,23355000.0,0.0,0.0,0.16,58884000.0,46057000.0,93135000.0,0.0,,,67.054,451174000.0,0.0,5766.667,,10.806,50214000.0,37977000.0,145591000.0,145591000.0,0.0,,,,0.343,0.0,4828000.0,1.0,,272820,291710.0,533.652,572335000.0,0.0,12854000.0,12185000.0,2097.848,339000.0
24,CHKAQ,MRY,1995-12-31,1995-06-30,1995-06-30,2021-08-25,,,,,,,,-113807000.0,,,12003000.0,11661000.0,,,,,,,,26628000.0,,0.0,0.0,17960000.0,44588000.0,0.662,44588000.0,17960000.0,17960000.0,44.0,42.0,44.0,,,,,,,-59076000.0,-224.521,1.0,55340000.0,0.822,,0.0,,,,,,,,,,,39310000.0,0.0,818000.0,96464000.0,0.0,97282000.0,-112703000.0,1104000.0,54731000.0,0.0,11661000.0,11661000.0,11661000.0,0.0,0.0,0.173,30753000.0,24587000.0,,0.0,,,26.01,,0.0,1144.444,,4.472,,,67343000.0,67343000.0,0.0,,,,0.267,0.0,3578000.0,1.0,,263120,279360.0,255.94,,,6299000.0,,,
0,CHKAQ,MRQ,2020-09-30,2020-09-30,2020-09-30,2021-08-25,36000000.0,6903000000.0,,1072000000.0,5831000000.0,,-505.112,-102000000.0,306000000.0,306000000.0,790000000.0,-745000000.0,0.345,-2.393,10357000000.0,1929000000.0,8428000000.0,10357000000.0,0.0,170000000.0,0.0,0.0,0.0,-720000000.0,-550000000.0,-0.564,-550000000.0,-720000000.0,-745000000.0,-76.18,-76.18,-76.18,-4940000000.0,,-4940000000.0,10021805963.0,-1.0,-1.301,280000000.0,28.63,1.0,185000000.0,0.19,0.0,25000000.0,13849000000.0,,0.0,0.0,0.0,0.0,11822000000.0,3105000000.0,8717000000.0,39805963.0,224000000.0,0.0,0.0,-54000000.0,0.0,-56000000.0,-102000000.0,0.0,382000000.0,0.0,-745000000.0,-745000000.0,-745000000.0,0.0,0.0,-0.764,296000000.0,-111000000.0,316000000.0,0.0,-0.008,-0.004,-0.004,5646000000.0,0.0,4.07,0.007,0.007,676000000.0,-23538000000.0,975000000.0,975000000.0,5000000.0,,,,,7000000.0,52000000.0,1.0,9780335.0,9780000,9780000.0,99.693,6903000000.0,0.0,0.0,0.0,705.828,-2033000000.0
1,CHKAQ,MRQ,2020-06-30,2020-06-30,2020-06-30,2021-08-25,29000000.0,6553000000.0,,690000000.0,5863000000.0,,-430.412,-345000000.0,82000000.0,82000000.0,603000000.0,-276000000.0,0.289,-2.552,10064000000.0,1929000000.0,8135000000.0,10064000000.0,0.0,158000000.0,0.0,0.0,0.0,-139000000.0,19000000.0,0.036,19000000.0,-139000000.0,-276000000.0,-28.22,-28.22,-28.22,-4209000000.0,,-4209000000.0,9548937195.0,-1.0,-1.477,31000000.0,3.17,1.0,-82000000.0,-0.157,0.0,137000000.0,14146000000.0,,0.0,0.0,0.0,0.0,10741000000.0,2389000000.0,8352000000.0,47937195.0,0.0,0.0,0.0,-28000000.0,0.0,-31000000.0,-345000000.0,0.0,376000000.0,0.0,-276000000.0,-276000000.0,-276000000.0,0.0,0.0,-0.53,459000000.0,-541000000.0,39000000.0,0.0,-0.011,-0.005,-0.005,5702000000.0,0.0,4.9,0.007,0.007,513000000.0,-22793000000.0,521000000.0,521000000.0,130000000.0,,,,,4000000.0,112000000.0,1.0,9783101.0,9779000,9779000.0,53.277,6553000000.0,0.0,0.0,0.0,670.109,-1699000000.0
2,CHKAQ,MRQ,2020-03-31,2020-03-31,2020-03-31,2021-08-25,21000000.0,7808000000.0,,1818000000.0,5990000000.0,,-404.491,-511000000.0,82000000.0,82000000.0,1153000000.0,-8313000000.0,0.804,-2.974,9583000000.0,420000000.0,9163000000.0,9583000000.0,0.0,603000000.0,0.0,0.0,0.0,-8165000000.0,-7562000000.0,-2.976,-7562000000.0,-8165000000.0,-8310000000.0,-852.97,-852.97,-852.97,-3945000000.0,,-3945000000.0,9789556619.0,-1.0,-1.739,-114000000.0,-11.689,1.0,1388000000.0,0.546,0.0,145000000.0,15049000000.0,,0.0,0.0,0.0,0.0,11732000000.0,2260000000.0,9472000000.0,337556619.0,76000000.0,0.0,0.0,217000000.0,0.0,190000000.0,-511000000.0,0.0,397000000.0,0.0,-8297000000.0,-8319000000.0,-8319000000.0,0.0,-16000000.0,-3.274,9615000000.0,-8227000000.0,552000000.0,0.0,-0.086,-0.039,-0.038,5833000000.0,22000000.0,34.54,0.038,0.038,762000000.0,-22517000000.0,2541000000.0,2541000000.0,282000000.0,,,,,5000000.0,65000000.0,1.0,9772919.0,9753000,9753000.0,260.535,7808000000.0,0.0,-13000000.0,0.0,800.574,-442000000.0
3,CHKAQ,MRQ,2019-12-31,2019-12-31,2019-12-31,2021-08-25,12000000.0,16193000000.0,,1251000000.0,14942000000.0,,447.59,-545000000.0,6000000.0,6000000.0,1157000000.0,-324000000.0,0.523,2.702,9458000000.0,385000000.0,9073000000.0,9458000000.0,0.0,592000000.0,0.0,0.0,0.0,-202000000.0,390000000.0,0.202,390000000.0,-202000000.0,-340000000.0,-42.0,-42.0,-42.0,4364000000.0,,4364000000.0,10940356698.0,912.0,4.807,-104000000.0,-10.667,1.0,769000000.0,0.399,0.0,138000000.0,23253000000.0,,0.0,0.0,0.0,0.0,11792000000.0,2392000000.0,9400000000.0,1613356698.0,-8000000.0,0.0,0.0,133000000.0,0.0,96000000.0,-545000000.0,0.0,441000000.0,0.0,-324000000.0,-346000000.0,-346000000.0,0.0,0.0,-0.18,942000000.0,-173000000.0,498000000.0,0.0,0.37,-3.878,-3.302,14756000000.0,22000000.0,165.12,0.188,0.16,990000000.0,-14220000000.0,1926000000.0,1926000000.0,28000000.0,,,,,6000000.0,57000000.0,1.0,9770813.0,9750000,9750000.0,197.538,16193000000.0,0.0,-16000000.0,0.0,1660.821,-1141000000.0
4,CHKAQ,MRQ,2019-09-30,2019-09-30,2019-09-30,2021-08-25,3000000.0,16579000000.0,,1403000000.0,15176000000.0,,552.991,-563000000.0,14000000.0,14000000.0,1306000000.0,-61000000.0,0.598,2.522,9341000000.0,208000000.0,9133000000.0,9341000000.0,0.0,573000000.0,0.0,0.0,0.0,115000000.0,688000000.0,0.33,688000000.0,115000000.0,-62000000.0,-11.89,-11.89,-11.89,4696000000.0,,4696000000.0,12001663644.0,12.0,3.947,-234000000.0,-27.555,1.0,781000000.0,0.374,0.0,177000000.0,23558000000.0,,0.0,51000000.0,0.0,51000000.0,11844000000.0,2348000000.0,9496000000.0,2304663644.0,10000000.0,0.0,0.0,270000000.0,0.0,244000000.0,-563000000.0,0.0,329000000.0,0.0,-61000000.0,-101000000.0,-101000000.0,0.0,0.0,-0.048,735000000.0,46000000.0,526000000.0,0.0,0.491,4.519,2.371,14876000000.0,40000000.0,282.0,0.244,0.253,977000000.0,-13896000000.0,2087000000.0,2087000000.0,17000000.0,,,,,7000000.0,66000000.0,1.0,8172566.0,8492000,8492000.0,245.761,16579000000.0,0.0,-1000000.0,0.0,1952.308,-945000000.0
5,CHKAQ,MRQ,2019-06-30,2019-06-30,2019-06-30,2021-08-25,-5000000.0,16540000000.0,,1384000000.0,15156000000.0,,514.802,-516000000.0,4000000.0,4000000.0,1355000000.0,98000000.0,0.623,2.937,9701000000.0,0.0,9701000000.0,9701000000.0,0.0,580000000.0,0.0,0.0,0.0,273000000.0,853000000.0,0.358,853000000.0,273000000.0,98000000.0,9.21,9.21,9.21,4191000000.0,,4191000000.0,12724671614.0,15.0,4.581,-119000000.0,-14.617,1.0,1031000000.0,0.432,0.0,175000000.0,24017000000.0,,0.0,63000000.0,0.0,63000000.0,12310000000.0,2220000000.0,10090000000.0,3185671614.0,-4000000.0,0.0,0.0,148000000.0,0.0,115000000.0,-516000000.0,0.0,397000000.0,0.0,98000000.0,75000000.0,75000000.0,0.0,0.0,0.031,753000000.0,278000000.0,611000000.0,0.0,0.76,7.207,4.201,14845000000.0,23000000.0,390.0,0.325,0.324,1021000000.0,-13835000000.0,2386000000.0,2386000000.0,15000000.0,,,,,11000000.0,89000000.0,1.0,8168389.0,8141000,8141000.0,293.084,16540000000.0,0.0,0.0,0.0,2031.691,-836000000.0
6,CHKAQ,MRQ,2019-03-31,2019-03-31,2019-03-31,2021-08-25,-13000000.0,16637000000.0,,1365000000.0,15272000000.0,,593.596,-503000000.0,8000000.0,8000000.0,1619000000.0,-21000000.0,0.466,3.051,9547000000.0,380000000.0,9167000000.0,9547000000.0,0.0,519000000.0,0.0,0.0,0.0,-174000000.0,345000000.0,0.157,345000000.0,-174000000.0,-335000000.0,-6.37,-6.37,-6.37,4097000000.0,,4097000000.0,12776346772.0,26.0,5.572,-47000000.0,-6.81,1.0,577000000.0,0.263,0.0,161000000.0,23246000000.0,,0.0,48000000.0,0.0,48000000.0,12499000000.0,2930000000.0,9569000000.0,5058346772.0,4000000.0,-353000000.0,0.0,435000000.0,0.0,404000000.0,-856000000.0,0.0,456000000.0,0.0,-21000000.0,-44000000.0,-44000000.0,0.0,0.0,-0.02,759000000.0,-182000000.0,751000000.0,0.0,1.235,53.246,26.238,14939000000.0,23000000.0,620.0,0.521,0.441,1196000000.0,-13933000000.0,2196000000.0,2196000000.0,24000000.0,,,,,6000000.0,103000000.0,1.0,8158624.0,6902000,6902000.0,318.169,16637000000.0,0.0,-314000000.0,0.0,2410.461,-1565000000.0
7,CHKAQ,MRQ,2018-12-31,2018-12-31,2018-12-31,2021-08-25,-23000000.0,12735000000.0,,1598000000.0,11137000000.0,,460.286,1447000000.0,4000000.0,4000000.0,1664000000.0,605000000.0,0.554,5.068,7722000000.0,381000000.0,7341000000.0,7722000000.0,0.0,402000000.0,0.0,0.0,0.0,753000000.0,1155000000.0,0.414,1155000000.0,753000000.0,602000000.0,128.0,128.0,128.0,2092000000.0,,2092000000.0,11726791206.0,14.0,4.535,1782000000.0,392.079,1.0,1129000000.0,0.404,0.0,151000000.0,17566000000.0,,0.0,76000000.0,0.0,76000000.0,10602000000.0,2887000000.0,7715000000.0,1918791206.0,0.0,0.0,0.0,-1755000000.0,0.0,-1782000000.0,1447000000.0,0.0,335000000.0,0.0,604000000.0,580000000.0,580000000.0,0.0,1000000.0,0.208,711000000.0,418000000.0,763000000.0,0.0,0.917,14.427,14.0,10818000000.0,24000000.0,420.0,0.191,0.19,1247000000.0,-13912000000.0,2793000000.0,2793000000.0,39000000.0,,,,,7000000.0,62000000.0,1.0,4568550.0,4545000,4545000.0,614.521,12735000000.0,0.0,-2000000.0,0.0,2801.98,-1289000000.0
8,CHKAQ,MRQ,2018-09-30,2018-09-30,2018-09-30,2021-08-25,-32000000.0,12659000000.0,,1235000000.0,11424000000.0,,-35.604,-489000000.0,4000000.0,4000000.0,1768000000.0,-146000000.0,0.415,-78.383,9812000000.0,432000000.0,9380000000.0,9812000000.0,0.0,405000000.0,0.0,0.0,0.0,20000000.0,425000000.0,0.175,425000000.0,20000000.0,-145000000.0,-38.0,-38.0,-38.0,-162000000.0,,-162000000.0,13763110336.0,-19.0,8.512,-45000000.0,-9.89,1.0,656000000.0,0.271,0.0,165000000.0,19491000000.0,,0.0,0.0,0.0,0.0,12698000000.0,2976000000.0,9722000000.0,4096110336.0,1000000.0,0.0,0.0,91000000.0,0.0,46000000.0,-489000000.0,0.0,444000000.0,0.0,-146000000.0,-169000000.0,-169000000.0,0.0,0.0,-0.07,574000000.0,82000000.0,670000000.0,0.0,-25.285,-2.586,-2.551,11177000000.0,23000000.0,898.0,0.398,0.397,1051000000.0,-16173000000.0,2424000000.0,2424000000.0,22000000.0,,,,,7000000.0,81000000.0,1.0,4561370.0,4550000,4550000.0,532.747,12659000000.0,0.0,1000000.0,0.0,2782.198,-1741000000.0
9,CHKAQ,MRQ,2018-06-30,2018-06-30,2018-06-30,2021-08-25,-40000000.0,12341000000.0,,1240000000.0,11101000000.0,,-52.805,-524000000.0,3000000.0,3000000.0,1796000000.0,-249000000.0,0.432,-51.908,9670000000.0,432000000.0,9238000000.0,9670000000.0,0.0,471000000.0,0.0,0.0,0.0,-103000000.0,368000000.0,0.161,368000000.0,-103000000.0,-258000000.0,-60.0,-60.0,-60.0,-240000000.0,,-240000000.0,14150911124.0,-22.0,9.213,-161000000.0,-35.424,1.0,493000000.0,0.215,0.0,155000000.0,19135000000.0,,0.0,0.0,0.0,0.0,12458000000.0,2873000000.0,9585000000.0,4777911124.0,-1000000.0,0.0,0.0,306000000.0,0.0,160000000.0,-524000000.0,0.0,363000000.0,0.0,-249000000.0,-272000000.0,-272000000.0,0.0,0.0,-0.119,653000000.0,-160000000.0,742000000.0,0.0,-19.908,-3.282,-3.235,10850000000.0,23000000.0,1048.0,0.487,0.485,1060000000.0,-16257000000.0,2289000000.0,2289000000.0,20000000.0,,,,,9000000.0,105000000.0,1.0,4559076.0,4545000,4545000.0,503.63,12341000000.0,0.0,-9000000.0,0.0,2715.292,-1633000000.0
10,CHKAQ,MRQ,2018-03-31,2018-03-31,2018-03-31,2021-08-25,-47000000.0,12086000000.0,,1224000000.0,10862000000.0,,-48.512,-53000000.0,4000000.0,4000000.0,1802000000.0,18000000.0,0.52,-55.377,9377000000.0,52000000.0,9325000000.0,9377000000.0,0.0,459000000.0,0.0,0.0,0.0,179000000.0,638000000.0,0.253,638000000.0,179000000.0,17000000.0,-2.0,-2.0,-2.0,-220000000.0,,-220000000.0,12713912525.0,310.0,6.424,535000000.0,117.971,1.0,722000000.0,0.286,0.0,162000000.0,19105000000.0,,0.0,0.0,0.0,0.0,12183000000.0,2354000000.0,9829000000.0,2745912525.0,-1000000.0,0.0,0.0,-581000000.0,0.0,-610000000.0,21000000.0,74000000.0,588000000.0,0.0,17000000.0,-6000000.0,-6000000.0,0.0,1000000.0,-0.002,680000000.0,42000000.0,657000000.0,0.0,-12.481,-3.846,-3.775,10592000000.0,23000000.0,604.0,0.28,0.279,1082000000.0,-16240000000.0,2524000000.0,2524000000.0,81000000.0,,,,,9000000.0,87000000.0,1.0,4546213.0,4535000,4535000.0,556.56,12086000000.0,0.0,0.0,0.0,2665.05,-1130000000.0
11,CHKAQ,MRQ,2017-12-31,2017-12-31,2017-12-31,2021-08-25,-57000000.0,12425000000.0,,1525000000.0,10900000000.0,,-110.222,-316000000.0,5000000.0,5000000.0,1682000000.0,-1121000000.0,0.647,-25.8,9973000000.0,52000000.0,9921000000.0,9973000000.0,0.0,1008000000.0,0.0,0.0,0.0,-822000000.0,186000000.0,0.061,186000000.0,-822000000.0,-1121000000.0,-252.0,-252.0,-252.0,-496000000.0,,-496000000.0,13492395986.0,138.0,7.517,-114000000.0,-25.333,1.0,1380000000.0,0.451,0.0,299000000.0,20037000000.0,,0.0,0.0,0.0,0.0,12797000000.0,2356000000.0,10441000000.0,3598395986.0,0.0,0.0,0.0,138000000.0,0.0,114000000.0,-316000000.0,0.0,202000000.0,0.0,-1121000000.0,-1137000000.0,-1137000000.0,0.0,0.0,-0.371,2252000000.0,-872000000.0,654000000.0,0.0,-7.255,-5.703,-5.657,10680000000.0,16000000.0,792.0,0.358,0.357,1322000000.0,-16525000000.0,3062000000.0,3062000000.0,235000000.0,,,,,11000000.0,144000000.0,1.0,4543429.0,4500000,4500000.0,680.444,12425000000.0,0.0,0.0,0.0,2761.111,-831000000.0
12,CHKAQ,MRQ,2017-09-30,2017-09-30,2017-09-30,2021-08-25,-67000000.0,11981000000.0,,1178000000.0,10803000000.0,,-210.561,-379000000.0,5000000.0,5000000.0,1519000000.0,-17000000.0,0.531,-13.255,9899000000.0,0.0,9899000000.0,9899000000.0,0.0,248000000.0,0.0,0.0,0.0,96000000.0,344000000.0,0.177,344000000.0,96000000.0,-18000000.0,-10.0,-10.0,-10.0,-957000000.0,,-957000000.0,13745859846.0,28.0,9.68,-48000000.0,-10.561,1.0,424000000.0,0.218,0.0,114000000.0,19657000000.0,,0.0,0.0,0.0,0.0,12685000000.0,2218000000.0,10467000000.0,3905859846.0,-8000000.0,0.0,0.0,65000000.0,0.0,40000000.0,-379000000.0,0.0,331000000.0,0.0,-18000000.0,-41000000.0,-41000000.0,0.0,1000000.0,-0.021,330000000.0,94000000.0,678000000.0,0.0,-4.081,-17.359,-53.75,10580000000.0,23000000.0,860.0,0.434,0.434,992000000.0,-16987000000.0,1943000000.0,1943000000.0,0.0,,,,,11000000.0,54000000.0,1.0,4541697.0,4545000,4545000.0,427.503,11981000000.0,0.0,0.0,0.0,2636.084,-1040000000.0
13,CHKAQ,MRQ,2017-06-30,2017-06-30,2017-06-30,2021-08-25,-75000000.0,11920000000.0,,1247000000.0,10673000000.0,,-206.608,-603000000.0,13000000.0,13000000.0,1545000000.0,495000000.0,0.578,-13.437,9853000000.0,3000000.0,9850000000.0,9853000000.0,0.0,223000000.0,0.0,0.0,0.0,588000000.0,811000000.0,0.356,811000000.0,588000000.0,495000000.0,104.0,94.0,104.0,-938000000.0,,-938000000.0,13788094108.0,-19.0,65.658,-760000000.0,-167.401,1.0,736000000.0,0.323,0.0,93000000.0,19602000000.0,,0.0,14000000.0,0.0,14000000.0,12604000000.0,2158000000.0,10446000000.0,4513094108.0,-236000000.0,0.0,0.0,553000000.0,0.0,524000000.0,-603000000.0,0.0,-157000000.0,0.0,494000000.0,470000000.0,470000000.0,0.0,1000000.0,0.206,337000000.0,399000000.0,718000000.0,0.0,-4.811,-3.132,-3.012,10418000000.0,24000000.0,994.0,0.484,0.484,1019000000.0,-16969000000.0,2281000000.0,2281000000.0,0.0,,,,,16000000.0,70000000.0,1.0,4540336.0,4540000,5570000.0,502.423,11920000000.0,0.0,1000000.0,0.0,2625.551,-911000000.0
14,CHKAQ,MRQ,2017-03-31,2017-03-31,2017-03-31,2021-08-25,-82000000.0,11699000000.0,,1360000000.0,10339000000.0,,-322.075,380000000.0,249000000.0,249000000.0,1840000000.0,141000000.0,0.488,-8.843,9524000000.0,15000000.0,9509000000.0,9524000000.0,0.0,218000000.0,0.0,0.0,0.0,236000000.0,454000000.0,0.165,454000000.0,236000000.0,141000000.0,16.0,16.0,16.0,-1459000000.0,,-1459000000.0,14945575576.0,-5.0,-7.439,479000000.0,105.74,1.0,913000000.0,0.332,0.0,95000000.0,18186000000.0,,0.0,7000000.0,0.0,7000000.0,12902000000.0,2788000000.0,10114000000.0,5386575576.0,-633000000.0,0.0,0.0,-982000000.0,0.0,-1112000000.0,380000000.0,0.0,99000000.0,0.0,140000000.0,75000000.0,75000000.0,0.0,1000000.0,0.027,672000000.0,241000000.0,678000000.0,0.0,-3.692,-1.445,-1.269,10081000000.0,65000000.0,1188.0,0.621,0.621,943000000.0,-17463000000.0,2753000000.0,2753000000.0,0.0,,,,,11000000.0,65000000.0,1.0,4534155.0,4530000,4535000.0,607.726,11699000000.0,0.0,1000000.0,0.0,2582.561,-1428000000.0
15,CHKAQ,MRQ,2016-12-31,2016-12-31,2016-12-31,2021-08-25,-96000000.0,13028000000.0,,2142000000.0,10886000000.0,,-299.101,-78000000.0,882000000.0,882000000.0,1965000000.0,-341000000.0,0.587,-10.692,10441000000.0,503000000.0,9938000000.0,10441000000.0,0.0,233000000.0,0.0,0.0,0.0,-422000000.0,-189000000.0,-0.094,-189000000.0,-422000000.0,-521000000.0,-126.0,-126.0,-126.0,-1331000000.0,,-1331000000.0,15903477035.0,-4.0,-5.006,-332000000.0,-74.607,1.0,56000000.0,0.028,0.0,99000000.0,18939000000.0,,0.0,0.0,0.0,0.0,14231000000.0,3648000000.0,10583000000.0,6229477035.0,878000000.0,0.0,0.0,1191000000.0,0.0,1213000000.0,-81000000.0,0.0,-254000000.0,0.0,-331000000.0,-729000000.0,-729000000.0,0.0,-10000000.0,-0.361,351000000.0,-295000000.0,672000000.0,0.0,-4.68,-1.267,-1.092,10609000000.0,398000000.0,1404.0,0.791,0.681,1057000000.0,-17474000000.0,2021000000.0,2021000000.0,0.0,,,,,12000000.0,68000000.0,1.0,4436949.0,4450000,4450000.0,454.157,13028000000.0,0.0,-190000000.0,0.0,2927.64,-1506000000.0
16,CHKAQ,MRQ,2016-09-30,2016-09-30,2016-09-30,2021-08-25,-101000000.0,12523000000.0,,1067000000.0,11456000000.0,,-306.564,-479000000.0,4000000.0,4000000.0,1915000000.0,-1214000000.0,0.296,-11.297,9678000000.0,656000000.0,9022000000.0,9678000000.0,0.0,276000000.0,0.0,0.0,0.0,-1142000000.0,-866000000.0,-0.38,-866000000.0,-1142000000.0,-1215000000.0,-324.0,-324.0,-324.0,-1191000000.0,,-1191000000.0,14516514352.0,-2.0,-2.77,-103000000.0,-26.512,1.0,361000000.0,0.159,0.0,73000000.0,18591000000.0,,0.0,0.0,0.0,0.0,13455000000.0,3606000000.0,9849000000.0,4871514352.0,0.0,0.0,0.0,133000000.0,0.0,104000000.0,-480000000.0,0.0,376000000.0,0.0,-1215000000.0,-1257000000.0,-1257000000.0,0.0,1000000.0,-0.552,1595000000.0,-1234000000.0,660000000.0,0.0,-4.09,-0.774,-0.698,11051000000.0,42000000.0,1254.0,0.573,0.573,893000000.0,-17028000000.0,2276000000.0,2276000000.0,0.0,,,,,15000000.0,63000000.0,1.0,3884780.0,3885000,3885000.0,585.843,12523000000.0,0.0,0.0,0.0,3223.423,-2539000000.0
17,CHKAQ,MRQ,2016-06-30,2016-06-30,2016-06-30,2021-08-25,-104000000.0,13487000000.0,,1204000000.0,12283000000.0,,-8.84,245000000.0,4000000.0,4000000.0,1889000000.0,-1776000000.0,0.319,-414.312,9649000000.0,1028000000.0,8621000000.0,9649000000.0,0.0,306000000.0,0.0,0.0,0.0,-1714000000.0,-1408000000.0,-0.868,-1408000000.0,-1714000000.0,-1776000000.0,-502.0,-502.0,-502.0,-32000000.0,,-32000000.0,13319117237.0,-1.0,-1.423,340000000.0,93.923,1.0,-267000000.0,-0.165,0.0,62000000.0,19355000000.0,,0.0,250000000.0,0.0,250000000.0,13258000000.0,3777000000.0,9481000000.0,2930117237.0,-12000000.0,0.0,0.0,-267000000.0,0.0,-281000000.0,174000000.0,0.0,95000000.0,0.0,-1776000000.0,-1818000000.0,-1818000000.0,0.0,0.0,-1.121,1516000000.0,-1783000000.0,702000000.0,0.0,-91.566,-0.301,-0.296,11685000000.0,42000000.0,856.0,0.305,0.323,952000000.0,-15873000000.0,1622000000.0,1622000000.0,0.0,,,,,13000000.0,61000000.0,1.0,3423034.0,3620000,3620000.0,448.066,13487000000.0,0.0,0.0,0.0,3725.691,-2573000000.0
18,CHKAQ,MRQ,2016-03-31,2016-03-31,2016-03-31,2021-08-25,-99000000.0,15357000000.0,,1492000000.0,13865000000.0,,392.515,-271000000.0,16000000.0,16000000.0,1648000000.0,-1068000000.0,0.527,10.516,10405000000.0,343000000.0,10062000000.0,10405000000.0,0.0,292000000.0,0.0,0.021,0.0,-1006000000.0,-714000000.0,-0.366,-714000000.0,-1006000000.0,-1068000000.0,-332.0,-332.0,-332.0,1311000000.0,,1311000000.0,12649769982.0,-1.0,-0.984,-692000000.0,-207.186,1.0,305000000.0,0.156,0.0,62000000.0,22913000000.0,,0.0,263000000.0,0.0,263000000.0,13786000000.0,2833000000.0,10953000000.0,2739769982.0,-809000000.0,0.0,0.0,-105000000.0,0.0,-115000000.0,-273000000.0,0.0,-421000000.0,0.0,-1068000000.0,-1111000000.0,-1111000000.0,0.0,0.0,-0.569,1404000000.0,-1099000000.0,723000000.0,0.0,2.09,-0.227,-0.226,13291000000.0,43000000.0,824.0,0.238,0.239,937000000.0,-14123000000.0,1953000000.0,1953000000.0,0.0,,,,,12000000.0,48000000.0,1.0,3324964.0,3340000,3340000.0,584.731,15357000000.0,0.0,0.0,0.0,4597.904,-1341000000.0
19,CHKAQ,MRQ,2015-12-31,2015-12-31,2015-12-31,2021-08-25,-99000000.0,17314000000.0,,2480000000.0,14834000000.0,,645.921,-544000000.0,825000000.0,825000000.0,2301000000.0,-2185000000.0,0.673,6.977,10692000000.0,381000000.0,10311000000.0,10692000000.0,0.0,356000000.0,0.0,0.039,0.0,-2609000000.0,-2253000000.0,-0.851,-2253000000.0,-2609000000.0,-2716000000.0,-638.0,-638.0,-638.0,2138000000.0,,2138000000.0,12800818177.0,-1.0,-0.777,-365000000.0,-110.272,1.0,348000000.0,0.131,0.0,107000000.0,23496000000.0,,0.0,246000000.0,0.0,246000000.0,14917000000.0,3685000000.0,11232000000.0,2992818177.0,-934000000.0,0.0,0.0,-508000000.0,0.0,-567000000.0,-546000000.0,0.0,179000000.0,0.0,-2067000000.0,-2110000000.0,-2110000000.0,0.0,-118000000.0,-0.797,3267000000.0,-2919000000.0,944000000.0,0.0,1.4,-0.203,-0.202,14298000000.0,43000000.0,900.0,0.234,0.233,1129000000.0,-13202000000.0,2649000000.0,2649000000.0,0.0,,,,,17000000.0,61000000.0,1.0,3325354.0,3310000,3310000.0,800.302,17314000000.0,0.0,-649000000.0,0.0,5230.816,-1205000000.0
20,CHKAQ,MRQ,2015-09-30,2015-09-30,2015-09-30,2021-08-25,-119000000.0,21286000000.0,,3579000000.0,17707000000.0,,1291.704,-443000000.0,1759000000.0,1759000000.0,2714000000.0,-4639000000.0,0.785,3.909,11567000000.0,893000000.0,10674000000.0,11567000000.0,0.0,519000000.0,0.0,0.036,0.0,-5501000000.0,-4982000000.0,-1.476,-4982000000.0,-5501000000.0,-5589000000.0,-1416.0,-1416.0,-1416.0,4282000000.0,,4282000000.0,14332136614.0,-1.0,-1.142,-125000000.0,-37.707,1.0,662000000.0,0.196,0.0,88000000.0,26537000000.0,,0.0,482000000.0,0.0,482000000.0,16740000000.0,4557000000.0,12183000000.0,4877136614.0,-292000000.0,0.0,0.0,0.0,0.0,-217000000.0,-393000000.0,0.0,318000000.0,0.0,-4652000000.0,-4695000000.0,-4695000000.0,0.0,13000000.0,-1.391,6115000000.0,-5453000000.0,1070000000.0,0.0,1.139,-0.405,-0.403,16959000000.0,43000000.0,1466.0,0.281,0.28,1275000000.0,-11017000000.0,3376000000.0,3376000000.0,0.0,,,,,18000000.0,49000000.0,1.0,3326833.0,3315000,3315000.0,1018.401,21286000000.0,0.0,-937000000.0,633000000.0,6421.116,-978000000.0
21,CHKAQ,MRQ,2015-06-30,2015-06-30,2015-06-30,2021-08-25,-131000000.0,28598000000.0,,4231000000.0,24367000000.0,,2706.344,-1037000000.0,2089000000.0,2089000000.0,2894000000.0,-4090000000.0,0.825,2.049,11544000000.0,889000000.0,10655000000.0,11544000000.0,0.0,635000000.0,0.0,0.031,17.4,-5543000000.0,-4908000000.0,-1.394,-4908000000.0,-5543000000.0,-5614000000.0,-1254.0,-1254.0,-1254.0,8958000000.0,,8958000000.0,15992562909.0,-2.0,-2.791,-723000000.0,-218.429,1.0,627000000.0,0.178,0.0,71000000.0,32925000000.0,,0.0,441000000.0,0.0,441000000.0,18355000000.0,5128000000.0,13227000000.0,7429562909.0,-856000000.0,0.0,0.0,0.0,-59000000.0,-130000000.0,-1040000000.0,0.0,314000000.0,0.0,-4108000000.0,-4151000000.0,-4151000000.0,0.0,18000000.0,-1.179,6134000000.0,-5507000000.0,1284000000.0,-0.014,0.829,-1.035,-1.03,23615000000.0,43000000.0,2234.0,0.378,0.376,1501000000.0,-6364000000.0,3521000000.0,3521000000.0,0.0,,,,,20000000.0,69000000.0,1.0,3325677.0,3310000,3310000.0,1063.746,28598000000.0,0.0,-1506000000.0,1534000000.0,8639.879,-897000000.0
22,CHKAQ,MRQ,2015-03-31,2015-03-31,2015-03-31,2021-08-25,-134000000.0,34373000000.0,,5398000000.0,28975000000.0,,3957.035,-1469000000.0,2945000000.0,2945000000.0,2485000000.0,-3720000000.0,1.006,1.529,11508000000.0,885000000.0,10623000000.0,11508000000.0,0.0,719000000.0,0.0,0.025,17.4,-5060000000.0,-4341000000.0,-1.349,-4341000000.0,-5060000000.0,-5111000000.0,-1144.0,-1144.0,-1144.0,13078000000.0,,13078000000.0,16805943291.0,-6.0,61.113,-1046000000.0,-316.49,1.0,733000000.0,0.228,0.0,51000000.0,37570000000.0,,0.0,268000000.0,0.0,268000000.0,20000000000.0,5366000000.0,14634000000.0,9416943291.0,-1201000000.0,0.0,0.0,0.0,-59000000.0,-152000000.0,-1472000000.0,-1000000.0,423000000.0,0.0,-3739000000.0,-3782000000.0,-3782000000.0,0.0,19000000.0,-1.175,5773000000.0,-5040000000.0,1630000000.0,-0.015,0.72,-3.268,-3.255,28385000000.0,43000000.0,2832.0,0.442,0.439,1643000000.0,-2256000000.0,3218000000.0,3218000000.0,0.0,,,,,23000000.0,56000000.0,1.0,3325192.0,3305000,3305000.0,973.676,34373000000.0,0.0,-1372000000.0,3031000000.0,10400.303,32000000.0
23,CHKAQ,MRQ,2014-12-31,2014-12-31,2014-12-31,2021-08-25,-143000000.0,40751000000.0,,7468000000.0,33283000000.0,,5129.894,3394000000.0,4146000000.0,4146000000.0,5282000000.0,669000000.0,1.32,1.334,11535000000.0,381000000.0,11154000000.0,11535000000.0,0.0,744000000.0,0.0,0.018,17.5,932000000.0,1676000000.0,0.232,1676000000.0,932000000.0,925000000.0,178.0,166.0,178.0,16903000000.0,,16903000000.0,24480215518.0,8.0,4.036,4223000000.0,1281.639,1.0,1942000000.0,0.269,0.0,7000000.0,42484000000.0,,0.0,271000000.0,0.0,271000000.0,22546000000.0,5656000000.0,16890000000.0,13016215518.0,4018000000.0,0.0,0.0,-59000000.0,-59000000.0,-203000000.0,3392000000.0,14000000.0,829000000.0,0.0,640000000.0,586000000.0,586000000.0,0.0,29000000.0,0.081,981000000.0,961000000.0,2049000000.0,0.098,0.77,10.225,10.14,32515000000.0,54000000.0,3914.0,0.563,0.558,2236000000.0,1483000000.0,7224000000.0,7224000000.0,0.0,,,,,0.0,93000000.0,1.0,3325553.0,3295000,3860000.0,2192.413,40751000000.0,0.0,285000000.0,4392000000.0,12367.527,1812000000.0
24,CHKAQ,MRQ,2014-09-30,2014-09-30,2014-09-30,2021-08-25,-151000000.0,40518000000.0,,3129000000.0,37389000000.0,,4945.455,-1185000000.0,128000000.0,128000000.0,3729000000.0,692000000.0,0.559,1.402,11592000000.0,0.0,11592000000.0,11592000000.0,0.0,726000000.0,0.0,0.015,17.5,1116000000.0,1842000000.0,0.323,1842000000.0,1116000000.0,1099000000.0,52.0,52.0,52.0,16320000000.0,,16320000000.0,25318182262.0,12.0,5.048,-23000000.0,-6.97,1.0,1974000000.0,0.346,0.0,17000000.0,46380000000.0,,0.0,268000000.0,0.0,268000000.0,22887000000.0,5602000000.0,17285000000.0,15306182262.0,-1372000000.0,0.0,0.0,59000000.0,-58000000.0,-1376000000.0,-1158000000.0,-9000000.0,1162000000.0,0.0,662000000.0,169000000.0,169000000.0,0.0,30000000.0,0.03,800000000.0,1174000000.0,2258000000.0,0.337,0.938,28.717,28.037,36652000000.0,493000000.0,4598.0,0.695,0.689,2447000000.0,945000000.0,5703000000.0,5703000000.0,0.0,,,,,19000000.0,60000000.0,1.0,3328878.0,3300000,3300000.0,1728.182,40518000000.0,129000000.0,437000000.0,4285000000.0,12278.182,-2473000000.0
25,CHKAQ,MRQ,2014-06-30,2014-06-30,2014-06-30,2021-08-25,-154000000.0,41127000000.0,,4370000000.0,36757000000.0,,4917.147,-778000000.0,1537000000.0,1537000000.0,3732000000.0,230000000.0,0.754,1.407,11549000000.0,0.0,11549000000.0,11549000000.0,0.0,739000000.0,0.0,0.011,17.5,359000000.0,1098000000.0,0.213,1098000000.0,359000000.0,332000000.0,44.0,44.0,44.0,16202000000.0,,16202000000.0,32595859854.0,23.0,7.591,574000000.0,174.203,1.0,1420000000.0,0.276,0.0,27000000.0,45347000000.0,,0.0,271000000.0,0.0,271000000.0,22802000000.0,5792000000.0,17010000000.0,20705859854.0,458000000.0,0.0,0.0,51000000.0,-59000000.0,-113000000.0,-781000000.0,-2000000.0,1352000000.0,0.0,191000000.0,145000000.0,145000000.0,0.0,39000000.0,0.028,810000000.0,610000000.0,1930000000.0,0.398,1.278,39.819,38.85,36011000000.0,46000000.0,6216.0,0.978,0.967,2310000000.0,833000000.0,5152000000.0,5152000000.0,0.0,,,,,20000000.0,90000000.0,1.0,3331059.0,3295000,3295000.0,1563.581,41127000000.0,205000000.0,141000000.0,3773000000.0,12481.639,-1422000000.0
26,CHKAQ,MRQ,2014-03-31,2014-03-31,2014-03-31,2021-08-25,-153000000.0,42605000000.0,,4275000000.0,38330000000.0,,4966.869,-1233000000.0,1079000000.0,1079000000.0,3538000000.0,466000000.0,0.718,1.477,12969000000.0,316000000.0,12653000000.0,12969000000.0,0.0,706000000.0,0.0,0.014,17.5,744000000.0,1450000000.0,0.287,1450000000.0,744000000.0,705000000.0,114.0,108.0,114.0,16341000000.0,,16341000000.0,29042364634.0,14.0,5.826,58000000.0,17.629,1.0,1508000000.0,0.299,0.0,39000000.0,48537000000.0,,0.0,299000000.0,0.0,299000000.0,24128000000.0,5958000000.0,18170000000.0,17068364634.0,167000000.0,0.0,0.0,59000000.0,-58000000.0,-125000000.0,-999000000.0,236000000.0,1291000000.0,0.0,425000000.0,374000000.0,374000000.0,0.0,41000000.0,0.074,775000000.0,733000000.0,1786000000.0,0.154,1.045,20.515,20.016,37522000000.0,51000000.0,5124.0,0.824,0.814,2593000000.0,1012000000.0,5046000000.0,5046000000.0,0.0,,,,,20000000.0,79000000.0,1.0,3331063.0,3290000,3825000.0,1533.739,42605000000.0,243000000.0,280000000.0,3828000000.0,12949.848,-1683000000.0
27,CHKAQ,MRQ,2013-12-31,2013-12-31,2013-12-31,2021-08-25,-162000000.0,41782000000.0,,3656000000.0,38126000000.0,,4921.538,-884000000.0,912000000.0,912000000.0,4785000000.0,-73000000.0,0.663,1.478,12886000000.0,0.0,12886000000.0,12886000000.0,0.0,724000000.0,0.0,0.013,17.5,-99000000.0,625000000.0,0.102,625000000.0,-99000000.0,-162000000.0,-46.0,-46.0,-46.0,15995000000.0,,15995000000.0,29724765338.0,20.0,6.753,144000000.0,44.308,1.0,1330000000.0,0.217,0.0,63000000.0,48241000000.0,,0.0,481000000.0,0.0,481000000.0,23642000000.0,5515000000.0,18127000000.0,18050765338.0,-150000000.0,0.0,0.0,119000000.0,-58000000.0,-258000000.0,-920000000.0,-36000000.0,1028000000.0,0.0,-116000000.0,-155000000.0,-155000000.0,0.0,43000000.0,-0.025,1081000000.0,249000000.0,1596000000.0,-0.38,1.129,38.082,37.178,37134000000.0,39000000.0,5428.0,0.946,0.929,2222000000.0,688000000.0,6115000000.0,6115000000.0,0.0,,,,,20000000.0,121000000.0,1.0,3325491.0,3250000,3250000.0,1881.538,41782000000.0,223000000.0,-46000000.0,3407000000.0,12856.0,-1859000000.0
28,CHKAQ,MRQ,2013-09-30,2013-09-30,2013-09-30,2021-08-25,-169000000.0,42288000000.0,,3994000000.0,38294000000.0,,4937.805,-488000000.0,1062000000.0,1062000000.0,3564000000.0,240000000.0,0.703,1.478,12736000000.0,0.0,12736000000.0,12736000000.0,0.0,732000000.0,0.0,0.014,17.5,389000000.0,1121000000.0,0.23,1121000000.0,389000000.0,349000000.0,48.0,48.0,48.0,16196000000.0,,16196000000.0,29522765390.0,14.0,5.866,893000000.0,272.256,1.0,1303000000.0,0.268,0.0,40000000.0,48284000000.0,,0.0,617000000.0,0.0,617000000.0,23940000000.0,5678000000.0,18262000000.0,17223765390.0,310000000.0,0.0,0.0,-380000000.0,-59000000.0,-599000000.0,-472000000.0,9000000.0,1381000000.0,0.0,202000000.0,156000000.0,156000000.0,0.0,38000000.0,0.032,867000000.0,436000000.0,1730000000.0,0.365,1.063,19.462,19.029,37121000000.0,46000000.0,5176.0,1.044,1.029,2440000000.0,905000000.0,4867000000.0,4867000000.0,0.0,,,,,22000000.0,120000000.0,1.0,3327621.0,3280000,3280000.0,1483.841,42288000000.0,185000000.0,147000000.0,3423000000.0,12892.683,-1684000000.0
29,CHKAQ,MRQ,2013-06-30,2013-06-30,2013-06-30,2021-08-25,-170000000.0,42145000000.0,,3592000000.0,38553000000.0,,4911.179,-49000000.0,758000000.0,758000000.0,2552000000.0,625000000.0,0.639,1.493,13057000000.0,0.0,13057000000.0,13057000000.0,0.0,721000000.0,0.0,0.017,17.5,1068000000.0,1789000000.0,0.383,1789000000.0,1068000000.0,964000000.0,140.0,132.0,140.0,16035000000.0,,16035000000.0,26917475486.0,-18.0,17.885,1232000000.0,377.335,1.0,2123000000.0,0.454,0.0,104000000.0,48824000000.0,,0.0,643000000.0,0.0,643000000.0,23941000000.0,5620000000.0,18321000000.0,13582475486.0,644000000.0,0.0,0.0,-440000000.0,-58000000.0,-807000000.0,170000000.0,101000000.0,1281000000.0,0.0,580000000.0,457000000.0,457000000.0,0.0,45000000.0,0.098,956000000.0,1167000000.0,1787000000.0,0.125,0.847,-10.243,-9.845,37349000000.0,123000000.0,4076.0,0.93,0.911,2417000000.0,805000000.0,4675000000.0,4675000000.0,0.0,,,,,24000000.0,106000000.0,1.0,3332305.0,3265000,3800000.0,1431.853,42145000000.0,71000000.0,384000000.0,3260000000.0,12908.116,-2028000000.0
30,CHKAQ,MRQ,2013-03-31,2013-03-31,2013-03-31,2021-08-25,-170000000.0,42481000000.0,,2884000000.0,39597000000.0,,4823.349,-1798000000.0,114000000.0,114000000.0,2260000000.0,102000000.0,0.499,1.558,13449000000.0,0.0,13449000000.0,13449000000.0,0.0,726000000.0,0.0,0.017,17.5,142000000.0,868000000.0,0.254,868000000.0,142000000.0,121000000.0,4.0,4.0,4.0,15700000000.0,,15700000000.0,25847058614.0,-28.0,12.701,-874000000.0,-268.51,1.0,1164000000.0,0.34,0.0,21000000.0,50031000000.0,,0.0,713000000.0,0.0,713000000.0,24467000000.0,5785000000.0,18682000000.0,13625058614.0,-254000000.0,0.0,0.0,766000000.0,-58000000.0,567000000.0,-1745000000.0,-3000000.0,924000000.0,0.0,58000000.0,15000000.0,15000000.0,0.0,44000000.0,0.004,947000000.0,217000000.0,1909000000.0,4.375,0.868,-15.954,-15.462,38147000000.0,43000000.0,4082.0,1.023,0.997,2382000000.0,495000000.0,3424000000.0,3424000000.0,0.0,,,,,32000000.0,110000000.0,1.0,3337839.0,3255000,3255000.0,1051.92,42481000000.0,216000000.0,63000000.0,3021000000.0,13050.998,-2901000000.0
31,CHKAQ,MRQ,2012-12-31,2012-12-31,2012-12-31,2021-08-25,-182000000.0,41611000000.0,,2948000000.0,38663000000.0,,4842.613,3224000000.0,398000000.0,398000000.0,2171000000.0,344000000.0,0.47,1.523,12620000000.0,463000000.0,12157000000.0,12620000000.0,0.0,722000000.0,0.0,0.021,17.5,533000000.0,1255000000.0,0.355,1255000000.0,533000000.0,519000000.0,80.0,80.0,80.0,15569000000.0,,15569000000.0,26966572814.0,-25.0,15.507,4083000000.0,1269.984,1.0,1367000000.0,0.386,0.0,14000000.0,47567000000.0,,0.0,730000000.0,0.0,730000000.0,23715000000.0,6266000000.0,17449000000.0,11046572814.0,145000000.0,0.0,0.0,-3771000000.0,-57000000.0,-3898000000.0,3170000000.0,-134000000.0,859000000.0,0.0,300000000.0,257000000.0,257000000.0,0.0,44000000.0,0.073,611000000.0,756000000.0,1710000000.0,0.219,0.71,-11.752,-11.384,37167000000.0,43000000.0,3324.0,0.897,0.868,2245000000.0,437000000.0,3538000000.0,3538000000.0,0.0,,,,,27000000.0,99000000.0,1.0,3323277.0,3215000,3215000.0,1100.467,41611000000.0,90000000.0,219000000.0,2807000000.0,12942.768,-3318000000.0
32,CHKAQ,MRQ,2012-09-30,2012-09-30,2012-09-30,2021-08-25,-188000000.0,45671000000.0,,3611000000.0,42060000000.0,,4759.938,-2998000000.0,298000000.0,298000000.0,1828000000.0,-1971000000.0,0.559,1.826,16218000000.0,463000000.0,15755000000.0,16218000000.0,0.0,829000000.0,0.0,0.014,17.5,-3236000000.0,-2407000000.0,-0.81,-2407000000.0,-3236000000.0,-3272000000.0,-638.0,-638.0,-638.0,15327000000.0,,15327000000.0,25637200860.0,-31.0,13.896,-2049000000.0,-636.335,1.0,1142000000.0,0.385,0.0,36000000.0,55135000000.0,,0.0,653000000.0,0.0,653000000.0,27980000000.0,6456000000.0,21524000000.0,12556200860.0,-882000000.0,0.0,0.0,1860000000.0,-58000000.0,1409000000.0,-3233000000.0,-133000000.0,949000000.0,0.0,-2012000000.0,-2055000000.0,-2055000000.0,0.0,41000000.0,-0.692,4336000000.0,-3194000000.0,2357000000.0,-0.027,0.819,-16.349,-16.128,40603000000.0,43000000.0,3774.0,1.091,1.056,2291000000.0,241000000.0,2970000000.0,2970000000.0,0.0,,,,,30000000.0,145000000.0,1.0,3327027.0,3220000,3220000.0,922.36,45671000000.0,692000000.0,-1260000000.0,3418000000.0,14183.54,-2845000000.0
33,CHKAQ,MRQ,2012-06-30,2012-06-30,2012-06-30,2021-08-25,-181000000.0,47526000000.0,,4516000000.0,43010000000.0,,5428.972,-3062000000.0,1248000000.0,1248000000.0,1581000000.0,1037000000.0,0.722,1.592,14329000000.0,0.0,14329000000.0,14329000000.0,0.0,670000000.0,0.0,0.014,17.5,1649000000.0,2319000000.0,0.684,2319000000.0,1649000000.0,1635000000.0,290.0,258.0,290.0,17427000000.0,,17427000000.0,24882593527.0,6.0,3.972,-2307000000.0,-718.692,1.0,1808000000.0,0.533,0.0,14000000.0,54348000000.0,,0.0,552000000.0,0.0,552000000.0,27738000000.0,6259000000.0,21479000000.0,12319593527.0,586000000.0,0.0,0.0,1159000000.0,-56000000.0,1109000000.0,-1271000000.0,1945000000.0,755000000.0,0.0,972000000.0,929000000.0,929000000.0,0.0,65000000.0,0.274,1070000000.0,738000000.0,2552000000.0,0.06,0.707,5.688,5.471,41874000000.0,43000000.0,3720.0,0.985,0.954,2123000000.0,2352000000.0,3389000000.0,3389000000.0,0.0,,,,,31000000.0,155000000.0,1.0,3311719.0,3210000,3755000.0,1055.763,47526000000.0,785000000.0,663000000.0,4783000000.0,14805.607,-1743000000.0
34,CHKAQ,MRQ,2012-03-31,2012-03-31,2012-03-31,2021-08-25,-159000000.0,45589000000.0,,3924000000.0,41665000000.0,,5149.844,-3530000000.0,519000000.0,519000000.0,1689000000.0,-3000000.0,0.589,1.615,13082000000.0,0.0,13082000000.0,13082000000.0,0.0,590000000.0,0.0,0.011,17.5,-18000000.0,572000000.0,0.236,572000000.0,-18000000.0,-30000000.0,-22.0,-22.0,-22.0,16531000000.0,,16531000000.0,25581097775.0,8.0,4.887,-3256000000.0,-1014.33,1.0,730000000.0,0.302,0.0,12000000.0,51488000000.0,,0.0,1618000000.0,0.0,1618000000.0,26695000000.0,6664000000.0,20031000000.0,15350097775.0,87000000.0,0.0,0.0,2405000000.0,-56000000.0,3463000000.0,-3650000000.0,-73000000.0,274000000.0,0.0,-28000000.0,-71000000.0,-71000000.0,0.0,25000000.0,-0.029,724000000.0,6000000.0,2854000000.0,-0.795,0.929,9.008,8.613,39616000000.0,43000000.0,4634.0,1.234,1.196,2596000000.0,1481000000.0,2419000000.0,2419000000.0,0.0,,,,,32000000.0,136000000.0,1.0,3312494.0,3210000,3210000.0,753.583,45589000000.0,632000000.0,-2000000.0,3984000000.0,14202.181,-2740000000.0
35,CHKAQ,MRQ,2011-12-31,2011-12-31,2011-12-31,2021-08-25,-166000000.0,41835000000.0,,3177000000.0,38658000000.0,,5195.0,-1992000000.0,395000000.0,395000000.0,1681000000.0,488000000.0,0.449,1.436,10626000000.0,0.0,10626000000.0,10626000000.0,0.0,570000000.0,0.0,0.011,0.0,791000000.0,1361000000.0,0.499,1361000000.0,791000000.0,784000000.0,136.0,126.0,136.0,16624000000.0,,16624000000.0,28011040923.0,10.0,5.797,187000000.0,58.438,1.0,1046000000.0,0.384,0.0,7000000.0,44984000000.0,,0.0,1531000000.0,0.0,1531000000.0,23874000000.0,7082000000.0,16792000000.0,14695040923.0,240000000.0,0.0,0.0,-1666000000.0,-56000000.0,158000000.0,-2097000000.0,-25000000.0,2179000000.0,0.0,473000000.0,429000000.0,429000000.0,0.0,15000000.0,0.157,310000000.0,736000000.0,3311000000.0,0.0,0.884,9.36,9.024,36760000000.0,44000000.0,4458.0,1.263,1.22,2505000000.0,1608000000.0,2727000000.0,2727000000.0,0.0,,,,,34000000.0,138000000.0,1.0,3296330.0,3200000,3760000.0,852.188,41835000000.0,139000000.0,311000000.0,3484000000.0,13073.438,-3905000000.0
36,CHKAQ,MRQ,2011-09-30,2011-09-30,2011-09-30,2021-08-25,-106000000.0,40122000000.0,,3470000000.0,36652000000.0,,5109.091,-3407000000.0,111000000.0,111000000.0,1842000000.0,922000000.0,0.56,1.462,13427000000.0,136000000.0,13291000000.0,13427000000.0,0.0,498000000.0,0.0,0.013,17.5,1515000000.0,2013000000.0,0.506,2013000000.0,1515000000.0,1511000000.0,276.0,246.0,276.0,16298000000.0,,16298000000.0,29093492558.0,12.0,6.813,-1776000000.0,-556.74,1.0,2135000000.0,0.537,0.0,4000000.0,47243000000.0,,0.0,1171000000.0,5000000.0,1166000000.0,23824000000.0,6195000000.0,17629000000.0,16884492558.0,2000000.0,0.0,0.0,1807000000.0,-56000000.0,1846000000.0,-3475000000.0,-86000000.0,1631000000.0,0.0,922000000.0,879000000.0,879000000.0,0.0,0.0,0.221,652000000.0,1483000000.0,2844000000.0,0.063,1.036,12.772,12.284,35138000000.0,43000000.0,5110.0,1.552,1.498,2737000000.0,1234000000.0,3977000000.0,3977000000.0,0.0,,,,,40000000.0,151000000.0,1.0,3304206.0,3190000,3765000.0,1246.708,40122000000.0,474000000.0,589000000.0,3524000000.0,12577.429,-2725000000.0
37,CHKAQ,MRQ,2011-06-30,2011-06-30,2011-06-30,2021-08-25,-99000000.0,36656000000.0,,3126000000.0,33530000000.0,,4876.535,-2317000000.0,109000000.0,109000000.0,1766000000.0,510000000.0,0.546,1.367,12318000000.0,133000000.0,12185000000.0,12318000000.0,0.0,429000000.0,0.0,0.011,17.5,860000000.0,1289000000.0,0.388,1289000000.0,860000000.0,835000000.0,148.0,136.0,148.0,15483000000.0,,15483000000.0,31188073702.0,17.0,8.661,-942000000.0,-296.693,1.0,1552000000.0,0.468,0.0,25000000.0,43137000000.0,,0.0,1281000000.0,169000000.0,1112000000.0,21173000000.0,5728000000.0,15445000000.0,19526073702.0,-740000000.0,-339000000.0,0.0,239000000.0,-47000000.0,351000000.0,-2466000000.0,208000000.0,1375000000.0,0.0,510000000.0,467000000.0,467000000.0,0.0,0.0,0.141,567000000.0,985000000.0,2600000000.0,0.118,1.261,20.382,19.662,32052000000.0,43000000.0,5938.0,2.058,1.987,2708000000.0,411000000.0,3318000000.0,3318000000.0,0.0,,,,,39000000.0,130000000.0,1.0,3288325.0,3175000,3755000.0,1045.039,36656000000.0,15000000.0,325000000.0,2482000000.0,11545.197,-2602000000.0
38,CHKAQ,MRQ,2011-03-31,2011-03-31,2011-03-31,2021-08-25,-212000000.0,34800000000.0,,3544000000.0,31256000000.0,,4730.284,2229000000.0,849000000.0,849000000.0,1345000000.0,-162000000.0,0.759,1.321,12511000000.0,216000000.0,12295000000.0,12511000000.0,0.0,426000000.0,0.0,0.009,15.0,-259000000.0,167000000.0,0.104,167000000.0,-259000000.0,-266000000.0,-64.0,-64.0,-64.0,14995000000.0,,14995000000.0,36289906798.0,26.0,11.699,2947000000.0,929.653,1.0,267000000.0,0.166,0.0,7000000.0,41793000000.0,,0.0,1492000000.0,264000000.0,1228000000.0,19805000000.0,4669000000.0,15136000000.0,22043906798.0,747000000.0,0.0,0.0,-2738000000.0,-48000000.0,-2197000000.0,2226000000.0,4000000.0,718000000.0,0.0,-162000000.0,-205000000.0,-205000000.0,0.0,0.0,-0.127,551000000.0,-284000000.0,2227000000.0,-0.234,1.47,30.364,29.404,29709000000.0,43000000.0,6704.0,2.695,2.598,2317000000.0,0.0,1612000000.0,1612000000.0,0.0,,,,,40000000.0,130000000.0,1.0,3288172.0,3170000,3170000.0,508.517,34800000000.0,2000000.0,-104000000.0,2115000000.0,10977.918,-1125000000.0
39,CHKAQ,MRQ,2010-12-31,2010-12-31,2010-12-31,2021-08-25,-168000000.0,37179000000.0,,3266000000.0,33913000000.0,,4838.035,-2870000000.0,102000000.0,102000000.0,1256000000.0,224000000.0,0.727,1.436,12640000000.0,0.0,12640000000.0,12640000000.0,0.0,430000000.0,0.0,0.012,15.0,371000000.0,801000000.0,0.406,801000000.0,371000000.0,364000000.0,56.0,54.0,56.0,15264000000.0,,15264000000.0,28771937831.0,10.0,6.37,-1724000000.0,-546.434,1.0,719000000.0,0.364,0.0,7000000.0,45227000000.0,,0.0,1208000000.0,0.0,1208000000.0,21915000000.0,4490000000.0,17425000000.0,16942937831.0,-507000000.0,95000000.0,0.0,1123000000.0,-47000000.0,1185000000.0,-2838000000.0,-21000000.0,1146000000.0,0.0,224000000.0,181000000.0,181000000.0,0.0,0.0,0.092,390000000.0,329000000.0,2069000000.0,0.268,1.11,10.188,9.852,32378000000.0,43000000.0,5182.0,1.809,1.746,1974000000.0,190000000.0,1975000000.0,1975000000.0,0.0,,,,,36000000.0,113000000.0,1.0,3269575.0,3155000,3740000.0,625.99,37179000000.0,139000000.0,140000000.0,2384000000.0,11784.152,-1224000000.0
40,CHKAQ,MRQ,2010-09-30,2010-09-30,2010-09-30,2021-08-25,25000000.0,34333000000.0,,3273000000.0,31060000000.0,,4833.228,-1842000000.0,609000000.0,609000000.0,1168000000.0,558000000.0,0.794,1.248,12438000000.0,26000000.0,12412000000.0,12438000000.0,0.0,434000000.0,0.0,0.013,15.0,910000000.0,1344000000.0,0.521,1344000000.0,910000000.0,907000000.0,162.0,150.0,162.0,15273000000.0,,15273000000.0,25709569245.0,15.0,7.661,-849000000.0,-268.671,1.0,1413000000.0,0.547,0.0,3000000.0,42039000000.0,,0.0,2305000000.0,1087000000.0,1218000000.0,19060000000.0,4123000000.0,14937000000.0,14820569245.0,8000000.0,-95000000.0,0.0,902000000.0,-47000000.0,948000000.0,-1933000000.0,-4000000.0,993000000.0,0.0,558000000.0,515000000.0,515000000.0,0.0,0.0,0.2,596000000.0,817000000.0,2498000000.0,0.093,0.97,15.551,14.519,29480000000.0,43000000.0,4530.0,1.542,1.489,1454000000.0,57000000.0,2581000000.0,2581000000.0,0.0,,,,,44000000.0,125000000.0,1.0,3271649.0,3160000,3720000.0,816.772,34333000000.0,0.0,349000000.0,2220000000.0,10864.873,-850000000.0
41,CHKAQ,MRQ,2010-06-30,2010-06-30,2010-06-30,2021-08-25,75000000.0,32169000000.0,,3018000000.0,29151000000.0,,4695.721,-2577000000.0,601000000.0,601000000.0,1066000000.0,255000000.0,0.826,1.171,11490000000.0,17000000.0,11473000000.0,11490000000.0,0.0,392000000.0,0.0,0.014,15.0,398000000.0,790000000.0,0.393,790000000.0,398000000.0,414000000.0,74.0,74.0,74.0,14815000000.0,,14815000000.0,26037627790.0,22.0,9.576,-782000000.0,-247.861,1.0,946000000.0,0.47,0.0,-16000000.0,39403000000.0,,0.0,2022000000.0,965000000.0,1057000000.0,17354000000.0,3655000000.0,13699000000.0,13636627790.0,85000000.0,0.0,0.0,-1683000000.0,-48000000.0,1008000000.0,-2718000000.0,-109000000.0,1795000000.0,0.0,255000000.0,235000000.0,235000000.0,0.0,0.0,0.117,499000000.0,447000000.0,2221000000.0,0.203,0.92,21.854,19.952,27830000000.0,20000000.0,4190.0,1.542,1.495,1359000000.0,-410000000.0,2012000000.0,2012000000.0,0.0,,,,,35000000.0,106000000.0,1.0,3254565.0,3155000,3175000.0,637.718,32169000000.0,0.0,159000000.0,1887000000.0,10196.197,-637000000.0
42,CHKAQ,MRQ,2010-03-31,2010-03-31,2010-03-31,2021-08-25,265000000.0,30288000000.0,,3335000000.0,26953000000.0,,3878.095,-1049000000.0,516000000.0,516000000.0,1119000000.0,738000000.0,1.068,1.479,12917000000.0,14000000.0,12903000000.0,12917000000.0,0.0,358000000.0,0.0,0.013,15.0,1225000000.0,1583000000.0,0.566,1583000000.0,1225000000.0,1200000000.0,234.0,228.0,234.0,12216000000.0,,12216000000.0,28211995553.0,23.0,10.48,134000000.0,42.54,1.0,1679000000.0,0.6,0.0,25000000.0,39566000000.0,,0.0,2317000000.0,1297000000.0,1020000000.0,18072000000.0,3123000000.0,14949000000.0,15409995553.0,209000000.0,0.0,0.0,25000000.0,-47000000.0,40000000.0,-1014000000.0,0.0,1183000000.0,0.0,738000000.0,732000000.0,732000000.0,0.0,0.0,0.262,467000000.0,1212000000.0,2011000000.0,0.064,1.261,24.617,22.093,25655000000.0,6000000.0,4728.0,1.812,1.751,1419000000.0,-665000000.0,2798000000.0,2798000000.0,0.0,,,,,32000000.0,109000000.0,1.0,3259305.0,3150000,3235000.0,888.254,30288000000.0,0.0,462000000.0,1507000000.0,9615.238,212000000.0
43,CHKAQ,MRQ,2009-12-31,2009-12-31,2009-12-31,2021-08-25,102000000.0,29914000000.0,,2446000000.0,27468000000.0,,3633.016,-1807000000.0,307000000.0,307000000.0,1035000000.0,-499000000.0,0.91,1.536,13109000000.0,27000000.0,13082000000.0,13109000000.0,0.0,401000000.0,0.0,0.012,15.0,-762000000.0,-361000000.0,-0.162,-361000000.0,-762000000.0,-823000000.0,-158.0,-158.0,-158.0,11444000000.0,,11444000000.0,28599676130.0,-3.0,-3.771,-582000000.0,-184.762,1.0,1187000000.0,0.534,0.0,61000000.0,40028000000.0,,0.0,1156000000.0,692000000.0,464000000.0,17573000000.0,2688000000.0,14885000000.0,16762676130.0,-213000000.0,0.0,0.0,308000000.0,-46000000.0,370000000.0,-1808000000.0,0.0,1225000000.0,0.0,-524000000.0,-529000000.0,-529000000.0,0.0,25000000.0,-0.238,1900000000.0,-713000000.0,957000000.0,-0.095,1.465,-2.864,-2.704,26710000000.0,5000000.0,5176.0,2.176,2.056,1325000000.0,-1261000000.0,2222000000.0,2222000000.0,0.0,,,,,36000000.0,90000000.0,1.0,3238539.0,3150000,3150000.0,705.397,29914000000.0,24000000.0,-299000000.0,1059000000.0,9496.508,-242000000.0
44,CHKAQ,MRQ,2009-09-30,2009-09-30,2009-09-30,2021-08-25,274000000.0,29719000000.0,,2508000000.0,27211000000.0,,3870.113,-44000000.0,520000000.0,520000000.0,838000000.0,192000000.0,0.998,1.41,12357000000.0,28000000.0,12329000000.0,12357000000.0,0.0,357000000.0,0.0,0.011,15.0,350000000.0,707000000.0,0.39,707000000.0,350000000.0,307000000.0,60.0,60.0,60.0,11978000000.0,,11978000000.0,31586920094.0,-3.0,-3.83,1089000000.0,351.858,1.0,973000000.0,0.537,0.0,43000000.0,39042000000.0,,0.0,1049000000.0,538000000.0,511000000.0,16890000000.0,2514000000.0,14376000000.0,18222920094.0,-34000000.0,0.0,0.0,-1455000000.0,-46000000.0,-978000000.0,-189000000.0,-42000000.0,1133000000.0,0.0,192000000.0,186000000.0,186000000.0,0.0,0.0,0.103,576000000.0,397000000.0,1324000000.0,0.25,1.521,-2.881,-2.61,26378000000.0,6000000.0,5680.0,2.154,2.078,1298000000.0,-737000000.0,1811000000.0,1811000000.0,0.0,,,,,36000000.0,95000000.0,1.0,3208261.0,3095000,3130000.0,585.137,29719000000.0,0.0,115000000.0,1489000000.0,9602.262,-6000000.0
45,CHKAQ,MRQ,2009-06-30,2009-06-30,2009-06-30,2021-08-25,438000000.0,30469000000.0,,2948000000.0,27521000000.0,,3980.763,-1211000000.0,554000000.0,554000000.0,783000000.0,243000000.0,0.991,1.539,13918000000.0,28000000.0,13890000000.0,13918000000.0,0.0,353000000.0,0.0,0.015,15.0,410000000.0,763000000.0,0.456,763000000.0,410000000.0,388000000.0,78.0,78.0,78.0,12002000000.0,,12002000000.0,25644975035.0,-5.0,-8.557,-474000000.0,-157.214,1.0,890000000.0,0.532,0.0,22000000.0,40859000000.0,,0.0,1615000000.0,1133000000.0,482000000.0,18467000000.0,2974000000.0,15493000000.0,12416975035.0,471000000.0,0.0,0.0,733000000.0,-45000000.0,832000000.0,-1098000000.0,10000000.0,737000000.0,0.0,243000000.0,237000000.0,237000000.0,0.0,0.0,0.142,466000000.0,424000000.0,1342000000.0,0.192,1.035,-3.856,-3.784,26736000000.0,6000000.0,3966.0,0.878,0.846,1122000000.0,-929000000.0,1673000000.0,1673000000.0,0.0,,,,,34000000.0,74000000.0,1.0,3130856.0,3015000,3050000.0,554.892,30469000000.0,0.0,145000000.0,1307000000.0,10105.804,-26000000.0
46,CHKAQ,MRQ,2009-03-31,2009-03-31,2009-03-31,2021-08-25,582000000.0,29661000000.0,,2853000000.0,26808000000.0,,3959.129,-2359000000.0,83000000.0,83000000.0,824000000.0,-5740000000.0,0.849,1.51,13311000000.0,107000000.0,13204000000.0,13311000000.0,0.0,504000000.0,0.0,0.018,15.0,-9198000000.0,-8694000000.0,-4.358,-8694000000.0,-9198000000.0,-9184000000.0,-1926.0,-1926.0,-1926.0,11818000000.0,,11818000000.0,23265588811.0,-3.0,-4.063,-1098000000.0,-367.839,1.0,1171000000.0,0.587,0.0,-14000000.0,39527000000.0,,0.0,2099000000.0,1446000000.0,653000000.0,17843000000.0,3362000000.0,14481000000.0,10653588811.0,-1666000000.0,0.0,0.0,-486000000.0,-44000000.0,-560000000.0,-2367000000.0,-8000000.0,1261000000.0,0.0,-5740000000.0,-5746000000.0,-5746000000.0,0.0,0.0,-2.88,10224000000.0,-9053000000.0,1821000000.0,-0.008,0.901,-2.089,-1.941,25856000000.0,6000000.0,3412.0,0.887,0.848,1185000000.0,-1171000000.0,1995000000.0,1995000000.0,0.0,,,,,34000000.0,90000000.0,1.0,3122388.0,2985000,2985000.0,668.342,29661000000.0,0.0,-3444000000.0,1307000000.0,9936.683,-509000000.0
47,CHKAQ,MRQ,2008-12-31,2008-12-31,2008-12-31,2021-08-25,267000000.0,38593000000.0,,4292000000.0,34301000000.0,,5918.957,-9327000000.0,1749000000.0,1749000000.0,945000000.0,-996000000.0,1.185,1.268,13352000000.0,66000000.0,13286000000.0,13352000000.0,0.0,502000000.0,0.0,0.018,15.0,-1526000000.0,-1024000000.0,-0.344,-1024000000.0,-1526000000.0,-1611000000.0,-388.0,-366.0,-388.0,17017000000.0,,17017000000.0,22791380031.0,18.0,6.692,-8357000000.0,-2906.783,1.0,2036000000.0,0.683,0.0,85000000.0,46575000000.0,,58000000.0,1787000000.0,1082000000.0,705000000.0,21576000000.0,3621000000.0,17955000000.0,9717380031.0,-215000000.0,7691000000.0,0.0,580000000.0,-42000000.0,497000000.0,-1682000000.0,-15000000.0,970000000.0,0.0,-996000000.0,-1002000000.0,-1002000000.0,0.0,0.0,-0.336,3421000000.0,-1385000000.0,2091000000.0,-0.039,0.571,19.281,17.202,33308000000.0,6000000.0,3234.0,0.836,0.745,1324000000.0,4569000000.0,2981000000.0,2981000000.0,0.0,,,,,32000000.0,89000000.0,1.0,3004756.0,2875000,2545000.0,1036.87,38593000000.0,0.0,-615000000.0,4666000000.0,13423.652,671000000.0
48,CHKAQ,MRQ,2008-09-30,2008-09-30,2008-09-30,2021-08-25,44000000.0,40018000000.0,,4111000000.0,35907000000.0,,5923.105,2906000000.0,1964000000.0,1964000000.0,1377000000.0,3322000000.0,1.142,1.439,15038000000.0,123000000.0,14915000000.0,15038000000.0,0.0,523000000.0,0.0,0.008,15.0,5435000000.0,5958000000.0,0.795,5958000000.0,5435000000.0,5401000000.0,1188.0,1124.0,1188.0,16407000000.0,,16407000000.0,41100827100.0,12.0,7.322,4495000000.0,1622.744,1.0,6114000000.0,0.816,0.0,34000000.0,49491000000.0,,292000000.0,1223000000.0,463000000.0,760000000.0,23611000000.0,3601000000.0,20010000000.0,20768827100.0,1964000000.0,-4857000000.0,1587000000.0,812000000.0,-40000000.0,2285000000.0,-1910000000.0,22000000.0,1589000000.0,0.0,3322000000.0,3291000000.0,3291000000.0,0.0,0.0,0.439,636000000.0,5478000000.0,2252000000.0,0.013,1.266,12.451,12.716,34845000000.0,31000000.0,7172.0,1.935,1.85,1330000000.0,5604000000.0,7491000000.0,7491000000.0,0.0,,,,,39000000.0,108000000.0,1.0,2895821.0,2770000,2940000.0,2704.332,40018000000.0,0.0,2079000000.0,4960000000.0,14446.931,510000000.0
49,CHKAQ,MRQ,2008-06-30,2008-06-30,2008-06-30,2021-08-25,-1174000000.0,38023000000.0,,3175000000.0,34848000000.0,,3944.722,-1797000000.0,0.0,0.0,1414000000.0,-1592000000.0,0.435,2.7,20332000000.0,4208000000.0,16124000000.0,20332000000.0,0.0,568000000.0,0.0,0.004,15.0,-2534000000.0,-1966000000.0,4.321,-1966000000.0,-2534000000.0,-2588000000.0,-632.0,-632.0,-632.0,10276000000.0,,10276000000.0,50151451364.0,-38.0,56.413,-514000000.0,-197.313,1.0,-1869000000.0,4.108,0.0,54000000.0,51058000000.0,,159000000.0,644000000.0,0.0,644000000.0,27747000000.0,7297000000.0,20450000000.0,35644451364.0,-1000000.0,-1813000000.0,1007000000.0,1488000000.0,-33000000.0,2397000000.0,-3681000000.0,-72000000.0,1283000000.0,0.0,-1592000000.0,-1643000000.0,-1643000000.0,0.0,0.0,3.611,664000000.0,-2533000000.0,2156000000.0,-0.024,3.469,-27.913,-27.949,33463000000.0,51000000.0,13192.0,6.761,6.518,1603000000.0,2338000000.0,-455000000.0,-455000000.0,0.0,,,,,32000000.0,101000000.0,1.0,2701975.0,2605000,2605000.0,-174.664,38023000000.0,1348000000.0,-996000000.0,3505000000.0,14596.161,-4122000000.0
50,CHKAQ,MRQ,2008-03-31,2008-03-31,2008-03-31,2021-08-25,-543000000.0,33462000000.0,,1946000000.0,31516000000.0,,4653.144,-1663000000.0,1000000.0,1000000.0,1085000000.0,-130000000.0,0.461,1.917,14508000000.0,1342000000.0,13166000000.0,14508000000.0,0.0,551000000.0,0.0,0.006,13.5,-113000000.0,438000000.0,0.272,438000000.0,-113000000.0,-212000000.0,-58.0,-58.0,-58.0,11470000000.0,,11470000000.0,35252551393.0,16.0,8.279,-148000000.0,-60.041,1.0,526000000.0,0.327,0.0,99000000.0,43749000000.0,,107000000.0,628000000.0,3000000.0,625000000.0,21992000000.0,4220000000.0,17772000000.0,23721551393.0,0.0,-1021000000.0,4000000.0,1258000000.0,-33000000.0,1177000000.0,-2692000000.0,-9000000.0,1515000000.0,0.0,-130000000.0,-142000000.0,-142000000.0,0.0,0.0,-0.088,630000000.0,-104000000.0,2088000000.0,-0.233,2.068,27.647,24.418,30519000000.0,12000000.0,9230.0,3.029,2.905,1278000000.0,3973000000.0,1611000000.0,1611000000.0,0.0,,,,,29000000.0,79000000.0,1.0,2570049.0,2465000,2465000.0,653.55,33462000000.0,520000000.0,-82000000.0,4076000000.0,13574.848,-2274000000.0
51,CHKAQ,MRQ,2007-12-31,2007-12-31,2007-12-31,2021-08-25,-11000000.0,30734000000.0,,1396000000.0,29338000000.0,,5183.761,-3795000000.0,1000000.0,1000000.0,846000000.0,307000000.0,0.506,1.534,11532000000.0,174000000.0,11358000000.0,11532000000.0,0.0,554000000.0,0.0,0.007,13.5,629000000.0,1183000000.0,0.566,1183000000.0,629000000.0,495000000.0,66.0,80.0,66.0,12130000000.0,,12130000000.0,29862803583.0,11.0,6.305,-2210000000.0,-944.444,1.0,1243000000.0,0.595,0.0,134000000.0,39504000000.0,,87000000.0,819000000.0,203000000.0,616000000.0,18604000000.0,2761000000.0,15843000000.0,18578803583.0,-1000000.0,2316000000.0,7000000.0,-44000000.0,-30000000.0,-110000000.0,-1476000000.0,-1000000.0,1585000000.0,0.0,307000000.0,162000000.0,162000000.0,0.0,0.0,0.078,629000000.0,614000000.0,1737000000.0,0.205,1.532,15.068,14.519,28337000000.0,145000000.0,7840.0,2.382,2.292,1074000000.0,4150000000.0,2089000000.0,2089000000.0,0.0,,,,,25000000.0,75000000.0,1.0,2369745.0,2340000,2435000.0,892.735,30734000000.0,0.0,188000000.0,3971000000.0,13134.188,-1365000000.0
52,CHKAQ,MRQ,2007-09-30,2007-09-30,2007-09-30,2021-08-25,179000000.0,29889000000.0,,1280000000.0,28609000000.0,,5288.106,-1311000000.0,2000000.0,2000000.0,727000000.0,372000000.0,0.536,1.49,11286000000.0,186000000.0,11100000000.0,11286000000.0,0.0,519000000.0,0.0,0.007,13.5,715000000.0,1234000000.0,0.609,1234000000.0,715000000.0,600000000.0,152.0,144.0,152.0,12004000000.0,,12004000000.0,26556315341.0,9.0,5.503,-44000000.0,-19.383,1.0,1300000000.0,0.641,0.0,115000000.0,38783000000.0,,112000000.0,983000000.0,290000000.0,693000000.0,17885000000.0,2390000000.0,15495000000.0,16696315341.0,-2000000.0,-1203000000.0,2000000.0,1291000000.0,-31000000.0,1216000000.0,-2485000000.0,5000000.0,1267000000.0,0.0,372000000.0,346000000.0,346000000.0,0.0,0.0,0.171,585000000.0,715000000.0,1384000000.0,0.089,1.391,11.021,10.401,27548000000.0,26000000.0,7052.0,2.203,2.112,876000000.0,3892000000.0,2027000000.0,2027000000.0,0.0,,,,,29000000.0,62000000.0,1.0,2367600.0,2270000,2585000.0,892.952,29889000000.0,0.0,228000000.0,3930000000.0,13166.96,-1110000000.0
53,CHKAQ,MRQ,2007-06-30,2007-06-30,2007-06-30,2021-08-25,170000000.0,27696000000.0,,1293000000.0,26403000000.0,,5144.248,-1562000000.0,4000000.0,4000000.0,733000000.0,518000000.0,0.584,1.382,9864000000.0,190000000.0,9674000000.0,9864000000.0,0.0,484000000.0,0.0,0.007,13.5,919000000.0,1403000000.0,0.667,1403000000.0,919000000.0,836000000.0,218.0,202.0,218.0,11626000000.0,,11626000000.0,24971471586.0,8.0,5.079,-417000000.0,-184.513,1.0,1372000000.0,0.652,0.0,83000000.0,35343000000.0,,95000000.0,965000000.0,278000000.0,687000000.0,16070000000.0,2213000000.0,13857000000.0,15941471586.0,0.0,-702000000.0,3000000.0,1067000000.0,-27000000.0,989000000.0,-2134000000.0,129000000.0,1145000000.0,0.0,518000000.0,492000000.0,492000000.0,0.0,0.0,0.234,536000000.0,836000000.0,1356000000.0,0.062,1.371,9.422,8.918,25363000000.0,26000000.0,6920.0,2.131,2.09,905000000.0,3576000000.0,2105000000.0,2105000000.0,0.0,,,,,16000000.0,54000000.0,1.0,2303681.0,2260000,2575000.0,931.416,27696000000.0,11000000.0,318000000.0,3701000000.0,12254.867,-920000000.0
54,CHKAQ,MRQ,2007-03-31,2007-03-31,2007-03-31,2021-08-25,123000000.0,25732000000.0,,1223000000.0,24509000000.0,,4912.195,-1433000000.0,4000000.0,4000000.0,613000000.0,258000000.0,0.561,1.323,9034000000.0,390000000.0,8644000000.0,9034000000.0,0.0,431000000.0,0.0,0.008,12.0,495000000.0,926000000.0,0.586,926000000.0,495000000.0,416000000.0,102.0,100.0,102.0,11077000000.0,,11077000000.0,21851865441.0,7.0,4.813,-456000000.0,-202.217,1.0,967000000.0,0.612,0.0,79000000.0,32582000000.0,,89000000.0,916000000.0,130000000.0,786000000.0,14655000000.0,2180000000.0,12475000000.0,14206904441.0,1000000.0,-426000000.0,3000000.0,967000000.0,-27000000.0,893000000.0,-1869000000.0,-17000000.0,977000000.0,0.0,258000000.0,232000000.0,232000000.0,0.0,0.0,0.147,481000000.0,486000000.0,1253000000.0,0.118,1.283,9.273,8.437,23398000000.0,26000000.0,6176.0,2.041,2.001,890000000.0,3114000000.0,1580000000.0,1580000000.0,0.0,,,,,14000000.0,52000000.0,1.0,2300341.0,2255000,2580000.0,700.665,25732000000.0,110000000.0,158000000.0,3373000000.0,11411.086,-957000000.0
55,CHKAQ,MRQ,2006-12-31,2006-12-31,2006-12-31,2021-08-25,528000000.0,24417000000.0,,1154000000.0,23263000000.0,,5294.588,-5794000000.0,3000000.0,3000000.0,581000000.0,471000000.0,0.611,1.17,7648000000.0,112000000.0,7536000000.0,7648000000.0,0.0,422000000.0,0.0,0.008,12.0,841000000.0,1263000000.0,0.676,1263000000.0,841000000.0,760000000.0,206.0,190.0,206.0,11251000000.0,,11251000000.0,20814711364.0,6.0,4.147,-3934000000.0,-1851.294,1.0,1287000000.0,0.689,0.0,81000000.0,30172000000.0,,58000000.0,1263000000.0,225000000.0,1038000000.0,13166000000.0,1890000000.0,11276000000.0,12690940364.0,2000000.0,3536000000.0,957000000.0,-473000000.0,-25000000.0,416000000.0,-2274000000.0,-16000000.0,1860000000.0,0.0,471000000.0,445000000.0,445000000.0,0.0,0.0,0.238,452000000.0,835000000.0,1208000000.0,0.058,1.128,6.665,6.077,21904000000.0,26000000.0,5810.0,1.732,1.578,845000000.0,2913000000.0,1868000000.0,1868000000.0,0.0,,,,,6000000.0,40000000.0,1.0,2184327.0,2125000,2415000.0,879.059,24417000000.0,0.0,289000000.0,3356000000.0,11490.353,-736000000.0
56,CHKAQ,MRQ,2006-09-30,2006-09-30,2006-09-30,2021-08-25,862241000.0,23394921000.0,,1912295000.0,21482626000.0,,4876.947,1130000000.0,716000.0,716000.0,568000000.0,549000000.0,0.954,1.295,8124487000.0,81438000.0,8043049000.0,8124487000.0,0.0,367000000.0,0.0,0.008,12.0,958000000.0,1325000000.0,0.687,1325000000.0,958000000.0,884000000.0,250.0,226.0,250.0,10192820000.0,,10192820000.0,18781754580.0,5.0,3.898,2068000000.0,989.474,1.0,1361000000.0,0.706,0.0,74000000.0,29514420000.0,,78996000.0,2388717000.0,1097578000.0,1291139000.0,13202101000.0,2004272000.0,11197829000.0,12320920580.0,-365000000.0,-3515000000.0,108000000.0,1465000000.0,-25000000.0,1581000000.0,-2884000000.0,-500000000.0,938000000.0,0.0,549000000.0,523000000.0,523000000.0,0.0,0.0,0.271,408000000.0,953000000.0,1083380000.0,0.048,1.209,6.515,5.716,20000963000.0,26000000.0,5796.0,1.709,1.681,735005000.0,2495215000.0,1929000000.0,1929000000.0,0.0,,,,,11000000.0,37000000.0,1.0,2125763.0,2090000,2415000.0,922.967,23394921000.0,0.0,335000000.0,3273098000.0,11193.742,-91977000.0
57,CHKAQ,MRQ,2006-06-30,2006-06-30,2006-06-30,2021-08-25,397349000.0,20061051000.0,,1655737000.0,18405314000.0,,4719.258,-1773000000.0,366270000.0,366270000.0,526000000.0,360000000.0,0.932,1.231,6827104000.0,197152000.0,6629952000.0,6827104000.0,0.0,348000000.0,0.0,0.007,12.0,678000000.0,1026000000.0,0.648,1026000000.0,678000000.0,605000000.0,174.0,164.0,174.0,8990186000.0,,8990186000.0,18403264072.0,6.0,4.519,-695000000.0,-364.829,1.0,1058000000.0,0.668,0.0,73000000.0,24745416000.0,,67198000.0,983149000.0,570414000.0,412735000.0,11070865000.0,1776469000.0,9294396000.0,11562304072.0,328000000.0,-202000000.0,642000000.0,8000000.0,-19000000.0,1074000000.0,-1824000000.0,150000000.0,1078000000.0,0.0,360000000.0,332000000.0,332000000.0,0.0,0.0,0.21,385000000.0,673000000.0,1017841000.0,0.069,1.286,7.62,7.068,17775369000.0,28000000.0,6050.0,1.818,1.812,552813000.0,2005428000.0,1584000000.0,1584000000.0,0.0,,,,,8000000.0,34000000.0,1.0,1911125.0,1905000,2140000.0,831.496,20061051000.0,0.0,245000000.0,2565057000.0,10530.735,-120732000.0
58,CHKAQ,MRQ,2006-03-31,2006-03-31,2006-03-31,2021-08-25,230635000.0,18052360000.0,,1194196000.0,16858164000.0,,3990.69,-2045000000.0,38286000.0,38286000.0,579000000.0,624000000.0,0.75,1.452,6879246000.0,191899000.0,6687347000.0,6879246000.0,0.0,326000000.0,0.0,0.006,10.0,1079000000.0,1405000000.0,0.723,1405000000.0,1079000000.0,1006000000.0,328.0,288.0,328.0,7362823000.0,,7362823000.0,18222869480.0,7.0,5.027,-1078000000.0,-584.282,1.0,1365000000.0,0.702,0.0,73000000.0,23301389000.0,,67179000.0,750426000.0,363969000.0,386457000.0,10689537000.0,1591931000.0,9097606000.0,11735477480.0,-22000000.0,114000000.0,39000000.0,931000000.0,-18000000.0,971000000.0,-1960000000.0,-29000000.0,967000000.0,0.0,624000000.0,604000000.0,604000000.0,0.0,0.0,0.311,413000000.0,952000000.0,987357000.0,0.03,1.594,8.601,7.872,16307278000.0,20000000.0,6282.0,2.014,1.99,623840000.0,1687214000.0,1944000000.0,1944000000.0,0.0,,,,,59000000.0,29000000.0,1.0,1868112.0,1845000,2155000.0,1053.659,18052360000.0,0.0,382000000.0,2234775000.0,9784.477,-397735000.0
59,CHKAQ,MRQ,2005-12-31,2005-12-31,2005-12-31,2021-08-25,-194972000.0,16118462000.0,,1183397000.0,14935065000.0,,3582.173,-3150887000.0,60027000.0,60027000.0,663238000.0,452223000.0,0.603,1.611,6547419000.0,577681000.0,5969738000.0,6547419000.0,0.0,286093000.0,0.0,0.006,10.0,776623000.0,1062716000.0,0.607,1062716000.0,776623000.0,712246000.0,262.0,238.0,262.0,6174323000.0,,6174323000.0,16097582447.0,9.0,6.077,-2321232000.0,-1346.715,1.0,1087451000.0,0.621,0.0,64377000.0,20641766000.0,,87081000.0,386806000.0,10503000.0,376303000.0,9944139000.0,1964088000.0,7980051000.0,10936980447.0,-67206000.0,-35000000.0,697669000.0,1153273000.0,-14229000.0,2369095000.0,-3265956000.0,-97727000.0,829655000.0,0.0,452223000.0,432217000.0,432217000.0,0.0,0.0,0.247,313085000.0,774366000.0,934070000.0,0.038,1.771,12.428,11.623,14411887000.0,20006000.0,6346.0,2.344,2.19,791194000.0,1100841000.0,1750689000.0,1750689000.0,0.0,,,,,4828000.0,24360000.0,1.0,1723445.0,1723625,2056850.0,1015.702,16118462000.0,234592000.0,260023000.0,1804978000.0,9351.49,-780691000.0
60,CHKAQ,MRQ,2005-09-30,2005-09-30,2005-09-30,2021-08-25,-481440000.0,12365629000.0,,1343566000.0,11022063000.0,,2611.802,-1102552000.0,127102000.0,127102000.0,487377000.0,176988000.0,0.658,1.94,5287704000.0,957756000.0,4329948000.0,5287704000.0,0.0,241823000.0,0.0,0.005,10.0,337315000.0,579138000.0,0.535,579138000.0,337315000.0,278722000.0,92.0,86.0,92.0,4206320000.0,,4206320000.0,16649806418.0,13.0,7.8,-545124000.0,-338.48,1.0,595466000.0,0.55,0.0,58593000.0,15483753000.0,,51857000.0,256432000.0,0.0,256432000.0,8159309000.0,2042478000.0,6116831000.0,12359104418.0,127102000.0,0.0,297731000.0,79481000.0,-17870000.0,684840000.0,-1115166000.0,-14851000.0,557428000.0,0.0,176988000.0,149059000.0,149059000.0,0.0,0.0,0.138,259832000.0,335634000.0,822695000.0,0.109,2.938,20.23,18.842,10677424000.0,27929000.0,7650.0,3.205,3.195,599732000.0,686426000.0,1082843000.0,1082843000.0,0.0,,,,,5249000.0,15785000.0,1.0,1615569.0,1610505,1838195.0,672.362,12365629000.0,510982000.0,101734000.0,1659128000.0,7678.107,-698912000.0
61,CHKAQ,MRQ,2005-06-30,2005-06-30,2005-06-30,2021-08-25,-35762000.0,10657886000.0,,572006000.0,10085880000.0,,2475.502,-1351147000.0,0.0,0.0,389589000.0,193779000.0,0.491,1.767,4290702000.0,131997000.0,4158705000.0,4290702000.0,0.0,218979000.0,0.0,0.008,10.0,359068000.0,578047000.0,0.552,578047000.0,359068000.0,305166000.0,116.0,104.0,116.0,3851646000.0,,3851646000.0,11236500971.0,10.0,5.867,-843915000.0,-542.395,1.0,658429000.0,0.628,0.0,53902000.0,13782744000.0,,42175000.0,209573000.0,6012000.0,203561000.0,6806240000.0,1165844000.0,5640396000.0,7187241971.0,0.0,0.0,2918000.0,428901000.0,-13985000.0,858709000.0,-1365941000.0,-14904000.0,507232000.0,0.0,193779000.0,179177000.0,179177000.0,0.0,0.0,0.171,232966000.0,425463000.0,777863000.0,0.086,1.866,13.128,12.0,9803357000.0,14602000.0,4560.0,2.112,2.085,443398000.0,537016000.0,1048018000.0,1048018000.0,0.0,,,,,2506000.0,11788000.0,1.0,1576150.0,1555905,1820315.0,673.575,10657886000.0,51184000.0,111387000.0,1361259000.0,6849.959,-593838000.0
62,CHKAQ,MRQ,2005-03-31,2005-03-31,2005-03-31,2021-08-25,-94048000.0,9343411000.0,,592941000.0,8750470000.0,,2044.944,-1166414000.0,0.0,0.0,342796000.0,125010000.0,0.509,1.949,4049259000.0,304850000.0,3744409000.0,4049259000.0,0.0,189105000.0,0.0,0.008,9.0,239994000.0,429099000.0,0.548,429099000.0,239994000.0,196866000.0,78.0,72.0,78.0,3168201000.0,,3168201000.0,10052760053.0,10.0,6.056,-653729000.0,-421.955,1.0,440654000.0,0.562,0.0,43128000.0,12226829000.0,,37221000.0,169851000.0,104000.0,169747000.0,6175210000.0,1165841000.0,5009369000.0,6891837053.0,-6896000.0,0.0,4682000.0,675345000.0,-13916000.0,654356000.0,-1173937000.0,-7518000.0,512685000.0,0.0,125010000.0,119547000.0,119547000.0,0.0,0.0,0.153,203117000.0,237537000.0,657599000.0,0.115,2.175,15.177,13.06,8506657000.0,5463000.0,4388.0,2.352,2.321,401982000.0,368549000.0,783450000.0,783450000.0,0.0,,,,,2417000.0,12067000.0,1.0,1570610.0,1549285,1756785.0,505.685,9343411000.0,114596000.0,71856000.0,1149372000.0,6030.789,-572900000.0
63,CHKAQ,MRQ,2004-12-31,2004-12-31,2004-12-31,2021-08-25,20425000.0,8244509000.0,,567540000.0,7676969000.0,,2278.841,-686953000.0,6896000.0,6896000.0,360802000.0,208538000.0,0.589,1.607,3167819000.0,91414000.0,3076405000.0,3167819000.0,0.0,179189000.0,0.0,0.056,9.0,369127000.0,548316000.0,0.582,548316000.0,369127000.0,325839000.0,120.0,114.0,120.0,3162883000.0,,3162883000.0,7459469742.0,8.0,4.728,-292885000.0,-211.022,1.0,581249000.0,0.617,0.0,43288000.0,10441479000.0,,32147000.0,187973000.0,51061000.0,136912000.0,5081626000.0,963953000.0,4117673000.0,4453548742.0,-42177000.0,-16250000.0,2940000.0,297999000.0,-12016000.0,276718000.0,-712963000.0,-10222000.0,394068000.0,0.0,208538000.0,163153000.0,163153000.0,0.0,0.0,0.173,195403000.0,385846000.0,601003000.0,0.075,1.408,10.145,9.538,7444384000.0,45385000.0,3300.0,1.644,1.542,423587000.0,262987000.0,942051000.0,942051000.0,0.0,,,,,1703000.0,9973000.0,1.0,1349560.0,1387935,1313025.0,678.743,8244509000.0,18068000.0,117301000.0,933873000.0,5940.126,-396413000.0
64,CHKAQ,MRQ,2004-09-30,2004-09-30,2004-09-30,2021-08-25,-122423000.0,7426291000.0,,520518000.0,6905773000.0,,2196.312,-1052089000.0,49073000.0,49073000.0,260400000.0,96872000.0,0.535,1.63,3054994000.0,270875000.0,2784119000.0,3054994000.0,0.0,159689000.0,0.0,0.057,9.0,200050000.0,359739000.0,0.571,359739000.0,200050000.0,151361000.0,66.0,58.0,66.0,2823315000.0,,2823315000.0,6857149932.0,9.0,5.322,-684440000.0,-532.439,1.0,369396000.0,0.587,0.0,48689000.0,9459202000.0,,30375000.0,44623000.0,1034000.0,43589000.0,4602976000.0,973010000.0,3629966000.0,4235875932.0,-27164000.0,0.0,328618000.0,368479000.0,-10872000.0,673978000.0,-1068791000.0,-16740000.0,367649000.0,0.0,96872000.0,85585000.0,85585000.0,0.0,0.0,0.136,170231000.0,199165000.0,523285000.0,0.136,1.5,12.525,11.148,6792727000.0,11287000.0,3166.0,1.905,1.83,305612000.0,73379000.0,629796000.0,629796000.0,0.0,,,,,584000.0,8945000.0,1.0,1337927.0,1285480,1691425.0,489.931,7426291000.0,100129000.0,54489000.0,740895000.0,5777.057,-452492000.0
65,CHKAQ,MRQ,2004-06-30,2004-06-30,2004-06-30,2021-08-25,-101043000.0,6340724000.0,,537927000.0,5802797000.0,,2022.985,-858105000.0,76237000.0,76237000.0,243461000.0,97155000.0,0.671,1.6,2697511000.0,193451000.0,2504060000.0,2697511000.0,0.0,142116000.0,0.0,0.061,9.0,180615000.0,322731000.0,0.562,322731000.0,180615000.0,151809000.0,72.0,60.0,72.0,2439184000.0,,2439184000.0,5610080418.0,8.0,4.628,-529318000.0,-439.0,1.0,330831000.0,0.576,0.0,28806000.0,8160896000.0,,21760000.0,38353000.0,104000.0,38249000.0,3901540000.0,801102000.0,3100438000.0,3565129418.0,-113188000.0,3750000.0,3803000.0,408623000.0,-8426000.0,422041000.0,-864016000.0,-10000000.0,328787000.0,0.0,97155000.0,85811000.0,85811000.0,0.0,0.0,0.149,151551000.0,179280000.0,432116000.0,0.125,1.462,10.658,10.014,5706029000.0,11344000.0,2944.0,1.74,1.733,333586000.0,-349000.0,574292000.0,574292000.0,0.0,,,,,672000.0,8092000.0,1.0,1210981.0,1205735,1610970.0,476.3,6340724000.0,72122000.0,54654000.0,497990000.0,5258.804,-263175000.0
66,CHKAQ,MRQ,2004-03-31,2004-03-31,2004-03-31,2021-08-25,-92834000.0,5557462000.0,,571468000.0,4985994000.0,,1967.359,-731692000.0,189425000.0,189425000.0,199403000.0,112590000.0,0.77,1.385,2234376000.0,202606000.0,2031770000.0,2234376000.0,0.0,124599000.0,0.0,0.066,157.0,222462000.0,347061000.0,0.616,347061000.0,222462000.0,175917000.0,88.0,76.0,88.0,2330179000.0,,2330179000.0,5350134443.0,7.0,4.636,-389922000.0,-329.209,1.0,363726000.0,0.646,0.0,46545000.0,6859841000.0,,21210000.0,48742000.0,0.0,48742000.0,3227283000.0,742572000.0,2484711000.0,3235615443.0,148844000.0,-3750000.0,300813000.0,-10212000.0,-7588000.0,542508000.0,-735434000.0,0.0,341770000.0,0.0,112590000.0,104422000.0,104422000.0,0.0,0.0,0.185,135682000.0,228044000.0,394267000.0,1.784,1.389,9.957,9.116,4888923000.0,8168000.0,2680.0,1.699,1.667,251544000.0,-72600000.0,563129000.0,563129000.0,0.0,,,,,1869000.0,10035000.0,1.0,1207319.0,1184420,1498020.0,475.447,5557462000.0,76671000.0,63327000.0,368808000.0,4692.138,-171104000.0
67,CHKAQ,MRQ,2003-12-31,2003-12-31,2003-12-31,2021-08-25,-20312000.0,4572291000.0,,342404000.0,4229887000.0,,1599.788,-463916000.0,40581000.0,40581000.0,164700000.0,69373000.0,0.667,1.639,2155100000.0,92651000.0,2062449000.0,2155100000.0,0.0,108525000.0,0.0,0.01,7.0,150357000.0,258882000.0,0.567,258882000.0,150357000.0,111892000.0,58.0,50.0,58.0,1732810000.0,,1732810000.0,4960130145.0,8.0,4.771,-178526000.0,-164.821,1.0,292041000.0,0.639,0.0,38465000.0,6173654000.0,,19257000.0,53504000.0,4467000.0,49037000.0,2839481000.0,513156000.0,2326325000.0,2940359145.0,2103000.0,-13250000.0,1525000.0,38101000.0,-7574000.0,193162000.0,-476449000.0,-30750000.0,285390000.0,0.0,69373000.0,62388000.0,62388000.0,0.0,0.0,0.137,120381000.0,171660000.0,279758000.0,0.121,1.697,10.121,9.841,4133117000.0,6985000.0,2716.0,1.712,1.67,214564000.0,-168617000.0,456741000.0,456741000.0,0.0,,,,,0.0,7501000.0,1.0,1082606.0,1083150,1367835.0,421.678,4572291000.0,36705000.0,42519000.0,191026000.0,4221.291,-170752000.0
68,CHKAQ,MRQ,2003-09-30,2003-09-30,2003-09-30,2021-08-25,55954000.0,4257489000.0,,376730000.0,3880759000.0,,1466.466,-279082000.0,38478000.0,38478000.0,163431000.0,87859000.0,0.884,1.687,2058249000.0,33804000.0,2024445000.0,2058249000.0,0.0,100936000.0,0.0,0.012,7.0,182553000.0,283489000.0,0.624,283489000.0,182553000.0,141702000.0,76.0,66.0,76.0,1584370000.0,,1584370000.0,4307464594.0,7.0,4.658,-2198000.0,-2.034,1.0,291118000.0,0.64,0.0,40851000.0,5851083000.0,,15209000.0,147161000.0,75681000.0,71480000.0,2673119000.0,426177000.0,2246942000.0,2329100594.0,2569000.0,0.0,1461000.0,22867000.0,-7554000.0,10679000.0,-284994000.0,20000000.0,276884000.0,0.0,87859000.0,81880000.0,81880000.0,0.0,0.0,0.18,108377000.0,182741000.0,256609000.0,0.092,1.47,9.249,8.764,3775277000.0,5979000.0,2156.0,1.533,1.533,215166000.0,-222338000.0,454549000.0,454549000.0,0.0,,,,,0.0,4873000.0,1.0,1080288.0,1080400,1327725.0,420.723,4257489000.0,0.0,53843000.0,164800000.0,3940.66,-49447000.0
69,CHKAQ,MRQ,2003-06-30,2003-06-30,2003-06-30,2021-08-25,12746000.0,4013360000.0,,333467000.0,3679893000.0,,1365.555,-313574000.0,35909000.0,35909000.0,158221000.0,82240000.0,0.802,1.742,2014273000.0,42384000.0,1971889000.0,2014273000.0,0.0,93863000.0,0.0,0.012,7.0,170683000.0,264546000.0,0.615,264546000.0,170683000.0,132647000.0,72.0,62.0,72.0,1463472000.0,,1463472000.0,4103765142.0,9.0,5.428,-35993000.0,-33.585,1.0,271594000.0,0.632,0.0,38036000.0,5575853000.0,,12480000.0,85279000.0,31331000.0,53948000.0,2549888000.0,415871000.0,2134017000.0,2161803142.0,-2095000.0,20000000.0,4730000.0,43817000.0,-6420000.0,33809000.0,-313485000.0,-20000000.0,277581000.0,0.0,82240000.0,76261000.0,76261000.0,0.0,0.0,0.177,101692000.0,169902000.0,256917000.0,0.097,1.477,11.747,10.86,3595166000.0,5979000.0,2020.0,1.714,1.717,219279000.0,-296644000.0,429815000.0,429815000.0,0.0,,,,,0.0,6000000.0,1.0,1070200.0,1071705,1319595.0,401.057,4013360000.0,6479000.0,50407000.0,92068000.0,3744.836,-82404000.0
70,CHKAQ,MRQ,2003-03-31,2003-03-31,2003-03-31,2021-08-25,-1155000.0,3769582000.0,,342327000.0,3427255000.0,,1389.157,-982453000.0,38337000.0,38337000.0,139412000.0,73509000.0,1.005,1.746,1980299000.0,31574000.0,1948725000.0,1980299000.0,0.0,78680000.0,0.0,0.011,6.0,154104000.0,232784000.0,0.619,232784000.0,154104000.0,117100000.0,70.0,64.0,70.0,1372543000.0,,1372543000.0,2966898878.0,8.0,4.86,-883401000.0,-894.094,1.0,236915000.0,0.63,0.0,37004000.0,5371010000.0,,14096000.0,55014000.0,8620000.0,46394000.0,2397039000.0,340534000.0,2056505000.0,1499548878.0,-209633000.0,-20000000.0,176931000.0,302596000.0,-5705000.0,693604000.0,-1002289000.0,0.0,99052000.0,0.0,73509000.0,69983000.0,69983000.0,0.0,0.0,0.186,85963000.0,150952000.0,207596000.0,0.086,1.093,11.511,11.07,3354042000.0,3526000.0,1572.0,1.463,1.516,252284000.0,-365350000.0,376327000.0,376327000.0,0.0,,,,,0.0,5379000.0,1.0,953912.0,988040,1153360.0,380.882,3769582000.0,12304000.0,43591000.0,40368000.0,3815.212,1793000.0
71,CHKAQ,MRQ,2002-12-31,2002-12-31,2002-12-31,2021-08-25,-3461000.0,2875608000.0,,435317000.0,2440291000.0,,1067.128,-149112000.0,247719000.0,247719000.0,94006000.0,26239000.0,1.639,2.167,1715069000.0,33697000.0,1681372000.0,1715069000.0,0.0,65871000.0,0.0,0.008,6.0,77979000.0,143850000.0,0.557,143850000.0,77979000.0,43727000.0,28.0,26.0,28.0,907875000.0,,907875000.0,2827175824.0,16.0,6.906,-70239000.0,-82.56,1.0,164352000.0,0.636,0.0,34252000.0,4077406000.0,,15359000.0,11741000.0,0.0,11741000.0,1967733000.0,265552000.0,1702181000.0,1286798824.0,222259000.0,-19215000.0,165785000.0,145387000.0,-4987000.0,305948000.0,-162562000.0,0.0,78873000.0,0.0,26239000.0,23710000.0,23710000.0,0.0,0.0,0.092,72666000.0,91686000.0,154162000.0,0.214,1.417,42.653,43.0,2389884000.0,2529000.0,1548.0,1.742,1.749,134161000.0,-426085000.0,258358000.0,258358000.0,0.0,,,,,0.0,5688000.0,1.0,831265.0,850765,881180.0,303.677,2875608000.0,8109000.0,17488000.0,0.0,3380.026,169765000.0
72,CHKAQ,MRQ,2002-09-30,2002-09-30,2002-09-30,2021-08-25,8901000.0,2544633000.0,,175849000.0,2368784000.0,,884.518,-294418000.0,25509000.0,25509000.0,72905000.0,16600000.0,0.714,2.463,1565886000.0,22348000.0,1543538000.0,1565886000.0,0.0,60595000.0,0.0,0.005,6.0,54269000.0,114864000.0,0.585,114864000.0,54269000.0,27670000.0,16.0,16.0,16.0,734787000.0,,734787000.0,2468962563.0,15.0,6.521,-155585000.0,-187.289,1.0,123560000.0,0.629,0.0,26599000.0,3838657000.0,,12824000.0,21577000.0,843000.0,20734000.0,1809846000.0,246353000.0,1563493000.0,1096407563.0,19082000.0,4215000.0,173000.0,180663000.0,0.0,172860000.0,-292611000.0,-2408000.0,138833000.0,0.0,16600000.0,14074000.0,14074000.0,0.0,0.0,0.072,65838000.0,57722000.0,133694000.0,0.375,1.492,22.956,22.759,2317713000.0,2526000.0,1320.0,1.669,1.669,108781000.0,-444089000.0,196465000.0,196465000.0,0.0,,,,,0.0,3777000.0,1.0,830612.0,830720,855910.0,236.5,2544633000.0,9717000.0,11070000.0,0.0,3063.166,-70504000.0
73,CHKAQ,MRQ,2002-06-30,2002-06-30,2002-06-30,2021-08-25,16079000.0,2330228000.0,,178079000.0,2152149000.0,,883.838,-240397000.0,6427000.0,6427000.0,73334000.0,25033000.0,0.901,2.177,1378982000.0,615000.0,1378367000.0,1378982000.0,0.0,53244000.0,0.0,0.0,0.0,65786000.0,119030000.0,0.615,119030000.0,65786000.0,41719000.0,28.0,26.0,28.0,733422000.0,,733422000.0,2430367202.0,10.0,5.472,-142869000.0,-172.17,1.0,120356000.0,0.621,0.0,24067000.0,3505125000.0,,10522000.0,38113000.0,12509000.0,25604000.0,1596806000.0,197658000.0,1399148000.0,1194732202.0,-115656000.0,-4215000.0,775000.0,23220000.0,0.0,21429000.0,-234613000.0,2408000.0,97528000.0,0.0,25033000.0,22503000.0,22503000.0,0.0,0.0,0.116,58289000.0,62067000.0,130411000.0,0.0,1.629,12.105,11.803,2068566000.0,2530000.0,1440.0,1.708,1.708,123026000.0,-453173000.0,193690000.0,193690000.0,0.0,,,,,0.0,3859000.0,1.0,829675.0,829815,959735.0,233.413,2330228000.0,35405000.0,16686000.0,0.0,2808.13,-19579000.0
74,CHKAQ,MRQ,2002-03-31,2002-03-31,2002-03-31,2021-08-25,19189000.0,2259390000.0,,272183000.0,1987207000.0,,866.033,-84175000.0,122207000.0,122207000.0,53783000.0,-27586000.0,1.518,2.155,1357842000.0,10327000.0,1347515000.0,1357842000.0,0.0,50526000.0,0.0,0.0,0.0,-19016000.0,31510000.0,0.351,31510000.0,-19016000.0,-45976000.0,-36.0,-36.0,-36.0,716088000.0,,716088000.0,2488180195.0,8.0,5.119,33122000.0,40.058,1.0,36053000.0,0.401,0.0,26960000.0,3315712000.0,,10461000.0,28546000.0,0.0,28546000.0,1543302000.0,179313000.0,1363989000.0,1283085195.0,4358000.0,4215000.0,1181000.0,-21440000.0,0.0,-22980000.0,-89959000.0,-2408000.0,117297000.0,0.0,-27586000.0,-30118000.0,-30118000.0,0.0,0.0,-0.335,56023000.0,-19970000.0,99342000.0,0.0,1.792,11.109,10.901,1826942000.0,2532000.0,1548.0,1.642,1.638,101692000.0,-473147000.0,89836000.0,89836000.0,0.0,,,,,0.0,4294000.0,1.0,828866.0,826860,826860.0,108.647,2259390000.0,103875000.0,-18390000.0,0.0,2732.494,92870000.0
75,CHKAQ,MRQ,2001-12-31,2001-12-31,2001-12-31,2021-08-25,43511000.0,2286768000.0,,361383000.0,1925385000.0,,932.23,-357761000.0,124960000.0,124960000.0,46138000.0,42625000.0,2.084,1.98,1330055000.0,602000.0,1329453000.0,1330055000.0,0.0,49556000.0,0.0,0.0,0.0,63642000.0,113198000.0,0.639,113198000.0,63642000.0,38298000.0,50.0,46.0,50.0,767407000.0,,767407000.0,2339372042.0,5.0,3.669,-244980000.0,-297.597,1.0,130937000.0,0.739,0.0,25344000.0,3318482000.0,,10629000.0,133763000.0,97544000.0,36219000.0,1519361000.0,173381000.0,1345980000.0,1087183042.0,100552000.0,142172000.0,277000.0,-23028000.0,0.0,203713000.0,-215942000.0,-3033000.0,112781000.0,0.0,42625000.0,41303000.0,41303000.0,0.0,0.0,0.233,55042000.0,75895000.0,122161000.0,0.0,1.417,5.048,4.97,1785581000.0,1322000.0,1322.0,1.122,1.107,97608000.0,-442974000.0,177075000.0,177075000.0,0.0,,,,,0.0,4335000.0,1.0,822377.0,823195,915565.0,215.107,2286768000.0,67781000.0,-4327000.0,0.0,2777.918,188002000.0
76,CHKAQ,MRQ,2001-09-30,2001-09-30,2001-09-30,2021-08-25,78369000.0,2090598000.0,,308664000.0,1781934000.0,,745.54,-115427000.0,17042000.0,17042000.0,54312000.0,65008000.0,1.678,2.411,1269231000.0,817000.0,1268414000.0,1269231000.0,0.0,47899000.0,0.0,0.0,0.0,132506000.0,180405000.0,0.755,180405000.0,132506000.0,108402000.0,80.0,76.0,80.0,612983000.0,,612983000.0,2169126144.0,4.0,3.288,28527000.0,34.696,1.0,184599000.0,0.773,0.0,24104000.0,3158871000.0,,4728000.0,286797000.0,175964000.0,110833000.0,1477615000.0,183916000.0,1293699000.0,929033144.0,0.0,575000.0,147000.0,29000000.0,0.0,25686000.0,-152121000.0,-36615000.0,143954000.0,-477000.0,65008000.0,65008000.0,65008000.0,0.0,0.0,0.272,52225000.0,132374000.0,123845000.0,0.0,1.516,1.781,1.519,1560496000.0,0.0,1130.0,0.927,0.927,107197000.0,-491918000.0,238911000.0,238911000.0,0.0,,,,,0.0,3240000.0,1.0,822153.0,822200,851920.0,290.575,2090598000.0,94819000.0,43394000.0,12694000.0,2542.688,124748000.0
77,CHKAQ,MRQ,2001-06-30,2001-06-30,2001-06-30,2021-08-25,52699000.0,1953434000.0,,236787000.0,1716647000.0,,646.353,-135331000.0,0.0,0.0,65746000.0,39485000.0,1.482,2.718,1240093000.0,875000.0,1239218000.0,1240093000.0,0.0,40972000.0,0.0,0.0,0.0,119998000.0,160970000.0,0.584,160970000.0,119998000.0,97014000.0,48.0,46.0,48.0,525446000.0,,525446000.0,2235511011.0,5.0,3.833,-44678000.0,-54.959,1.0,209935000.0,0.762,0.0,22984000.0,3033786000.0,,3736000.0,170860000.0,128128000.0,42732000.0,1427988000.0,159741000.0,1268247000.0,1115121011.0,0.0,124000.0,591000.0,110037000.0,0.0,22930000.0,-135587000.0,-591000.0,90653000.0,801000.0,39485000.0,39303000.0,39303000.0,0.0,0.0,0.143,44620000.0,165315000.0,116184000.0,0.0,2.122,2.208,1.863,1498772000.0,182000.0,1360.0,1.197,1.186,103486000.0,-556926000.0,275681000.0,275681000.0,0.0,,,,,0.0,2873000.0,1.0,819942.0,812940,856605.0,339.116,1953434000.0,158376000.0,57529000.0,18532000.0,2402.925,77046000.0
78,CHKAQ,MRQ,2001-03-31,2001-03-31,2001-03-31,2021-08-25,-236000.0,1817854000.0,,207020000.0,1610834000.0,,545.555,-166759000.0,21203000.0,21203000.0,86561000.0,70288000.0,0.939,3.226,1141593000.0,855000.0,1140738000.0,1141593000.0,0.0,39116000.0,0.0,0.0,0.0,143873000.0,182989000.0,0.66,182989000.0,143873000.0,117984000.0,88.0,82.0,88.0,430189000.0,,430189000.0,2340688771.0,6.0,4.654,39590000.0,50.207,1.0,190823000.0,0.688,0.0,25889000.0,2717760000.0,,3614000.0,23366000.0,3452000.0,19914000.0,1387665000.0,220484000.0,1167181000.0,1398507771.0,21203000.0,35000.0,2191000.0,-18755000.0,0.0,-17822000.0,-166455000.0,0.0,206349000.0,-869000.0,70288000.0,69742000.0,69742000.0,0.0,0.0,0.251,44127000.0,146696000.0,124773000.0,0.0,3.251,2.821,2.411,1388785000.0,546000.0,1770.0,1.769,1.765,134894000.0,-590090000.0,277384000.0,277384000.0,0.0,,,,,0.0,4001000.0,1.0,790117.0,788535,851630.0,351.771,1817854000.0,228773000.0,47696000.0,16816000.0,2305.356,-13464000.0
79,CHKAQ,MRQ,2000-12-31,2000-12-31,2000-12-31,2021-08-25,-3901000.0,1440426000.0,,166926000.0,1273500000.0,,410.245,-111182000.0,3500000.0,3500000.0,70698000.0,348045000.0,1.026,3.599,945681000.0,836000.0,944845000.0,945681000.0,0.0,27669000.0,0.0,0.0,0.0,107657000.0,135326000.0,0.642,135326000.0,107657000.0,85758000.0,528.0,456.0,528.0,313232000.0,,313232000.0,2499970871.0,9.0,6.451,28744000.0,37.646,1.0,139948000.0,0.664,0.0,21899000.0,2219906000.0,,5164000.0,128434000.0,0.0,128434000.0,1127194000.0,162701000.0,964493000.0,1540840871.0,-12727000.0,-13205000.0,393000.0,-26000000.0,0.0,-27976000.0,-124661000.0,-3743000.0,139926000.0,-16000.0,348045000.0,347475000.0,347475000.0,0.0,0.0,1.65,32214000.0,107734000.0,106420000.0,0.0,4.919,3.396,2.878,888234000.0,570000.0,2026.0,2.454,2.081,114385000.0,-659286000.0,210646000.0,210646000.0,0.0,,,,,0.0,3580000.0,1.0,760534.0,763525,819860.0,275.886,1440426000.0,270642000.0,-262287000.0,11850000.0,1886.547,4225000.0
80,CHKAQ,MRQ,2000-09-30,2000-09-30,2000-09-30,2021-08-25,-3922000.0,1060031000.0,,117187000.0,942844000.0,,-54.513,-62454000.0,12727000.0,12727000.0,60811000.0,54689000.0,1.046,-27.53,971857000.0,817000.0,971040000.0,971857000.0,0.0,26176000.0,0.0,0.0,0.0,77785000.0,103961000.0,0.618,103961000.0,77785000.0,56105000.0,66.0,62.0,66.0,-39956000.0,,-39956000.0,2007449112.0,9.0,6.309,28390000.0,38.733,1.0,107371000.0,0.638,0.0,21680000.0,1907107000.0,,3274000.0,114366000.0,0.0,114366000.0,1099987000.0,112054000.0,987933000.0,1040193112.0,708000.0,-1971000.0,241000.0,-12000000.0,0.0,-20028000.0,-69999000.0,-4194000.0,90844000.0,-109000.0,54689000.0,48403000.0,48403000.0,0.0,0.0,0.288,30453000.0,76918000.0,69349000.0,0.0,-26.033,8.607,7.117,804453000.0,6286000.0,1437.6,1.987,2.013,97912000.0,-1007126000.0,168182000.0,168182000.0,0.0,,,,,0.0,3377000.0,1.0,723562.0,732965,794235.0,229.454,1060031000.0,0.0,1416000.0,9068000.0,1446.223,5133000.0
81,CHKAQ,MRQ,2000-06-30,2000-06-30,2000-06-30,2021-08-25,-2757000.0,980982000.0,,103769000.0,877213000.0,,-206.034,-60928000.0,16773000.0,16773000.0,51420000.0,31634000.0,1.023,-9.176,984029000.0,799000.0,983230000.0,984029000.0,0.0,25818000.0,0.0,0.0,0.0,54809000.0,80627000.0,0.6,80627000.0,54809000.0,32996000.0,52.0,44.0,52.0,-119980000.0,,-119980000.0,1851939578.0,10.0,6.68,-15273000.0,-26.227,1.0,83043000.0,0.618,0.0,21813000.0,1846815000.0,,3596000.0,87509000.0,0.0,87509000.0,1100962000.0,101423000.0,999539000.0,920046578.0,-14212000.0,-21517000.0,538000.0,23000000.0,0.0,23538000.0,-83679000.0,-2177000.0,45655000.0,274000.0,31634000.0,30208000.0,30208000.0,0.0,0.0,0.225,29901000.0,53142000.0,65926000.0,0.0,-7.668,10.674,9.471,770316000.0,1426000.0,1553.2,2.011,1.977,80375000.0,-1045984000.0,134463000.0,134463000.0,0.0,,,,,0.0,3188000.0,1.0,592356.0,582330,730565.0,230.905,980982000.0,0.0,1362000.0,7904000.0,1684.581,2346000.0
82,CHKAQ,MRQ,2000-03-31,2000-03-31,2000-03-31,2021-08-25,-282000.0,865371000.0,,97536000.0,767835000.0,,-386.68,-45022000.0,29304000.0,29304000.0,44305000.0,21202000.0,1.132,-5.402,961197000.0,781000.0,960416000.0,961197000.0,0.0,25440000.0,0.0,0.0,0.0,42167000.0,67607000.0,0.59,67607000.0,42167000.0,21303000.0,54.0,30.0,54.0,-196590000.0,,-196590000.0,1263865365.0,8.0,5.041,-6807000.0,-13.389,1.0,70356000.0,0.614,0.0,20864000.0,1711121000.0,,4063000.0,0.0,0.0,0.0,1061961000.0,86143000.0,975818000.0,337855365.0,-12427000.0,0.0,226000.0,-3500000.0,0.0,-3274000.0,-46890000.0,177000.0,38215000.0,-478000.0,21202000.0,27574000.0,27574000.0,0.0,0.0,0.24,29381000.0,40975000.0,55854000.0,0.0,-1.719,5.621,5.417,738477000.0,-6372000.0,650.0,0.836,0.818,58385000.0,-1065465000.0,114661000.0,114661000.0,0.0,,,,,0.0,3032000.0,1.0,519777.0,508405,700650.0,225.531,865371000.0,0.0,101000.0,6650000.0,1702.129,11393000.0
83,CHKAQ,MRQ,1999-12-31,1999-12-31,1999-12-31,2021-08-25,196000.0,850533000.0,,97546000.0,752987000.0,,-448.868,-77108000.0,38850000.0,38850000.0,37924000.0,18954000.0,1.106,-4.91,964860000.0,763000.0,964097000.0,964860000.0,0.0,25781000.0,0.0,0.0,0.0,40226000.0,66007000.0,0.621,66007000.0,40226000.0,19743000.0,30.0,28.0,30.0,-217544000.0,,-217544000.0,1122568734.0,10.0,5.207,-26227000.0,-54.115,1.0,68313000.0,0.643,0.0,20483000.0,1688357000.0,,4582000.0,10000000.0,0.0,10000000.0,1068077000.0,88186000.0,979891000.0,230965734.0,13286000.0,-5438000.0,101000.0,43500000.0,0.0,37736000.0,-76548000.0,-207000.0,50881000.0,1217000.0,18954000.0,14676000.0,14676000.0,0.0,0.0,0.138,30123000.0,38190000.0,62020000.0,0.0,-1.062,13.951,13.971,719097000.0,4278000.0,475.0,0.651,0.65,51065000.0,-1093929000.0,106237000.0,106237000.0,0.0,,,,,0.0,3449000.0,1.0,486244.0,484650,516385.0,219.204,850533000.0,0.0,789000.0,6484000.0,1754.943,9360000.0
84,CHKAQ,MRQ,1999-09-30,1999-09-30,1999-09-30,2021-08-25,-1021000.0,795504000.0,,97842000.0,697662000.0,,-474.025,-13135000.0,29916000.0,29916000.0,38250000.0,18115000.0,1.105,-4.456,921519000.0,681000.0,920838000.0,921519000.0,0.0,23812000.0,0.0,0.0,0.0,39184000.0,62996000.0,0.617,62996000.0,39184000.0,18764000.0,28.0,26.0,28.0,-230201000.0,,-230201000.0,1305453208.0,-4.0,-6.031,33440000.0,68.859,1.0,63890000.0,0.626,0.0,20420000.0,1598534000.0,,4226000.0,0.0,0.0,0.0,1025705000.0,88573000.0,937132000.0,376330208.0,-2181000.0,4132000.0,179000.0,-39000000.0,0.0,-38821000.0,-10015000.0,-12000.0,46575000.0,80000.0,18115000.0,13734000.0,13734000.0,0.0,0.0,0.134,27392000.0,36498000.0,54701000.0,0.0,-1.635,-0.881,-0.865,668116000.0,4381000.0,775.0,1.126,1.126,61100000.0,-1112883000.0,102140000.0,102140000.0,0.0,,,,,0.0,2736000.0,1.0,485587.0,485630,517880.0,210.325,795504000.0,0.0,649000.0,5464000.0,1638.087,9269000.0
85,CHKAQ,MRQ,1999-06-30,1999-06-30,1999-06-30,2021-08-25,-1101000.0,800910000.0,,90960000.0,709950000.0,,-512.222,-21245000.0,28995000.0,28995000.0,25654000.0,8147000.0,1.208,-4.222,958118000.0,0.0,958118000.0,958118000.0,0.0,25373000.0,0.0,0.0,0.0,28732000.0,54105000.0,0.669,54105000.0,28732000.0,8473000.0,8.0,8.0,8.0,-248553000.0,,-248553000.0,1217070485.0,-3.0,-5.312,23000.0,0.047,1.0,55238000.0,0.683,0.0,20259000.0,1654705000.0,,4877000.0,0.0,0.0,0.0,1049463000.0,75328000.0,974135000.0,284722485.0,16750000.0,244000.0,0.0,0.0,0.0,0.0,-21514000.0,-511000.0,21268000.0,2809000.0,8147000.0,4121000.0,4121000.0,0.0,0.0,0.051,29473000.0,25765000.0,52276000.0,0.0,-1.146,-0.634,-0.625,680729000.0,4026000.0,587.6,0.841,0.842,54642000.0,-1130998000.0,80892000.0,80892000.0,0.0,,,,,0.0,3268000.0,1.0,484552.0,485245,507250.0,166.703,800910000.0,0.0,326000.0,4880000.0,1650.527,15632000.0
86,CHKAQ,MRQ,1999-03-31,1999-03-31,1999-03-31,2021-08-25,-3910000.0,785249000.0,,70195000.0,715054000.0,,-537.074,-47220000.0,11749000.0,11749000.0,29267000.0,-11950000.0,0.615,-4.024,944097000.0,25000000.0,919097000.0,944097000.0,0.0,24550000.0,0.0,0.015,0.0,7940000.0,32490000.0,0.495,32490000.0,7940000.0,-11950000.0,-34.0,-34.0,-34.0,-259702000.0,,-259702000.0,1041792424.0,-2.0,-2.229,-20922000.0,-43.268,1.0,36410000.0,0.554,0.0,19890000.0,1603487000.0,,5389000.0,0.0,0.0,0.0,1044951000.0,114110000.0,930841000.0,132990424.0,-18717000.0,1062000.0,0.0,0.0,0.0,0.0,-45831000.0,0.0,26298000.0,816000.0,-11950000.0,-15976000.0,-15976000.0,0.0,0.0,-0.243,29343000.0,7067000.0,54478000.0,0.0,-0.512,-0.189,-0.192,685522000.0,4026000.0,275.0,0.363,0.362,50987000.0,-1139145000.0,65677000.0,65677000.0,0.0,,,,,0.0,4024000.0,1.0,483602.0,483550,483550.0,135.823,785249000.0,0.0,0.0,0.0,1623.925,-43915000.0
87,CHKAQ,MRQ,1998-12-31,1998-12-31,1998-12-31,2021-08-25,-4726000.0,812615000.0,,117999000.0,694616000.0,,-514.745,-53944000.0,35274000.0,35274000.0,40903000.0,-425132000.0,0.899,-4.269,944076000.0,25000000.0,919076000.0,944076000.0,0.0,38755000.0,0.0,0.043,0.0,-404813000.0,-366058000.0,-4.28,-366058000.0,-404813000.0,-425132000.0,-898.0,-898.0,-898.0,-248568000.0,,-248568000.0,984772047.0,-1.0,-1.38,-12628000.0,-26.151,1.0,44630000.0,0.522,0.0,20319000.0,1590133000.0,,5325000.0,0.0,0.0,0.0,1061183000.0,131284000.0,929899000.0,90666047.0,8771000.0,21245000.0,23000.0,0.0,0.0,-4099000.0,-29099000.0,3600000.0,41316000.0,653000.0,-425132000.0,-429158000.0,-429158000.0,0.0,0.0,-5.017,449796000.0,-405166000.0,70535000.0,0.0,-0.365,-0.096,-0.094,663991000.0,4026000.0,187.5,0.24,0.235,76299000.0,-1127195000.0,85533000.0,85533000.0,0.0,,,,,0.0,5207000.0,1.0,483552.0,482895,482895.0,177.125,812615000.0,0.0,0.0,0.0,1682.799,-13285000.0
88,CHKAQ,MRQ,1998-09-30,1998-09-30,1998-09-30,2021-08-25,0.0,1227274000.0,,117289000.0,1109985000.0,,359.821,-47293000.0,24949000.0,24949000.0,50904000.0,-4149000.0,0.983,5.958,919055000.0,0.0,919055000.0,919055000.0,0.0,35907000.0,0.0,0.051,0.0,14428000.0,50335000.0,0.473,50335000.0,14428000.0,-4149000.0,-16.0,-16.0,-16.0,176395000.0,,176395000.0,976166099.0,-2.0,-2.847,-13690000.0,-27.926,1.0,55434000.0,0.521,0.0,18577000.0,2002080000.0,,6327000.0,0.0,0.0,0.0,1050879000.0,119300000.0,931579000.0,116822099.0,-38941000.0,0.0,-12101000.0,0.0,-5592000.0,-21739000.0,-47293000.0,0.0,33603000.0,-3512000.0,-4149000.0,-8175000.0,-8175000.0,0.0,0.0,-0.077,41784000.0,13650000.0,76319000.0,0.0,0.662,-0.211,-0.191,1028481000.0,4026000.0,237.6,0.318,0.317,81395000.0,-702063000.0,106338000.0,106338000.0,0.0,,,,,0.0,5197000.0,1.0,491676.0,490230,490230.0,216.915,1227274000.0,0.0,0.0,0.0,2503.466,-2011000.0
89,CHKAQ,MRQ,1998-06-30,1998-06-30,1998-06-30,2021-08-25,0.0,1260173000.0,,161514000.0,1098659000.0,,382.367,-265692000.0,59690000.0,59690000.0,50999000.0,-248073000.0,1.242,5.31,919034000.0,0.0,919034000.0,919034000.0,0.0,45216000.0,0.0,0.02,4.0,-229408000.0,-184192000.0,-1.685,-184192000.0,-229408000.0,-248073000.0,-482.0,-482.0,-482.0,199714000.0,,199714000.0,1040489320.0,-2.0,-2.975,-295157000.0,-565.099,1.0,58311000.0,0.533,0.0,18665000.0,1989437000.0,,5216000.0,6637000.0,6637000.0,0.0,1060459000.0,130080000.0,930379000.0,420422320.0,27745000.0,-39500000.0,-17791000.0,159584000.0,0.0,364269000.0,-305192000.0,0.0,-29465000.0,-1867000.0,-248073000.0,-252098000.0,-252098000.0,0.0,0.0,-2.306,276956000.0,-218645000.0,91519000.0,-0.008,2.105,-0.778,-0.661,1016366000.0,4025000.0,800.0,1.237,1.229,87593000.0,-693975000.0,109310000.0,109310000.0,0.0,,,,,0.0,5134000.0,1.0,525528.0,522310,522310.0,209.282,1260173000.0,0.0,0.0,0.0,2412.692,31434000.0
90,CHKAQ,MRQ,1998-03-31,1998-03-31,1998-03-31,2021-08-25,0.0,1065335000.0,,110512000.0,954823000.0,,550.472,-168466000.0,33946000.0,33946000.0,35699000.0,-256500000.0,0.615,3.818,654013000.0,0.0,654013000.0,654013000.0,0.0,32326000.0,0.0,0.013,4.0,-245812000.0,-213486000.0,-2.781,-213486000.0,-245812000.0,-256500000.0,-638.0,-638.0,-638.0,221097000.0,,221097000.0,979537676.0,-2.0,-2.73,-119281000.0,-296.977,1.0,41066000.0,0.535,0.0,10688000.0,1505728000.0,,5217000.0,5876000.0,5876000.0,0.0,844238000.0,179674000.0,664564000.0,594405676.0,-91915000.0,0.0,61000.0,25000000.0,0.0,25366000.0,-166466000.0,2000000.0,49185000.0,0.0,-256500000.0,-256500000.0,-256500000.0,0.0,0.0,-3.341,287102000.0,-246036000.0,136706000.0,-0.006,2.688,-1.175,-0.878,896150000.0,0.0,1187.6,1.948,1.563,60420000.0,-439772000.0,76765000.0,76765000.0,0.0,,,,,0.0,4380000.0,1.0,500510.0,401650,401650.0,191.124,1065335000.0,0.0,0.0,0.0,2652.396,-69162000.0
91,CHKAQ,MRQ,1997-12-31,1997-12-31,1997-12-31,2021-08-25,-37000.0,952784000.0,,217721000.0,735063000.0,,786.058,-105002000.0,123860000.0,123860000.0,36451000.0,-37087000.0,1.419,2.4,508992000.0,0.0,508992000.0,508992000.0,0.0,32731000.0,0.0,0.008,4.0,-28214000.0,4517000.0,0.06,4517000.0,-28214000.0,-37087000.0,-106.0,-106.0,-106.0,280206000.0,,280206000.0,,,,-8469000.0,-23.758,1.0,39037000.0,0.517,0.0,8873000.0,1184436000.0,,5493000.0,12570000.0,12570000.0,0.0,672578000.0,153480000.0,519098000.0,532654656.0,72678000.0,90180000.0,96000.0,0.0,-1405000.0,-1616000.0,-22239000.0,-7417000.0,96533000.0,0.0,-37087000.0,-37087000.0,-37087000.0,0.0,0.0,-0.491,146217000.0,-107180000.0,120853000.0,-0.038,1.901,-2.282,-2.264,679187000.0,0.0,1512.6,1.71,1.731,74174000.0,-181270000.0,75488000.0,75488000.0,0.0,,,,,0.0,3087000.0,1.0,352145.0,356470,344855.0,211.765,952784000.0,0.0,0.0,0.0,2672.831,64241000.0
92,CHKAQ,MRQ,1997-09-30,1997-09-30,1997-09-30,2021-08-25,,,,,,,,-109265000.0,,,31870000.0,5513000.0,,,,,,,,29297000.0,,0.004,4.0,14088000.0,43385000.0,0.553,43385000.0,14088000.0,5513000.0,16.0,16.0,16.0,,,,,,,-66641000.0,-189.386,1.0,46540000.0,0.594,,8575000.0,,,,,,,,,,801482213.0,-72835000.0,0.0,226000.0,0.0,-1405000.0,-1194000.0,-114265000.0,-5000000.0,42624000.0,0.0,5513000.0,5513000.0,5513000.0,0.0,0.0,0.07,32452000.0,14088000.0,,0.25,,,,,0.0,2276.0,,,,,78410000.0,78410000.0,0.0,,,,,0.0,2760000.0,1.0,352145.0,351880,363495.0,222.832,,,0.0,,,
93,CHKAQ,MRQ,1997-06-30,1997-06-30,1997-06-30,2021-08-25,0.0,949068000.0,,297605000.0,651463000.0,,821.808,-150847000.0,124017000.0,124017000.0,28770000.0,-217783000.0,2.034,2.308,510330000.0,1380000.0,508950000.0,510330000.0,0.0,43038000.0,0.0,0.002,4.0,-236256000.0,-193218000.0,-2.593,-193218000.0,-236256000.0,-244936000.0,-624.0,-624.0,-624.0,286889000.0,,286889000.0,,,,-148345000.0,-424.942,1.0,45757000.0,0.614,0.0,8680000.0,1189055000.0,,4854000.0,104485000.0,104485000.0,0.0,662179000.0,146326000.0,515853000.0,699923571.0,-176793000.0,0.0,489000.0,-86000.0,0.0,303000.0,-179598000.0,-28751000.0,2502000.0,0.0,-217783000.0,-217783000.0,-217783000.0,0.0,0.0,-2.922,282013000.0,-236256000.0,123148000.0,-0.006,2.44,-3.817,-3.562,607366000.0,0.0,1987.6,2.601,2.429,63557000.0,-146805000.0,74527000.0,74527000.0,0.0,,,,,0.0,2582000.0,1.0,352145.0,349095,349095.0,213.486,949068000.0,0.0,-27153000.0,0.0,2718.653,151279000.0
94,CHKAQ,MRQ,1997-03-31,1997-03-31,1997-03-31,2021-08-25,,,,,,,,-160107000.0,,,26055000.0,15928000.0,,,,,,,,25236000.0,,0.0,0.0,28837000.0,54073000.0,0.651,54073000.0,28837000.0,25183000.0,46.0,44.0,46.0,,,,,,,-120421000.0,-346.366,1.0,57031000.0,0.686,,3654000.0,,,,,,,,,,,160071000.0,0.0,625000.0,279962000.0,0.0,280492000.0,-160107000.0,0.0,39686000.0,0.0,15928000.0,15928000.0,15928000.0,0.0,0.0,0.192,28017000.0,29014000.0,,0.0,,,,,0.0,4176.0,,,,,83086000.0,83086000.0,0.0,,,,,0.0,2481000.0,1.0,,347670,367465.0,238.979,,,9255000.0,,,
95,CHKAQ,MRQ,1996-06-30,1996-06-30,1996-06-30,2021-08-25,0.0,572335000.0,,109173000.0,463162000.0,,651.591,,51638000.0,51638000.0,,,1.003,2.22,275186000.0,6755000.0,268431000.0,275186000.0,0.0,,0.0,0.0,0.0,,,,,,,,,,177767000.0,,177767000.0,,,,,,1.0,,,0.0,,687049000.0,,5163000.0,0.0,0.0,0.0,394568000.0,108834000.0,285734000.0,,,,,,,,,,,,,,,,,,,,93135000.0,,,,67.054,451174000.0,,5766.667,,10.806,50214000.0,37977000.0,,,,,,,,,,1.0,,272820,,,572335000.0,0.0,,12185000.0,2097.848,339000.0
0,CHKAQ,MRT,2020-09-30,2020-09-30,2020-09-30,2021-08-25,36000000.0,6903000000.0,9364250000.0,1072000000.0,5831000000.0,0.637,-505.112,-1503000000.0,306000000.0,306000000.0,3703000000.0,-9658000000.0,0.345,-2.393,10357000000.0,1929000000.0,8428000000.0,10357000000.0,0.0,1523000000.0,0.0,0.0,0.0,-9226000000.0,-7703000000.0,-1.292,-7703000000.0,-9226000000.0,-9671000000.0,-999.37,-999.37,-999.37,-4940000000.0,-2182500000.0,-4940000000.0,10021805963.0,-1.0,-1.301,93000000.0,9.509,1.0,2260000000.0,0.379,0.0,445000000.0,13849000000.0,16574250000.0,0.0,0.0,0.0,0.0,11822000000.0,3105000000.0,8717000000.0,39805963.0,292000000.0,0.0,0.0,268000000.0,0.0,199000000.0,-1503000000.0,0.0,1596000000.0,0.0,-9642000000.0,-9686000000.0,-9686000000.0,0.0,-16000000.0,-1.624,11312000000.0,-9052000000.0,316000000.0,0.0,-0.008,-0.004,-0.004,5646000000.0,44000000.0,4.07,0.007,0.007,676000000.0,-23538000000.0,5963000000.0,5963000000.0,445000000.0,-1.034,4.438,-0.557,-1.547,22000000.0,286000000.0,1.0,9780335.0,9780000,9780000.0,609.714,6903000000.0,0.0,-29000000.0,0.0,705.828,-2033000000.0
1,CHKAQ,MRT,2020-06-30,2020-06-30,2020-06-30,2021-08-25,29000000.0,6553000000.0,11783250000.0,690000000.0,5863000000.0,0.6,-430.412,-1964000000.0,82000000.0,82000000.0,4219000000.0,-8974000000.0,0.289,-2.552,10064000000.0,1929000000.0,8135000000.0,10064000000.0,0.0,1926000000.0,0.0,0.0,0.0,-8391000000.0,-6465000000.0,-0.914,-6465000000.0,-8391000000.0,-8988000000.0,-935.08,-935.08,-935.08,-4209000000.0,226500000.0,-4209000000.0,9548937195.0,-1.0,-1.477,-421000000.0,-43.051,1.0,2856000000.0,0.404,0.0,597000000.0,14146000000.0,19001500000.0,0.0,0.0,0.0,0.0,10741000000.0,2389000000.0,8352000000.0,47937195.0,78000000.0,0.0,0.0,592000000.0,0.0,499000000.0,-1964000000.0,0.0,1543000000.0,0.0,-8958000000.0,-9042000000.0,-9042000000.0,0.0,-16000000.0,-1.278,11751000000.0,-8895000000.0,39000000.0,0.0,-0.011,-0.005,-0.005,5702000000.0,84000000.0,4.9,0.007,0.007,513000000.0,-22793000000.0,7075000000.0,7075000000.0,457000000.0,-0.767,-39.921,-0.442,-1.186,22000000.0,300000000.0,1.0,9783101.0,9779000,9779000.0,723.489,6553000000.0,0.0,-30000000.0,0.0,670.109,-1699000000.0
2,CHKAQ,MRT,2020-03-31,2020-03-31,2020-03-31,2021-08-25,21000000.0,7808000000.0,14280000000.0,1818000000.0,5990000000.0,0.626,-404.491,-2135000000.0,82000000.0,82000000.0,4971000000.0,-8600000000.0,0.804,-2.974,9583000000.0,420000000.0,9163000000.0,9583000000.0,0.0,2348000000.0,0.0,0.0,0.0,-7979000000.0,-5631000000.0,-0.63,-5631000000.0,-7979000000.0,-8614000000.0,-897.65,-897.65,-897.65,-3945000000.0,2326500000.0,-3945000000.0,9789556619.0,-1.0,-1.739,-571000000.0,-58.546,1.0,3969000000.0,0.444,0.0,635000000.0,15049000000.0,21469250000.0,0.0,0.0,0.0,0.0,11732000000.0,2260000000.0,9472000000.0,337556619.0,74000000.0,0.0,0.0,768000000.0,0.0,645000000.0,-2135000000.0,0.0,1564000000.0,0.0,-8584000000.0,-8691000000.0,-8691000000.0,0.0,-16000000.0,-0.972,12045000000.0,-8076000000.0,552000000.0,0.0,-0.086,-0.039,-0.038,5833000000.0,107000000.0,34.54,0.038,0.038,762000000.0,-22517000000.0,8940000000.0,8940000000.0,342000000.0,-0.609,-3.736,-0.372,-0.893,29000000.0,277000000.0,1.0,9772919.0,9753000,9753000.0,916.641,7808000000.0,0.0,-30000000.0,0.0,800.574,-442000000.0
3,CHKAQ,MRT,2019-12-31,2019-12-31,2019-12-31,2021-08-25,12000000.0,16193000000.0,16487250000.0,1251000000.0,14942000000.0,0.521,524.204,-2127000000.0,6000000.0,6000000.0,5605000000.0,-308000000.0,0.523,2.702,9458000000.0,385000000.0,9073000000.0,9458000000.0,0.0,2264000000.0,0.0,0.0,0.0,12000000.0,2276000000.0,0.265,2276000000.0,12000000.0,-639000000.0,-50.0,-50.0,-50.0,4364000000.0,4337000000.0,4364000000.0,10940356698.0,912.0,4.807,-504000000.0,-60.541,1.0,2990000000.0,0.348,0.0,651000000.0,23253000000.0,23518500000.0,0.0,0.0,0.0,0.0,11792000000.0,2392000000.0,9400000000.0,1613356698.0,2000000.0,-353000000.0,0.0,986000000.0,0.0,859000000.0,-2480000000.0,0.0,1623000000.0,0.0,-308000000.0,-416000000.0,-416000000.0,0.0,0.0,-0.048,3021000000.0,-31000000.0,498000000.0,0.0,0.37,-3.878,-3.302,14756000000.0,108000000.0,165.12,0.188,0.16,990000000.0,-14220000000.0,8595000000.0,8595000000.0,84000000.0,-0.025,-0.096,0.001,0.001,30000000.0,315000000.0,1.0,9770813.0,8325000,8325000.0,1032.432,16193000000.0,0.0,-331000000.0,0.0,1945.105,-1141000000.0
4,CHKAQ,MRT,2019-09-30,2019-09-30,2019-09-30,2021-08-25,3000000.0,16579000000.0,15622750000.0,1403000000.0,15176000000.0,0.606,552.991,-135000000.0,14000000.0,14000000.0,5944000000.0,621000000.0,0.598,2.522,9341000000.0,208000000.0,9133000000.0,9341000000.0,0.0,2074000000.0,0.0,0.0,0.0,967000000.0,3041000000.0,0.321,3041000000.0,967000000.0,303000000.0,118.95,118.95,118.95,4696000000.0,3769000000.0,4696000000.0,12001663644.0,12.0,3.947,1382000000.0,162.741,1.0,3518000000.0,0.372,0.0,664000000.0,23558000000.0,22096750000.0,0.0,51000000.0,0.0,51000000.0,11844000000.0,2348000000.0,9496000000.0,2304663644.0,10000000.0,-353000000.0,0.0,-902000000.0,0.0,-1019000000.0,-488000000.0,0.0,1517000000.0,0.0,620000000.0,510000000.0,510000000.0,0.0,1000000.0,0.054,2958000000.0,560000000.0,526000000.0,0.0,0.491,4.519,2.371,14876000000.0,110000000.0,282.0,0.244,0.253,977000000.0,-13896000000.0,9462000000.0,9462000000.0,95000000.0,0.033,0.135,0.044,0.102,31000000.0,320000000.0,1.0,8172566.0,8492000,8492000.0,1114.225,16579000000.0,0.0,-317000000.0,0.0,1952.308,-945000000.0
5,CHKAQ,MRT,2019-06-30,2019-06-30,2019-06-30,2021-08-25,-5000000.0,16540000000.0,14642750000.0,1384000000.0,15156000000.0,0.669,514.802,-61000000.0,4000000.0,4000000.0,6406000000.0,536000000.0,0.623,2.937,9701000000.0,0.0,9701000000.0,9701000000.0,0.0,1906000000.0,0.0,0.0,0.0,872000000.0,2778000000.0,0.283,2778000000.0,872000000.0,220000000.0,92.84,92.84,92.84,4191000000.0,2554500000.0,4191000000.0,12724671614.0,15.0,4.581,1571000000.0,192.974,1.0,3393000000.0,0.346,0.0,652000000.0,24017000000.0,21080000000.0,0.0,63000000.0,0.0,63000000.0,12310000000.0,2220000000.0,10090000000.0,3185671614.0,1000000.0,-353000000.0,0.0,-1081000000.0,0.0,-1217000000.0,-414000000.0,0.0,1632000000.0,0.0,535000000.0,442000000.0,442000000.0,0.0,1000000.0,0.045,2797000000.0,596000000.0,611000000.0,0.0,0.76,7.207,4.201,14845000000.0,93000000.0,390.0,0.325,0.324,1021000000.0,-13835000000.0,9799000000.0,9799000000.0,100000000.0,0.03,0.173,0.041,0.089,31000000.0,335000000.0,1.0,8168389.0,8141000,8141000.0,1203.66,16540000000.0,0.0,-315000000.0,0.0,2031.691,-836000000.0
6,CHKAQ,MRT,2019-03-31,2019-03-31,2019-03-31,2021-08-25,-13000000.0,16637000000.0,13593000000.0,1365000000.0,15272000000.0,0.714,593.596,-69000000.0,8000000.0,8000000.0,6847000000.0,189000000.0,0.466,3.051,9547000000.0,380000000.0,9167000000.0,9547000000.0,0.0,1797000000.0,0.0,0.0,0.0,496000000.0,2293000000.0,0.236,2293000000.0,496000000.0,-136000000.0,23.63,23.63,23.63,4097000000.0,1446750000.0,4097000000.0,12776346772.0,26.0,5.572,1529000000.0,221.53,1.0,2855000000.0,0.294,0.0,632000000.0,23246000000.0,19859500000.0,0.0,48000000.0,0.0,48000000.0,12499000000.0,2930000000.0,9569000000.0,5058346772.0,4000000.0,-353000000.0,0.0,-923000000.0,0.0,-1172000000.0,-422000000.0,0.0,1598000000.0,0.0,188000000.0,95000000.0,95000000.0,0.0,1000000.0,0.01,2697000000.0,158000000.0,751000000.0,0.0,1.235,53.246,26.238,14939000000.0,93000000.0,620.0,0.521,0.441,1196000000.0,-13933000000.0,9702000000.0,9702000000.0,105000000.0,0.007,0.066,0.025,0.051,29000000.0,351000000.0,1.0,8158624.0,6902000,6902000.0,1405.68,16637000000.0,0.0,-324000000.0,0.0,2410.461,-1565000000.0
7,CHKAQ,MRT,2018-12-31,2018-12-31,2018-12-31,2021-08-25,-23000000.0,12735000000.0,12455250000.0,1598000000.0,11137000000.0,0.805,460.286,381000000.0,4000000.0,4000000.0,7030000000.0,228000000.0,0.554,5.068,7722000000.0,381000000.0,7341000000.0,7722000000.0,0.0,1737000000.0,0.0,0.0,0.0,849000000.0,2586000000.0,0.258,2586000000.0,849000000.0,216000000.0,30.0,30.0,30.0,2092000000.0,367500000.0,2092000000.0,11726791206.0,14.0,4.535,2111000000.0,464.466,1.0,3000000000.0,0.299,0.0,633000000.0,17566000000.0,18824250000.0,0.0,76000000.0,0.0,76000000.0,10602000000.0,2887000000.0,7715000000.0,1918791206.0,-1000000.0,0.0,0.0,-1939000000.0,0.0,-2186000000.0,455000000.0,74000000.0,1730000000.0,0.0,226000000.0,133000000.0,133000000.0,0.0,2000000.0,0.013,2618000000.0,382000000.0,763000000.0,0.0,0.917,14.427,14.0,10818000000.0,93000000.0,420.0,0.191,0.19,1247000000.0,-13912000000.0,10030000000.0,10030000000.0,162000000.0,0.011,0.362,0.045,0.085,32000000.0,335000000.0,1.0,4568550.0,4545000,4545000.0,2206.821,12735000000.0,0.0,-10000000.0,0.0,2801.98,-1289000000.0
8,CHKAQ,MRT,2018-09-30,2018-09-30,2018-09-30,2021-08-25,-32000000.0,12659000000.0,12377750000.0,1235000000.0,11424000000.0,0.832,-35.604,-1382000000.0,4000000.0,4000000.0,7048000000.0,-1498000000.0,0.415,-78.383,9812000000.0,432000000.0,9380000000.0,9812000000.0,0.0,2343000000.0,0.0,0.0,0.0,-726000000.0,1617000000.0,0.157,1617000000.0,-726000000.0,-1507000000.0,-352.0,-352.0,-352.0,-162000000.0,-279500000.0,-162000000.0,13763110336.0,-19.0,8.512,215000000.0,47.253,1.0,3251000000.0,0.316,0.0,781000000.0,19491000000.0,19442000000.0,0.0,0.0,0.0,0.0,12698000000.0,2976000000.0,9722000000.0,4096110336.0,-1000000.0,0.0,0.0,-46000000.0,0.0,-290000000.0,-1308000000.0,74000000.0,1597000000.0,0.0,-1499000000.0,-1584000000.0,-1584000000.0,0.0,1000000.0,-0.154,4159000000.0,-908000000.0,670000000.0,0.0,-25.285,-2.586,-2.551,11177000000.0,85000000.0,898.0,0.398,0.397,1051000000.0,-16173000000.0,10299000000.0,10299000000.0,358000000.0,-0.128,5.667,-0.037,-0.07,36000000.0,417000000.0,1.0,4561370.0,4550000,4550000.0,2263.516,12659000000.0,0.0,-8000000.0,0.0,2782.198,-1741000000.0
9,CHKAQ,MRT,2018-06-30,2018-06-30,2018-06-30,2021-08-25,-40000000.0,12341000000.0,12208250000.0,1240000000.0,11101000000.0,0.804,-52.805,-1272000000.0,3000000.0,3000000.0,6799000000.0,-1369000000.0,0.432,-51.908,9670000000.0,432000000.0,9238000000.0,9670000000.0,0.0,2186000000.0,0.0,0.0,0.0,-650000000.0,1536000000.0,0.156,1536000000.0,-650000000.0,-1380000000.0,-324.0,-324.0,-324.0,-240000000.0,-478250000.0,-240000000.0,14150911124.0,-22.0,9.213,212000000.0,46.645,1.0,3019000000.0,0.307,0.0,730000000.0,19135000000.0,19483500000.0,0.0,0.0,0.0,0.0,12458000000.0,2873000000.0,9585000000.0,4777911124.0,-10000000.0,0.0,0.0,-72000000.0,0.0,-296000000.0,-1198000000.0,74000000.0,1484000000.0,0.0,-1371000000.0,-1456000000.0,-1456000000.0,0.0,2000000.0,-0.148,3915000000.0,-896000000.0,742000000.0,0.0,-19.908,-3.282,-3.235,10850000000.0,85000000.0,1048.0,0.487,0.485,1060000000.0,-16257000000.0,9818000000.0,9818000000.0,336000000.0,-0.119,3.044,-0.033,-0.066,40000000.0,390000000.0,1.0,4559076.0,4545000,4545000.0,2160.176,12341000000.0,0.0,-9000000.0,0.0,2715.292,-1633000000.0
10,CHKAQ,MRT,2018-03-31,2018-03-31,2018-03-31,2021-08-25,-47000000.0,12086000000.0,12103000000.0,1224000000.0,10862000000.0,0.811,-48.512,-1351000000.0,4000000.0,4000000.0,6548000000.0,-625000000.0,0.52,-55.377,9377000000.0,52000000.0,9325000000.0,9377000000.0,0.0,1938000000.0,0.0,0.0,0.0,41000000.0,1979000000.0,0.202,1979000000.0,41000000.0,-627000000.0,-160.0,-170.0,-160.0,-220000000.0,-652750000.0,-220000000.0,12713912525.0,310.0,6.424,-387000000.0,-85.336,1.0,3262000000.0,0.333,0.0,668000000.0,19105000000.0,19600250000.0,0.0,0.0,0.0,0.0,12183000000.0,2354000000.0,9829000000.0,2745912525.0,-245000000.0,0.0,0.0,175000000.0,0.0,68000000.0,-1277000000.0,74000000.0,964000000.0,0.0,-628000000.0,-714000000.0,-714000000.0,0.0,3000000.0,-0.073,3599000000.0,-337000000.0,657000000.0,0.0,-12.481,-3.846,-3.775,10592000000.0,86000000.0,604.0,0.28,0.279,1082000000.0,-16240000000.0,9810000000.0,9810000000.0,316000000.0,-0.059,1.094,0.002,0.004,47000000.0,355000000.0,1.0,4546213.0,4535000,4535000.0,2163.175,12086000000.0,0.0,1000000.0,0.0,2665.05,-1130000000.0
11,CHKAQ,MRT,2017-12-31,2017-12-31,2017-12-31,2021-08-25,-57000000.0,12425000000.0,12006250000.0,1525000000.0,10900000000.0,0.836,-109.492,-918000000.0,5000000.0,5000000.0,6586000000.0,-502000000.0,0.647,-25.8,9973000000.0,52000000.0,9921000000.0,9973000000.0,0.0,1697000000.0,0.0,0.0,0.0,98000000.0,1795000000.0,0.179,1795000000.0,98000000.0,-503000000.0,-140.0,-140.0,-140.0,-496000000.0,-962500000.0,-496000000.0,13492395986.0,138.0,7.517,-443000000.0,-97.792,1.0,3453000000.0,0.344,0.0,601000000.0,20037000000.0,19370500000.0,0.0,0.0,0.0,0.0,12797000000.0,2356000000.0,10441000000.0,3598395986.0,-877000000.0,0.0,0.0,-226000000.0,0.0,-434000000.0,-918000000.0,0.0,475000000.0,0.0,-505000000.0,-631000000.0,-631000000.0,0.0,3000000.0,-0.063,3591000000.0,-138000000.0,654000000.0,0.0,-7.255,-5.703,-5.657,10680000000.0,126000000.0,792.0,0.358,0.357,1322000000.0,-16525000000.0,10039000000.0,10039000000.0,235000000.0,-0.053,0.656,0.005,0.01,49000000.0,333000000.0,1.0,4543429.0,4530000,4530000.0,2216.115,12425000000.0,0.0,2000000.0,0.0,2742.826,-831000000.0
12,CHKAQ,MRT,2017-09-30,2017-09-30,2017-09-30,2021-08-25,-67000000.0,11981000000.0,12157000000.0,1178000000.0,10803000000.0,0.74,-210.561,-680000000.0,5000000.0,5000000.0,6869000000.0,278000000.0,0.531,-13.255,9899000000.0,0.0,9899000000.0,9899000000.0,0.0,922000000.0,0.0,0.0,0.0,498000000.0,1420000000.0,0.158,1420000000.0,498000000.0,97000000.0,-16.0,-26.0,-16.0,-957000000.0,-1171250000.0,-957000000.0,13745859846.0,28.0,9.68,-661000000.0,-145.435,1.0,2129000000.0,0.237,0.0,401000000.0,19657000000.0,19096000000.0,0.0,0.0,0.0,0.0,12685000000.0,2218000000.0,10467000000.0,3905859846.0,1000000.0,0.0,0.0,827000000.0,0.0,665000000.0,-683000000.0,0.0,19000000.0,0.0,285000000.0,-225000000.0,-225000000.0,0.0,-7000000.0,-0.025,1690000000.0,439000000.0,678000000.0,0.0,-4.081,-17.359,-53.75,10580000000.0,510000000.0,860.0,0.434,0.434,992000000.0,-16987000000.0,8998000000.0,8998000000.0,0.0,-0.019,0.192,0.026,0.055,50000000.0,257000000.0,1.0,4541697.0,4545000,4545000.0,1979.758,11981000000.0,0.0,-188000000.0,0.0,2636.084,-1040000000.0
13,CHKAQ,MRT,2017-06-30,2017-06-30,2017-06-30,2021-08-25,-75000000.0,11920000000.0,12292500000.0,1247000000.0,10673000000.0,0.759,-206.608,-780000000.0,13000000.0,13000000.0,7265000000.0,-919000000.0,0.578,-13.437,9853000000.0,3000000.0,9850000000.0,9853000000.0,0.0,950000000.0,0.0,0.0,0.0,-740000000.0,210000000.0,0.023,210000000.0,-740000000.0,-1100000000.0,-330.0,-340.0,-330.0,-938000000.0,-1229750000.0,-938000000.0,13788094108.0,-19.0,65.658,-716000000.0,-157.709,1.0,2066000000.0,0.221,0.0,360000000.0,19602000000.0,18829500000.0,0.0,14000000.0,0.0,14000000.0,12604000000.0,2158000000.0,10446000000.0,4513094108.0,9000000.0,0.0,0.0,895000000.0,0.0,729000000.0,-784000000.0,0.0,64000000.0,0.0,-912000000.0,-1441000000.0,-1441000000.0,0.0,-7000000.0,-0.154,2955000000.0,-889000000.0,718000000.0,0.0,-4.811,-3.132,-3.012,10418000000.0,529000000.0,994.0,0.484,0.484,1019000000.0,-16969000000.0,9331000000.0,9331000000.0,0.0,-0.117,1.172,-0.039,-0.079,54000000.0,266000000.0,1.0,4540336.0,4540000,5570000.0,2055.286,11920000000.0,0.0,-188000000.0,0.0,2625.551,-911000000.0
14,CHKAQ,MRT,2017-03-31,2017-03-31,2017-03-31,2021-08-25,-82000000.0,11699000000.0,12684250000.0,1360000000.0,10339000000.0,0.684,-322.075,68000000.0,249000000.0,249000000.0,7609000000.0,-3190000000.0,0.488,-8.843,9524000000.0,15000000.0,9509000000.0,9524000000.0,0.0,1033000000.0,0.0,0.0,0.0,-3042000000.0,-2009000000.0,-0.232,-2009000000.0,-3042000000.0,-3371000000.0,-936.0,-936.0,-936.0,-1459000000.0,-1003250000.0,-1459000000.0,14945575576.0,-5.0,-7.439,384000000.0,84.768,1.0,1063000000.0,0.123,0.0,329000000.0,18186000000.0,18767750000.0,0.0,7000000.0,0.0,7000000.0,12902000000.0,2788000000.0,10114000000.0,5386575576.0,233000000.0,0.0,0.0,75000000.0,0.0,-76000000.0,-7000000.0,0.0,316000000.0,0.0,-3182000000.0,-3729000000.0,-3729000000.0,0.0,-8000000.0,-0.43,4134000000.0,-3071000000.0,678000000.0,0.0,-3.692,-1.445,-1.269,10081000000.0,547000000.0,1188.0,0.621,0.621,943000000.0,-17463000000.0,8672000000.0,8672000000.0,0.0,-0.294,3.717,-0.162,-0.351,51000000.0,257000000.0,1.0,4534155.0,4530000,4535000.0,1914.349,11699000000.0,0.0,-189000000.0,0.0,2582.561,-1428000000.0
15,CHKAQ,MRT,2016-12-31,2016-12-31,2016-12-31,2021-08-25,-96000000.0,13028000000.0,13598750000.0,2142000000.0,10886000000.0,0.579,-348.429,-583000000.0,882000000.0,882000000.0,7417000000.0,-4399000000.0,0.587,-10.692,10441000000.0,503000000.0,9938000000.0,10441000000.0,0.0,1107000000.0,0.0,0.0,0.0,-4284000000.0,-3177000000.0,-0.404,-3177000000.0,-4284000000.0,-4580000000.0,-1286.0,-1286.0,-1286.0,-1331000000.0,-310750000.0,-1331000000.0,15903477035.0,-4.0,-5.006,-787000000.0,-206.021,1.0,455000000.0,0.058,0.0,296000000.0,18939000000.0,19949500000.0,0.0,0.0,0.0,0.0,14231000000.0,3648000000.0,10583000000.0,6229477035.0,57000000.0,0.0,0.0,952000000.0,0.0,921000000.0,-660000000.0,0.0,-204000000.0,0.0,-4390000000.0,-4915000000.0,-4915000000.0,0.0,-9000000.0,-0.624,4866000000.0,-4411000000.0,672000000.0,0.0,-4.68,-1.267,-1.092,10609000000.0,525000000.0,1404.0,0.791,0.681,1057000000.0,-17474000000.0,7872000000.0,7872000000.0,0.0,-0.361,15.817,-0.215,-0.544,52000000.0,240000000.0,1.0,4436949.0,3820000,3820000.0,2060.733,13028000000.0,0.0,-190000000.0,0.0,3410.471,-1506000000.0
16,CHKAQ,MRT,2016-09-30,2016-09-30,2016-09-30,2021-08-25,-101000000.0,12523000000.0,14670250000.0,1067000000.0,11456000000.0,0.579,-306.564,-1049000000.0,4000000.0,4000000.0,7753000000.0,-6243000000.0,0.296,-11.297,9678000000.0,656000000.0,9022000000.0,9678000000.0,0.0,1230000000.0,0.0,0.0,0.0,-6471000000.0,-5241000000.0,-0.617,-5241000000.0,-6471000000.0,-6775000000.0,-1796.0,-1796.0,-1796.0,-1191000000.0,556500000.0,-1191000000.0,14516514352.0,-2.0,-2.77,-820000000.0,-211.068,1.0,747000000.0,0.088,0.0,304000000.0,18591000000.0,21088750000.0,0.0,0.0,0.0,0.0,13455000000.0,3606000000.0,9849000000.0,4871514352.0,-1755000000.0,0.0,0.0,-747000000.0,0.0,-859000000.0,-1125000000.0,0.0,229000000.0,0.0,-6126000000.0,-6296000000.0,-6296000000.0,0.0,-117000000.0,-0.741,7782000000.0,-7035000000.0,660000000.0,0.0,-4.09,-0.774,-0.698,11051000000.0,170000000.0,1254.0,0.573,0.573,893000000.0,-17028000000.0,8500000000.0,8500000000.0,0.0,-0.429,-11.314,-0.307,-0.761,57000000.0,233000000.0,1.0,3884780.0,3885000,3885000.0,2187.902,12523000000.0,0.0,-649000000.0,0.0,3223.423,-2539000000.0
17,CHKAQ,MRT,2016-06-30,2016-06-30,2016-06-30,2021-08-25,-104000000.0,13487000000.0,16861000000.0,1204000000.0,12283000000.0,0.569,-8.84,-1013000000.0,4000000.0,4000000.0,8552000000.0,-9668000000.0,0.319,-414.312,9649000000.0,1028000000.0,8621000000.0,9649000000.0,0.0,1473000000.0,0.0,0.0,0.0,-10830000000.0,-9357000000.0,-0.975,-9357000000.0,-10830000000.0,-11149000000.0,-2888.0,-2888.0,-2888.0,-32000000.0,1924750000.0,-32000000.0,13319117237.0,-1.0,-1.423,-842000000.0,-232.597,1.0,1048000000.0,0.109,0.0,319000000.0,19355000000.0,23075250000.0,0.0,250000000.0,0.0,250000000.0,13258000000.0,3777000000.0,9481000000.0,2930117237.0,-2047000000.0,0.0,0.0,-880000000.0,0.0,-1180000000.0,-1038000000.0,0.0,171000000.0,0.0,-9563000000.0,-9734000000.0,-9734000000.0,0.0,-105000000.0,-1.014,12302000000.0,-11254000000.0,702000000.0,0.0,-91.566,-0.301,-0.296,11685000000.0,171000000.0,856.0,0.305,0.323,952000000.0,-15873000000.0,9600000000.0,9600000000.0,0.0,-0.577,-5.057,-0.469,-1.128,60000000.0,219000000.0,1.0,3423034.0,3620000,3620000.0,2651.934,13487000000.0,0.0,-1586000000.0,0.0,3725.691,-2573000000.0
18,CHKAQ,MRT,2016-03-31,2016-03-31,2016-03-31,2021-08-25,-99000000.0,15357000000.0,20638750000.0,1492000000.0,13865000000.0,0.557,392.515,-2295000000.0,16000000.0,16000000.0,9557000000.0,-11982000000.0,0.527,10.516,10405000000.0,343000000.0,10062000000.0,10405000000.0,0.0,1802000000.0,0.0,0.021,17.4,-14659000000.0,-12857000000.0,-1.118,-12857000000.0,-14659000000.0,-14987000000.0,-3640.0,-3640.0,-3640.0,1311000000.0,4172250000.0,1311000000.0,12649769982.0,-1.0,-0.984,-1905000000.0,-570.359,1.0,1942000000.0,0.169,0.0,328000000.0,22913000000.0,26467750000.0,0.0,263000000.0,0.0,263000000.0,13786000000.0,2833000000.0,10953000000.0,2739769982.0,-2891000000.0,0.0,0.0,-613000000.0,-59000000.0,-1029000000.0,-2252000000.0,0.0,390000000.0,0.0,-11895000000.0,-12067000000.0,-12067000000.0,0.0,-87000000.0,-1.049,16920000000.0,-14978000000.0,723000000.0,-0.005,2.09,-0.227,-0.226,13291000000.0,172000000.0,824.0,0.238,0.239,937000000.0,-14123000000.0,11499000000.0,11499000000.0,0.0,-0.585,-2.892,-0.554,-1.275,67000000.0,227000000.0,1.0,3324964.0,3340000,3340000.0,3442.814,15357000000.0,0.0,-3092000000.0,0.0,4597.904,-1341000000.0
19,CHKAQ,MRT,2015-12-31,2015-12-31,2015-12-31,2021-08-25,-99000000.0,17314000000.0,25392750000.0,2480000000.0,14834000000.0,0.503,645.921,-3493000000.0,825000000.0,825000000.0,10394000000.0,-14635000000.0,0.673,6.977,10692000000.0,381000000.0,10311000000.0,10692000000.0,0.0,2229000000.0,0.0,0.039,34.8,-18713000000.0,-16484000000.0,-1.291,-16484000000.0,-18713000000.0,-19030000000.0,-4452.0,-4452.0,-4452.0,2138000000.0,7114000000.0,2138000000.0,12800818177.0,-1.0,-0.777,-2259000000.0,-682.477,1.0,2370000000.0,0.186,0.0,317000000.0,23496000000.0,30132000000.0,0.0,246000000.0,0.0,246000000.0,14917000000.0,3685000000.0,11232000000.0,2992818177.0,-3283000000.0,0.0,0.0,-508000000.0,-118000000.0,-1066000000.0,-3451000000.0,-1000000.0,1234000000.0,0.0,-14567000000.0,-14738000000.0,-14738000000.0,0.0,-68000000.0,-1.155,21289000000.0,-18919000000.0,944000000.0,-0.008,1.4,-0.203,-0.202,14298000000.0,171000000.0,900.0,0.234,0.233,1129000000.0,-13202000000.0,12764000000.0,12764000000.0,0.0,-0.58,-2.072,-0.621,-1.466,78000000.0,235000000.0,1.0,3325354.0,3310000,3310000.0,3856.193,17314000000.0,0.0,-4463000000.0,0.0,5230.816,-1205000000.0
20,CHKAQ,MRT,2015-09-30,2015-09-30,2015-09-30,2021-08-25,-119000000.0,21286000000.0,31252000000.0,3579000000.0,17707000000.0,0.555,1291.704,445000000.0,1759000000.0,1759000000.0,13375000000.0,-11780000000.0,0.785,3.909,11567000000.0,893000000.0,10674000000.0,11567000000.0,0.0,2617000000.0,0.0,0.036,52.3,-15172000000.0,-12555000000.0,-0.724,-12555000000.0,-15172000000.0,-15389000000.0,-3636.0,-3648.0,-3636.0,4282000000.0,10805250000.0,4282000000.0,14332136614.0,-1.0,-1.142,2329000000.0,702.564,1.0,3964000000.0,0.229,0.0,217000000.0,26537000000.0,34879000000.0,0.0,482000000.0,0.0,482000000.0,16740000000.0,4557000000.0,12183000000.0,4877136614.0,1669000000.0,0.0,0.0,-59000000.0,-177000000.0,-702000000.0,487000000.0,13000000.0,1884000000.0,0.0,-11859000000.0,-12042000000.0,-12042000000.0,0.0,79000000.0,-0.695,19003000000.0,-15039000000.0,1070000000.0,-0.014,1.139,-0.405,-0.403,16959000000.0,183000000.0,1466.0,0.281,0.28,1275000000.0,-11017000000.0,17339000000.0,17339000000.0,0.0,-0.385,-1.114,-0.435,-0.875,61000000.0,267000000.0,1.0,3326833.0,3315000,3315000.0,5230.468,21286000000.0,0.0,-3530000000.0,633000000.0,6421.116,-978000000.0
21,CHKAQ,MRT,2015-06-30,2015-06-30,2015-06-30,2021-08-25,-131000000.0,28598000000.0,36060000000.0,4231000000.0,24367000000.0,0.545,2706.344,-297000000.0,2089000000.0,2089000000.0,14390000000.0,-6449000000.0,0.825,2.049,11544000000.0,889000000.0,10655000000.0,11544000000.0,0.0,2824000000.0,0.0,0.031,69.8,-8555000000.0,-5731000000.0,-0.291,-5731000000.0,-8555000000.0,-8701000000.0,-2168.0,-2180.0,-2168.0,8958000000.0,13814750000.0,8958000000.0,15992562909.0,-2.0,-2.791,2431000000.0,734.441,1.0,5276000000.0,0.268,0.0,146000000.0,32925000000.0,39839750000.0,0.0,441000000.0,0.0,441000000.0,18355000000.0,5128000000.0,13227000000.0,7429562909.0,589000000.0,0.0,0.0,0.0,-235000000.0,-1861000000.0,-278000000.0,4000000.0,2728000000.0,0.0,-6545000000.0,-7178000000.0,-7178000000.0,0.0,96000000.0,-0.365,13688000000.0,-8412000000.0,1284000000.0,-0.032,0.829,-1.035,-1.03,23615000000.0,633000000.0,2234.0,0.378,0.376,1501000000.0,-6364000000.0,19666000000.0,19666000000.0,0.0,-0.199,-0.52,-0.215,-0.435,62000000.0,278000000.0,1.0,3325677.0,3310000,3310000.0,5941.39,28598000000.0,0.0,-2156000000.0,1534000000.0,8639.879,-897000000.0
22,CHKAQ,MRT,2015-03-31,2015-03-31,2015-03-31,2021-08-25,-134000000.0,34373000000.0,39192250000.0,5398000000.0,28975000000.0,0.543,3957.035,-38000000.0,2945000000.0,2945000000.0,15228000000.0,-2129000000.0,1.006,1.529,11508000000.0,885000000.0,10623000000.0,11508000000.0,0.0,2928000000.0,0.0,0.025,69.9,-2653000000.0,275000000.0,0.013,275000000.0,-2653000000.0,-2755000000.0,-870.0,-882.0,-870.0,13078000000.0,15625750000.0,13078000000.0,16805943291.0,-6.0,61.113,3728000000.0,1127.988,1.0,6069000000.0,0.285,0.0,102000000.0,37570000000.0,42945250000.0,0.0,268000000.0,0.0,268000000.0,20000000000.0,5366000000.0,14634000000.0,9416943291.0,1903000000.0,0.0,0.0,51000000.0,-235000000.0,-1844000000.0,-19000000.0,2000000.0,3766000000.0,0.0,-2246000000.0,-2882000000.0,-2882000000.0,0.0,117000000.0,-0.135,8364000000.0,-2295000000.0,1630000000.0,-0.08,0.72,-3.268,-3.255,28385000000.0,636000000.0,2832.0,0.442,0.439,1643000000.0,-2256000000.0,21297000000.0,21297000000.0,0.0,-0.074,-0.184,-0.062,-0.125,62000000.0,299000000.0,1.0,3325192.0,3305000,3305000.0,6443.873,34373000000.0,0.0,-509000000.0,3031000000.0,10400.303,32000000.0
23,CHKAQ,MRT,2014-12-31,2014-12-31,2014-12-31,2021-08-25,-143000000.0,40751000000.0,41250250000.0,7468000000.0,33283000000.0,0.561,5129.894,198000000.0,4146000000.0,4146000000.0,16281000000.0,2056000000.0,1.32,1.334,11535000000.0,381000000.0,11154000000.0,11535000000.0,0.0,2915000000.0,0.0,0.018,70.0,3150000000.0,6065000000.0,0.262,6065000000.0,3150000000.0,3061000000.0,386.0,374.0,386.0,16903000000.0,16441500000.0,16903000000.0,24480215518.0,8.0,4.036,4832000000.0,1466.464,1.0,6844000000.0,0.296,0.0,89000000.0,42484000000.0,45687000000.0,0.0,271000000.0,0.0,271000000.0,22546000000.0,5656000000.0,16890000000.0,13016215518.0,3271000000.0,0.0,0.0,110000000.0,-234000000.0,-1817000000.0,454000000.0,239000000.0,4634000000.0,0.0,1917000000.0,1273000000.0,1273000000.0,0.0,139000000.0,0.055,3367000000.0,3477000000.0,2049000000.0,0.181,0.77,10.225,10.14,32515000000.0,644000000.0,3914.0,0.563,0.558,2236000000.0,1483000000.0,23125000000.0,23125000000.0,0.0,0.031,0.077,0.069,0.136,59000000.0,322000000.0,1.0,3325553.0,3295000,3860000.0,7018.209,40751000000.0,0.0,1144000000.0,4392000000.0,12367.527,1812000000.0
24,CHKAQ,MRT,2014-09-30,2014-09-30,2014-09-30,2021-08-25,-151000000.0,40518000000.0,41508000000.0,3129000000.0,37389000000.0,0.53,4945.455,-4080000000.0,128000000.0,128000000.0,15784000000.0,1315000000.0,0.559,1.402,11592000000.0,0.0,11592000000.0,11592000000.0,0.0,2895000000.0,0.0,0.015,70.0,2120000000.0,5015000000.0,0.228,5015000000.0,2120000000.0,1974000000.0,164.0,158.0,164.0,16320000000.0,16214500000.0,16320000000.0,25318182262.0,12.0,5.048,753000000.0,228.182,1.0,6232000000.0,0.283,0.0,146000000.0,46380000000.0,47126250000.0,0.0,268000000.0,0.0,268000000.0,22887000000.0,5602000000.0,17285000000.0,15306182262.0,-897000000.0,0.0,0.0,288000000.0,-233000000.0,-1872000000.0,-3858000000.0,189000000.0,4833000000.0,0.0,1162000000.0,533000000.0,533000000.0,0.0,153000000.0,0.024,3466000000.0,2766000000.0,2258000000.0,0.427,0.938,28.717,28.037,36652000000.0,629000000.0,4598.0,0.695,0.689,2447000000.0,945000000.0,22016000000.0,22016000000.0,0.0,0.013,0.033,0.045,0.096,79000000.0,350000000.0,1.0,3328878.0,3300000,3300000.0,6671.515,40518000000.0,129000000.0,812000000.0,4285000000.0,12278.182,-2473000000.0
25,CHKAQ,MRT,2014-06-30,2014-06-30,2014-06-30,2021-08-25,-154000000.0,41127000000.0,41950500000.0,4370000000.0,36757000000.0,0.505,4917.147,-3383000000.0,1537000000.0,1537000000.0,15619000000.0,863000000.0,0.754,1.407,11549000000.0,0.0,11549000000.0,11549000000.0,0.0,2901000000.0,0.0,0.011,70.0,1393000000.0,4294000000.0,0.203,4294000000.0,1393000000.0,1224000000.0,160.0,154.0,160.0,16202000000.0,16183500000.0,16202000000.0,32595859854.0,23.0,7.591,1669000000.0,506.525,1.0,5561000000.0,0.263,0.0,169000000.0,45347000000.0,47602250000.0,0.0,271000000.0,0.0,271000000.0,22802000000.0,5792000000.0,17010000000.0,20705859854.0,785000000.0,0.0,0.0,-151000000.0,-234000000.0,-1095000000.0,-3172000000.0,207000000.0,5052000000.0,0.0,702000000.0,520000000.0,520000000.0,0.0,161000000.0,0.025,3533000000.0,2028000000.0,1930000000.0,0.438,1.278,39.819,38.85,36011000000.0,182000000.0,6216.0,0.978,0.967,2310000000.0,833000000.0,21180000000.0,21180000000.0,0.0,0.012,0.032,0.029,0.066,82000000.0,410000000.0,1.0,3331059.0,3295000,3295000.0,6427.921,41127000000.0,205000000.0,522000000.0,3773000000.0,12481.639,-1422000000.0
26,CHKAQ,MRT,2014-03-31,2014-03-31,2014-03-31,2021-08-25,-153000000.0,42605000000.0,42205000000.0,4275000000.0,38330000000.0,0.491,4966.869,-2654000000.0,1079000000.0,1079000000.0,14439000000.0,1258000000.0,0.718,1.477,12969000000.0,316000000.0,12653000000.0,12969000000.0,0.0,2883000000.0,0.0,0.014,70.0,2102000000.0,4985000000.0,0.241,4985000000.0,2102000000.0,1856000000.0,256.0,242.0,256.0,16341000000.0,16141750000.0,16341000000.0,29042364634.0,14.0,5.826,2327000000.0,707.295,1.0,6264000000.0,0.303,0.0,246000000.0,48537000000.0,48471500000.0,0.0,299000000.0,0.0,299000000.0,24128000000.0,5958000000.0,18170000000.0,17068364634.0,971000000.0,0.0,0.0,-642000000.0,-233000000.0,-1789000000.0,-2221000000.0,310000000.0,4981000000.0,0.0,1091000000.0,832000000.0,832000000.0,0.0,167000000.0,0.04,3679000000.0,2585000000.0,1786000000.0,0.273,1.045,20.515,20.016,37522000000.0,259000000.0,5124.0,0.824,0.814,2593000000.0,1012000000.0,20703000000.0,20703000000.0,0.0,0.02,0.052,0.043,0.102,86000000.0,426000000.0,1.0,3331063.0,3290000,3825000.0,6292.705,42605000000.0,243000000.0,765000000.0,3828000000.0,12949.848,-1683000000.0
27,CHKAQ,MRT,2013-12-31,2013-12-31,2013-12-31,2021-08-25,-162000000.0,41782000000.0,42174000000.0,3656000000.0,38126000000.0,0.452,4898.928,-3219000000.0,912000000.0,912000000.0,13159000000.0,894000000.0,0.663,1.478,12886000000.0,0.0,12886000000.0,12886000000.0,0.0,2903000000.0,0.0,0.013,70.0,1499000000.0,4402000000.0,0.231,4402000000.0,1499000000.0,1272000000.0,146.0,146.0,146.0,15995000000.0,15981500000.0,15995000000.0,29724765338.0,20.0,6.753,1395000000.0,427.259,1.0,5921000000.0,0.31,0.0,227000000.0,48241000000.0,48845000000.0,0.0,481000000.0,0.0,481000000.0,23642000000.0,5515000000.0,18127000000.0,18050765338.0,550000000.0,0.0,0.0,65000000.0,-233000000.0,-1097000000.0,-2967000000.0,71000000.0,4614000000.0,0.0,724000000.0,474000000.0,474000000.0,0.0,170000000.0,0.025,3852000000.0,2069000000.0,1596000000.0,0.479,1.129,38.082,37.178,37134000000.0,250000000.0,5428.0,0.946,0.929,2222000000.0,688000000.0,19080000000.0,19080000000.0,0.0,0.011,0.03,0.031,0.079,98000000.0,457000000.0,1.0,3325491.0,3265000,3265000.0,5843.798,41782000000.0,223000000.0,548000000.0,3407000000.0,12796.937,-1859000000.0
28,CHKAQ,MRT,2013-09-30,2013-09-30,2013-09-30,2021-08-25,-169000000.0,42288000000.0,42131250000.0,3994000000.0,38294000000.0,0.392,4937.805,889000000.0,1062000000.0,1062000000.0,10547000000.0,1311000000.0,0.703,1.478,12736000000.0,0.0,12736000000.0,12736000000.0,0.0,2901000000.0,0.0,0.014,70.0,2132000000.0,5033000000.0,0.305,5033000000.0,2132000000.0,1953000000.0,272.0,264.0,272.0,16196000000.0,15875000000.0,16196000000.0,29522765390.0,14.0,5.866,5334000000.0,1626.22,1.0,5957000000.0,0.361,0.0,179000000.0,48284000000.0,48676500000.0,0.0,617000000.0,0.0,617000000.0,23940000000.0,5678000000.0,18262000000.0,17223765390.0,845000000.0,0.0,0.0,-3825000000.0,-232000000.0,-4737000000.0,1123000000.0,-27000000.0,4445000000.0,0.0,1140000000.0,885000000.0,885000000.0,0.0,171000000.0,0.054,3381000000.0,2576000000.0,1730000000.0,0.257,1.063,19.462,19.029,37121000000.0,255000000.0,5176.0,1.044,1.029,2440000000.0,905000000.0,16504000000.0,16504000000.0,0.0,0.021,0.056,0.044,0.129,105000000.0,435000000.0,1.0,3327621.0,3280000,3280000.0,5031.707,42288000000.0,185000000.0,813000000.0,3423000000.0,12892.683,-1684000000.0
29,CHKAQ,MRT,2013-06-30,2013-06-30,2013-06-30,2021-08-25,-170000000.0,42145000000.0,42977000000.0,3592000000.0,38553000000.0,0.34,4911.179,-1621000000.0,758000000.0,758000000.0,8811000000.0,-900000000.0,0.639,1.493,13057000000.0,0.0,13057000000.0,13057000000.0,0.0,2998000000.0,0.0,0.017,70.0,-1493000000.0,1505000000.0,0.103,1505000000.0,-1493000000.0,-1668000000.0,-414.0,-422.0,-414.0,16035000000.0,15657750000.0,16035000000.0,26917475486.0,-18.0,17.885,2392000000.0,732.619,1.0,5796000000.0,0.397,0.0,175000000.0,48824000000.0,50389250000.0,0.0,643000000.0,0.0,643000000.0,23941000000.0,5620000000.0,18321000000.0,13582475486.0,-347000000.0,0.0,0.0,-1585000000.0,-231000000.0,-2729000000.0,-1638000000.0,-169000000.0,4013000000.0,0.0,-1074000000.0,-1326000000.0,-1326000000.0,0.0,174000000.0,-0.091,6850000000.0,-1054000000.0,1787000000.0,-0.169,0.847,-10.243,-9.845,37349000000.0,252000000.0,4076.0,0.93,0.911,2417000000.0,805000000.0,14607000000.0,14607000000.0,0.0,-0.031,-0.085,-0.03,-0.102,113000000.0,460000000.0,1.0,3332305.0,3265000,3800000.0,4473.813,42145000000.0,71000000.0,-594000000.0,3260000000.0,12908.116,-2028000000.0
30,CHKAQ,MRT,2013-03-31,2013-03-31,2013-03-31,2021-08-25,-170000000.0,42481000000.0,44322250000.0,2884000000.0,39597000000.0,0.301,4823.349,-4634000000.0,114000000.0,114000000.0,7840000000.0,-488000000.0,0.499,1.558,13449000000.0,0.0,13449000000.0,13449000000.0,0.0,2947000000.0,0.0,0.017,70.0,-912000000.0,2035000000.0,0.153,2035000000.0,-912000000.0,-997000000.0,-264.0,-296.0,-264.0,15700000000.0,16005750000.0,15700000000.0,25847058614.0,-28.0,12.701,-1147000000.0,-352.381,1.0,5481000000.0,0.411,0.0,85000000.0,50031000000.0,51770250000.0,0.0,713000000.0,0.0,713000000.0,24467000000.0,5785000000.0,18682000000.0,13625058614.0,-405000000.0,0.0,0.0,14000000.0,-229000000.0,-813000000.0,-3079000000.0,1675000000.0,3487000000.0,0.0,-682000000.0,-854000000.0,-854000000.0,0.0,194000000.0,-0.064,6964000000.0,-1483000000.0,1909000000.0,-0.265,0.868,-15.954,-15.462,38147000000.0,172000000.0,4082.0,1.023,0.997,2382000000.0,495000000.0,13321000000.0,13321000000.0,0.0,-0.019,-0.053,-0.018,-0.068,120000000.0,509000000.0,1.0,3337839.0,3255000,3255000.0,4092.473,42481000000.0,216000000.0,-315000000.0,3021000000.0,13050.998,-2901000000.0
31,CHKAQ,MRT,2012-12-31,2012-12-31,2012-12-31,2021-08-25,-182000000.0,41611000000.0,45099250000.0,2948000000.0,38663000000.0,0.273,4842.613,-6366000000.0,398000000.0,398000000.0,7269000000.0,-594000000.0,0.47,1.523,12620000000.0,463000000.0,12157000000.0,12620000000.0,0.0,2811000000.0,0.0,0.021,70.0,-1072000000.0,1739000000.0,0.141,1739000000.0,-1072000000.0,-1149000000.0,-292.0,-292.0,-292.0,15569000000.0,16213500000.0,15569000000.0,26966572814.0,-25.0,15.507,-3529000000.0,-1097.667,1.0,5047000000.0,0.41,0.0,77000000.0,47567000000.0,52134500000.0,0.0,730000000.0,0.0,730000000.0,23715000000.0,6266000000.0,17449000000.0,11046572814.0,-64000000.0,0.0,0.0,1653000000.0,-227000000.0,2083000000.0,-4984000000.0,1605000000.0,2837000000.0,0.0,-769000000.0,-940000000.0,-940000000.0,0.0,175000000.0,-0.076,6741000000.0,-1694000000.0,1710000000.0,-0.24,0.71,-11.752,-11.384,37167000000.0,171000000.0,3324.0,0.897,0.868,2245000000.0,437000000.0,12316000000.0,12316000000.0,0.0,-0.021,-0.058,-0.021,-0.087,120000000.0,535000000.0,1.0,3323277.0,3215000,3215000.0,3830.793,41611000000.0,90000000.0,-380000000.0,2807000000.0,12942.768,-3318000000.0
32,CHKAQ,MRT,2012-09-30,2012-09-30,2012-09-30,2021-08-25,-188000000.0,45671000000.0,45155250000.0,3611000000.0,42060000000.0,0.255,4759.938,-11582000000.0,298000000.0,298000000.0,6779000000.0,-449000000.0,0.559,1.826,16218000000.0,463000000.0,15755000000.0,16218000000.0,0.0,2659000000.0,0.0,0.014,52.5,-814000000.0,1845000000.0,0.16,1845000000.0,-814000000.0,-883000000.0,-234.0,-276.0,-234.0,15327000000.0,16477250000.0,15327000000.0,25637200860.0,-31.0,13.896,-7425000000.0,-2305.901,1.0,4726000000.0,0.411,0.0,69000000.0,55135000000.0,51488750000.0,0.0,653000000.0,0.0,653000000.0,27980000000.0,6456000000.0,21524000000.0,12556200860.0,31000000.0,0.0,0.0,3758000000.0,-226000000.0,6139000000.0,-10251000000.0,1714000000.0,4157000000.0,0.0,-595000000.0,-768000000.0,-768000000.0,0.0,146000000.0,-0.067,6440000000.0,-1714000000.0,2357000000.0,-0.224,0.819,-16.349,-16.128,40603000000.0,173000000.0,3774.0,1.091,1.056,2291000000.0,241000000.0,11505000000.0,11505000000.0,0.0,-0.017,-0.047,-0.016,-0.071,127000000.0,574000000.0,1.0,3327027.0,3220000,3220000.0,3572.981,45671000000.0,692000000.0,-288000000.0,3418000000.0,14183.54,-2845000000.0
33,CHKAQ,MRT,2012-06-30,2012-06-30,2012-06-30,2021-08-25,-181000000.0,47526000000.0,43768000000.0,4516000000.0,43010000000.0,0.286,5428.972,-11991000000.0,1248000000.0,1248000000.0,6793000000.0,2444000000.0,0.722,1.592,14329000000.0,0.0,14329000000.0,14329000000.0,0.0,2328000000.0,0.0,0.014,52.5,3937000000.0,6265000000.0,0.501,6265000000.0,3937000000.0,3900000000.0,680.0,608.0,680.0,17427000000.0,16720000000.0,17427000000.0,24882593527.0,6.0,3.972,-7152000000.0,-2228.037,1.0,5719000000.0,0.457,0.0,37000000.0,54348000000.0,49515750000.0,0.0,552000000.0,0.0,552000000.0,27738000000.0,6259000000.0,21479000000.0,12319593527.0,915000000.0,0.0,0.0,3705000000.0,-224000000.0,6576000000.0,-10493000000.0,1761000000.0,4839000000.0,0.0,2339000000.0,2166000000.0,2166000000.0,0.0,105000000.0,0.173,2756000000.0,2963000000.0,2552000000.0,0.077,0.707,5.688,5.471,41874000000.0,173000000.0,3720.0,0.985,0.954,2123000000.0,2352000000.0,12512000000.0,12512000000.0,0.0,0.049,0.13,0.08,0.315,137000000.0,580000000.0,1.0,3311719.0,3210000,3755000.0,3897.819,47526000000.0,785000000.0,1561000000.0,4783000000.0,14805.607,-1743000000.0
34,CHKAQ,MRT,2012-03-31,2012-03-31,2012-03-31,2021-08-25,-159000000.0,45589000000.0,41050500000.0,3924000000.0,41665000000.0,0.303,5149.844,-11246000000.0,519000000.0,519000000.0,6978000000.0,1917000000.0,0.589,1.615,13082000000.0,0.0,13082000000.0,13082000000.0,0.0,2087000000.0,0.0,0.011,52.5,3148000000.0,5235000000.0,0.421,5235000000.0,3148000000.0,3100000000.0,538.0,486.0,538.0,16531000000.0,16234000000.0,16531000000.0,25581097775.0,8.0,4.887,-5787000000.0,-1802.804,1.0,5463000000.0,0.439,0.0,48000000.0,51488000000.0,46713000000.0,0.0,1618000000.0,0.0,1618000000.0,26695000000.0,6664000000.0,20031000000.0,15350097775.0,-411000000.0,-339000000.0,0.0,2785000000.0,-215000000.0,5818000000.0,-11688000000.0,24000000.0,5459000000.0,0.0,1877000000.0,1704000000.0,1704000000.0,0.0,40000000.0,0.137,2253000000.0,3210000000.0,2854000000.0,0.098,0.929,9.008,8.613,39616000000.0,173000000.0,4634.0,1.234,1.196,2596000000.0,1481000000.0,12441000000.0,12441000000.0,0.0,0.042,0.105,0.067,0.253,145000000.0,555000000.0,1.0,3312494.0,3210000,3210000.0,3875.701,45589000000.0,632000000.0,1223000000.0,3984000000.0,14202.181,-2740000000.0
35,CHKAQ,MRT,2011-12-31,2011-12-31,2011-12-31,2021-08-25,-166000000.0,41835000000.0,38353250000.0,3177000000.0,38658000000.0,0.303,5219.466,-5487000000.0,395000000.0,395000000.0,6634000000.0,1757000000.0,0.449,1.436,10626000000.0,0.0,10626000000.0,10626000000.0,0.0,1923000000.0,0.0,0.011,50.0,2909000000.0,4832000000.0,0.415,4832000000.0,2909000000.0,2865000000.0,494.0,464.0,494.0,16624000000.0,15850000000.0,16624000000.0,28011040923.0,10.0,5.797,416000000.0,130.612,1.0,5001000000.0,0.43,0.0,44000000.0,44984000000.0,44289250000.0,0.0,1531000000.0,0.0,1531000000.0,23874000000.0,7082000000.0,16792000000.0,14695040923.0,249000000.0,-339000000.0,0.0,-2358000000.0,-207000000.0,158000000.0,-5812000000.0,101000000.0,5903000000.0,0.0,1742000000.0,1570000000.0,1570000000.0,0.0,15000000.0,0.135,2080000000.0,2921000000.0,3311000000.0,0.101,0.884,9.36,9.024,36760000000.0,172000000.0,4458.0,1.263,1.22,2505000000.0,1608000000.0,11635000000.0,11635000000.0,0.0,0.041,0.099,0.066,0.25,153000000.0,548000000.0,1.0,3296330.0,3185000,3760000.0,3653.061,41835000000.0,139000000.0,1123000000.0,3484000000.0,13135.008,-3905000000.0
36,CHKAQ,MRT,2011-09-30,2011-09-30,2011-09-30,2021-08-25,-106000000.0,40122000000.0,37189250000.0,3470000000.0,36652000000.0,0.293,5109.091,-6365000000.0,111000000.0,111000000.0,6209000000.0,1494000000.0,0.56,1.462,13427000000.0,136000000.0,13291000000.0,13427000000.0,0.0,1783000000.0,0.0,0.013,65.0,2487000000.0,4270000000.0,0.392,4270000000.0,2487000000.0,2444000000.0,416.0,372.0,416.0,16298000000.0,15510000000.0,16298000000.0,29093492558.0,12.0,6.813,-1495000000.0,-468.652,1.0,4673000000.0,0.429,0.0,43000000.0,47243000000.0,44350000000.0,0.0,1171000000.0,5000000.0,1166000000.0,23824000000.0,6195000000.0,17629000000.0,16884492558.0,-498000000.0,-244000000.0,0.0,431000000.0,-198000000.0,1185000000.0,-6553000000.0,105000000.0,4870000000.0,0.0,1494000000.0,1322000000.0,1322000000.0,0.0,0.0,0.121,2160000000.0,2513000000.0,2844000000.0,0.156,1.036,12.772,12.284,35138000000.0,172000000.0,5110.0,1.552,1.498,2737000000.0,1234000000.0,10882000000.0,10882000000.0,0.0,0.036,0.085,0.056,0.229,155000000.0,524000000.0,1.0,3304206.0,3190000,3765000.0,3411.285,40122000000.0,474000000.0,950000000.0,3524000000.0,12577.429,-2725000000.0
37,CHKAQ,MRT,2011-06-30,2011-06-30,2011-06-30,2021-08-25,-99000000.0,36656000000.0,35742000000.0,3126000000.0,33530000000.0,0.265,4876.535,-4800000000.0,109000000.0,109000000.0,5535000000.0,1130000000.0,0.546,1.367,12318000000.0,133000000.0,12185000000.0,12318000000.0,0.0,1719000000.0,0.0,0.011,62.5,1882000000.0,3601000000.0,0.38,3601000000.0,1882000000.0,1840000000.0,302.0,276.0,302.0,15483000000.0,15253750000.0,15483000000.0,31188073702.0,17.0,8.661,-568000000.0,-178.898,1.0,3951000000.0,0.417,0.0,42000000.0,43137000000.0,43049000000.0,0.0,1281000000.0,169000000.0,1112000000.0,21173000000.0,5728000000.0,15445000000.0,19526073702.0,-492000000.0,-339000000.0,0.0,-474000000.0,-189000000.0,287000000.0,-5011000000.0,187000000.0,4232000000.0,0.0,1130000000.0,958000000.0,958000000.0,0.0,0.0,0.101,2104000000.0,1847000000.0,2600000000.0,0.207,1.261,20.382,19.662,32052000000.0,172000000.0,5938.0,2.058,1.987,2708000000.0,411000000.0,9486000000.0,9486000000.0,0.0,0.027,0.063,0.044,0.198,159000000.0,498000000.0,1.0,3288325.0,3175000,3755000.0,2987.717,36656000000.0,15000000.0,710000000.0,2482000000.0,11545.197,-2602000000.0
38,CHKAQ,MRT,2011-03-31,2011-03-31,2011-03-31,2021-08-25,-212000000.0,34800000000.0,34620250000.0,3544000000.0,31256000000.0,0.236,4730.284,-5060000000.0,849000000.0,849000000.0,4835000000.0,875000000.0,0.759,1.321,12511000000.0,216000000.0,12295000000.0,12511000000.0,0.0,1682000000.0,0.0,0.009,60.0,1420000000.0,3102000000.0,0.379,3102000000.0,1420000000.0,1419000000.0,228.0,214.0,228.0,14995000000.0,15086750000.0,14995000000.0,36289906798.0,26.0,11.699,-408000000.0,-128.707,1.0,3345000000.0,0.409,0.0,1000000.0,41793000000.0,42115500000.0,0.0,1492000000.0,264000000.0,1228000000.0,19805000000.0,4669000000.0,15136000000.0,22043906798.0,333000000.0,0.0,0.0,-2396000000.0,-190000000.0,944000000.0,-5263000000.0,-130000000.0,4652000000.0,0.0,875000000.0,726000000.0,726000000.0,0.0,0.0,0.089,2036000000.0,1309000000.0,2227000000.0,0.263,1.47,30.364,29.404,29709000000.0,149000000.0,6704.0,2.695,2.598,2317000000.0,0.0,8180000000.0,8180000000.0,0.0,0.021,0.048,0.034,0.174,155000000.0,474000000.0,1.0,3288172.0,3170000,3170000.0,2580.442,34800000000.0,2000000.0,544000000.0,2115000000.0,10977.918,-1125000000.0
39,CHKAQ,MRT,2010-12-31,2010-12-31,2010-12-31,2021-08-25,-168000000.0,37179000000.0,33492250000.0,3266000000.0,33913000000.0,0.28,4838.035,-8338000000.0,102000000.0,102000000.0,4610000000.0,1774000000.0,0.727,1.436,12640000000.0,0.0,12640000000.0,12640000000.0,0.0,1614000000.0,0.0,0.012,60.0,2903000000.0,4517000000.0,0.482,4517000000.0,2903000000.0,2884000000.0,526.0,502.0,526.0,15264000000.0,14392000000.0,15264000000.0,28771937831.0,10.0,6.37,-3221000000.0,-1020.919,1.0,4756000000.0,0.508,0.0,19000000.0,45227000000.0,41558750000.0,0.0,1208000000.0,0.0,1208000000.0,21915000000.0,4490000000.0,17425000000.0,16942937831.0,-205000000.0,0.0,0.0,367000000.0,-189000000.0,3181000000.0,-8503000000.0,-134000000.0,5117000000.0,0.0,1774000000.0,1663000000.0,1663000000.0,0.0,0.0,0.178,1951000000.0,2805000000.0,2069000000.0,0.114,1.11,10.188,9.852,32378000000.0,111000000.0,5182.0,1.809,1.746,1974000000.0,190000000.0,9366000000.0,9366000000.0,0.0,0.05,0.116,0.07,0.31,147000000.0,453000000.0,1.0,3269575.0,3155000,3530000.0,2968.621,37179000000.0,139000000.0,1110000000.0,2384000000.0,11784.152,-1224000000.0
40,CHKAQ,MRT,2010-09-30,2010-09-30,2010-09-30,2021-08-25,25000000.0,34333000000.0,31676000000.0,3273000000.0,31060000000.0,0.303,4833.228,-7275000000.0,609000000.0,609000000.0,4388000000.0,1052000000.0,0.794,1.248,12438000000.0,26000000.0,12412000000.0,12438000000.0,0.0,1585000000.0,0.0,0.013,60.0,1771000000.0,3356000000.0,0.349,3356000000.0,1771000000.0,1698000000.0,312.0,294.0,312.0,15273000000.0,13437000000.0,15273000000.0,25709569245.0,15.0,7.661,-2079000000.0,-657.911,1.0,5225000000.0,0.544,0.0,73000000.0,42039000000.0,40259000000.0,0.0,2305000000.0,1087000000.0,1218000000.0,19060000000.0,4123000000.0,14937000000.0,14820569245.0,89000000.0,-95000000.0,0.0,-448000000.0,-188000000.0,2366000000.0,-7473000000.0,-113000000.0,5196000000.0,0.0,1027000000.0,953000000.0,953000000.0,0.0,25000000.0,0.099,3462000000.0,1763000000.0,2498000000.0,0.192,0.97,15.551,14.519,29480000000.0,74000000.0,4530.0,1.542,1.489,1454000000.0,57000000.0,9613000000.0,9613000000.0,0.0,0.03,0.071,0.044,0.184,147000000.0,430000000.0,1.0,3271649.0,3160000,3720000.0,3042.089,34333000000.0,0.0,671000000.0,2220000000.0,10864.873,-850000000.0
41,CHKAQ,MRT,2010-06-30,2010-06-30,2010-06-30,2021-08-25,75000000.0,32169000000.0,30522500000.0,3018000000.0,29151000000.0,0.29,4695.721,-5477000000.0,601000000.0,601000000.0,4058000000.0,686000000.0,0.826,1.171,11490000000.0,17000000.0,11473000000.0,11490000000.0,0.0,1508000000.0,0.0,0.014,60.0,1211000000.0,2719000000.0,0.307,2719000000.0,1211000000.0,1098000000.0,210.0,204.0,210.0,14815000000.0,12613250000.0,14815000000.0,26037627790.0,22.0,9.576,-141000000.0,-44.691,1.0,4785000000.0,0.541,0.0,113000000.0,39403000000.0,39509750000.0,0.0,2022000000.0,965000000.0,1057000000.0,17354000000.0,3655000000.0,13699000000.0,13636627790.0,47000000.0,0.0,0.0,-2805000000.0,-187000000.0,440000000.0,-5729000000.0,-151000000.0,5336000000.0,0.0,661000000.0,624000000.0,624000000.0,0.0,25000000.0,0.071,3442000000.0,1343000000.0,2221000000.0,0.286,0.92,21.854,19.952,27830000000.0,37000000.0,4190.0,1.542,1.495,1359000000.0,-410000000.0,8843000000.0,8843000000.0,0.0,0.02,0.049,0.031,0.137,139000000.0,400000000.0,1.0,3254565.0,3155000,3175000.0,2802.853,32169000000.0,0.0,437000000.0,1887000000.0,10196.197,-637000000.0
42,CHKAQ,MRT,2010-03-31,2010-03-31,2010-03-31,2021-08-25,265000000.0,30288000000.0,30097500000.0,3335000000.0,26953000000.0,0.283,3878.095,-4111000000.0,516000000.0,516000000.0,3775000000.0,674000000.0,1.068,1.479,12917000000.0,14000000.0,12903000000.0,12917000000.0,0.0,1469000000.0,0.0,0.013,60.0,1223000000.0,2692000000.0,0.317,2692000000.0,1223000000.0,1072000000.0,214.0,208.0,214.0,12216000000.0,11910000000.0,12216000000.0,28211995553.0,23.0,10.48,167000000.0,53.016,1.0,4729000000.0,0.556,0.0,151000000.0,39566000000.0,39873750000.0,0.0,2317000000.0,1297000000.0,1020000000.0,18072000000.0,3123000000.0,14949000000.0,15409995553.0,433000000.0,0.0,0.0,-389000000.0,-184000000.0,264000000.0,-4109000000.0,-32000000.0,4278000000.0,0.0,649000000.0,626000000.0,626000000.0,0.0,25000000.0,0.074,3409000000.0,1320000000.0,2011000000.0,0.28,1.261,24.617,22.093,25655000000.0,23000000.0,4728.0,1.812,1.751,1419000000.0,-665000000.0,8504000000.0,8504000000.0,0.0,0.021,0.053,0.031,0.144,138000000.0,368000000.0,1.0,3259305.0,3150000,3235000.0,2699.683,30288000000.0,0.0,423000000.0,1507000000.0,9615.238,212000000.0
43,CHKAQ,MRT,2009-12-31,2009-12-31,2009-12-31,2021-08-25,102000000.0,29914000000.0,29940750000.0,2446000000.0,27468000000.0,0.257,3739.869,-5421000000.0,307000000.0,307000000.0,3481000000.0,-5805000000.0,0.91,1.536,13109000000.0,27000000.0,13082000000.0,13109000000.0,0.0,1615000000.0,0.0,0.012,60.0,-9200000000.0,-7585000000.0,-0.985,-7585000000.0,-9200000000.0,-9313000000.0,-1914.0,-1914.0,-1914.0,11444000000.0,11810500000.0,11444000000.0,28599676130.0,-3.0,-3.771,-1065000000.0,-348.039,1.0,4221000000.0,0.548,0.0,113000000.0,40028000000.0,39864000000.0,0.0,1156000000.0,692000000.0,464000000.0,17573000000.0,2688000000.0,14885000000.0,16762676130.0,-1442000000.0,0.0,0.0,-900000000.0,-181000000.0,-336000000.0,-5462000000.0,-40000000.0,4356000000.0,0.0,-5830000000.0,-5853000000.0,-5853000000.0,0.0,25000000.0,-0.76,13166000000.0,-8945000000.0,957000000.0,-0.031,1.465,-2.864,-2.704,26710000000.0,23000000.0,5176.0,2.176,2.056,1325000000.0,-1261000000.0,7702000000.0,7702000000.0,0.0,-0.195,-0.496,-0.231,-1.194,140000000.0,349000000.0,1.0,3238539.0,3060000,3060000.0,2516.993,29914000000.0,24000000.0,-3483000000.0,1059000000.0,9775.817,-242000000.0
44,CHKAQ,MRT,2009-09-30,2009-09-30,2009-09-30,2021-08-25,274000000.0,29719000000.0,32110500000.0,2508000000.0,27211000000.0,0.263,3870.113,-12941000000.0,520000000.0,520000000.0,3390000000.0,-6301000000.0,0.998,1.41,12357000000.0,28000000.0,12329000000.0,12357000000.0,0.0,1716000000.0,0.0,0.011,60.0,-9964000000.0,-8248000000.0,-0.975,-8248000000.0,-9964000000.0,-10100000000.0,-2176.0,-2154.0,-2176.0,11978000000.0,13203750000.0,11978000000.0,31586920094.0,-3.0,-3.83,-8840000000.0,-2856.22,1.0,5070000000.0,0.599,0.0,136000000.0,39042000000.0,41500750000.0,0.0,1049000000.0,538000000.0,511000000.0,16890000000.0,2514000000.0,14376000000.0,18222920094.0,-1444000000.0,7691000000.0,0.0,-628000000.0,-177000000.0,-209000000.0,-5336000000.0,-55000000.0,4101000000.0,0.0,-6301000000.0,-6325000000.0,-6325000000.0,0.0,0.0,-0.748,14687000000.0,-9617000000.0,1324000000.0,-0.028,1.521,-2.881,-2.61,26378000000.0,24000000.0,5680.0,2.154,2.078,1298000000.0,-737000000.0,8460000000.0,8460000000.0,0.0,-0.197,-0.479,-0.24,-1.178,136000000.0,348000000.0,1.0,3208261.0,3095000,3130000.0,2733.441,29719000000.0,0.0,-3799000000.0,1489000000.0,9602.262,-6000000.0
45,CHKAQ,MRT,2009-06-30,2009-06-30,2009-06-30,2021-08-25,438000000.0,30469000000.0,34685250000.0,2948000000.0,27521000000.0,0.408,3980.763,-9991000000.0,554000000.0,554000000.0,3929000000.0,-3171000000.0,0.991,1.539,13918000000.0,28000000.0,13890000000.0,13918000000.0,0.0,1882000000.0,0.0,0.015,60.0,-4879000000.0,-2997000000.0,-0.212,-2997000000.0,-4879000000.0,-5006000000.0,-1048.0,-1090.0,-1048.0,12002000000.0,14311000000.0,12002000000.0,25644975035.0,-5.0,-8.557,-5434000000.0,-1802.322,1.0,10211000000.0,0.722,0.0,127000000.0,40859000000.0,44113000000.0,0.0,1615000000.0,1133000000.0,482000000.0,18467000000.0,2974000000.0,15493000000.0,12416975035.0,554000000.0,2834000000.0,1587000000.0,1639000000.0,-171000000.0,3054000000.0,-7057000000.0,9000000.0,4557000000.0,0.0,-3171000000.0,-3220000000.0,-3220000000.0,0.0,0.0,-0.228,14747000000.0,-4536000000.0,1342000000.0,-0.057,1.035,-3.856,-3.784,26736000000.0,49000000.0,3966.0,0.878,0.846,1122000000.0,-929000000.0,14140000000.0,14140000000.0,0.0,-0.093,-0.225,-0.111,-0.345,139000000.0,361000000.0,1.0,3130856.0,3015000,3050000.0,4689.884,30469000000.0,0.0,-1835000000.0,1307000000.0,10105.804,-26000000.0
46,CHKAQ,MRT,2009-03-31,2009-03-31,2009-03-31,2021-08-25,582000000.0,29661000000.0,36573750000.0,2853000000.0,26808000000.0,0.328,3959.129,-10577000000.0,83000000.0,83000000.0,4560000000.0,-5006000000.0,0.849,1.51,13311000000.0,107000000.0,13204000000.0,13311000000.0,0.0,2097000000.0,0.0,0.018,60.0,-7823000000.0,-5726000000.0,-0.477,-5726000000.0,-7823000000.0,-7982000000.0,-1758.0,-1800.0,-1758.0,11818000000.0,13879500000.0,11818000000.0,23265588811.0,-3.0,-4.063,-5474000000.0,-1833.836,1.0,7452000000.0,0.62,0.0,159000000.0,39527000000.0,46662750000.0,0.0,2099000000.0,1446000000.0,653000000.0,17843000000.0,3362000000.0,14481000000.0,10653588811.0,82000000.0,1021000000.0,2594000000.0,2394000000.0,-159000000.0,4619000000.0,-9640000000.0,-73000000.0,5103000000.0,0.0,-5006000000.0,-5100000000.0,-5100000000.0,0.0,0.0,-0.425,14945000000.0,-7493000000.0,1821000000.0,-0.034,0.901,-2.089,-1.941,25856000000.0,94000000.0,3412.0,0.887,0.848,1185000000.0,-1171000000.0,12012000000.0,12012000000.0,0.0,-0.139,-0.367,-0.168,-0.651,137000000.0,388000000.0,1.0,3122388.0,2985000,2985000.0,4024.121,29661000000.0,0.0,-2976000000.0,1307000000.0,9936.683,-509000000.0
47,CHKAQ,MRT,2008-12-31,2008-12-31,2008-12-31,2021-08-25,267000000.0,38593000000.0,37524000000.0,4292000000.0,34301000000.0,0.31,6349.627,-9881000000.0,1749000000.0,1749000000.0,4821000000.0,604000000.0,1.185,1.268,13352000000.0,66000000.0,13286000000.0,13352000000.0,0.0,2144000000.0,0.0,0.018,58.5,1262000000.0,3406000000.0,0.293,3406000000.0,1262000000.0,991000000.0,188.0,186.0,188.0,17017000000.0,13792500000.0,17017000000.0,22791380031.0,18.0,6.692,-4524000000.0,-1688.06,1.0,6808000000.0,0.585,0.0,271000000.0,46575000000.0,47718250000.0,58000000.0,1787000000.0,1082000000.0,705000000.0,21576000000.0,3621000000.0,17955000000.0,9717380031.0,1748000000.0,0.0,2598000000.0,4138000000.0,-148000000.0,6356000000.0,-9965000000.0,-74000000.0,5357000000.0,0.0,604000000.0,504000000.0,504000000.0,0.0,0.0,0.043,5351000000.0,1457000000.0,2091000000.0,0.311,0.571,19.281,17.202,33308000000.0,100000000.0,3234.0,0.836,0.745,1324000000.0,4569000000.0,11629000000.0,11629000000.0,0.0,0.013,0.037,0.026,0.109,132000000.0,377000000.0,1.0,3004756.0,2680000,2725000.0,4339.179,38593000000.0,0.0,387000000.0,4666000000.0,14400.373,671000000.0
48,CHKAQ,MRT,2008-09-30,2008-09-30,2008-09-30,2021-08-25,44000000.0,40018000000.0,35559250000.0,4111000000.0,35907000000.0,0.302,5923.105,-4349000000.0,1964000000.0,1964000000.0,4722000000.0,1907000000.0,1.142,1.439,15038000000.0,123000000.0,14915000000.0,15038000000.0,0.0,2196000000.0,0.0,0.008,57.0,3417000000.0,5613000000.0,0.523,5613000000.0,3417000000.0,3096000000.0,564.0,514.0,564.0,16407000000.0,12570750000.0,16407000000.0,41100827100.0,12.0,7.322,1623000000.0,585.921,1.0,6014000000.0,0.56,0.0,321000000.0,49491000000.0,45950500000.0,292000000.0,1223000000.0,463000000.0,760000000.0,23611000000.0,3601000000.0,20010000000.0,20768827100.0,1962000000.0,-5375000000.0,2605000000.0,3514000000.0,-136000000.0,5749000000.0,-9759000000.0,-60000000.0,5972000000.0,0.0,1907000000.0,1668000000.0,1668000000.0,0.0,0.0,0.155,2559000000.0,3455000000.0,2252000000.0,0.101,1.266,12.451,12.716,34845000000.0,239000000.0,7172.0,1.935,1.85,1330000000.0,5604000000.0,10736000000.0,10736000000.0,0.0,0.047,0.133,0.074,0.318,125000000.0,363000000.0,1.0,2895821.0,2770000,2940000.0,3875.812,40018000000.0,0.0,1189000000.0,4960000000.0,14446.931,510000000.0
49,CHKAQ,MRT,2008-06-30,2008-06-30,2008-06-30,2021-08-25,-1174000000.0,38023000000.0,33027000000.0,3175000000.0,34848000000.0,0.16,3944.722,-8566000000.0,0.0,0.0,4072000000.0,-1043000000.0,0.435,2.7,20332000000.0,4208000000.0,16124000000.0,20332000000.0,0.0,2192000000.0,0.0,0.004,55.5,-1303000000.0,889000000.0,0.169,889000000.0,-1303000000.0,-1705000000.0,-472.0,-466.0,-472.0,10276000000.0,11470000000.0,10276000000.0,50151451364.0,-38.0,56.413,-2916000000.0,-1119.386,1.0,1200000000.0,0.228,0.0,402000000.0,51058000000.0,43273500000.0,159000000.0,644000000.0,0.0,644000000.0,27747000000.0,7297000000.0,20450000000.0,35644451364.0,-4000000.0,-1721000000.0,1020000000.0,3993000000.0,-127000000.0,4680000000.0,-10334000000.0,-77000000.0,5650000000.0,0.0,-1043000000.0,-1277000000.0,-1277000000.0,0.0,0.0,-0.242,2508000000.0,-1308000000.0,2156000000.0,-0.118,3.469,-27.913,-27.949,33463000000.0,234000000.0,13192.0,6.761,6.518,1603000000.0,2338000000.0,5272000000.0,5272000000.0,0.0,-0.039,-0.111,-0.03,-0.247,115000000.0,317000000.0,1.0,2701975.0,2605000,2605000.0,2023.8,38023000000.0,1348000000.0,-662000000.0,3505000000.0,14596.161,-4122000000.0
50,CHKAQ,MRT,2008-03-31,2008-03-31,2008-03-31,2021-08-25,-543000000.0,33462000000.0,30445250000.0,1946000000.0,31516000000.0,0.257,4653.144,-8331000000.0,1000000.0,1000000.0,3391000000.0,1067000000.0,0.461,1.917,14508000000.0,1342000000.0,13166000000.0,14508000000.0,0.0,2108000000.0,0.0,0.006,54.0,2150000000.0,4258000000.0,0.544,4258000000.0,2150000000.0,1719000000.0,378.0,368.0,378.0,11470000000.0,11807500000.0,11470000000.0,35252551393.0,16.0,8.279,-2819000000.0,-1143.611,1.0,4441000000.0,0.567,0.0,431000000.0,43749000000.0,39344750000.0,107000000.0,628000000.0,3000000.0,625000000.0,21992000000.0,4220000000.0,17772000000.0,23721551393.0,-3000000.0,-610000000.0,16000000.0,3572000000.0,-121000000.0,3272000000.0,-8787000000.0,124000000.0,5512000000.0,0.0,1067000000.0,858000000.0,858000000.0,0.0,0.0,0.11,2380000000.0,2061000000.0,2088000000.0,0.143,2.068,27.647,24.418,30519000000.0,209000000.0,9230.0,3.029,2.905,1278000000.0,3973000000.0,7832000000.0,7832000000.0,0.0,0.028,0.073,0.055,0.275,99000000.0,270000000.0,1.0,2570049.0,2465000,2465000.0,3177.282,33462000000.0,520000000.0,652000000.0,4076000000.0,13574.848,-2274000000.0
51,CHKAQ,MRT,2007-12-31,2007-12-31,2007-12-31,2021-08-25,-11000000.0,30734000000.0,28512750000.0,1396000000.0,29338000000.0,0.274,5320.175,-8101000000.0,1000000.0,1000000.0,2919000000.0,1455000000.0,0.506,1.534,11532000000.0,174000000.0,11358000000.0,11532000000.0,0.0,1988000000.0,0.0,0.007,52.5,2748000000.0,4736000000.0,0.607,4736000000.0,2748000000.0,2347000000.0,540.0,526.0,540.0,12130000000.0,11709250000.0,12130000000.0,29862803583.0,11.0,6.305,-3127000000.0,-1371.491,1.0,4881000000.0,0.626,0.0,401000000.0,39504000000.0,36553000000.0,87000000.0,819000000.0,203000000.0,616000000.0,18604000000.0,2761000000.0,15843000000.0,18578803583.0,-2000000.0,-15000000.0,15000000.0,3281000000.0,-115000000.0,2988000000.0,-7964000000.0,116000000.0,4974000000.0,0.0,1455000000.0,1233000000.0,1233000000.0,0.0,0.0,0.158,2231000000.0,2650000000.0,1737000000.0,0.097,1.532,15.068,14.519,28337000000.0,222000000.0,7840.0,2.382,2.292,1074000000.0,4150000000.0,7800000000.0,7800000000.0,0.0,0.043,0.105,0.075,0.352,84000000.0,243000000.0,1.0,2369745.0,2280000,2435000.0,3421.053,30734000000.0,0.0,892000000.0,3971000000.0,13479.825,-1365000000.0
52,CHKAQ,MRT,2007-09-30,2007-09-30,2007-09-30,2021-08-25,179000000.0,29889000000.0,26933500000.0,1280000000.0,28609000000.0,0.281,5288.106,-10100000000.0,2000000.0,2000000.0,2654000000.0,1619000000.0,0.536,1.49,11286000000.0,186000000.0,11100000000.0,11286000000.0,0.0,1856000000.0,0.0,0.007,51.0,2970000000.0,4826000000.0,0.637,4826000000.0,2970000000.0,2612000000.0,678.0,636.0,678.0,12004000000.0,11489500000.0,12004000000.0,26556315341.0,9.0,5.503,-4851000000.0,-2137.004,1.0,4926000000.0,0.65,0.0,358000000.0,38783000000.0,34220000000.0,112000000.0,983000000.0,290000000.0,693000000.0,17885000000.0,2390000000.0,15495000000.0,16696315341.0,1000000.0,1205000000.0,965000000.0,2852000000.0,-110000000.0,3514000000.0,-8762000000.0,101000000.0,5249000000.0,0.0,1619000000.0,1515000000.0,1515000000.0,0.0,0.0,0.2,2054000000.0,2872000000.0,1384000000.0,0.075,1.391,11.021,10.401,27548000000.0,104000000.0,7052.0,2.203,2.112,876000000.0,3892000000.0,7580000000.0,7580000000.0,0.0,0.056,0.132,0.087,0.392,65000000.0,208000000.0,1.0,2367600.0,2270000,2585000.0,3339.207,29889000000.0,0.0,993000000.0,3930000000.0,13166.96,-1110000000.0
53,CHKAQ,MRT,2007-06-30,2007-06-30,2007-06-30,2021-08-25,170000000.0,27696000000.0,25309980250.0,1293000000.0,26403000000.0,0.296,5144.248,-7659000000.0,4000000.0,4000000.0,2495000000.0,1796000000.0,0.584,1.382,9864000000.0,190000000.0,9674000000.0,9864000000.0,0.0,1704000000.0,0.0,0.007,49.5,3213000000.0,4917000000.0,0.657,4917000000.0,3213000000.0,2896000000.0,776.0,718.0,776.0,11626000000.0,11036705000.0,11626000000.0,24971471586.0,8.0,5.079,-2739000000.0,-1211.947,1.0,4987000000.0,0.667,0.0,317000000.0,35343000000.0,31902855000.0,95000000.0,965000000.0,278000000.0,687000000.0,16070000000.0,2213000000.0,13857000000.0,15941471586.0,-362000000.0,-1107000000.0,1071000000.0,3026000000.0,-104000000.0,3879000000.0,-9161000000.0,-404000000.0,4920000000.0,0.0,1796000000.0,1692000000.0,1692000000.0,0.0,0.0,0.226,1877000000.0,3110000000.0,1356000000.0,0.064,1.371,9.422,8.918,25363000000.0,104000000.0,6920.0,2.131,2.09,905000000.0,3576000000.0,7482000000.0,7482000000.0,0.0,0.067,0.153,0.101,0.429,47000000.0,183000000.0,1.0,2303681.0,2260000,2575000.0,3310.619,27696000000.0,11000000.0,1100000000.0,3701000000.0,12254.867,-920000000.0
54,CHKAQ,MRT,2007-03-31,2007-03-31,2007-03-31,2021-08-25,123000000.0,25732000000.0,23401243000.0,1223000000.0,24509000000.0,0.297,4912.195,-7870000000.0,4000000.0,4000000.0,2288000000.0,1638000000.0,0.561,1.323,9034000000.0,390000000.0,8644000000.0,9034000000.0,0.0,1568000000.0,0.0,0.008,48.0,2972000000.0,4540000000.0,0.652,4540000000.0,2972000000.0,2665000000.0,732.0,680.0,732.0,11077000000.0,10377751500.0,11077000000.0,21851865441.0,7.0,4.813,-3017000000.0,-1337.916,1.0,4673000000.0,0.671,0.0,307000000.0,32582000000.0,29253459000.0,89000000.0,916000000.0,130000000.0,786000000.0,14655000000.0,2180000000.0,12475000000.0,14206904441.0,-34000000.0,-607000000.0,1710000000.0,1967000000.0,-96000000.0,3964000000.0,-8851000000.0,-383000000.0,4853000000.0,0.0,1638000000.0,1532000000.0,1532000000.0,0.0,0.0,0.22,1726000000.0,2947000000.0,1253000000.0,0.066,1.283,9.273,8.437,23398000000.0,106000000.0,6176.0,2.041,2.001,890000000.0,3114000000.0,6961000000.0,6961000000.0,0.0,0.065,0.148,0.102,0.427,39000000.0,163000000.0,1.0,2300341.0,2255000,2580000.0,3086.918,25732000000.0,110000000.0,1027000000.0,3373000000.0,11411.086,-957000000.0
55,CHKAQ,MRT,2006-12-31,2006-12-31,2006-12-31,2021-08-25,528000000.0,24417000000.0,21481333000.0,1154000000.0,23263000000.0,0.341,5653.769,-8482000000.0,3000000.0,3000000.0,2256000000.0,2003000000.0,0.611,1.17,7648000000.0,112000000.0,7536000000.0,7648000000.0,0.0,1463000000.0,0.0,0.008,46.0,3556000000.0,5019000000.0,0.685,5019000000.0,3556000000.0,3255000000.0,956.0,870.0,956.0,11251000000.0,9449207250.0,11251000000.0,20814711364.0,6.0,4.147,-3639000000.0,-1828.643,1.0,5070000000.0,0.692,0.0,301000000.0,30172000000.0,26933306250.0,58000000.0,1263000000.0,225000000.0,1038000000.0,13166000000.0,1890000000.0,11276000000.0,12690940364.0,-57000000.0,-67000000.0,1746000000.0,1931000000.0,-87000000.0,4042000000.0,-8942000000.0,-395000000.0,4843000000.0,0.0,2003000000.0,1904000000.0,1904000000.0,0.0,0.0,0.26,1657000000.0,3413000000.0,1208000000.0,0.048,1.128,6.665,6.077,21904000000.0,99000000.0,5810.0,1.732,1.578,845000000.0,2913000000.0,7326000000.0,7326000000.0,0.0,0.089,0.201,0.132,0.485,84000000.0,139000000.0,1.0,2184327.0,1990000,2295000.0,3681.407,24417000000.0,0.0,1252000000.0,3356000000.0,12269.849,-736000000.0
56,CHKAQ,MRT,2006-09-30,2006-09-30,2006-09-30,2021-08-25,862241000.0,23394921000.0,19406698500.0,1912295000.0,21482626000.0,0.371,4876.947,-5838887000.0,716000.0,716000.0,2336238000.0,1985223000.0,0.954,1.295,8124487000.0,81438000.0,8043049000.0,8124487000.0,0.0,1327093000.0,0.0,0.008,44.0,3491623000.0,4818716000.0,0.669,4818716000.0,3491623000.0,3207246000.0,1014.0,916.0,1014.0,10192820000.0,8180038000.0,10192820000.0,18781754580.0,5.0,3.898,-2026232000.0,-969.489,1.0,4871451000.0,0.676,0.0,284377000.0,29514420000.0,24550747750.0,78996000.0,2388717000.0,1097578000.0,1291139000.0,13202101000.0,2004272000.0,11197829000.0,12320920580.0,-126206000.0,-3638000000.0,1486669000.0,3557273000.0,-76229000.0,5995095000.0,-9933956000.0,-476727000.0,3812655000.0,0.0,1985223000.0,1891217000.0,1891217000.0,0.0,0.0,0.262,1519085000.0,3352366000.0,1083380000.0,0.043,1.209,6.515,5.716,20000963000.0,94006000.0,5796.0,1.709,1.681,735005000.0,2495215000.0,7207689000.0,7207689000.0,0.0,0.097,0.231,0.142,0.484,82828000.0,124360000.0,1.0,2125763.0,2090000,2415000.0,3448.655,23394921000.0,0.0,1222023000.0,3273098000.0,11193.742,-91977000.0
57,CHKAQ,MRT,2006-06-30,2006-06-30,2006-06-30,2021-08-25,397349000.0,20061051000.0,16649375500.0,1655737000.0,18405314000.0,0.382,4719.258,-8071439000.0,366270000.0,366270000.0,2255615000.0,1613211000.0,0.932,1.231,6827104000.0,197152000.0,6629952000.0,6827104000.0,0.0,1201916000.0,0.0,0.007,42.0,2870938000.0,4072854000.0,0.64,4072854000.0,2870938000.0,2601968000.0,856.0,776.0,856.0,8990186000.0,6683413000.0,8990186000.0,18403264072.0,6.0,4.519,-4639356000.0,-2435.357,1.0,4105917000.0,0.645,0.0,268970000.0,24745416000.0,21043081000.0,67198000.0,983149000.0,570414000.0,412735000.0,11070865000.0,1776469000.0,9294396000.0,11562304072.0,365896000.0,-123000000.0,1676400000.0,2171754000.0,-69099000.0,5098935000.0,-8165122000.0,8422000.0,3432083000.0,0.0,1613211000.0,1517276000.0,1517276000.0,0.0,0.0,0.239,1370917000.0,2735000000.0,1017841000.0,0.049,1.286,7.62,7.068,17775369000.0,95935000.0,6050.0,1.818,1.812,552813000.0,2005428000.0,6361532000.0,6361532000.0,0.0,0.091,0.227,0.136,0.451,77077000.0,103145000.0,1.0,1911125.0,1905000,2140000.0,3339.387,20061051000.0,0.0,988757000.0,2565057000.0,10530.735,-120732000.0
58,CHKAQ,MRT,2006-03-31,2006-03-31,2006-03-31,2021-08-25,230635000.0,18052360000.0,14298584250.0,1194196000.0,16858164000.0,0.407,3990.69,-7649586000.0,38286000.0,38286000.0,2119204000.0,1446990000.0,0.75,1.452,6879246000.0,191899000.0,6687347000.0,6879246000.0,0.0,1072895000.0,0.0,0.006,40.0,2552006000.0,3624901000.0,0.622,3624901000.0,2552006000.0,2302134000.0,798.0,716.0,798.0,7362823000.0,5398778000.0,7362823000.0,18222869480.0,7.0,5.027,-4788271000.0,-2595.269,1.0,3706346000.0,0.636,0.0,249872000.0,23301389000.0,18302413000.0,67179000.0,750426000.0,363969000.0,386457000.0,10689537000.0,1591931000.0,9097606000.0,11735477480.0,37896000.0,79000000.0,1037318000.0,2592655000.0,-64084000.0,4883644000.0,-7707063000.0,-156482000.0,2861315000.0,0.0,1446990000.0,1364453000.0,1364453000.0,0.0,0.0,0.234,1218883000.0,2487463000.0,987357000.0,0.05,1.594,8.601,7.872,16307278000.0,82537000.0,6282.0,2.014,1.99,623840000.0,1687214000.0,5825550000.0,5825550000.0,0.0,0.095,0.253,0.139,0.438,71583000.0,80933000.0,1.0,1868112.0,1845000,2155000.0,3157.48,18052360000.0,0.0,855144000.0,2234775000.0,9784.477,-397735000.0
59,CHKAQ,MRT,2005-12-31,2005-12-31,2005-12-31,2021-08-25,-194972000.0,16118462000.0,12121347000.0,1183397000.0,14935065000.0,0.385,3834.983,-6771000000.0,60027000.0,60027000.0,1883000000.0,948000000.0,0.603,1.611,6547419000.0,577681000.0,5969738000.0,6547419000.0,0.0,936000000.0,0.0,0.006,39.0,1713000000.0,2649000000.0,0.568,2649000000.0,1713000000.0,1493000000.0,546.0,502.0,546.0,6174323000.0,4350122500.0,6174323000.0,16097582447.0,9.0,6.077,-4364000000.0,-2710.559,1.0,2782000000.0,0.596,0.0,220000000.0,20641766000.0,15533773000.0,87081000.0,386806000.0,10503000.0,376303000.0,9944139000.0,1964088000.0,7980051000.0,10936980447.0,53000000.0,-35000000.0,1003000000.0,2337000000.0,-60000000.0,4567000000.0,-6921000000.0,-135000000.0,2407000000.0,0.0,948000000.0,880000000.0,880000000.0,0.0,0.0,0.189,1009000000.0,1773000000.0,934070000.0,0.071,1.771,12.428,11.623,14411887000.0,68000000.0,6346.0,2.344,2.19,791194000.0,1100841000.0,4665000000.0,4665000000.0,0.0,0.073,0.202,0.11,0.367,15000000.0,64000000.0,1.0,1723445.0,1610000,1835000.0,2897.516,16118462000.0,234592000.0,545000000.0,1804978000.0,10011.467,-780691000.0
60,CHKAQ,MRT,2005-09-30,2005-09-30,2005-09-30,2021-08-25,-481440000.0,12365629000.0,10152858750.0,1343566000.0,11022063000.0,0.38,2611.802,-4307066000.0,127102000.0,127102000.0,1580564000.0,704315000.0,0.658,1.94,5287704000.0,957756000.0,4329948000.0,5287704000.0,0.0,829096000.0,0.0,0.005,38.0,1305504000.0,2134600000.0,0.554,2134600000.0,1305504000.0,1106593000.0,406.0,376.0,406.0,4206320000.0,3597262500.0,4206320000.0,16649806418.0,13.0,7.8,-2335653000.0,-1450.261,1.0,2275798000.0,0.59,0.0,198911000.0,15483753000.0,12983701250.0,51857000.0,256432000.0,0.0,256432000.0,8159309000.0,2042478000.0,6116831000.0,12359104418.0,78029000.0,-16250000.0,308271000.0,1481726000.0,-57787000.0,2474623000.0,-4368007000.0,-47495000.0,1971413000.0,0.0,704315000.0,610936000.0,610936000.0,0.0,0.0,0.158,891318000.0,1384480000.0,822695000.0,0.094,2.938,20.23,18.842,10677424000.0,93379000.0,7650.0,3.205,3.195,599732000.0,686426000.0,3856362000.0,3856362000.0,0.0,0.06,0.17,0.101,0.339,11875000.0,49613000.0,1.0,1615569.0,1610505,1838195.0,2394.505,12365629000.0,510982000.0,402278000.0,1659128000.0,7678.107,-698912000.0
61,CHKAQ,MRT,2005-06-30,2005-06-30,2005-06-30,2021-08-25,-35762000.0,10657886000.0,8918024250.0,572006000.0,10085880000.0,0.382,2475.502,-4256603000.0,0.0,0.0,1353587000.0,624199000.0,0.491,1.767,4290702000.0,131997000.0,4158705000.0,4290702000.0,0.0,746962000.0,0.0,0.008,37.0,1168239000.0,1915201000.0,0.563,1915201000.0,1168239000.0,979232000.0,380.0,348.0,380.0,3851646000.0,3251511250.0,3851646000.0,11236500971.0,10.0,5.867,-2474969000.0,-1590.694,1.0,2049728000.0,0.602,0.0,189007000.0,13782744000.0,11477563500.0,42175000.0,209573000.0,6012000.0,203561000.0,6806240000.0,1165844000.0,5640396000.0,7187241971.0,-76237000.0,-16250000.0,339158000.0,1770724000.0,-50789000.0,2463761000.0,-4321632000.0,-49384000.0,1781634000.0,0.0,624199000.0,547462000.0,547462000.0,0.0,0.0,0.161,801717000.0,1248011000.0,777863000.0,0.097,1.866,13.128,12.0,9803357000.0,76737000.0,4560.0,2.112,2.085,443398000.0,537016000.0,3403315000.0,3403315000.0,0.0,0.061,0.168,0.102,0.343,7210000.0,42773000.0,1.0,1576150.0,1555905,1820315.0,2187.354,10657886000.0,51184000.0,355033000.0,1361259000.0,6849.959,-593838000.0
62,CHKAQ,MRT,2005-03-31,2005-03-31,2005-03-31,2021-08-25,-94048000.0,9343411000.0,7838733750.0,592941000.0,8750470000.0,0.374,2044.944,-3763561000.0,0.0,0.0,1207459000.0,527575000.0,0.509,1.949,4049259000.0,304850000.0,3744409000.0,4049259000.0,0.0,670099000.0,0.0,0.008,36.0,989786000.0,1659885000.0,0.567,1659885000.0,989786000.0,825875000.0,336.0,304.0,336.0,3168201000.0,2898395750.0,3168201000.0,10052760053.0,10.0,6.056,-2160372000.0,-1394.432,1.0,1722130000.0,0.588,0.0,163911000.0,12226829000.0,10072101500.0,37221000.0,169851000.0,104000.0,169747000.0,6175210000.0,1165841000.0,5009369000.0,6891837053.0,-189425000.0,-12500000.0,340043000.0,1750446000.0,-45230000.0,2027093000.0,-3819707000.0,-44480000.0,1603189000.0,0.0,527575000.0,454096000.0,454096000.0,0.0,0.0,0.155,720302000.0,1001828000.0,657599000.0,0.107,2.175,15.177,13.06,8506657000.0,73479000.0,4388.0,2.352,2.321,401982000.0,368549000.0,2929589000.0,2929589000.0,0.0,0.058,0.157,0.098,0.338,5376000.0,39077000.0,1.0,1570610.0,1549285,1756785.0,1890.93,9343411000.0,114596000.0,298300000.0,1149372000.0,6030.789,-572900000.0
63,CHKAQ,MRT,2004-12-31,2004-12-31,2004-12-31,2021-08-25,20425000.0,8244509000.0,6892246500.0,567540000.0,7676969000.0,0.393,2498.209,-3328839000.0,6896000.0,6896000.0,1064066000.0,515155000.0,0.589,1.607,3167819000.0,91414000.0,3076405000.0,3167819000.0,0.0,605593000.0,0.0,0.056,184.0,972254000.0,1577847000.0,0.582,1577847000.0,972254000.0,804926000.0,346.0,306.0,346.0,3162883000.0,2688890250.0,3162883000.0,7459469742.0,8.0,4.728,-1896565000.0,-1498.006,1.0,1645202000.0,0.607,0.0,167328000.0,10441479000.0,8730354500.0,32147000.0,187973000.0,51061000.0,136912000.0,5081626000.0,963953000.0,4117673000.0,4453548742.0,-33685000.0,-16250000.0,636174000.0,1064889000.0,-38902000.0,1915245000.0,-3381204000.0,-36962000.0,1432274000.0,0.0,515155000.0,438971000.0,438971000.0,0.0,0.0,0.162,652867000.0,992335000.0,601003000.0,0.532,1.408,10.145,9.538,7444384000.0,76184000.0,3300.0,1.644,1.542,423587000.0,262987000.0,2709268000.0,2709268000.0,0.0,0.064,0.163,0.111,0.359,4828000.0,37045000.0,1.0,1349560.0,1266060,1528590.0,2139.921,8244509000.0,18068000.0,289771000.0,933873000.0,6511.942,-396413000.0
64,CHKAQ,MRT,2004-09-30,2004-09-30,2004-09-30,2021-08-25,-122423000.0,7426291000.0,5974192000.0,520518000.0,6905773000.0,0.372,2196.312,-3105802000.0,49073000.0,49073000.0,867964000.0,375990000.0,0.535,1.63,3054994000.0,270875000.0,2784119000.0,3054994000.0,0.0,534929000.0,0.0,0.057,182.0,753484000.0,1288413000.0,0.579,1288413000.0,753484000.0,590979000.0,284.0,244.0,284.0,2823315000.0,2331372000.0,2823315000.0,6857149932.0,9.0,5.322,-1782206000.0,-1386.413,1.0,1355994000.0,0.61,0.0,162505000.0,9459202000.0,7663398250.0,30375000.0,44623000.0,1034000.0,43589000.0,4602976000.0,973010000.0,3629966000.0,4235875932.0,10595000.0,-13250000.0,634759000.0,804991000.0,-34460000.0,1831689000.0,-3144690000.0,-57490000.0,1323596000.0,0.0,375990000.0,338206000.0,338206000.0,0.0,0.0,0.152,577845000.0,778149000.0,523285000.0,0.641,1.5,12.525,11.148,6792727000.0,37784000.0,3166.0,1.905,1.83,305612000.0,73379000.0,2223958000.0,2223958000.0,0.0,0.057,0.145,0.098,0.339,3125000.0,34573000.0,1.0,1337927.0,1285480,1691425.0,1730.06,7426291000.0,100129000.0,214989000.0,740895000.0,5777.057,-452492000.0
65,CHKAQ,MRT,2004-06-30,2004-06-30,2004-06-30,2021-08-25,-101043000.0,6340724000.0,5181991500.0,537927000.0,5802797000.0,0.395,2022.985,-2332795000.0,76237000.0,76237000.0,770995000.0,366977000.0,0.671,1.6,2697511000.0,193451000.0,2504060000.0,2697511000.0,0.0,476176000.0,0.0,0.061,180.0,735987000.0,1212163000.0,0.592,1212163000.0,735987000.0,581320000.0,294.0,252.0,294.0,2439184000.0,2021635750.0,2439184000.0,5610080418.0,8.0,4.628,-1099964000.0,-912.277,1.0,1277716000.0,0.624,0.0,154667000.0,8160896000.0,6761368500.0,21760000.0,38353000.0,104000.0,38249000.0,3901540000.0,801102000.0,3100438000.0,3565129418.0,40328000.0,-13250000.0,307602000.0,459379000.0,-31142000.0,1168390000.0,-2360893000.0,-20750000.0,1232831000.0,0.0,366977000.0,334501000.0,334501000.0,0.0,0.0,0.163,515991000.0,761725000.0,432116000.0,0.612,1.462,10.658,10.014,5706029000.0,32476000.0,2944.0,1.74,1.733,333586000.0,-349000.0,2048711000.0,2048711000.0,0.0,0.065,0.165,0.109,0.359,2541000.0,30501000.0,1.0,1210981.0,1205735,1610970.0,1699.139,6340724000.0,72122000.0,214343000.0,497990000.0,5258.804,-263175000.0
66,CHKAQ,MRT,2004-03-31,2004-03-31,2004-03-31,2021-08-25,-92834000.0,5557462000.0,4600150500.0,571468000.0,4985994000.0,0.414,1967.359,-1788264000.0,189425000.0,189425000.0,685755000.0,352062000.0,0.77,1.385,2234376000.0,202606000.0,2031770000.0,2234376000.0,0.0,427923000.0,0.0,0.066,178.0,726055000.0,1153978000.0,0.606,1153978000.0,726055000.0,562158000.0,294.0,254.0,294.0,2330179000.0,1777707750.0,2330179000.0,5350134443.0,7.0,4.636,-606639000.0,-512.182,1.0,1218479000.0,0.64,0.0,163897000.0,6859841000.0,6115107750.0,21210000.0,48742000.0,0.0,48742000.0,3227283000.0,742572000.0,2484711000.0,3235615443.0,151421000.0,3000000.0,308529000.0,94573000.0,-29136000.0,780158000.0,-1810362000.0,-30750000.0,1181625000.0,0.0,352062000.0,324951000.0,324951000.0,0.0,0.0,0.171,466132000.0,752347000.0,394267000.0,0.605,1.389,9.957,9.116,4888923000.0,27111000.0,2680.0,1.699,1.667,251544000.0,-72600000.0,1904234000.0,1904234000.0,0.0,0.071,0.183,0.119,0.381,1869000.0,28409000.0,1.0,1207319.0,1184420,1498020.0,1607.735,5557462000.0,76671000.0,210096000.0,368808000.0,4692.138,-171104000.0
67,CHKAQ,MRT,2003-12-31,2003-12-31,2003-12-31,2021-08-25,-20312000.0,4572291000.0,4153180500.0,342404000.0,4229887000.0,0.414,1640.895,-2039025000.0,40581000.0,40581000.0,625764000.0,312981000.0,0.667,1.639,2155100000.0,92651000.0,2062449000.0,2155100000.0,0.0,382004000.0,0.0,0.01,27.0,657697000.0,1039701000.0,0.605,1039701000.0,657697000.0,503341000.0,276.0,242.0,276.0,1732810000.0,1538298750.0,1732810000.0,4960130145.0,8.0,4.771,-1100118000.0,-1041.764,1.0,1091668000.0,0.636,0.0,154356000.0,6173654000.0,5742900000.0,19257000.0,53504000.0,4467000.0,49037000.0,2839481000.0,513156000.0,2326325000.0,2940359145.0,-207056000.0,-13250000.0,184647000.0,407381000.0,-27253000.0,931254000.0,-2077217000.0,-30750000.0,938907000.0,0.0,312981000.0,290512000.0,290512000.0,0.0,0.0,0.169,416413000.0,675255000.0,279758000.0,0.098,1.697,10.121,9.841,4133117000.0,22469000.0,2716.0,1.712,1.67,214564000.0,-168617000.0,1717432000.0,1717432000.0,0.0,0.07,0.189,0.115,0.383,0.0,23753000.0,1.0,1082606.0,1056015,1292835.0,1626.333,4572291000.0,36705000.0,190360000.0,191026000.0,4329.76,-170752000.0
68,CHKAQ,MRT,2003-09-30,2003-09-30,2003-09-30,2021-08-25,55954000.0,4257489000.0,3729009750.0,376730000.0,3880759000.0,0.407,1466.466,-1724221000.0,38478000.0,38478000.0,555070000.0,269847000.0,0.884,1.687,2058249000.0,33804000.0,2024445000.0,2058249000.0,0.0,339350000.0,0.0,0.012,26.0,585319000.0,924669000.0,0.609,924669000.0,585319000.0,435176000.0,246.0,218.0,246.0,1584370000.0,1332065000.0,1584370000.0,4307464594.0,7.0,4.658,-991831000.0,-918.022,1.0,963979000.0,0.635,0.0,150143000.0,5851083000.0,5218838000.0,15209000.0,147161000.0,75681000.0,71480000.0,2673119000.0,426177000.0,2246942000.0,2329100594.0,13100000.0,-19215000.0,348907000.0,514667000.0,-24666000.0,1044040000.0,-1763330000.0,0.0,732390000.0,0.0,269847000.0,251834000.0,251834000.0,0.0,0.0,0.166,368698000.0,595281000.0,256609000.0,0.106,1.47,9.249,8.764,3775277000.0,18013000.0,2156.0,1.533,1.533,215166000.0,-222338000.0,1519049000.0,1519049000.0,0.0,0.068,0.189,0.112,0.385,0.0,21940000.0,1.0,1080288.0,1080400,1327725.0,1406.006,4257489000.0,0.0,165329000.0,164800000.0,3940.66,-49447000.0
69,CHKAQ,MRT,2003-06-30,2003-06-30,2003-06-30,2021-08-25,12746000.0,4013360000.0,3300795750.0,333467000.0,3679893000.0,0.382,1365.555,-1739557000.0,35909000.0,35909000.0,464544000.0,198588000.0,0.802,1.742,2014273000.0,42384000.0,1971889000.0,2014273000.0,0.0,299009000.0,0.0,0.012,25.0,457035000.0,756044000.0,0.6,756044000.0,457035000.0,321144000.0,186.0,168.0,186.0,1463472000.0,1119669250.0,1463472000.0,4103765142.0,9.0,5.428,-1145218000.0,-1068.594,1.0,796421000.0,0.632,0.0,135891000.0,5575853000.0,4715731500.0,12480000.0,85279000.0,31331000.0,53948000.0,2549888000.0,415871000.0,2134017000.0,2161803142.0,29613000.0,-15000000.0,347619000.0,672463000.0,-17112000.0,1206221000.0,-1770947000.0,-22408000.0,594339000.0,0.0,198588000.0,184028000.0,184028000.0,0.0,0.0,0.146,326159000.0,470262000.0,256917000.0,0.134,1.477,11.747,10.86,3595166000.0,14560000.0,2020.0,1.714,1.717,219279000.0,-296644000.0,1260965000.0,1260965000.0,0.0,0.056,0.164,0.097,0.362,0.0,20844000.0,1.0,1070200.0,1071705,1319595.0,1176.597,4013360000.0,6479000.0,122556000.0,92068000.0,3744.836,-82404000.0
70,CHKAQ,MRT,2003-03-31,2003-03-31,2003-03-31,2021-08-25,-1155000.0,3769582000.0,2880012750.0,342327000.0,3427255000.0,0.356,1389.157,-1666380000.0,38337000.0,38337000.0,379657000.0,141381000.0,1.005,1.746,1980299000.0,31574000.0,1948725000.0,1980299000.0,0.0,258390000.0,0.0,0.011,18.0,352138000.0,610528000.0,0.596,610528000.0,352138000.0,230216000.0,142.0,132.0,142.0,1372543000.0,937156750.0,1372543000.0,2966898878.0,8.0,4.86,-1252094000.0,-1267.25,1.0,645183000.0,0.63,0.0,121922000.0,5371010000.0,4198049500.0,14096000.0,55014000.0,8620000.0,46394000.0,2397039000.0,340534000.0,2056505000.0,1499548878.0,-83948000.0,-39215000.0,343664000.0,651866000.0,-10692000.0,1193841000.0,-1692075000.0,0.0,414286000.0,0.0,141381000.0,130270000.0,130270000.0,0.0,0.0,0.127,282756000.0,362427000.0,207596000.0,0.127,1.093,11.511,11.07,3354042000.0,11111000.0,1572.0,1.463,1.516,252284000.0,-365350000.0,1024840000.0,1024840000.0,0.0,0.045,0.139,0.084,0.344,0.0,18703000.0,1.0,953912.0,988040,1153360.0,1037.245,3769582000.0,12304000.0,88835000.0,40368000.0,3815.212,1793000.0
71,CHKAQ,MRT,2002-12-31,2002-12-31,2002-12-31,2021-08-25,-3461000.0,2875608000.0,2502464750.0,435317000.0,2440291000.0,0.295,1087.862,-768102000.0,247719000.0,247719000.0,294028000.0,40286000.0,1.639,2.167,1715069000.0,33697000.0,1681372000.0,1715069000.0,0.0,230236000.0,0.0,0.008,12.0,179171000.0,409407000.0,0.554,409407000.0,179171000.0,67140000.0,36.0,34.0,36.0,907875000.0,773043000.0,907875000.0,2827175824.0,16.0,6.906,-335571000.0,-402.098,1.0,444474000.0,0.602,0.0,112031000.0,4077406000.0,3684225000.0,15359000.0,11741000.0,0.0,11741000.0,1967733000.0,265552000.0,1702181000.0,1286798824.0,130043000.0,-15000000.0,167914000.0,327830000.0,-4987000.0,477257000.0,-779745000.0,-2408000.0,432531000.0,0.0,40286000.0,30169000.0,30169000.0,0.0,0.0,0.041,252816000.0,191658000.0,154162000.0,0.333,1.417,42.653,43.0,2389884000.0,10117000.0,1548.0,1.742,1.749,134161000.0,-426085000.0,738502000.0,738502000.0,0.0,0.012,0.039,0.049,0.243,0.0,17618000.0,1.0,831265.0,834550,863570.0,884.91,2875608000.0,8109000.0,26854000.0,0.0,3445.699,169765000.0
72,CHKAQ,MRT,2002-09-30,2002-09-30,2002-09-30,2021-08-25,8901000.0,2544633000.0,2355254750.0,175849000.0,2368784000.0,0.279,884.518,-976751000.0,25509000.0,25509000.0,246160000.0,56672000.0,0.714,2.463,1565886000.0,22348000.0,1543538000.0,1565886000.0,0.0,213921000.0,0.0,0.005,6.0,164681000.0,378602000.0,0.576,378602000.0,164681000.0,61711000.0,58.0,52.0,58.0,734787000.0,737926000.0,734787000.0,2468962563.0,15.0,6.521,-510312000.0,-614.301,1.0,410906000.0,0.625,0.0,102970000.0,3838657000.0,3494494000.0,12824000.0,21577000.0,843000.0,20734000.0,1809846000.0,246353000.0,1563493000.0,1096407563.0,8336000.0,146387000.0,2406000.0,159415000.0,0.0,375022000.0,-833125000.0,-5441000.0,466439000.0,0.0,56672000.0,47762000.0,47762000.0,0.0,0.0,0.073,235192000.0,175714000.0,133694000.0,0.103,1.492,22.956,22.759,2317713000.0,8910000.0,1320.0,1.669,1.669,108781000.0,-444089000.0,657066000.0,657066000.0,0.0,0.02,0.065,0.047,0.251,0.0,16265000.0,1.0,830612.0,830720,855910.0,790.96,2544633000.0,9717000.0,5039000.0,0.0,3063.166,-70504000.0
73,CHKAQ,MRT,2002-06-30,2002-06-30,2002-06-30,2021-08-25,16079000.0,2330228000.0,2241746000.0,178079000.0,2152149000.0,0.312,883.838,-797760000.0,6427000.0,6427000.0,227567000.0,105080000.0,0.901,2.177,1378982000.0,615000.0,1378367000.0,1378982000.0,0.0,201225000.0,0.0,0.0,0.0,242918000.0,444143000.0,0.635,444143000.0,242918000.0,142443000.0,122.0,112.0,122.0,733422000.0,707475000.0,733422000.0,2430367202.0,10.0,5.472,-326200000.0,-393.1,1.0,471945000.0,0.675,0.0,100475000.0,3505125000.0,3324547500.0,10522000.0,38113000.0,12509000.0,25604000.0,1596806000.0,197658000.0,1399148000.0,1194732202.0,-10746000.0,142747000.0,2380000.0,7752000.0,0.0,227848000.0,-692635000.0,-39648000.0,471560000.0,-477000.0,105080000.0,98696000.0,98696000.0,0.0,0.0,0.141,221579000.0,250366000.0,130411000.0,0.0,1.629,12.105,11.803,2068566000.0,6384000.0,1440.0,1.708,1.708,123026000.0,-453173000.0,699512000.0,699512000.0,0.0,0.044,0.14,0.073,0.347,0.0,15728000.0,1.0,829675.0,829815,959735.0,842.973,2330228000.0,35405000.0,37363000.0,0.0,2808.13,-19579000.0
74,CHKAQ,MRT,2002-03-31,2002-03-31,2002-03-31,2021-08-25,19189000.0,2259390000.0,2147547500.0,272183000.0,1987207000.0,0.364,866.033,-692694000.0,122207000.0,122207000.0,219979000.0,119532000.0,1.518,2.155,1357842000.0,10327000.0,1347515000.0,1357842000.0,0.0,188953000.0,0.0,0.0,0.0,297130000.0,486083000.0,0.622,486083000.0,297130000.0,197738000.0,142.0,132.0,142.0,716088000.0,655481000.0,716088000.0,2488180195.0,8.0,5.119,-228009000.0,-275.753,1.0,561524000.0,0.719,0.0,99392000.0,3315712000.0,3206712750.0,10461000.0,28546000.0,0.0,28546000.0,1543302000.0,179313000.0,1363989000.0,1283085195.0,104910000.0,147086000.0,2196000.0,94569000.0,0.0,229349000.0,-593609000.0,-42647000.0,464685000.0,324000.0,119532000.0,115496000.0,115496000.0,0.0,0.0,0.148,207910000.0,353614000.0,99342000.0,0.0,1.792,11.109,10.901,1826942000.0,4036000.0,1548.0,1.642,1.638,101692000.0,-473147000.0,781503000.0,781503000.0,0.0,0.054,0.176,0.093,0.38,0.0,14742000.0,1.0,828866.0,826860,826860.0,945.145,2259390000.0,103875000.0,78206000.0,0.0,2732.494,92870000.0
75,CHKAQ,MRT,2001-12-31,2001-12-31,2001-12-31,2021-08-25,43511000.0,2286768000.0,2037163500.0,361383000.0,1925385000.0,0.476,945.304,-775278000.0,124960000.0,124960000.0,252757000.0,217406000.0,2.084,1.98,1330055000.0,602000.0,1329453000.0,1330055000.0,0.0,177543000.0,0.0,0.0,0.0,460019000.0,637562000.0,0.658,637562000.0,460019000.0,361698000.0,266.0,250.0,266.0,767407000.0,584006250.0,767407000.0,2339372042.0,5.0,3.669,-221541000.0,-272.898,1.0,716294000.0,0.739,0.0,98321000.0,3318482000.0,3057224750.0,10629000.0,133763000.0,97544000.0,36219000.0,1519361000.0,173381000.0,1345980000.0,1087183042.0,117594000.0,142906000.0,3206000.0,97254000.0,0.0,234507000.0,-670105000.0,-40239000.0,553737000.0,-545000.0,217406000.0,215356000.0,215356000.0,0.0,0.0,0.222,196014000.0,520280000.0,122161000.0,0.0,1.417,5.048,4.97,1785581000.0,2050000.0,1322.0,1.122,1.107,97608000.0,-442974000.0,969051000.0,969051000.0,0.0,0.106,0.369,0.15,0.475,0.0,14449000.0,1.0,822377.0,811810,869905.0,1193.692,2286768000.0,67781000.0,144292000.0,0.0,2816.876,188002000.0
76,CHKAQ,MRT,2001-09-30,2001-09-30,2001-09-30,2021-08-25,78369000.0,2090598000.0,1825578000.0,308664000.0,1781934000.0,0.549,745.54,-528699000.0,17042000.0,17042000.0,277317000.0,522826000.0,1.678,2.411,1269231000.0,817000.0,1268414000.0,1269231000.0,0.0,155656000.0,0.0,0.0,0.0,504034000.0,659690000.0,0.658,659690000.0,504034000.0,409158000.0,744.0,660.0,744.0,612983000.0,470462500.0,612983000.0,2169126144.0,4.0,3.288,52183000.0,63.468,1.0,725305000.0,0.723,0.0,94876000.0,3158871000.0,2782580750.0,4728000.0,286797000.0,175964000.0,110833000.0,1477615000.0,183916000.0,1293699000.0,929033144.0,8476000.0,-12471000.0,3322000.0,94282000.0,0.0,2818000.0,-578824000.0,-40949000.0,580882000.0,-561000.0,522826000.0,521528000.0,521528000.0,0.0,0.0,0.52,173186000.0,552119000.0,123845000.0,0.0,1.516,1.781,1.519,1560496000.0,1298000.0,1130.0,0.927,0.927,107197000.0,-491918000.0,1002622000.0,1002622000.0,0.0,0.286,1.109,0.181,0.503,0.0,13694000.0,1.0,822153.0,822200,851920.0,1219.438,2090598000.0,94819000.0,-113668000.0,12694000.0,2542.688,124748000.0
77,CHKAQ,MRT,2001-06-30,2001-06-30,2001-06-30,2021-08-25,52699000.0,1953434000.0,1567936250.0,236787000.0,1716647000.0,0.594,646.353,-475726000.0,0.0,0.0,283816000.0,512507000.0,1.482,2.718,1240093000.0,875000.0,1239218000.0,1240093000.0,0.0,133933000.0,0.0,0.0,0.0,449313000.0,583246000.0,0.626,583246000.0,449313000.0,356861000.0,730.0,646.0,730.0,525446000.0,307227750.0,525446000.0,2235511011.0,5.0,3.833,52046000.0,64.022,1.0,648077000.0,0.695,0.0,92452000.0,3033786000.0,2469639750.0,3736000.0,170860000.0,128128000.0,42732000.0,1427988000.0,159741000.0,1268247000.0,1115121011.0,9184000.0,-15017000.0,3416000.0,53282000.0,0.0,-42896000.0,-496702000.0,-8528000.0,527772000.0,-193000.0,512507000.0,504923000.0,504923000.0,0.0,0.0,0.542,151414000.0,496663000.0,116184000.0,0.0,2.122,2.208,1.863,1498772000.0,7584000.0,1360.0,1.197,1.186,103486000.0,-556926000.0,931893000.0,931893000.0,0.0,0.322,1.643,0.182,0.482,0.0,13831000.0,1.0,819942.0,812940,856605.0,1146.324,1953434000.0,158376000.0,-155646000.0,18532000.0,2402.925,77046000.0
78,CHKAQ,MRT,2001-03-31,2001-03-31,2001-03-31,2021-08-25,-236000.0,1817854000.0,1324823250.0,207020000.0,1610834000.0,0.597,545.555,-401323000.0,21203000.0,21203000.0,269490000.0,504656000.0,0.939,3.226,1141593000.0,855000.0,1140738000.0,1141593000.0,0.0,118779000.0,0.0,0.0,0.0,384124000.0,502903000.0,0.636,502903000.0,384124000.0,292843000.0,734.0,644.0,734.0,430189000.0,145871250.0,430189000.0,2340688771.0,6.0,4.654,81451000.0,103.294,1.0,521185000.0,0.659,0.0,91281000.0,2717760000.0,2172897000.0,3614000.0,23366000.0,3452000.0,19914000.0,1387665000.0,220484000.0,1167181000.0,1398507771.0,-5028000.0,-36658000.0,3363000.0,-33755000.0,0.0,-42288000.0,-444794000.0,-10114000.0,482774000.0,-720000.0,504656000.0,495828000.0,495828000.0,0.0,0.0,0.627,136695000.0,384490000.0,124773000.0,0.0,3.251,2.821,2.411,1388785000.0,8828000.0,1770.0,1.769,1.765,134894000.0,-590090000.0,790675000.0,790675000.0,0.0,0.374,3.399,0.177,0.486,0.0,14146000.0,1.0,790117.0,788535,851630.0,1002.714,1817854000.0,228773000.0,-211813000.0,16816000.0,2305.356,-13464000.0
79,CHKAQ,MRT,2000-12-31,2000-12-31,2000-12-31,2021-08-25,-3901000.0,1440426000.0,1086702500.0,166926000.0,1273500000.0,0.578,485.657,-279586000.0,3500000.0,3500000.0,227234000.0,455570000.0,1.026,3.599,945681000.0,836000.0,944845000.0,945681000.0,0.0,105103000.0,0.0,0.0,0.0,282418000.0,387521000.0,0.617,387521000.0,282418000.0,196162000.0,704.0,602.0,704.0,313232000.0,-10823500.0,313232000.0,2499970871.0,9.0,6.451,35054000.0,54.35,1.0,400718000.0,0.638,0.0,86256000.0,2219906000.0,1921237250.0,5164000.0,128434000.0,0.0,128434000.0,1127194000.0,162701000.0,964493000.0,1540840871.0,-38658000.0,-36693000.0,1398000.0,-18500000.0,0.0,-27740000.0,-325229000.0,-9937000.0,314640000.0,-329000.0,455570000.0,453660000.0,453660000.0,0.0,0.0,0.722,121949000.0,278769000.0,106420000.0,0.0,4.919,3.396,2.878,888234000.0,1910000.0,2026.0,2.454,2.081,114385000.0,-659286000.0,627952000.0,627952000.0,0.0,0.417,-41.914,0.147,0.45,0.0,13177000.0,1.0,760534.0,644965,757820.0,973.622,1440426000.0,270642000.0,-259408000.0,11850000.0,2233.34,4225000.0
80,CHKAQ,MRT,2000-09-30,2000-09-30,2000-09-30,2021-08-25,-3922000.0,1060031000.0,939229250.0,117187000.0,942844000.0,0.557,-54.513,-245512000.0,12727000.0,12727000.0,194460000.0,126479000.0,1.046,-27.53,971857000.0,817000.0,971040000.0,971857000.0,0.0,103215000.0,0.0,0.0,0.0,214987000.0,318202000.0,0.608,318202000.0,214987000.0,130147000.0,202.0,164.0,202.0,-39956000.0,-143517500.0,-39956000.0,2007449112.0,9.0,6.309,-19917000.0,-27.173,1.0,329083000.0,0.629,0.0,84840000.0,1907107000.0,1788350000.0,3274000.0,114366000.0,0.0,114366000.0,1099987000.0,112054000.0,987933000.0,1040193112.0,-12645000.0,-28926000.0,1106000.0,51000000.0,0.0,37972000.0,-277116000.0,-6401000.0,225595000.0,904000.0,126479000.0,120861000.0,120861000.0,0.0,0.0,0.231,119858000.0,209225000.0,69349000.0,0.0,-26.033,8.607,7.117,804453000.0,5618000.0,1437.6,1.987,2.013,97912000.0,-1007126000.0,523543000.0,523543000.0,0.0,0.129,-0.842,0.12,0.411,0.0,13046000.0,1.0,723562.0,732965,794235.0,714.281,1060031000.0,0.0,3668000.0,9068000.0,1446.223,5133000.0
81,CHKAQ,MRT,2000-06-30,2000-06-30,2000-06-30,2021-08-25,-2757000.0,980982000.0,873097500.0,103769000.0,877213000.0,0.524,-206.034,-196193000.0,16773000.0,16773000.0,171899000.0,89905000.0,1.023,-9.176,984029000.0,799000.0,983230000.0,984029000.0,0.0,100851000.0,0.0,0.0,0.0,176386000.0,277237000.0,0.606,277237000.0,176386000.0,92806000.0,164.0,128.0,164.0,-119980000.0,-191078750.0,-119980000.0,1851939578.0,10.0,6.68,-14867000.0,-25.53,1.0,285602000.0,0.624,0.0,83580000.0,1846815000.0,1711206750.0,3596000.0,87509000.0,0.0,87509000.0,1100962000.0,101423000.0,999539000.0,920046578.0,-15534000.0,-22823000.0,1044000.0,24000000.0,0.0,19179000.0,-217132000.0,-2219000.0,181326000.0,1093000.0,89905000.0,86192000.0,86192000.0,0.0,0.0,0.188,116797000.0,168805000.0,65926000.0,0.0,-7.668,10.674,9.471,770316000.0,3713000.0,1553.2,2.011,1.977,80375000.0,-1045984000.0,457501000.0,457501000.0,0.0,0.099,-0.451,0.103,0.386,0.0,12405000.0,1.0,592356.0,582330,730565.0,785.639,980982000.0,0.0,2901000.0,7904000.0,1684.581,2346000.0
82,CHKAQ,MRT,2000-03-31,2000-03-31,2000-03-31,2021-08-25,-282000.0,865371000.0,828079500.0,97536000.0,767835000.0,0.488,-386.68,-156510000.0,29304000.0,29304000.0,146133000.0,66418000.0,1.132,-5.402,961197000.0,781000.0,960416000.0,961197000.0,0.0,100406000.0,0.0,0.0,0.0,150309000.0,250715000.0,0.621,250715000.0,150309000.0,68283000.0,120.0,92.0,120.0,-196590000.0,-223222000.0,-196590000.0,1263865365.0,8.0,5.041,429000.0,0.844,1.0,257797000.0,0.638,0.0,82026000.0,1711121000.0,1663179250.0,4063000.0,0.0,0.0,0.0,1061961000.0,86143000.0,975818000.0,337855365.0,15428000.0,-1062000.0,506000.0,1000000.0,0.0,-4359000.0,-154967000.0,-553000.0,156939000.0,3628000.0,66418000.0,60105000.0,60105000.0,0.0,0.0,0.149,116369000.0,141428000.0,55854000.0,0.0,-1.719,5.621,5.417,738477000.0,6313000.0,650.0,0.836,0.818,58385000.0,-1065465000.0,403930000.0,403930000.0,0.0,0.073,-0.269,0.09,0.372,0.0,12485000.0,1.0,519777.0,508405,700650.0,794.504,865371000.0,0.0,1865000.0,6650000.0,1702.129,11393000.0
83,CHKAQ,MRT,1999-12-31,1999-12-31,1999-12-31,2021-08-25,196000.0,850533000.0,808049000.0,97546000.0,752987000.0,0.439,-448.189,-158708000.0,38850000.0,38850000.0,131095000.0,33266000.0,1.106,-4.91,964860000.0,763000.0,964097000.0,964860000.0,0.0,99516000.0,0.0,0.0,0.0,116082000.0,215598000.0,0.607,215598000.0,116082000.0,35030000.0,34.0,32.0,34.0,-217544000.0,-239000000.0,-217544000.0,1122568734.0,10.0,5.207,-13686000.0,-28.196,1.0,223851000.0,0.631,0.0,81052000.0,1688357000.0,1636270750.0,4582000.0,10000000.0,0.0,10000000.0,1068077000.0,88186000.0,979891000.0,230965734.0,9138000.0,0.0,467000.0,18500000.0,0.0,13102000.0,-153908000.0,-730000.0,145022000.0,4922000.0,33266000.0,16555000.0,16555000.0,0.0,0.0,0.047,116331000.0,107520000.0,62020000.0,0.0,-1.062,13.951,13.971,719097000.0,16711000.0,475.0,0.651,0.65,51065000.0,-1093929000.0,354946000.0,354946000.0,0.0,0.02,-0.069,0.071,0.327,0.0,13477000.0,1.0,486244.0,485385,510190.0,731.267,850533000.0,0.0,1764000.0,6484000.0,1752.285,9360000.0
84,CHKAQ,MRT,1999-09-30,1999-09-30,1999-09-30,2021-08-25,-1021000.0,795504000.0,798569500.0,97842000.0,697662000.0,0.419,-474.025,-135544000.0,29916000.0,29916000.0,134074000.0,-410820000.0,1.105,-4.456,921519000.0,681000.0,920838000.0,921519000.0,0.0,112490000.0,0.0,0.0,0.0,-328957000.0,-216467000.0,-0.648,-216467000.0,-328957000.0,-409845000.0,-896.0,-898.0,-896.0,-230201000.0,-246756000.0,-230201000.0,1305453208.0,-4.0,-6.031,-87000.0,-0.179,1.0,200168000.0,0.599,0.0,80888000.0,1598534000.0,1611714750.0,4226000.0,0.0,0.0,0.0,1025705000.0,88573000.0,937132000.0,376330208.0,4623000.0,26683000.0,202000.0,-39000000.0,0.0,-42920000.0,-106459000.0,3077000.0,135457000.0,4358000.0,-410820000.0,-427279000.0,-427279000.0,0.0,0.0,-1.278,536004000.0,-335836000.0,54701000.0,0.0,-1.635,-0.881,-0.865,668116000.0,16459000.0,775.0,1.126,1.126,61100000.0,-1112883000.0,334242000.0,334242000.0,0.0,-0.535,1.732,-0.204,-0.984,0.0,15235000.0,1.0,485587.0,485630,517880.0,688.265,795504000.0,0.0,975000.0,5464000.0,1638.087,9269000.0
85,CHKAQ,MRT,1999-06-30,1999-06-30,1999-06-30,2021-08-25,-1101000.0,800910000.0,906512000.0,90960000.0,709950000.0,0.373,-512.222,-169702000.0,28995000.0,28995000.0,146728000.0,-433084000.0,1.208,-4.222,958118000.0,0.0,958118000.0,958118000.0,0.0,124585000.0,0.0,0.0,0.0,-353713000.0,-229128000.0,-0.677,-229128000.0,-353713000.0,-432758000.0,-940.0,-940.0,-940.0,-248553000.0,-145107000.0,-248553000.0,1217070485.0,-3.0,-5.312,-47217000.0,-97.305,1.0,191712000.0,0.566,0.0,79045000.0,1654705000.0,1712601250.0,4877000.0,0.0,0.0,0.0,1049463000.0,75328000.0,974135000.0,284722485.0,-32137000.0,22551000.0,-12078000.0,0.0,-5592000.0,-25838000.0,-143737000.0,3089000.0,122485000.0,766000.0,-433084000.0,-449188000.0,-449188000.0,0.0,0.0,-1.327,550396000.0,-358684000.0,52276000.0,0.0,-1.146,-0.634,-0.625,680729000.0,16104000.0,587.6,0.841,0.842,54642000.0,-1130998000.0,338440000.0,338440000.0,0.0,-0.496,3.096,-0.207,-1.045,0.0,17696000.0,1.0,484552.0,485245,507250.0,697.462,800910000.0,0.0,326000.0,4880000.0,1650.527,15632000.0
86,CHKAQ,MRT,1999-03-31,1999-03-31,1999-03-31,2021-08-25,-3910000.0,785249000.0,1021327750.0,70195000.0,715054000.0,0.359,-537.074,-414149000.0,11749000.0,11749000.0,172073000.0,-689304000.0,0.615,-4.024,944097000.0,25000000.0,919097000.0,944097000.0,0.0,144428000.0,0.0,0.015,4.0,-611853000.0,-467425000.0,-1.274,-467425000.0,-611853000.0,-689304000.0,-1430.0,-1430.0,-1430.0,-259702000.0,-33040250.0,-259702000.0,1041792424.0,-2.0,-2.229,-342397000.0,-708.09,1.0,194785000.0,0.531,0.0,77451000.0,1603487000.0,1796284250.0,5389000.0,0.0,0.0,0.0,1044951000.0,114110000.0,930841000.0,132990424.0,-21142000.0,-17193000.0,-29869000.0,159584000.0,-5592000.0,338431000.0,-427415000.0,3600000.0,71752000.0,-3910000.0,-689304000.0,-705407000.0,-705407000.0,0.0,0.0,-1.923,797879000.0,-603094000.0,54478000.0,-0.003,-0.512,-0.189,-0.192,685522000.0,16103000.0,275.0,0.363,0.362,50987000.0,-1139145000.0,366858000.0,366858000.0,0.0,-0.691,21.35,-0.341,-1.668,0.0,19562000.0,1.0,483602.0,483550,483550.0,758.676,785249000.0,0.0,0.0,0.0,1623.925,-43915000.0
87,CHKAQ,MRT,1998-12-31,1998-12-31,1998-12-31,2021-08-25,-4726000.0,812615000.0,1091349250.0,117999000.0,694616000.0,0.346,-523.792,-535395000.0,35274000.0,35274000.0,178505000.0,-933854000.0,0.899,-4.269,944076000.0,25000000.0,919076000.0,944076000.0,0.0,152204000.0,0.0,0.043,8.0,-865605000.0,-713401000.0,-1.888,-713401000.0,-865605000.0,-933854000.0,-1994.0,-1994.0,-1994.0,-248568000.0,87159500.0,-248568000.0,984772047.0,-1.0,-1.38,-440756000.0,-928.777,1.0,199441000.0,0.528,0.0,68249000.0,1590133000.0,1771844500.0,5325000.0,0.0,0.0,0.0,1061183000.0,131284000.0,929899000.0,90666047.0,-94340000.0,-18255000.0,-29808000.0,184584000.0,-5592000.0,363797000.0,-548050000.0,5600000.0,94639000.0,-4726000.0,-933854000.0,-945931000.0,-945931000.0,0.0,0.0,-2.503,1055638000.0,-856197000.0,70535000.0,-0.004,-0.365,-0.096,-0.094,663991000.0,12077000.0,187.5,0.24,0.235,76299000.0,-1127195000.0,377946000.0,377946000.0,0.0,-0.867,-10.853,-0.489,-2.29,0.0,19918000.0,1.0,483552.0,474555,474555.0,796.422,812615000.0,0.0,0.0,0.0,1712.373,-13285000.0
88,CHKAQ,MRT,1998-09-30,1998-09-30,1998-09-30,2021-08-25,0.0,1227274000.0,1126391500.0,117289000.0,1109985000.0,0.327,359.821,-586453000.0,24949000.0,24949000.0,174053000.0,-545809000.0,0.983,5.958,919055000.0,0.0,919055000.0,919055000.0,0.0,146180000.0,0.0,0.051,12.0,-489006000.0,-342826000.0,-0.932,-342826000.0,-489006000.0,-545809000.0,-1242.0,-1242.0,-1242.0,176395000.0,219353000.0,176395000.0,976166099.0,-2.0,-2.847,-436597000.0,-890.596,1.0,193848000.0,0.527,0.0,56803000.0,2002080000.0,1670420250.0,6327000.0,0.0,0.0,0.0,1050879000.0,119300000.0,931579000.0,116822099.0,-30433000.0,50680000.0,-29735000.0,184584000.0,-6997000.0,366280000.0,-541190000.0,-5417000.0,149856000.0,-5379000.0,-545809000.0,-553860000.0,-553860000.0,0.0,0.0,-1.505,752059000.0,-558211000.0,76319000.0,-0.01,0.662,-0.211,-0.191,1028481000.0,8051000.0,237.6,0.318,0.317,81395000.0,-702063000.0,367901000.0,367901000.0,0.0,-0.492,-2.525,-0.293,-1.329,0.0,17798000.0,1.0,491676.0,490230,490230.0,750.466,1227274000.0,0.0,0.0,0.0,2503.466,-2011000.0
89,CHKAQ,MRT,1998-06-30,1998-06-30,1998-06-30,2021-08-25,0.0,1260173000.0,1104620500.0,161514000.0,1098659000.0,0.308,382.367,-648425000.0,59690000.0,59690000.0,155019000.0,-536147000.0,1.242,5.31,919034000.0,0.0,919034000.0,919034000.0,0.0,139570000.0,0.0,0.02,16.0,-489346000.0,-349776000.0,-1.029,-349776000.0,-489346000.0,-536147000.0,-1210.0,-1210.0,-1210.0,199714000.0,243301500.0,199714000.0,1040489320.0,-2.0,-2.975,-489548000.0,-937.275,1.0,184954000.0,0.544,0.0,46801000.0,1989437000.0,1589246000.0,5216000.0,6637000.0,6637000.0,0.0,1060459000.0,130080000.0,930379000.0,420422320.0,-64327000.0,50680000.0,-17408000.0,184584000.0,-2810000.0,386825000.0,-608162000.0,-10417000.0,158877000.0,-1867000.0,-536147000.0,-540172000.0,-540172000.0,0.0,0.0,-1.589,742727000.0,-557773000.0,91519000.0,-0.013,2.105,-0.778,-0.661,1016366000.0,4025000.0,800.0,1.237,1.229,87593000.0,-693975000.0,339973000.0,339973000.0,0.0,-0.489,-2.22,-0.308,-1.439,0.0,15361000.0,1.0,525528.0,522310,522310.0,650.903,1260173000.0,0.0,0.0,0.0,2412.692,31434000.0
90,CHKAQ,MRT,1998-03-31,1998-03-31,1998-03-31,2021-08-25,0.0,1065335000.0,,110512000.0,954823000.0,,550.472,-533580000.0,33946000.0,33946000.0,132790000.0,-505857000.0,0.615,3.818,654013000.0,0.0,654013000.0,654013000.0,0.0,137392000.0,0.0,0.013,16.0,-496194000.0,-358802000.0,-1.176,-358802000.0,-496194000.0,-533010000.0,-1352.0,-1352.0,-1352.0,221097000.0,,221097000.0,979537676.0,-2.0,-2.73,-342736000.0,-853.32,1.0,172400000.0,0.565,0.0,36816000.0,1505728000.0,,5217000.0,5876000.0,5876000.0,0.0,844238000.0,179674000.0,664564000.0,594405676.0,-268865000.0,90180000.0,872000.0,24914000.0,-2810000.0,22859000.0,-482568000.0,-39168000.0,190844000.0,0.0,-505857000.0,-505857000.0,-505857000.0,0.0,0.0,-1.658,747784000.0,-575384000.0,136706000.0,-0.012,2.688,-1.175,-0.878,896150000.0,0.0,1187.6,1.948,1.563,60420000.0,-439772000.0,305190000.0,305190000.0,0.0,,,,-1.626,0.0,12809000.0,1.0,500510.0,401650,401650.0,759.841,1065335000.0,0.0,-27153000.0,0.0,2652.396,-69162000.0
91,CHKAQ,MRT,1997-12-31,1997-12-31,1997-12-31,2021-08-25,-37000.0,952784000.0,,217721000.0,735063000.0,,786.058,-525221000.0,123860000.0,123860000.0,123146000.0,-233429000.0,1.419,2.4,508992000.0,0.0,508992000.0,508992000.0,0.0,130302000.0,0.0,0.008,12.0,-221545000.0,-91243000.0,-0.293,-91243000.0,-221545000.0,-251327000.0,-668.0,-670.0,-668.0,280206000.0,,280206000.0,,,,-343876000.0,-964.67,1.0,188365000.0,0.605,0.0,29782000.0,1184436000.0,,5493000.0,12570000.0,12570000.0,0.0,672578000.0,153480000.0,519098000.0,532654656.0,-16879000.0,90180000.0,1436000.0,279876000.0,-2810000.0,277985000.0,-476209000.0,-41168000.0,181345000.0,0.0,-233429000.0,-233429000.0,-233429000.0,0.0,0.0,-0.749,488699000.0,-300334000.0,120853000.0,-0.018,1.901,-2.282,-2.264,679187000.0,0.0,1512.6,1.71,1.731,74174000.0,-181270000.0,311511000.0,311511000.0,0.0,,,,-0.711,0.0,10910000.0,1.0,352145.0,356470,344855.0,873.877,952784000.0,0.0,-17898000.0,0.0,2672.831,64241000.0
92,CHKAQ,MRT,1997-09-30,1997-09-30,1997-09-30,2021-08-25,,,,,,,,,,,,,,,,,,,,,,0.004,8.0,,,,,,,,,,,,,,,,,,1.0,,,,,,,,,,,,,,801482213.0,,,,,,,,,,,,,,,,,,,,,,,,,,2276.0,,,,,,,,,,,,,,1.0,352145.0,351880,,,,,,,,
93,CHKAQ,MRT,1997-06-30,1997-06-30,1997-06-30,2021-08-25,0.0,949068000.0,760701500.0,297605000.0,651463000.0,0.354,872.441,-499234000.0,124017000.0,124017000.0,90247000.0,-183377000.0,2.034,2.308,510330000.0,1380000.0,508950000.0,510330000.0,0.0,105591000.0,0.0,0.002,4.0,-168400000.0,-62809000.0,-0.233,-62809000.0,-168400000.0,-186950000.0,-558.0,-558.0,-558.0,286889000.0,232328000.0,286889000.0,,,,-415145000.0,-1262.472,1.0,178845000.0,0.665,0.0,18550000.0,1189055000.0,938052000.0,4854000.0,104485000.0,104485000.0,0.0,662179000.0,146326000.0,515853000.0,699923571.0,72379000.0,-3048000.0,289478000.0,223045000.0,0.0,512144000.0,-523854000.0,-21572000.0,84089000.0,0.0,-183377000.0,-183377000.0,-183377000.0,0.0,0.0,-0.681,351848000.0,-173003000.0,123148000.0,-0.007,2.44,-3.817,-3.562,607366000.0,0.0,1987.6,2.601,2.429,63557000.0,-146805000.0,269092000.0,269092000.0,0.0,-0.241,-0.789,-0.18,-0.626,0.0,8802000.0,1.0,352145.0,328835,328835.0,818.319,949068000.0,0.0,-3573000.0,0.0,2886.153,151279000.0
94,CHKAQ,MRT,1997-03-31,1997-03-31,1997-03-31,2021-08-25,,,,,,,,,,,,,,,,,,,,,,0.0,0.0,,,,,,,,,,,,,,,,,,1.0,,,,,,,,,,,,,,,,,,,,,,,,,,,,,,,,,,,,,,,,4176.0,,,,,,,,,,,,,,1.0,,347670,,,,,,,,
95,CHKAQ,MRT,1996-06-30,1996-06-30,1996-06-30,2021-08-25,0.0,572335000.0,,109173000.0,463162000.0,,651.591,-344724000.0,51638000.0,51638000.0,40650000.0,23355000.0,1.003,2.22,275186000.0,6755000.0,268431000.0,275186000.0,0.0,52768000.0,0.0,0.0,0.0,49888000.0,102656000.0,0.705,102656000.0,49888000.0,36209000.0,86.0,80.0,86.0,177767000.0,,177767000.0,,,,-223752000.0,-820.145,1.0,104941000.0,0.721,0.0,13679000.0,687049000.0,,5163000.0,0.0,0.0,0.0,394568000.0,108834000.0,285734000.0,,-3897000.0,-363000.0,101487000.0,118033000.0,0.0,219520000.0,-344389000.0,698000.0,120972000.0,0.0,23355000.0,23355000.0,23355000.0,0.0,0.0,0.16,58884000.0,46057000.0,93135000.0,0.0,,,67.054,451174000.0,0.0,5766.667,,10.806,50214000.0,37977000.0,145591000.0,145591000.0,0.0,,,,0.343,0.0,4828000.0,1.0,,272820,291710.0,533.652,572335000.0,0.0,12854000.0,12185000.0,2097.848,339000.0
96,CHKAQ,MRT,1995-06-30,1995-06-30,1995-06-30,2021-08-25,,,,,,,,-113807000.0,,,12003000.0,11661000.0,,,,,,,,26628000.0,,0.0,0.0,17960000.0,44588000.0,0.662,44588000.0,17960000.0,17960000.0,44.0,42.0,44.0,,,,,,,-59076000.0,-224.521,1.0,55340000.0,0.822,,0.0,,,,,,,,,,,39310000.0,0.0,818000.0,96464000.0,0.0,97282000.0,-112703000.0,1104000.0,54731000.0,0.0,11661000.0,11661000.0,11661000.0,0.0,0.0,0.173,30753000.0,24587000.0,,0.0,,,26.01,,0.0,1144.444,,4.472,,,67343000.0,67343000.0,0.0,,,,0.267,0.0,3578000.0,1.0,,263120,279360.0,255.94,,,6299000.0,,,
