None,ticker,dimension,calendardate,datekey,reportperiod,lastupdated,accoci,assets,assetsavg,assetsc,assetsnc,assetturnover,bvps,capex,cashneq,cashnequsd,cor,consolinc,currentratio,de,debt,debtc,debtnc,debtusd,deferredrev,depamor,deposits,divyield,dps,ebit,ebitda,ebitdamargin,ebitdausd,ebitusd,ebt,eps,epsdil,epsusd,equity,equityavg,equityusd,ev,evebit,evebitda,fcf,fcfps,fxusd,gp,grossmargin,intangibles,intexp,invcap,invcapavg,inventory,investments,investmentsc,investmentsnc,liabilities,liabilitiesc,liabilitiesnc,marketcap,ncf,ncfbus,ncfcommon,ncfdebt,ncfdiv,ncff,ncfi,ncfinv,ncfo,ncfx,netinc,netinccmn,netinccmnusd,netincdis,netincnci,netmargin,opex,opinc,payables,payoutratio,pb,pe,pe1,ppnenet,prefdivis,price,ps,ps1,receivables,retearn,revenue,revenueusd,rnd,roa,roe,roic,ros,sbcomp,sgna,sharefactor,sharesbas,shareswa,shareswadil,sps,tangibles,taxassets,taxexp,taxliabilities,tbvps,workingcapital
0,URBN,MRY,2020-12-31,2021-01-31,2021-01-31,2021-09-09,-17120000.0,3546345000.0,3464625500.0,1223332000.0,2323013000.0,0.996,15.103,-159242000.0,395635000.0,395635000.0,2587843000.0,1236000.0,1.35,1.4,1328712000.0,254703000.0,1074009000.0,1328712000.0,0.0,300859000.0,0.0,0.0,0.0,6918000.0,307777000.0,0.089,307777000.0,6918000.0,3513000.0,0.01,0.01,0.01,1477358000.0,1389344500.0,1477358000.0,3381891431.0,489.0,10.988,126572000.0,1.294,1.0,861906000.0,0.25,0.0,3405000.0,3573290000.0,3444236500.0,389618000.0,298357000.0,174695000.0,123662000.0,2068987000.0,906132000.0,1162855000.0,2682280431.0,173796000.0,0.0,-10417000.0,0.0,0.0,-10417000.0,-101900000.0,57342000.0,285814000.0,299000.0,1236000.0,1236000.0,1236000.0,0.0,0.0,0.0,857934000.0,3972000.0,237386000.0,0.0,1.816,2170.13,2743.0,2082184000.0,0.0,27.43,0.778,0.778,89952000.0,1475108000.0,3449749000.0,3449749000.0,0.0,0.0,0.001,0.002,0.002,20300000.0,857934000.0,1.0,97786381.0,97817651,98522776.0,35.267,3546345000.0,117167000.0,2277000.0,0.0,36.255,317200000.0
1,URBN,MRY,2019-12-31,2020-01-31,2020-01-31,2021-09-09,-28004000.0,3315633000.0,3256522750.0,1053396000.0,2262237000.0,1.223,14.578,-217433000.0,221839000.0,221839000.0,2743963000.0,168096000.0,1.649,1.278,1359088000.0,221593000.0,1137495000.0,1359088000.0,0.0,302908000.0,0.0,0.0,0.0,240922000.0,543830000.0,0.137,543830000.0,240922000.0,239720000.0,1.68,1.67,1.68,1455355000.0,1423645750.0,1455355000.0,3674349781.0,15.0,6.756,56460000.0,0.566,1.0,1239826000.0,0.311,0.0,1202000.0,3814112000.0,3714622000.0,409534000.0,308549000.0,211453000.0,97096000.0,1860278000.0,638770000.0,1221508000.0,2508168781.0,-136421000.0,0.0,-222047000.0,0.0,0.0,-222047000.0,-186145000.0,31288000.0,273893000.0,-2122000.0,168096000.0,168096000.0,168096000.0,0.0,0.0,0.042,1007901000.0,231925000.0,167871000.0,0.0,1.723,14.921,15.238,2060563000.0,0.0,25.6,0.63,0.642,88288000.0,1473872000.0,3983789000.0,3983789000.0,0.0,0.052,0.118,0.065,0.06,21109000.0,993990000.0,1.0,97975343.0,99833011,100588677.0,39.905,3315633000.0,104578000.0,71624000.0,0.0,33.212,414626000.0
2,URBN,MRY,2018-12-31,2019-01-31,2019-01-31,2021-09-09,-27103000.0,2160515000.0,2141826750.0,1202756000.0,957759000.0,1.845,13.749,-114924000.0,358260000.0,358260000.0,2603911000.0,298003000.0,3.111,0.451,0.0,0.0,0.0,0.0,0.0,117986000.0,0.0,0.0,0.0,387304000.0,505290000.0,0.128,505290000.0,387304000.0,385553000.0,2.75,2.72,2.75,1489098000.0,1434948500.0,1489098000.0,3147824741.0,8.0,6.23,331700000.0,3.063,1.0,1346712000.0,0.341,0.0,1751000.0,1415611000.0,1368485000.0,370507000.0,336524000.0,279232000.0,57292000.0,671417000.0,386644000.0,284773000.0,3476845741.0,76040000.0,0.0,-118024000.0,0.0,0.0,-118024000.0,-244498000.0,-129574000.0,446624000.0,-8062000.0,298003000.0,298003000.0,298003000.0,0.0,0.0,0.075,965399000.0,381313000.0,144414000.0,0.0,2.335,11.667,11.745,796029000.0,0.0,32.3,0.88,0.885,80461000.0,1516190000.0,3950623000.0,3950623000.0,0.0,0.139,0.208,0.283,0.098,18104000.0,965399000.0,1.0,107642283.0,108303594,109706007.0,36.477,2160515000.0,104438000.0,87550000.0,0.0,19.949,816112000.0
3,URBN,MRY,2017-12-31,2018-01-31,2018-01-31,2021-09-09,-10651000.0,1952780000.0,1939225750.0,978757000.0,974023000.0,1.865,11.627,-83813000.0,282220000.0,282220000.0,2440507000.0,108263000.0,2.717,0.501,0.0,0.0,0.0,0.0,0.0,128408000.0,0.0,0.0,0.0,261366000.0,389774000.0,0.108,389774000.0,261366000.0,261366000.0,0.97,0.96,0.97,1300903000.0,1306803500.0,1300903000.0,3457629346.0,13.0,8.871,219246000.0,1.96,1.0,1175507000.0,0.325,0.0,0.0,1310346000.0,1300947750.0,351395000.0,223813000.0,165125000.0,58688000.0,651877000.0,360214000.0,291663000.0,3692355346.0,34080000.0,0.0,-159226000.0,0.0,0.0,-159226000.0,-121380000.0,-37567000.0,303059000.0,11627000.0,108263000.0,108263000.0,108263000.0,0.0,0.0,0.03,915615000.0,259892000.0,128246000.0,0.0,2.838,34.105,35.165,813768000.0,0.0,34.11,1.021,1.055,76962000.0,1310859000.0,3616014000.0,3616014000.0,0.0,0.056,0.083,0.201,0.072,14517000.0,915615000.0,1.0,108248471.0,111887308,112367924.0,32.318,1952780000.0,101567000.0,153103000.0,0.0,17.453,618543000.0
4,URBN,MRY,2016-12-31,2017-01-31,2017-01-31,2021-09-09,-34069000.0,1902637000.0,1869204500.0,881397000.0,1021240000.0,1.897,11.235,-143714000.0,248140000.0,248140000.0,2301181000.0,218120000.0,2.497,0.449,0.0,0.0,0.0,0.0,0.0,135330000.0,0.0,0.0,0.0,338099000.0,473429000.0,0.134,473429000.0,338099000.0,338099000.0,1.87,1.86,1.87,1313084000.0,1244947000.0,1313084000.0,2849958548.0,8.0,6.02,271538000.0,2.323,1.0,1244613000.0,0.351,0.0,0.0,1301569000.0,1297458250.0,338590000.0,155355000.0,111067000.0,44288000.0,589553000.0,352928000.0,236625000.0,3084844548.0,-17136000.0,-15325000.0,-43743000.0,-150000000.0,0.0,-193743000.0,-234622000.0,-75583000.0,415252000.0,-4023000.0,218120000.0,218120000.0,218120000.0,0.0,0.0,0.062,906086000.0,338527000.0,119537000.0,0.0,2.349,14.143,14.193,867786000.0,0.0,26.54,0.87,0.875,54505000.0,1347141000.0,3545794000.0,3545794000.0,0.0,0.117,0.175,0.261,0.095,18291000.0,906086000.0,1.0,116233781.0,116873023,117291117.0,30.339,1902637000.0,109166000.0,119979000.0,0.0,16.28,528469000.0
5,URBN,MRY,2015-12-31,2016-01-31,2016-01-31,2021-09-09,-23451000.0,1833301000.0,1883631250.0,834361000.0,998940000.0,1.829,9.081,-134950000.0,265276000.0,265276000.0,2243232000.0,224489000.0,2.534,0.612,150000000.0,0.0,150000000.0,150000000.0,0.0,142722000.0,0.0,0.0,0.0,350031000.0,492753000.0,0.143,492753000.0,350031000.0,350031000.0,1.79,1.78,1.79,1137227000.0,1232147250.0,1137227000.0,2649712148.0,8.0,5.377,284664000.0,2.273,1.0,1201902000.0,0.349,0.0,0.0,1388794000.0,1436812000.0,330223000.0,97661000.0,61061000.0,36600000.0,696074000.0,329231000.0,366843000.0,2684309148.0,110718000.0,0.0,-429024000.0,150000000.0,0.0,-279024000.0,-26765000.0,108185000.0,419614000.0,-3107000.0,224489000.0,224489000.0,224489000.0,0.0,0.0,0.065,848323000.0,353579000.0,118035000.0,0.0,2.36,11.957,12.782,863137000.0,0.0,22.88,0.779,0.832,75723000.0,1160666000.0,3445134000.0,3445134000.0,0.0,0.119,0.182,0.244,0.102,15623000.0,848323000.0,1.0,117321204.0,125232499,126013414.0,27.51,1833301000.0,99203000.0,125542000.0,0.0,14.639,505130000.0
6,URBN,MRY,2014-12-31,2015-01-31,2015-01-31,2021-09-09,-15427000.0,1888741000.0,1931729250.0,809117000.0,1079624000.0,1.72,9.718,-229804000.0,154558000.0,154558000.0,2148147000.0,232428000.0,2.287,0.422,0.0,0.0,0.0,0.0,0.0,138110000.0,0.0,0.0,0.0,363450000.0,501560000.0,0.151,501560000.0,363450000.0,363450000.0,1.7,1.68,1.7,1327969000.0,1357103500.0,1327969000.0,4460904826.0,12.0,8.894,92517000.0,0.677,1.0,1174930000.0,0.354,0.0,0.0,1380443000.0,1403490500.0,358237000.0,208694000.0,104246000.0,104448000.0,560772000.0,353740000.0,207032000.0,4589095826.0,-87500000.0,0.0,-604729000.0,0.0,0.0,-600907000.0,194834000.0,424638000.0,322321000.0,-3748000.0,232428000.0,232428000.0,232428000.0,0.0,0.0,0.07,809545000.0,365385000.0,156090000.0,0.0,3.456,19.744,20.506,889232000.0,0.0,34.86,1.381,1.434,70458000.0,1343383000.0,3323077000.0,3323077000.0,0.0,0.12,0.171,0.259,0.109,12914000.0,809545000.0,1.0,131643598.0,136651899,138192734.0,24.318,1888741000.0,104699000.0,131022000.0,0.0,13.822,455377000.0
7,URBN,MRY,2013-12-31,2014-01-31,2014-01-31,2021-09-09,-968000.0,2221214000.0,2050656000.0,994980000.0,1226234000.0,1.505,11.524,-186101000.0,242058000.0,242058000.0,1925266000.0,282360000.0,2.998,0.311,0.0,0.0,0.0,0.0,0.0,132664000.0,0.0,0.0,0.0,427518000.0,560182000.0,0.181,560182000.0,427518000.0,427518000.0,1.92,1.89,1.92,1694170000.0,1558859000.0,1694170000.0,5081699976.0,12.0,9.072,237054000.0,1.612,1.0,1161342000.0,0.376,0.0,0.0,1647326000.0,1501179000.0,311207000.0,648235000.0,281813000.0,366422000.0,527044000.0,331830000.0,195214000.0,5276628976.0,-3269000.0,0.0,24126000.0,0.0,0.0,33666000.0,-462222000.0,-276121000.0,423155000.0,2132000.0,282360000.0,282360000.0,282360000.0,0.0,0.0,0.091,734511000.0,426831000.0,137036000.0,0.0,3.115,18.688,18.656,806909000.0,0.0,35.82,1.71,1.706,55161000.0,1597439000.0,3086608000.0,3086608000.0,0.0,0.138,0.181,0.285,0.139,6202000.0,734511000.0,1.0,147309575.0,147014869,149225906.0,20.995,2221214000.0,81676000.0,145158000.0,0.0,15.109,663150000.0
8,URBN,MRY,2012-12-31,2013-01-31,2013-01-31,2021-09-09,-8782000.0,1797211000.0,1675683000.0,872284000.0,924927000.0,1.668,9.326,-168875000.0,245327000.0,245327000.0,1763394000.0,237314000.0,3.486,0.327,0.0,0.0,0.0,0.0,0.0,118664000.0,0.0,0.0,0.0,375572000.0,494236000.0,0.177,494236000.0,375572000.0,375572000.0,1.63,1.62,1.63,1354588000.0,1227740250.0,1354588000.0,6028324268.0,16.0,12.197,226805000.0,1.561,1.0,1031531000.0,0.369,0.0,0.0,1301689000.0,1235646500.0,282411000.0,378071000.0,228486000.0,149585000.0,442623000.0,250195000.0,192428000.0,6244972268.0,100054000.0,0.0,30671000.0,0.0,0.0,37384000.0,-333988000.0,-165113000.0,395680000.0,978000.0,237314000.0,237314000.0,237314000.0,0.0,0.0,0.085,657246000.0,374285000.0,99059000.0,0.0,4.61,26.315,26.258,733416000.0,0.0,42.8,2.234,2.224,39519000.0,1315079000.0,2794925000.0,2794925000.0,0.0,0.142,0.193,0.304,0.134,4179000.0,657246000.0,1.0,145910567.0,145253691,146663731.0,19.242,1797211000.0,56640000.0,138258000.0,0.0,12.373,622089000.0
9,URBN,MRY,2011-12-31,2012-01-31,2012-01-31,2021-09-09,-11512000.0,1483708000.0,1590374000.0,596992000.0,886716000.0,1.555,6.923,-190010000.0,145273000.0,145273000.0,1613265000.0,185251000.0,2.557,0.391,0.0,0.0,0.0,0.0,0.0,108112000.0,0.0,0.0,0.0,288831000.0,396943000.0,0.16,396943000.0,288831000.0,288831000.0,1.2,1.19,1.2,1066268000.0,1179218500.0,1066268000.0,3737974096.0,13.0,9.417,92692000.0,0.602,1.0,860536000.0,0.348,0.0,0.0,1104969000.0,1180869000.0,250073000.0,216767000.0,89854000.0,126913000.0,417440000.0,233466000.0,183974000.0,3821344096.0,-194984000.0,0.0,-541342000.0,0.0,0.0,-532347000.0,55292000.0,245302000.0,282702000.0,-631000.0,185251000.0,185251000.0,185251000.0,0.0,0.0,0.075,575811000.0,284725000.0,95754000.0,0.0,3.584,20.628,22.083,684979000.0,0.0,26.5,1.545,1.65,36673000.0,1077765000.0,2473801000.0,2473801000.0,0.0,0.116,0.157,0.245,0.117,-5927000.0,575811000.0,1.0,144201664.0,154025589,156191289.0,16.061,1483708000.0,80067000.0,103580000.0,0.0,9.633,363526000.0
10,URBN,MRY,2010-12-31,2011-01-31,2011-01-31,2021-09-09,-10262000.0,1794321000.0,1737884250.0,803977000.0,990344000.0,1.309,8.458,-143642000.0,340257000.0,340257000.0,1337482000.0,272958000.0,3.81,0.271,0.0,0.0,0.0,0.0,0.0,101105000.0,0.0,0.0,0.0,417208000.0,518313000.0,0.228,518313000.0,417208000.0,417208000.0,1.64,1.6,1.64,1411548000.0,1366220000.0,1411548000.0,5294416601.0,13.0,10.215,241471000.0,1.447,1.0,936620000.0,0.412,0.0,0.0,1243040000.0,1252198000.0,229561000.0,468408000.0,116420000.0,351988000.0,382773000.0,211024000.0,171749000.0,5547962601.0,181233000.0,0.0,-180589000.0,0.0,0.0,-167742000.0,-35535000.0,108107000.0,385113000.0,-603000.0,272958000.0,272958000.0,272958000.0,0.0,0.0,0.12,522417000.0,414203000.0,82904000.0,0.0,3.93,20.325,20.622,586346000.0,0.0,33.82,2.44,2.482,36502000.0,1394190000.0,2274102000.0,2274102000.0,0.0,0.157,0.2,0.333,0.183,-2122000.0,522417000.0,1.0,164043838.0,166896322,170333550.0,13.626,1794321000.0,66361000.0,144250000.0,0.0,10.751,592953000.0
11,URBN,MRY,2009-12-31,2010-01-31,2010-01-31,2021-09-09,-9094000.0,1636093000.0,1503380500.0,806213000.0,829880000.0,1.289,7.716,-109260000.0,159024000.0,159024000.0,1151670000.0,219893000.0,4.276,0.262,0.0,0.0,0.0,0.0,0.0,92350000.0,0.0,0.0,0.0,344406000.0,436756000.0,0.225,436756000.0,344406000.0,344406000.0,1.31,1.28,1.31,1296775000.0,1187260750.0,1296775000.0,5117217572.0,15.0,11.716,216134000.0,1.286,1.0,786145000.0,0.406,0.0,0.0,1288520000.0,1143563250.0,186130000.0,585957000.0,342512000.0,243445000.0,339318000.0,188549000.0,150769000.0,5319533572.0,-157011000.0,0.0,3250000.0,0.0,0.0,9688000.0,-494766000.0,-385506000.0,325394000.0,2673000.0,219893000.0,219893000.0,219893000.0,0.0,0.0,0.113,447161000.0,338984000.0,78041000.0,0.0,4.102,24.191,24.099,539961000.0,0.0,31.57,2.745,2.738,38405000.0,1121232000.0,1937815000.0,1937815000.0,0.0,0.146,0.185,0.301,0.178,-1672000.0,447161000.0,1.0,168499638.0,168053502,171230245.0,11.531,1636093000.0,58751000.0,124513000.0,0.0,9.736,617664000.0
12,URBN,MRY,2008-12-31,2009-01-31,2009-01-31,2021-09-09,-17747000.0,1329009000.0,1282777250.0,624402000.0,704607000.0,1.43,6.318,-112553000.0,316035000.0,316035000.0,1121140000.0,199364000.0,4.424,0.261,0.0,0.0,0.0,0.0,0.0,81949000.0,0.0,0.0,0.0,309490000.0,391439000.0,0.213,391439000.0,309490000.0,309490000.0,1.2,1.17,1.2,1053775000.0,987925500.0,1053775000.0,2541199823.0,8.0,6.492,139017000.0,0.833,1.0,713478000.0,0.389,0.0,0.0,871824000.0,939022750.0,169698000.0,205174000.0,49948000.0,155226000.0,275234000.0,141150000.0,134084000.0,2612913823.0,210764000.0,0.0,8891000.0,0.0,0.0,22325000.0,-56907000.0,55646000.0,251570000.0,-6224000.0,199364000.0,199364000.0,199364000.0,0.0,0.0,0.109,414043000.0,299435000.0,62955000.0,0.0,2.48,13.106,12.983,505407000.0,0.0,15.58,1.424,1.416,36390000.0,901339000.0,1834618000.0,1834618000.0,0.0,0.155,0.202,0.33,0.169,-9797000.0,414043000.0,1.0,167709488.0,166793062,170860605.0,10.999,1329009000.0,49893000.0,110126000.0,0.0,7.968,483252000.0
13,URBN,MRY,2007-12-31,2008-01-31,2008-01-31,2021-09-09,7235000.0,1142791000.0,1031821250.0,433610000.0,709181000.0,1.461,5.163,-115370000.0,105271000.0,105271000.0,930952000.0,160231000.0,2.591,0.339,0.0,0.0,0.0,0.0,0.0,70017000.0,0.0,0.0,0.0,234395000.0,304412000.0,0.202,304412000.0,234395000.0,234395000.0,0.97,0.94,0.97,853431000.0,776536000.0,853431000.0,4778129435.0,20.0,15.696,138983000.0,0.841,1.0,576772000.0,0.383,0.0,0.0,870142000.0,829390500.0,171925000.0,268379000.0,80127000.0,188252000.0,289360000.0,167378000.0,121982000.0,4814522435.0,78004000.0,0.0,5000000.0,0.0,0.0,12341000.0,-188902000.0,-73532000.0,254353000.0,212000.0,160231000.0,160231000.0,160231000.0,0.0,0.0,0.106,351827000.0,224945000.0,74020000.0,0.0,5.641,30.047,29.897,488889000.0,0.0,29.0,3.193,3.18,26365000.0,701975000.0,1507724000.0,1507724000.0,0.0,0.155,0.206,0.283,0.155,-4064000.0,351827000.0,1.0,166018015.0,165305207,169640585.0,9.121,1142791000.0,35724000.0,74164000.0,0.0,6.913,266232000.0
14,URBN,MRY,2006-12-31,2007-01-31,2007-01-31,2021-09-09,4284000.0,899251000.0,850610750.0,366405000.0,532846000.0,1.44,4.101,-212029000.0,27267000.0,27267000.0,772796000.0,116206000.0,2.708,0.332,0.0,0.0,0.0,0.0,0.0,55713000.0,0.0,0.0,0.0,170158000.0,225871000.0,0.184,225871000.0,170158000.0,170158000.0,0.71,0.69,0.71,675283000.0,627627250.0,675283000.0,3987889243.0,23.0,17.656,-24912000.0,-0.151,1.0,451921000.0,0.369,0.0,0.0,736666000.0,672990750.0,154387000.0,194333000.0,132011000.0,62322000.0,223968000.0,135318000.0,88650000.0,4018433243.0,-22645000.0,0.0,-14450000.0,0.0,0.0,-9056000.0,-201408000.0,10621000.0,187117000.0,702000.0,116206000.0,116206000.0,116206000.0,0.0,0.0,0.095,287932000.0,163989000.0,57934000.0,0.0,5.951,34.58,34.366,445698000.0,0.0,24.4,3.281,3.281,20871000.0,542396000.0,1224717000.0,1224717000.0,0.0,0.137,0.185,0.253,0.139,-1897000.0,287932000.0,1.0,164689887.0,164679786,168652005.0,7.437,899251000.0,29409000.0,53952000.0,0.0,5.461,231087000.0
15,URBN,MRY,2005-12-31,2006-01-31,2006-01-31,2021-09-09,528000.0,769205000.0,676428250.0,385183000.0,384022000.0,1.615,3.426,-123961000.0,49912000.0,49912000.0,643501000.0,130796000.0,2.885,0.371,0.0,0.0,0.0,0.0,0.0,39340000.0,0.0,0.0,0.0,212397000.0,251737000.0,0.231,251737000.0,212397000.0,212397000.0,0.8,0.77,0.8,560880000.0,498541250.0,560880000.0,4477788325.0,21.0,17.788,25230000.0,0.154,1.0,448606000.0,0.411,0.0,0.0,585785000.0,534477250.0,140377000.0,206631000.0,141883000.0,64748000.0,208325000.0,133508000.0,74817000.0,4497855325.0,20181000.0,0.0,15230000.0,0.0,0.0,15230000.0,-143675000.0,-19714000.0,149191000.0,-565000.0,130796000.0,130796000.0,130796000.0,0.0,0.0,0.12,240907000.0,207699000.0,41291000.0,0.0,8.019,34.388,34.138,299291000.0,0.0,27.31,4.119,4.094,14324000.0,426190000.0,1092107000.0,1092107000.0,0.0,0.193,0.262,0.397,0.194,14552000.0,240907000.0,1.0,164696277.0,163717726,169936041.0,6.671,769205000.0,24677000.0,81601000.0,0.0,4.698,251675000.0
16,URBN,MRY,2004-12-31,2005-01-31,2005-01-31,2021-09-09,2470000.0,556684000.0,484861000.0,287868000.0,268816000.0,1.707,2.492,-75141000.0,29731000.0,29731000.0,489000000.0,90489000.0,2.929,0.384,0.0,0.0,0.0,0.0,0.0,31858000.0,0.0,0.0,0.0,150192000.0,182050000.0,0.22,182050000.0,150192000.0,150192000.0,0.56,0.54,0.56,402244000.0,355799000.0,402244000.0,3416146158.0,23.0,18.765,74854000.0,0.464,1.0,338750000.0,0.409,0.0,0.0,428682000.0,379110750.0,98996000.0,189410000.0,125953000.0,63457000.0,154440000.0,98271000.0,56169000.0,3421559158.0,26412000.0,0.0,6917000.0,0.0,0.0,6917000.0,-130933000.0,-55792000.0,149995000.0,433000.0,90489000.0,90489000.0,90489000.0,0.0,0.0,0.109,190384000.0,148366000.0,39102000.0,0.0,8.506,37.812,37.562,192792000.0,0.0,21.035,4.134,4.102,8364000.0,295394000.0,827750000.0,827750000.0,0.0,0.187,0.254,0.396,0.181,14176000.0,190384000.0,1.0,162660288.0,161419898,167303450.0,5.128,556684000.0,17268000.0,59703000.0,0.0,3.449,189597000.0
17,URBN,MRY,2003-12-31,2004-01-31,2004-01-31,2021-09-09,1938000.0,384502000.0,327869750.0,175835000.0,208667000.0,1.672,1.847,-43455000.0,3319000.0,3319000.0,334888000.0,48376000.0,3.044,0.325,0.0,0.0,0.0,0.0,0.0,25010000.0,0.0,0.0,0.0,81304000.0,106314000.0,0.194,106314000.0,81304000.0,81304000.0,0.31,0.3,0.31,290130000.0,257673000.0,290130000.0,1567630515.0,19.0,14.745,36698000.0,0.234,1.0,213473000.0,0.389,0.0,0.0,323421000.0,243607500.0,63247000.0,136169000.0,83854000.0,52315000.0,94372000.0,57762000.0,36610000.0,1605026515.0,-29808000.0,0.0,8542000.0,0.0,0.0,8542000.0,-118901000.0,-75446000.0,80153000.0,398000.0,48376000.0,48376000.0,48376000.0,0.0,0.0,0.088,132767000.0,80706000.0,27353000.0,0.0,5.532,33.178,32.653,146826000.0,0.0,10.123,2.927,2.899,6711000.0,204905000.0,548361000.0,548361000.0,0.0,0.148,0.188,0.334,0.148,7581000.0,132767000.0,1.0,158560288.0,157069852,161662276.0,3.491,384502000.0,14358000.0,32928000.0,0.0,2.448,118073000.0
18,URBN,MRY,2002-12-31,2003-01-31,2003-01-31,2021-09-09,692000.0,279177000.0,263696000.0,145765000.0,133412000.0,1.603,1.485,-28886000.0,72127000.0,72127000.0,271963000.0,27413000.0,3.294,0.244,0.0,0.0,0.0,0.0,0.0,19950000.0,0.0,0.0,0.0,46073000.0,66023000.0,0.156,66023000.0,46073000.0,46073000.0,0.18,0.175,0.18,224385000.0,209070250.0,224385000.0,345374761.0,7.0,5.231,19544000.0,0.129,1.0,150791000.0,0.357,0.0,0.0,162797000.0,151932250.0,50006000.0,23019000.0,7379000.0,15640000.0,54792000.0,44253000.0,10539000.0,396929761.0,4876000.0,0.0,47042000.0,0.0,0.0,47042000.0,-91241000.0,-62355000.0,48430000.0,645000.0,27413000.0,27413000.0,27413000.0,0.0,0.0,0.065,105392000.0,45399000.0,19186000.0,0.0,1.769,14.48,14.222,108847000.0,0.0,2.56,0.939,0.915,3262000.0,156529000.0,422754000.0,422754000.0,0.0,0.104,0.131,0.303,0.109,2248000.0,105392000.0,1.0,155050688.0,151105824,155107616.0,2.798,279177000.0,13283000.0,18660000.0,0.0,1.848,101512000.0
19,URBN,MRY,2001-12-31,2002-01-31,2002-01-31,2021-09-09,-1102000.0,195102000.0,183684250.0,82149000.0,112953000.0,1.9,1.056,-22309000.0,28251000.0,28251000.0,235311000.0,15007000.0,2.012,0.337,0.0,0.0,0.0,0.0,0.0,15462000.0,0.0,0.0,0.0,25222000.0,40684000.0,0.117,40684000.0,25222000.0,25222000.0,0.11,0.107,0.11,145888000.0,137233500.0,145888000.0,444345586.0,18.0,10.922,10431000.0,0.076,1.0,113647000.0,0.326,0.0,0.0,126021000.0,130443250.0,41086000.0,32000.0,32000.0,0.0,49214000.0,40830000.0,8384000.0,451876586.0,11965000.0,0.0,1281000.0,0.0,0.0,1281000.0,-22002000.0,307000.0,32740000.0,-54000.0,15007000.0,15007000.0,15007000.0,0.0,0.0,0.043,88149000.0,25498000.0,20838000.0,0.0,3.097,30.111,29.705,105505000.0,0.0,3.268,1.295,1.294,4129000.0,129116000.0,348958000.0,348958000.0,0.0,0.082,0.109,0.193,0.072,323000.0,88149000.0,1.0,138294288.0,138148920,139507656.0,2.526,195102000.0,10229000.0,10215000.0,0.0,1.412,41319000.0
20,URBN,MRY,2000-12-31,2001-01-31,2001-01-31,2021-09-09,-767000.0,168716000.0,161858500.0,64973000.0,103743000.0,1.825,0.939,-36877000.0,16286000.0,16286000.0,200002000.0,10495000.0,1.95,0.302,0.0,0.0,0.0,0.0,0.0,11997000.0,0.0,0.0,0.0,17787000.0,29784000.0,0.101,29784000.0,17787000.0,17787000.0,0.076,0.076,0.076,129612000.0,125459000.0,129612000.0,145967688.0,8.0,4.901,-13997000.0,-0.101,1.0,95331000.0,0.323,0.0,0.0,119112000.0,120984750.0,34786000.0,314000.0,314000.0,0.0,39104000.0,33318000.0,5786000.0,153124688.0,3559000.0,0.0,-1412000.0,0.0,0.0,-1412000.0,-17547000.0,19330000.0,22880000.0,-362000.0,10495000.0,10495000.0,10495000.0,0.0,0.0,0.036,77453000.0,17878000.0,19387000.0,0.0,1.181,14.59,14.597,97901000.0,0.0,1.109,0.518,0.519,3444000.0,114109000.0,295333000.0,295333000.0,0.0,0.065,0.084,0.147,0.06,0.0,77453000.0,1.0,138027888.0,138057488,138198640.0,2.139,168716000.0,8683000.0,7292000.0,0.0,1.222,31655000.0
21,URBN,MRY,1999-12-31,2000-01-31,2000-01-31,2021-09-09,-380000.0,153501000.0,146670750.0,66078000.0,87423000.0,1.896,0.862,-38149000.0,12727000.0,12727000.0,173459000.0,18680000.0,2.354,0.269,0.0,0.0,0.0,0.0,0.0,8667000.0,0.0,0.0,0.0,34849000.0,43516000.0,0.156,43516000.0,34849000.0,34849000.0,0.134,0.131,0.134,120916000.0,113755250.0,120916000.0,230553754.0,7.0,5.298,-12265000.0,-0.087,1.0,104654000.0,0.376,0.0,0.0,112702000.0,107272250.0,26868000.0,19871000.0,11225000.0,8646000.0,32585000.0,28072000.0,4513000.0,237859754.0,-12438000.0,-600000.0,-4768000.0,0.0,0.0,-4768000.0,-33641000.0,5108000.0,25884000.0,87000.0,18680000.0,18680000.0,18680000.0,0.0,0.0,0.067,67089000.0,37565000.0,16760000.0,0.0,1.967,12.733,12.593,72819000.0,0.0,1.688,0.855,0.851,4825000.0,103614000.0,278113000.0,278113000.0,0.0,0.127,0.164,0.325,0.125,1623000.0,67089000.0,1.0,140953928.0,140255768,142754848.0,1.983,153501000.0,2947000.0,16169000.0,0.0,1.094,38006000.0
22,URBN,MRY,1998-12-31,1999-01-31,1999-01-31,2021-09-09,-467000.0,133363000.0,126168500.0,71555000.0,61808000.0,1.663,0.743,-21521000.0,25165000.0,25165000.0,131055000.0,15760000.0,2.955,0.267,0.0,0.0,0.0,0.0,0.0,5621000.0,0.0,0.0,0.0,26712000.0,32333000.0,0.154,32333000.0,26712000.0,26712000.0,0.111,0.11,0.111,105294000.0,99085250.0,105294000.0,264940568.0,10.0,8.194,5723000.0,0.04,1.0,78810000.0,0.376,0.0,0.0,83985000.0,78634250.0,21881000.0,25250000.0,13032000.0,12218000.0,28069000.0,24213000.0,3856000.0,288976568.0,-1547000.0,-3754000.0,-657000.0,0.0,0.0,-657000.0,-27667000.0,-2392000.0,27244000.0,-467000.0,15760000.0,15760000.0,15760000.0,0.0,0.0,0.075,53693000.0,25117000.0,14763000.0,0.0,2.744,18.336,18.367,43066000.0,0.0,2.039,1.377,1.376,4824000.0,84934000.0,209865000.0,209865000.0,0.0,0.125,0.159,0.34,0.127,0.0,53693000.0,1.0,141742032.0,141623376,143432872.0,1.482,133363000.0,1924000.0,10952000.0,1300000.0,0.942,47342000.0
23,URBN,MRY,1997-12-31,1998-01-31,1998-01-31,2021-09-09,0.0,107424000.0,101413750.0,65793000.0,41631000.0,1.707,0.645,-6272000.0,26712000.0,26712000.0,113031000.0,13880000.0,4.816,0.185,0.0,0.0,0.0,0.0,0.0,4588000.0,0.0,0.0,0.0,23625000.0,28213000.0,0.163,28213000.0,23625000.0,23625000.0,0.099,0.098,0.099,90658000.0,84000500.0,90658000.0,280317120.0,12.0,9.936,12601000.0,0.09,1.0,60090000.0,0.347,0.0,0.0,67052000.0,66808500.0,17128000.0,22858000.0,10865000.0,11993000.0,16766000.0,13660000.0,3106000.0,299971120.0,12131000.0,0.0,1086000.0,0.0,0.0,1086000.0,-7828000.0,-1556000.0,18873000.0,0.0,13880000.0,13880000.0,13880000.0,0.0,0.0,0.08,38028000.0,22062000.0,10386000.0,0.0,3.309,21.612,21.465,26893000.0,0.0,2.125,1.733,1.726,4497000.0,69174000.0,173121000.0,173121000.0,0.0,0.137,0.165,0.354,0.136,0.0,38028000.0,1.0,141162880.0,140609624,142750984.0,1.231,107424000.0,1929000.0,9745000.0,366000.0,0.764,52133000.0
24,URBN,MRY,1996-12-31,1997-01-31,1997-01-31,2021-09-09,0.0,89675000.0,80396000.0,50864000.0,38811000.0,1.946,0.543,-11980000.0,14581000.0,14581000.0,99327000.0,13260000.0,4.375,0.185,0.0,0.0,0.0,0.0,0.0,3461000.0,0.0,0.0,0.0,22669000.0,26130000.0,0.167,26130000.0,22669000.0,22669000.0,0.095,0.094,0.095,75692000.0,67572000.0,75692000.0,,,,-2937000.0,-0.021,1.0,57087000.0,0.365,0.0,0.0,63469000.0,52209500.0,16965000.0,21302000.0,9255000.0,12047000.0,13983000.0,11625000.0,2358000.0,212623107.0,-5514000.0,0.0,2979000.0,0.0,0.0,2979000.0,-17536000.0,-5556000.0,9043000.0,0.0,13260000.0,13260000.0,13260000.0,0.0,0.0,0.085,35731000.0,21356000.0,8699000.0,0.0,2.809,16.035,15.961,25209000.0,0.0,1.516,1.359,1.352,2827000.0,55294000.0,156414000.0,156414000.0,0.0,0.165,0.196,0.434,0.145,0.0,35731000.0,1.0,140229584.0,139435000,141781032.0,1.122,89675000.0,2460000.0,9409000.0,388000.0,0.643,39239000.0
25,URBN,MRY,1995-12-31,1996-01-31,1996-01-31,2021-09-09,0.0,71117000.0,,46559000.0,24558000.0,,0.436,-6229000.0,20095000.0,20095000.0,65453000.0,12308000.0,4.623,0.196,0.0,0.0,0.0,0.0,0.0,2925000.0,0.0,0.0,0.0,21130000.0,24055000.0,0.181,24055000.0,21130000.0,21130000.0,0.09,0.087,0.09,59452000.0,,59452000.0,,,,9422000.0,0.069,1.0,67583000.0,0.508,0.0,0.0,40950000.0,,10477000.0,15746000.0,9499000.0,6247000.0,11665000.0,10072000.0,1593000.0,,10986000.0,0.0,393000.0,0.0,0.0,393000.0,-5058000.0,1171000.0,15651000.0,0.0,12308000.0,12308000.0,12308000.0,0.0,0.0,0.093,47716000.0,19867000.0,6898000.0,0.0,,,17.104,16690000.0,0.0,1.539,,1.576,1573000.0,42034000.0,133036000.0,133036000.0,0.0,,,,0.159,0.0,47716000.0,1.0,,136230848,139901384.0,0.977,71117000.0,1679000.0,8822000.0,0.0,0.522,36487000.0
26,URBN,MRY,1994-12-31,1995-01-31,1995-01-31,2021-09-09,,,,,,,,-8439000.0,,,52787000.0,10817000.0,,,,,,,,2061000.0,,0.0,0.0,18650000.0,20711000.0,0.188,20711000.0,18650000.0,18650000.0,0.077,,0.077,,,,,,,370000.0,0.003,1.0,57334000.0,0.521,,0.0,,,,,,,,,,,-6400000.0,0.0,436000.0,0.0,0.0,436000.0,-15645000.0,-7206000.0,8809000.0,0.0,10817000.0,10817000.0,10817000.0,0.0,0.0,0.098,39758000.0,17576000.0,,0.0,,,20.901,,0.0,1.609,,2.055,,,110121000.0,110121000.0,0.0,,,,0.169,0.0,39758000.0,1.0,,140604864,,0.783,,,7833000.0,,,
0,URBN,MRQ,2021-06-30,2021-07-31,2021-07-31,2021-09-09,-13088000.0,3742888000.0,,1395413000.0,2347475000.0,,16.98,-63035000.0,464811000.0,464811000.0,722460000.0,127262000.0,1.474,1.242,1273550000.0,243338000.0,1030212000.0,1273550000.0,0.0,75265000.0,0.0,0.0,0.0,164056000.0,239321000.0,0.207,239321000.0,164056000.0,164056000.0,1.29,1.28,1.29,1669420000.0,,1669420000.0,4598548692.0,12.0,6.862,95052000.0,0.967,1.0,435265000.0,0.376,0.0,0.0,3605262000.0,,483148000.0,270231000.0,156982000.0,113249000.0,2073468000.0,946365000.0,1127103000.0,3656341692.0,100564000.0,0.0,1598000.0,0.0,0.0,1598000.0,-59339000.0,3696000.0,158087000.0,218000.0,127262000.0,127262000.0,127262000.0,0.0,0.0,0.11,269412000.0,165853000.0,240245000.0,0.0,2.19,12.781,12.777,2116670000.0,0.0,37.18,0.883,0.882,94402000.0,1655917000.0,1157725000.0,1157725000.0,0.0,,,,,7398000.0,269412000.0,1.0,98341627.0,98315441,99601292.0,11.776,3742888000.0,117556000.0,36794000.0,0.0,38.07,449048000.0
1,URBN,MRQ,2021-03-31,2021-04-30,2021-04-30,2021-09-09,-11741000.0,3579607000.0,,1281029000.0,2298578000.0,,15.641,-42589000.0,364247000.0,364247000.0,626764000.0,53547000.0,1.437,1.333,1306454000.0,246226000.0,1060228000.0,1306454000.0,0.0,71055000.0,0.0,0.0,0.0,73348000.0,144403000.0,0.156,144403000.0,73348000.0,73348000.0,0.55,0.54,0.55,1534509000.0,,1534509000.0,4459000059.0,16.0,7.762,-5483000.0,-0.056,1.0,300651000.0,0.324,0.0,0.0,3630214000.0,,477777000.0,265110000.0,164430000.0,100680000.0,2045098000.0,891600000.0,1153498000.0,3525923059.0,-31388000.0,0.0,-6345000.0,0.0,0.0,-6345000.0,-63630000.0,-21041000.0,37106000.0,1481000.0,53547000.0,53547000.0,53547000.0,0.0,0.0,0.058,227148000.0,73503000.0,251944000.0,0.0,2.298,18.248,18.223,2082010000.0,0.0,35.9,0.931,0.93,85307000.0,1528655000.0,927415000.0,927415000.0,0.0,,,,,4570000.0,227148000.0,1.0,98215127.0,98108245,99322220.0,9.453,3579607000.0,115888000.0,19801000.0,0.0,36.486,389429000.0
2,URBN,MRQ,2020-12-31,2021-01-31,2021-01-31,2021-09-09,-17120000.0,3546345000.0,,1223332000.0,2323013000.0,,15.106,-70089000.0,395635000.0,395635000.0,799309000.0,28574000.0,1.35,1.4,1328712000.0,254703000.0,1074009000.0,1328712000.0,0.0,75353000.0,0.0,0.0,0.0,38987000.0,114340000.0,0.105,114340000.0,38987000.0,35582000.0,0.29,0.29,0.29,1477358000.0,,1477358000.0,3381891431.0,489.0,10.988,1056000.0,0.011,1.0,289084000.0,0.266,0.0,3405000.0,3573290000.0,,389618000.0,298357000.0,174695000.0,123662000.0,2068987000.0,906132000.0,1162855000.0,2682280431.0,-229310000.0,0.0,421000.0,0.0,0.0,421000.0,-303801000.0,-233712000.0,71145000.0,2925000.0,28574000.0,28574000.0,28574000.0,0.0,0.0,0.026,254304000.0,34780000.0,237386000.0,0.0,1.816,2170.13,2743.0,2082184000.0,0.0,27.43,0.778,0.778,89952000.0,1475108000.0,1088393000.0,1088393000.0,0.0,,,,,3270000.0,254304000.0,1.0,97786381.0,97798760,100619260.0,11.129,3546345000.0,117167000.0,7008000.0,0.0,36.262,317200000.0
3,URBN,MRQ,2020-09-30,2020-10-31,2020-10-31,2021-09-09,-30894000.0,3530675000.0,,1371561000.0,2159114000.0,,14.637,-17050000.0,624945000.0,624945000.0,646666000.0,76704000.0,1.448,1.467,1324556000.0,255122000.0,1069434000.0,1324556000.0,0.0,74463000.0,0.0,0.0,0.0,97618000.0,172081000.0,0.177,172081000.0,97618000.0,97618000.0,0.78,0.78,0.78,1431319000.0,,1431319000.0,3014263752.0,345.0,9.682,82403000.0,0.843,1.0,322941000.0,0.333,0.0,0.0,3283388000.0,,489234000.0,9352000.0,2000.0,9350000.0,2099356000.0,946898000.0,1152458000.0,2184547752.0,-37915000.0,0.0,-60000.0,-120000000.0,0.0,-120060000.0,-16103000.0,947000.0,99453000.0,-1205000.0,76704000.0,76704000.0,76704000.0,0.0,0.0,0.079,224433000.0,98508000.0,349793000.0,0.0,1.526,-280.106,-279.25,2032059000.0,0.0,22.34,0.619,0.619,87187000.0,1446534000.0,969607000.0,969607000.0,0.0,,,,,5773000.0,224433000.0,1.0,97786381.0,97784661,98583032.0,9.916,3530675000.0,117705000.0,20914000.0,0.0,36.107,424663000.0
4,URBN,MRQ,2020-06-30,2020-07-31,2020-07-31,2021-09-09,-29203000.0,3425278000.0,,1270966000.0,2154312000.0,,13.813,-28585000.0,662860000.0,662860000.0,565228000.0,34400000.0,1.648,1.536,1492576000.0,270326000.0,1222250000.0,1492576000.0,0.0,74749000.0,0.0,0.0,0.0,68886000.0,143635000.0,0.179,143635000.0,68886000.0,68886000.0,0.35,0.35,0.35,1350593000.0,,1350593000.0,2581137352.0,-198.0,8.859,146283000.0,1.496,1.0,238038000.0,0.296,0.0,0.0,3483778000.0,,351771000.0,9717000.0,501000.0,9216000.0,2074685000.0,771216000.0,1303469000.0,1617274352.0,74120000.0,0.0,-22000.0,-100000000.0,0.0,-100022000.0,-4219000.0,24366000.0,174868000.0,3493000.0,34400000.0,34400000.0,34400000.0,0.0,0.0,0.043,168619000.0,69419000.0,207261000.0,0.0,1.197,-56.056,-57.034,2023804000.0,0.0,16.54,0.456,0.456,60441000.0,1369830000.0,803266000.0,803266000.0,0.0,,,,,6385000.0,168619000.0,1.0,97779586.0,97778749,98104918.0,8.215,3425278000.0,121292000.0,34486000.0,0.0,35.031,499750000.0
5,URBN,MRQ,2020-03-31,2020-04-30,2020-04-30,2021-09-09,-40925000.0,3356204000.0,,1176928000.0,2179276000.0,,13.258,-43518000.0,588740000.0,588740000.0,576640000.0,-138442000.0,1.332,1.585,1552603000.0,463671000.0,1088932000.0,1552603000.0,0.0,76294000.0,0.0,0.0,0.0,-198573000.0,-122279000.0,-0.208,-122279000.0,-198573000.0,-198573000.0,-1.41,-1.41,-1.41,1298108000.0,,1298108000.0,2832707763.0,-8070.0,9.305,-103170000.0,-1.054,1.0,11843000.0,0.02,0.0,0.0,3436490000.0,,335640000.0,78393000.0,65121000.0,13272000.0,2058096000.0,883577000.0,1174519000.0,1695458763.0,366901000.0,0.0,-10756000.0,220000000.0,0.0,209244000.0,222223000.0,265741000.0,-59652000.0,-4914000.0,-138442000.0,-138442000.0,-138442000.0,0.0,0.0,-0.235,210578000.0,-198735000.0,104702000.0,0.0,1.306,-578.457,-578.0,1996950000.0,0.0,17.34,0.457,0.458,55910000.0,1335430000.0,588483000.0,588483000.0,0.0,,,,,4872000.0,210578000.0,1.0,97777322.0,97910314,97910314.0,6.01,3356204000.0,169054000.0,-60131000.0,0.0,34.278,293351000.0
6,URBN,MRQ,2019-12-31,2020-01-31,2020-01-31,2021-09-09,-28004000.0,3315633000.0,,1053396000.0,2262237000.0,,14.857,-46312000.0,221839000.0,221839000.0,835785000.0,19539000.0,1.649,1.278,1359088000.0,221593000.0,1137495000.0,1359088000.0,0.0,77081000.0,0.0,0.0,0.0,40818000.0,117899000.0,0.101,117899000.0,40818000.0,39616000.0,0.2,0.2,0.2,1455355000.0,,1455355000.0,3674349781.0,15.0,6.756,106179000.0,1.084,1.0,333793000.0,0.285,0.0,1202000.0,3814112000.0,,409534000.0,308549000.0,211453000.0,97096000.0,1860278000.0,638770000.0,1221508000.0,2508168781.0,54769000.0,0.0,-26000.0,0.0,0.0,-26000.0,-98331000.0,-52019000.0,152491000.0,635000.0,19539000.0,19539000.0,19539000.0,0.0,0.0,0.017,295218000.0,38575000.0,167871000.0,0.0,1.723,14.921,15.238,2060563000.0,0.0,25.6,0.63,0.642,88288000.0,1473872000.0,1169578000.0,1169578000.0,0.0,,,,,4302000.0,281307000.0,1.0,97975343.0,97955866,98913633.0,11.94,3315633000.0,104578000.0,20077000.0,0.0,33.848,414626000.0
7,URBN,MRQ,2019-09-30,2019-10-31,2019-10-31,2021-09-09,-29691000.0,3320593000.0,,1113013000.0,2207580000.0,,14.594,-54656000.0,167070000.0,167070000.0,666367000.0,55652000.0,1.565,1.322,1333251000.0,213911000.0,1119340000.0,1333251000.0,0.0,76259000.0,0.0,0.0,0.0,75845000.0,152104000.0,0.154,152104000.0,75845000.0,75845000.0,0.57,0.56,0.57,1429853000.0,,1429853000.0,3949569344.0,12.0,6.908,5493000.0,0.056,1.0,321102000.0,0.325,0.0,0.0,3775722000.0,,531565000.0,253818000.0,170697000.0,83121000.0,1890740000.0,711052000.0,1179688000.0,2811892344.0,5052000.0,0.0,-145000.0,0.0,0.0,-145000.0,-56666000.0,-2010000.0,60149000.0,1714000.0,55652000.0,55652000.0,55652000.0,0.0,0.0,0.056,245833000.0,75269000.0,232901000.0,0.0,1.967,11.967,12.533,2009818000.0,0.0,28.7,0.713,0.713,99971000.0,1454333000.0,987469000.0,987469000.0,0.0,,,,,5346000.0,245833000.0,1.0,97975343.0,97972864,98628169.0,10.079,3320593000.0,114641000.0,20193000.0,0.0,33.893,401961000.0
8,URBN,MRQ,2019-06-30,2019-07-31,2019-07-31,2021-09-09,-37287000.0,3138045000.0,,1000397000.0,2137648000.0,,13.738,-78749000.0,162018000.0,162018000.0,646454000.0,60320000.0,1.598,1.305,1299695000.0,209072000.0,1090623000.0,1299695000.0,0.0,75133000.0,0.0,0.0,0.0,81559000.0,156692000.0,0.163,156692000.0,81559000.0,81559000.0,0.61,0.61,0.61,1361404000.0,,1361404000.0,3347970936.0,10.0,6.127,-43389000.0,-0.438,1.0,315875000.0,0.328,0.0,0.0,3649589000.0,,440087000.0,250255000.0,171398000.0,78857000.0,1776641000.0,626133000.0,1150508000.0,2332546936.0,-129181000.0,0.0,-146225000.0,0.0,0.0,-146225000.0,-15297000.0,63452000.0,35360000.0,-3019000.0,60320000.0,60320000.0,60320000.0,0.0,0.0,0.063,237814000.0,78061000.0,181955000.0,0.0,1.713,9.082,9.798,1952977000.0,0.0,23.81,0.594,0.6,95131000.0,1398681000.0,962329000.0,962329000.0,0.0,,,,,5908000.0,237814000.0,1.0,97965012.0,99095562,99602465.0,9.711,3138045000.0,105814000.0,21239000.0,0.0,31.667,374264000.0
9,URBN,MRQ,2019-03-31,2019-04-30,2019-04-30,2021-09-09,-30717000.0,3251820000.0,,1139297000.0,2112523000.0,,13.864,-37716000.0,291199000.0,291199000.0,595357000.0,32585000.0,1.758,1.246,1306623000.0,214443000.0,1092180000.0,1306623000.0,0.0,74435000.0,0.0,0.0,0.0,42700000.0,117135000.0,0.136,117135000.0,42700000.0,42700000.0,0.31,0.31,0.31,1447971000.0,,1447971000.0,2720559892.0,7.0,5.057,-11823000.0,-0.113,1.0,269056000.0,0.311,0.0,0.0,3619065000.0,,408362000.0,323057000.0,229163000.0,93894000.0,1803849000.0,648179000.0,1155670000.0,3078819892.0,-67061000.0,0.0,-75651000.0,0.0,0.0,-75651000.0,-15851000.0,21865000.0,25893000.0,-1452000.0,32585000.0,32585000.0,32585000.0,0.0,0.0,0.038,229036000.0,40020000.0,174258000.0,0.0,2.126,10.641,11.135,1917362000.0,0.0,29.73,0.778,0.784,88390000.0,1478678000.0,864413000.0,864413000.0,0.0,,,,,5553000.0,229036000.0,1.0,103559364.0,104437460,105340148.0,8.277,3251820000.0,101267000.0,10115000.0,0.0,31.137,491118000.0
10,URBN,MRQ,2018-12-31,2019-01-31,2019-01-31,2021-09-09,-27103000.0,2160515000.0,,1202756000.0,957759000.0,,13.903,-24945000.0,358260000.0,358260000.0,756438000.0,86414000.0,3.111,0.451,0.0,0.0,0.0,0.0,0.0,28667000.0,0.0,0.0,0.0,117138000.0,145805000.0,0.129,145805000.0,117138000.0,115387000.0,0.8,0.8,0.8,1489098000.0,,1489098000.0,3147824741.0,8.0,6.23,151496000.0,1.414,1.0,372510000.0,0.33,0.0,1751000.0,1415611000.0,,370507000.0,336524000.0,279232000.0,57292000.0,671417000.0,386644000.0,284773000.0,3476845741.0,29239000.0,0.0,-63943000.0,0.0,0.0,-63943000.0,-85540000.0,-60595000.0,176441000.0,2281000.0,86414000.0,86414000.0,86414000.0,0.0,0.0,0.077,258302000.0,114208000.0,144414000.0,0.0,2.335,11.667,11.745,796029000.0,0.0,32.3,0.88,0.885,80461000.0,1516190000.0,1128948000.0,1128948000.0,0.0,,,,,1028000.0,258302000.0,1.0,107642283.0,107106651,108376713.0,10.54,2160515000.0,104438000.0,28973000.0,0.0,20.172,816112000.0
11,URBN,MRQ,2018-09-30,2018-10-31,2018-10-31,2021-09-09,-32093000.0,2197042000.0,,1248799000.0,948243000.0,,13.427,-34337000.0,329021000.0,329021000.0,635835000.0,77520000.0,2.745,0.504,0.0,0.0,0.0,0.0,0.0,29161000.0,0.0,0.0,0.0,97592000.0,126753000.0,0.13,126753000.0,97592000.0,97592000.0,0.71,0.7,0.71,1460609000.0,,1460609000.0,3900727631.0,11.0,8.093,17044000.0,0.157,1.0,337698000.0,0.347,0.0,0.0,1413048000.0,,451659000.0,273424000.0,237391000.0,36033000.0,736433000.0,454973000.0,281460000.0,4306454631.0,-76706000.0,0.0,-61177000.0,0.0,0.0,-61177000.0,-64522000.0,-30185000.0,51381000.0,-2388000.0,77520000.0,77520000.0,77520000.0,0.0,0.0,0.08,241341000.0,96357000.0,191684000.0,0.0,2.948,20.227,20.133,808883000.0,0.0,39.46,1.101,1.098,90954000.0,1492691000.0,973533000.0,973533000.0,0.0,,,,,6086000.0,241341000.0,1.0,109134684.0,108778483,110262879.0,8.95,2197042000.0,103327000.0,20072000.0,0.0,20.197,793826000.0
12,URBN,MRQ,2018-06-30,2018-07-31,2018-07-31,2021-09-09,-26601000.0,2158535000.0,,1201768000.0,956767000.0,,13.265,-31008000.0,405727000.0,405727000.0,636610000.0,92809000.0,2.795,0.495,0.0,0.0,0.0,0.0,0.0,29694000.0,0.0,0.0,0.0,118598000.0,148292000.0,0.149,148292000.0,118598000.0,118598000.0,0.85,0.84,0.85,1443672000.0,,1443672000.0,4518103147.0,13.0,9.832,133679000.0,1.228,1.0,355844000.0,0.359,0.0,0.0,1322870000.0,,375657000.0,243680000.0,198166000.0,45514000.0,714863000.0,429938000.0,284925000.0,4831816147.0,92014000.0,0.0,6870000.0,0.0,0.0,6870000.0,-74965000.0,-43957000.0,164687000.0,-4578000.0,92809000.0,92809000.0,92809000.0,0.0,0.0,0.094,238992000.0,116852000.0,149947000.0,0.0,3.347,26.772,26.747,807084000.0,0.0,44.4,1.262,1.262,90646000.0,1451492000.0,992454000.0,992454000.0,0.0,,,,,5466000.0,238992000.0,1.0,108824688.0,108831399,110433840.0,9.119,2158535000.0,104169000.0,25789000.0,0.0,19.834,771830000.0
13,URBN,MRQ,2018-03-31,2018-04-30,2018-04-30,2021-09-09,-18713000.0,2051215000.0,,1097138000.0,954077000.0,,12.41,-24634000.0,313713000.0,313713000.0,575028000.0,41260000.0,2.643,0.523,0.0,0.0,0.0,0.0,0.0,30464000.0,0.0,0.0,0.0,53976000.0,84440000.0,0.099,84440000.0,53976000.0,53976000.0,0.38,0.38,0.38,1346415000.0,,1346415000.0,4088284912.0,14.0,9.717,29481000.0,0.272,1.0,280660000.0,0.328,0.0,0.0,1322411000.0,,404617000.0,201446000.0,166367000.0,35079000.0,704800000.0,415091000.0,289709000.0,4370504912.0,31493000.0,0.0,226000.0,0.0,0.0,226000.0,-19471000.0,5163000.0,54115000.0,-3377000.0,41260000.0,41260000.0,41260000.0,0.0,0.0,0.048,226764000.0,53896000.0,158870000.0,0.0,3.246,31.766,32.216,819725000.0,0.0,40.27,1.178,1.177,88936000.0,1358683000.0,855688000.0,855688000.0,0.0,,,,,5524000.0,226764000.0,1.0,108530045.0,108490926,109743677.0,7.887,2051215000.0,99273000.0,12716000.0,0.0,18.907,682047000.0
14,URBN,MRQ,2017-12-31,2018-01-31,2018-01-31,2021-09-09,-10651000.0,1952780000.0,,978757000.0,974023000.0,,12.022,-20475000.0,282220000.0,282220000.0,748481000.0,1318000.0,2.717,0.501,0.0,0.0,0.0,0.0,0.0,31442000.0,0.0,0.0,0.0,91089000.0,122531000.0,0.113,122531000.0,91089000.0,91089000.0,0.02,0.02,0.02,1300903000.0,,1300903000.0,3457629346.0,13.0,8.871,112936000.0,1.044,1.0,340638000.0,0.313,0.0,0.0,1310346000.0,,351395000.0,223813000.0,165125000.0,58688000.0,651877000.0,360214000.0,291663000.0,3692355346.0,47494000.0,0.0,-2000.0,0.0,0.0,-2000.0,-93041000.0,-72566000.0,133411000.0,7126000.0,1318000.0,1318000.0,1318000.0,0.0,0.0,0.001,249850000.0,90788000.0,128246000.0,0.0,2.838,34.105,35.165,813768000.0,0.0,34.11,1.021,1.055,76962000.0,1310859000.0,1089119000.0,1089119000.0,0.0,,,,,686000.0,249850000.0,1.0,108248471.0,108208441,109174595.0,10.065,1952780000.0,101567000.0,89771000.0,0.0,18.046,618543000.0
15,URBN,MRQ,2017-09-30,2017-10-31,2017-10-31,2021-09-09,-24744000.0,1953447000.0,,967309000.0,986138000.0,,11.716,-20334000.0,234726000.0,234726000.0,595028000.0,45092000.0,2.286,0.52,0.0,0.0,0.0,0.0,0.0,32247000.0,0.0,0.0,0.0,72006000.0,104253000.0,0.117,104253000.0,72006000.0,72006000.0,0.41,0.41,0.41,1284808000.0,,1284808000.0,2416313597.0,9.0,6.039,26012000.0,0.237,1.0,297746000.0,0.334,0.0,0.0,1295648000.0,,449957000.0,134482000.0,93228000.0,41254000.0,668639000.0,423073000.0,245566000.0,2693072597.0,-42033000.0,0.0,-67571000.0,0.0,0.0,-67571000.0,-21498000.0,-1164000.0,46346000.0,690000.0,45092000.0,45092000.0,45092000.0,0.0,0.0,0.051,224858000.0,72888000.0,208567000.0,0.0,2.096,15.728,16.238,829106000.0,0.0,24.52,0.757,0.756,78348000.0,1309541000.0,892774000.0,892774000.0,0.0,,,,,-125000.0,224858000.0,1.0,109831672.0,109667224,110100254.0,8.141,1953447000.0,115778000.0,26914000.0,0.0,17.812,544236000.0
16,URBN,MRQ,2017-06-30,2017-07-31,2017-07-31,2021-09-09,-23343000.0,1922601000.0,,937677000.0,984924000.0,,11.531,-19463000.0,276759000.0,276759000.0,575588000.0,49915000.0,2.533,0.469,0.0,0.0,0.0,0.0,0.0,32583000.0,0.0,0.0,0.0,76916000.0,109499000.0,0.125,109499000.0,76916000.0,76916000.0,0.44,0.44,0.44,1308813000.0,,1308813000.0,2015849113.0,8.0,5.042,90809000.0,0.8,1.0,297343000.0,0.341,0.0,0.0,1275687000.0,,365176000.0,136155000.0,110195000.0,25960000.0,613788000.0,370155000.0,243633000.0,2268333113.0,24275000.0,0.0,-90511000.0,0.0,0.0,-90511000.0,2069000.0,21532000.0,110272000.0,2445000.0,49915000.0,49915000.0,49915000.0,0.0,0.0,0.057,222163000.0,75180000.0,159756000.0,0.0,1.733,13.074,12.974,843058000.0,0.0,19.59,0.643,0.63,75530000.0,1332145000.0,872931000.0,872931000.0,0.0,,,,,7793000.0,222163000.0,1.0,115790358.0,113500381,113760647.0,7.691,1922601000.0,115906000.0,27001000.0,0.0,16.939,567522000.0
17,URBN,MRQ,2017-03-31,2017-04-30,2017-04-30,2021-09-09,-32269000.0,1928075000.0,,924850000.0,1003225000.0,,11.461,-23541000.0,252484000.0,252484000.0,521410000.0,11938000.0,2.616,0.447,0.0,0.0,0.0,0.0,0.0,32136000.0,0.0,0.0,0.0,21355000.0,53491000.0,0.07,53491000.0,21355000.0,21355000.0,0.1,0.1,0.1,1332690000.0,,1332690000.0,2412583391.0,8.0,5.444,-10511000.0,-0.09,1.0,239780000.0,0.315,0.0,0.0,1322110000.0,,359493000.0,156944000.0,118493000.0,38451000.0,595385000.0,353481000.0,241904000.0,2660723391.0,4344000.0,0.0,-1142000.0,0.0,0.0,-1142000.0,-8910000.0,14631000.0,13030000.0,1366000.0,11938000.0,11938000.0,11938000.0,0.0,0.0,0.016,218744000.0,21036000.0,157153000.0,0.0,1.997,13.271,13.225,851259000.0,0.0,22.88,0.751,0.751,83949000.0,1358319000.0,761190000.0,761190000.0,0.0,,,,,6163000.0,218744000.0,1.0,116290358.0,116276289,116539305.0,6.546,1928075000.0,113515000.0,9417000.0,0.0,16.582,571369000.0
18,URBN,MRQ,2016-12-31,2017-01-31,2017-01-31,2021-09-09,-34069000.0,1902637000.0,,881397000.0,1021240000.0,,11.297,-31645000.0,248140000.0,248140000.0,689844000.0,64288000.0,2.497,0.449,0.0,0.0,0.0,0.0,0.0,34149000.0,0.0,0.0,0.0,98751000.0,132900000.0,0.129,132900000.0,98751000.0,98751000.0,0.56,0.55,0.56,1313084000.0,,1313084000.0,2849958548.0,8.0,6.02,154260000.0,1.327,1.0,340314000.0,0.33,0.0,0.0,1301569000.0,,338590000.0,155355000.0,111067000.0,44288000.0,589553000.0,352928000.0,236625000.0,3084844548.0,13254000.0,0.0,-3000.0,0.0,0.0,-3000.0,-173288000.0,-141643000.0,185905000.0,640000.0,64288000.0,64288000.0,64288000.0,0.0,0.0,0.062,240787000.0,99527000.0,119537000.0,0.0,2.349,14.143,14.193,867786000.0,0.0,26.54,0.87,0.875,54505000.0,1347141000.0,1030158000.0,1030158000.0,0.0,,,,,-1741000.0,240787000.0,1.0,116233781.0,116229004,116805453.0,8.863,1902637000.0,109166000.0,34463000.0,0.0,16.37,528469000.0
19,URBN,MRQ,2016-09-30,2016-10-31,2016-10-31,2021-09-09,-37647000.0,1885191000.0,,890019000.0,995172000.0,,10.679,-37666000.0,234886000.0,234886000.0,562594000.0,47355000.0,2.196,0.511,0.0,0.0,0.0,0.0,0.0,32788000.0,0.0,0.0,0.0,71159000.0,103947000.0,0.121,103947000.0,71159000.0,71159000.0,0.41,0.4,0.41,1247633000.0,,1247633000.0,3728112532.0,11.0,7.577,30711000.0,0.263,1.0,299897000.0,0.348,0.0,0.0,1245072000.0,,453826000.0,30249000.0,24644000.0,5605000.0,637558000.0,405233000.0,232325000.0,3921228532.0,-8230000.0,0.0,-35937000.0,-50000000.0,0.0,-85937000.0,14573000.0,52239000.0,68377000.0,-5243000.0,47355000.0,47355000.0,47355000.0,0.0,0.0,0.055,229592000.0,70305000.0,199421000.0,0.0,3.143,17.296,17.422,872309000.0,0.0,33.45,1.111,1.107,68896000.0,1285268000.0,862491000.0,862491000.0,0.0,,,,,7280000.0,229592000.0,1.0,117226563.0,116829912,117393710.0,7.382,1885191000.0,117258000.0,23804000.0,0.0,16.136,484786000.0
20,URBN,MRQ,2016-06-30,2016-07-31,2016-07-31,2021-09-09,-26927000.0,1874096000.0,,859210000.0,1014886000.0,,10.629,-43292000.0,243116000.0,243116000.0,548057000.0,76915000.0,2.406,0.505,50000000.0,0.0,50000000.0,50000000.0,0.0,33549000.0,0.0,0.0,0.0,119283000.0,152832000.0,0.172,152832000.0,119283000.0,119283000.0,0.66,0.66,0.66,1245018000.0,,1245018000.0,3349237948.0,9.0,6.64,47571000.0,0.406,1.0,342511000.0,0.385,0.0,0.0,1323803000.0,,367197000.0,85231000.0,59231000.0,26000000.0,629078000.0,357177000.0,271901000.0,3502381948.0,14972000.0,0.0,429000.0,-25000000.0,0.0,-24571000.0,-49362000.0,-6070000.0,90863000.0,-1958000.0,76915000.0,76915000.0,76915000.0,0.0,0.0,0.086,224299000.0,118212000.0,134825000.0,0.0,2.813,15.139,15.492,878607000.0,0.0,29.9,1.003,1.003,95003000.0,1264821000.0,890568000.0,890568000.0,0.0,,,,,6992000.0,224299000.0,1.0,117136520.0,117133169,117383132.0,7.603,1874096000.0,110279000.0,42368000.0,0.0,16.0,502033000.0
21,URBN,MRQ,2016-03-31,2016-04-30,2016-04-30,2021-09-09,-13865000.0,1814894000.0,,809531000.0,1005363000.0,,10.009,-31111000.0,228144000.0,228144000.0,500686000.0,29562000.0,2.365,0.546,75000000.0,0.0,75000000.0,75000000.0,0.0,34844000.0,0.0,0.0,0.0,48906000.0,83750000.0,0.11,83750000.0,48906000.0,48906000.0,0.25,0.25,0.25,1174053000.0,,1174053000.0,3444328990.0,10.0,7.022,38996000.0,0.332,1.0,261891000.0,0.343,0.0,0.0,1319389000.0,,359865000.0,78274000.0,59564000.0,18710000.0,640841000.0,342361000.0,298480000.0,3559604990.0,-37132000.0,-15325000.0,-8232000.0,-75000000.0,0.0,-83232000.0,-26545000.0,19891000.0,70107000.0,2538000.0,29562000.0,29562000.0,29562000.0,0.0,0.0,0.039,211408000.0,50483000.0,151983000.0,0.0,3.032,16.087,16.939,871504000.0,0.0,30.32,1.026,1.025,72165000.0,1187906000.0,762577000.0,762577000.0,0.0,,,,,5760000.0,211408000.0,1.0,117401220.0,117304736,117587009.0,6.501,1814894000.0,115149000.0,19344000.0,0.0,15.472,467170000.0
22,URBN,MRQ,2015-12-31,2016-01-31,2016-01-31,2021-09-09,-23451000.0,1833301000.0,,834361000.0,998940000.0,,9.597,-25822000.0,265276000.0,265276000.0,664218000.0,72878000.0,2.534,0.612,150000000.0,0.0,150000000.0,150000000.0,0.0,35971000.0,0.0,0.0,0.0,115555000.0,151526000.0,0.15,151526000.0,115555000.0,115555000.0,0.6,0.6,0.6,1137227000.0,,1137227000.0,2649712148.0,8.0,5.377,165187000.0,1.394,1.0,349188000.0,0.345,0.0,0.0,1388794000.0,,330223000.0,97661000.0,61061000.0,36600000.0,696074000.0,329231000.0,366843000.0,2684309148.0,115679000.0,0.0,-99778000.0,35000000.0,0.0,-71197000.0,-386000.0,25436000.0,191009000.0,-3747000.0,72878000.0,72878000.0,72878000.0,0.0,0.0,0.072,232739000.0,116449000.0,118035000.0,0.0,2.36,11.957,12.782,863137000.0,0.0,22.88,0.779,0.832,75723000.0,1160666000.0,1013406000.0,1013406000.0,0.0,,,,,9901000.0,232739000.0,1.0,117321204.0,118495720,118532791.0,8.552,1833301000.0,99203000.0,42677000.0,0.0,15.471,505130000.0
23,URBN,MRQ,2015-09-30,2015-10-31,2015-10-31,2021-09-09,-12651000.0,1876535000.0,,847226000.0,1029309000.0,,9.492,-39791000.0,149597000.0,149597000.0,537070000.0,51994000.0,2.242,0.602,115000000.0,0.0,115000000.0,115000000.0,0.0,35903000.0,0.0,0.0,0.0,80388000.0,116291000.0,0.141,116291000.0,80388000.0,80388000.0,0.42,0.42,0.42,1171669000.0,,1171669000.0,3465408108.0,10.0,6.937,49826000.0,0.404,1.0,288188000.0,0.349,0.0,0.0,1464051000.0,,441550000.0,123683000.0,69545000.0,54138000.0,704866000.0,377887000.0,326979000.0,3544849108.0,-44844000.0,0.0,-114011000.0,0.0,0.0,-113383000.0,-20174000.0,19617000.0,89617000.0,-904000.0,51994000.0,51994000.0,51994000.0,0.0,0.0,0.063,207863000.0,80325000.0,190542000.0,0.0,3.025,15.286,15.978,891871000.0,0.0,28.6,1.03,1.025,68332000.0,1184308000.0,825258000.0,825258000.0,0.0,,,,,3841000.0,207863000.0,1.0,123945773.0,123442931,123725581.0,6.685,1876535000.0,83300000.0,28394000.0,0.0,15.202,469339000.0
24,URBN,MRQ,2015-06-30,2015-07-31,2015-07-31,2021-09-09,-9992000.0,1907333000.0,,839463000.0,1067870000.0,,9.626,-37522000.0,194441000.0,194441000.0,549355000.0,66841000.0,2.376,0.549,115000000.0,0.0,115000000.0,115000000.0,0.0,35805000.0,0.0,0.0,0.0,103155000.0,138960000.0,0.16,138960000.0,103155000.0,103155000.0,0.52,0.52,0.52,1231248000.0,,1231248000.0,4002711093.0,11.0,8.111,93599000.0,0.732,1.0,318105000.0,0.367,0.0,0.0,1474615000.0,,384404000.0,144690000.0,71926000.0,72764000.0,676085000.0,353277000.0,322808000.0,4179642093.0,17510000.0,0.0,-230221000.0,115000000.0,0.0,-114925000.0,428000.0,37950000.0,131121000.0,886000.0,66841000.0,66841000.0,66841000.0,0.0,0.0,0.077,214354000.0,103751000.0,134673000.0,0.0,3.395,18.408,18.965,900302000.0,0.0,32.62,1.218,1.216,70014000.0,1241227000.0,867460000.0,867460000.0,0.0,,,,,3263000.0,214354000.0,1.0,128131272.0,127910026,129080594.0,6.782,1907333000.0,94804000.0,36314000.0,0.0,14.912,486186000.0
25,URBN,MRQ,2015-03-31,2015-04-30,2015-04-30,2021-09-09,-12320000.0,1917356000.0,,844921000.0,1072435000.0,,10.582,-31815000.0,176931000.0,176931000.0,492589000.0,32776000.0,2.635,0.381,0.0,0.0,0.0,0.0,0.0,35043000.0,0.0,0.0,0.0,50933000.0,85976000.0,0.116,85976000.0,50933000.0,50933000.0,0.25,0.25,0.25,1388445000.0,,1388445000.0,5119640249.0,14.0,10.372,-23948000.0,-0.183,1.0,246421000.0,0.333,0.0,0.0,1419788000.0,,397998000.0,179974000.0,96626000.0,83348000.0,528911000.0,320637000.0,208274000.0,5274198249.0,22373000.0,0.0,14986000.0,0.0,0.0,20481000.0,-6633000.0,25182000.0,7867000.0,658000.0,32776000.0,32776000.0,32776000.0,0.0,0.0,0.044,193367000.0,53054000.0,145379000.0,0.0,3.799,23.16,23.692,899324000.0,0.0,40.04,1.562,1.556,54283000.0,1376159000.0,739010000.0,739010000.0,0.0,,,,,-1382000.0,193367000.0,1.0,131723233.0,131202740,132836144.0,5.633,1917356000.0,89763000.0,18157000.0,0.0,14.614,524284000.0
26,URBN,MRQ,2014-12-31,2015-01-31,2015-01-31,2021-09-09,-15427000.0,1888741000.0,,809117000.0,1079624000.0,,10.06,-53899000.0,154558000.0,154558000.0,661407000.0,80298000.0,2.287,0.422,0.0,0.0,0.0,0.0,0.0,34733000.0,0.0,0.0,0.0,123607000.0,158340000.0,0.157,158340000.0,123607000.0,123607000.0,0.6,0.59,0.6,1327969000.0,,1327969000.0,4460904826.0,12.0,8.894,137983000.0,1.045,1.0,349637000.0,0.346,0.0,0.0,1380443000.0,,358237000.0,208694000.0,104246000.0,104448000.0,560772000.0,353740000.0,207032000.0,4589095826.0,26367000.0,0.0,-126522000.0,0.0,0.0,-124714000.0,-37992000.0,15907000.0,191882000.0,-2809000.0,80298000.0,80298000.0,80298000.0,0.0,0.0,0.079,225655000.0,123982000.0,156090000.0,0.0,3.456,19.744,20.506,889232000.0,0.0,34.86,1.381,1.434,70458000.0,1343383000.0,1011044000.0,1011044000.0,0.0,,,,,1320000.0,225655000.0,1.0,131643598.0,132002586,132930407.0,7.659,1888741000.0,104699000.0,43309000.0,0.0,14.308,455377000.0
27,URBN,MRQ,2014-09-30,2014-10-31,2014-10-31,2021-09-09,-6701000.0,1988765000.0,,898065000.0,1090700000.0,,10.263,-69748000.0,128191000.0,128191000.0,530946000.0,47143000.0,2.195,0.443,0.0,0.0,0.0,0.0,0.0,34474000.0,0.0,0.0,0.0,75772000.0,110246000.0,0.135,110246000.0,75772000.0,75772000.0,0.35,0.35,0.35,1377983000.0,,1377983000.0,3933170085.0,11.0,7.743,-49910000.0,-0.372,1.0,283524000.0,0.348,0.0,0.0,1451504000.0,,467097000.0,229605000.0,115005000.0,114600000.0,610782000.0,409070000.0,201712000.0,4078443085.0,-17082000.0,0.0,-2151000.0,0.0,0.0,-1105000.0,-34006000.0,35742000.0,19838000.0,-1809000.0,47143000.0,47143000.0,47143000.0,0.0,0.0,0.058,207059000.0,76465000.0,218251000.0,0.0,2.96,16.936,17.859,886810000.0,0.0,30.36,1.267,1.267,70803000.0,1380801000.0,814470000.0,814470000.0,0.0,,,,,3929000.0,207059000.0,1.0,134336070.0,134267259,135948454.0,6.066,1988765000.0,89290000.0,28629000.0,0.0,14.812,488995000.0
28,URBN,MRQ,2014-06-30,2014-07-31,2014-07-31,2021-09-09,2386000.0,1904146000.0,,791964000.0,1112182000.0,,9.791,-67602000.0,145273000.0,145273000.0,507995000.0,67509000.0,2.151,0.425,0.0,0.0,0.0,0.0,0.0,34426000.0,0.0,0.0,0.0,104594000.0,139020000.0,0.171,139020000.0,104594000.0,104594000.0,0.49,0.49,0.49,1336057000.0,,1336057000.0,4730031522.0,12.0,8.821,18514000.0,0.136,1.0,303258000.0,0.374,0.0,0.0,1390675000.0,,362028000.0,263867000.0,106721000.0,157146000.0,568089000.0,368198000.0,199891000.0,4921856522.0,-46552000.0,0.0,-123478000.0,0.0,0.0,-122580000.0,-10281000.0,57321000.0,86116000.0,193000.0,67509000.0,67509000.0,67509000.0,0.0,0.0,0.083,198141000.0,105117000.0,156810000.0,0.0,3.684,18.649,19.525,868642000.0,0.0,35.73,1.549,1.534,72813000.0,1333658000.0,811253000.0,811253000.0,0.0,,,,,3159000.0,198141000.0,1.0,137751372.0,136453663,138177110.0,5.945,1904146000.0,86394000.0,37085000.0,0.0,13.955,423766000.0
29,URBN,MRQ,2014-03-31,2014-04-30,2014-04-30,2021-09-09,1720000.0,1945265000.0,,853030000.0,1092235000.0,,9.623,-38555000.0,191825000.0,191825000.0,447799000.0,37478000.0,2.356,0.403,0.0,0.0,0.0,0.0,0.0,34477000.0,0.0,0.0,0.0,59477000.0,93954000.0,0.137,93954000.0,59477000.0,59477000.0,0.26,0.26,0.26,1386405000.0,,1386405000.0,4912262779.0,12.0,8.944,-14070000.0,-0.098,1.0,238511000.0,0.348,0.0,0.0,1391340000.0,,349045000.0,325490000.0,149796000.0,175694000.0,558860000.0,362100000.0,196760000.0,5154320779.0,-50233000.0,0.0,-352578000.0,0.0,0.0,-352508000.0,277113000.0,315668000.0,24485000.0,677000.0,37478000.0,37478000.0,37478000.0,0.0,0.0,0.055,178690000.0,59821000.0,172515000.0,0.0,3.718,18.896,19.169,836244000.0,0.0,35.655,1.65,1.644,59267000.0,1384671000.0,686310000.0,686310000.0,0.0,,,,,4506000.0,178690000.0,1.0,144560953.0,144075666,145906544.0,4.764,1945265000.0,80297000.0,21999000.0,0.0,13.502,490930000.0
30,URBN,MRQ,2013-12-31,2014-01-31,2014-01-31,2021-09-09,-968000.0,2221214000.0,,994980000.0,1226234000.0,,11.501,-57641000.0,242058000.0,242058000.0,573853000.0,88682000.0,2.998,0.311,0.0,0.0,0.0,0.0,0.0,34878000.0,0.0,0.0,0.0,129884000.0,164762000.0,0.182,164762000.0,129884000.0,129884000.0,0.6,0.59,0.6,1694170000.0,,1694170000.0,5081699976.0,12.0,9.072,154887000.0,1.051,1.0,332005000.0,0.367,0.0,0.0,1647326000.0,,311207000.0,648235000.0,281813000.0,366422000.0,527044000.0,331830000.0,195214000.0,5276628976.0,47129000.0,0.0,1005000.0,0.0,0.0,1107000.0,-168461000.0,-110820000.0,212528000.0,1955000.0,88682000.0,88682000.0,88682000.0,0.0,0.0,0.098,202916000.0,129089000.0,137036000.0,0.0,3.115,18.688,18.656,806909000.0,0.0,35.82,1.71,1.706,55161000.0,1597439000.0,905858000.0,905858000.0,0.0,,,,,3229000.0,202916000.0,1.0,147309575.0,147305389,149205797.0,6.15,2221214000.0,81676000.0,41202000.0,0.0,15.079,663150000.0
31,URBN,MRQ,2013-09-30,2013-10-31,2013-10-31,2021-09-09,-5735000.0,2118312000.0,,976781000.0,1141531000.0,,10.829,-61694000.0,194929000.0,194929000.0,481764000.0,70257000.0,2.997,0.327,0.0,0.0,0.0,0.0,0.0,33218000.0,0.0,0.0,0.0,105273000.0,138491000.0,0.179,138491000.0,105273000.0,105273000.0,0.48,0.47,0.48,1596282000.0,,1596282000.0,5283900208.0,12.0,9.447,-6155000.0,-0.042,1.0,292285000.0,0.378,0.0,0.0,1597467000.0,,406712000.0,530747000.0,227547000.0,303200000.0,522030000.0,325916000.0,196114000.0,5582446208.0,-103617000.0,0.0,-6702000.0,0.0,0.0,-5325000.0,-155379000.0,-93685000.0,55539000.0,1548000.0,70257000.0,70257000.0,70257000.0,0.0,0.0,0.091,186826000.0,105459000.0,160787000.0,0.0,3.497,20.21,20.149,783662000.0,0.0,37.88,1.838,1.838,54717000.0,1508757000.0,774049000.0,774049000.0,0.0,,,,,3609000.0,186826000.0,1.0,147371864.0,147405769,149517146.0,5.251,2118312000.0,54669000.0,35016000.0,0.0,14.371,650865000.0
32,URBN,MRQ,2013-06-30,2013-07-31,2013-07-31,2021-09-09,-13017000.0,1993695000.0,,997538000.0,996157000.0,,10.331,-38473000.0,298546000.0,298546000.0,460281000.0,76363000.0,3.548,0.312,0.0,0.0,0.0,0.0,0.0,32490000.0,0.0,0.0,0.0,119524000.0,152014000.0,0.2,152014000.0,119524000.0,119524000.0,0.52,0.51,0.52,1519083000.0,,1519083000.0,5980083940.0,14.0,10.977,90811000.0,0.618,1.0,298243000.0,0.393,0.0,0.0,1414018000.0,,347064000.0,442565000.0,225799000.0,216766000.0,474612000.0,281131000.0,193481000.0,6253547940.0,25082000.0,0.0,12319000.0,0.0,0.0,15183000.0,-119003000.0,-80530000.0,129284000.0,-382000.0,76363000.0,76363000.0,76363000.0,0.0,0.0,0.101,178926000.0,119317000.0,128993000.0,0.0,4.117,23.555,23.514,731421000.0,0.0,42.56,2.115,2.117,53807000.0,1438500000.0,758524000.0,758524000.0,0.0,,,,,920000.0,178926000.0,1.0,146934867.0,147038073,149361132.0,5.159,1993695000.0,47970000.0,43161000.0,0.0,13.559,716407000.0
33,URBN,MRQ,2013-03-31,2013-04-30,2013-04-30,2021-09-09,-10869000.0,1869403000.0,,954570000.0,914833000.0,,9.747,-28293000.0,273464000.0,273464000.0,409368000.0,47058000.0,3.818,0.311,0.0,0.0,0.0,0.0,0.0,32078000.0,0.0,0.0,0.0,72837000.0,104915000.0,0.162,104915000.0,72837000.0,72837000.0,0.32,0.32,0.32,1425901000.0,,1425901000.0,5814380672.0,15.0,11.228,-2489000.0,-0.017,1.0,238809000.0,0.368,0.0,0.0,1345905000.0,,325471000.0,364709000.0,214938000.0,149771000.0,443502000.0,250034000.0,193468000.0,6059707672.0,28137000.0,0.0,17504000.0,0.0,0.0,22701000.0,-19379000.0,8914000.0,25804000.0,-989000.0,47058000.0,47058000.0,47058000.0,0.0,0.0,0.073,165843000.0,72966000.0,128528000.0,0.0,4.25,24.199,24.234,721872000.0,0.0,41.44,2.108,2.109,48868000.0,1362137000.0,648177000.0,648177000.0,0.0,,,,,-1556000.0,165843000.0,1.0,146228467.0,146289751,148799056.0,4.431,1869403000.0,43190000.0,25779000.0,0.0,12.779,704536000.0
34,URBN,MRQ,2012-12-31,2013-01-31,2013-01-31,2021-09-09,-8782000.0,1797211000.0,,872284000.0,924927000.0,,9.282,-38405000.0,245327000.0,245327000.0,543136000.0,82548000.0,3.486,0.327,0.0,0.0,0.0,0.0,0.0,31280000.0,0.0,0.0,0.0,132638000.0,163918000.0,0.191,163918000.0,132638000.0,132638000.0,0.56,0.56,0.56,1354588000.0,,1354588000.0,6028324268.0,16.0,12.197,166883000.0,1.143,1.0,313696000.0,0.366,0.0,0.0,1301689000.0,,282411000.0,378071000.0,228486000.0,149585000.0,442623000.0,250195000.0,192428000.0,6244972268.0,28679000.0,0.0,2603000.0,0.0,0.0,3878000.0,-180779000.0,-142374000.0,205288000.0,292000.0,82548000.0,82548000.0,82548000.0,0.0,0.0,0.096,181774000.0,131922000.0,99059000.0,0.0,4.61,26.315,26.258,733416000.0,0.0,42.8,2.234,2.224,39519000.0,1315079000.0,856832000.0,856832000.0,0.0,,,,,-1046000.0,181774000.0,1.0,145910567.0,145941129,148377598.0,5.871,1797211000.0,56640000.0,50090000.0,0.0,12.315,622089000.0
35,URBN,MRQ,2012-09-30,2012-10-31,2012-10-31,2021-09-09,-6856000.0,1755595000.0,,866265000.0,889330000.0,,8.725,-37316000.0,216648000.0,216648000.0,432043000.0,59518000.0,2.936,0.383,0.0,0.0,0.0,0.0,0.0,30292000.0,0.0,0.0,0.0,93638000.0,123930000.0,0.179,123930000.0,93638000.0,93638000.0,0.41,0.4,0.41,1269858000.0,,1269858000.0,5067252500.0,16.0,12.006,64159000.0,0.441,1.0,260851000.0,0.376,0.0,0.0,1243858000.0,,395406000.0,239832000.0,146065000.0,93767000.0,485737000.0,295089000.0,190648000.0,5202733500.0,81167000.0,0.0,25423000.0,0.0,0.0,29566000.0,-49760000.0,-12444000.0,101475000.0,-114000.0,59518000.0,59518000.0,59518000.0,0.0,0.0,0.086,167341000.0,93510000.0,162542000.0,0.0,4.097,26.815,26.679,734793000.0,0.0,35.75,1.95,1.95,43913000.0,1232531000.0,692894000.0,692894000.0,0.0,,,,,-122000.0,167341000.0,1.0,145531007.0,145539816,147086982.0,4.761,1755595000.0,60770000.0,34120000.0,0.0,12.063,571176000.0
36,URBN,MRQ,2012-06-30,2012-07-31,2012-07-31,2021-09-09,-9415000.0,1594582000.0,,704028000.0,890554000.0,,8.108,-40350000.0,135481000.0,135481000.0,421755000.0,61292000.0,3.038,0.358,0.0,0.0,0.0,0.0,0.0,28979000.0,0.0,0.0,0.0,96082000.0,125061000.0,0.185,125061000.0,96082000.0,96082000.0,0.42,0.42,0.42,1174194000.0,,1174194000.0,4293459274.0,15.0,10.71,6499000.0,0.045,1.0,254514000.0,0.376,0.0,0.0,1227361000.0,,322823000.0,227554000.0,135890000.0,91664000.0,420388000.0,231740000.0,188648000.0,4423921274.0,5019000.0,0.0,536000.0,0.0,0.0,860000.0,-42822000.0,-2472000.0,46849000.0,132000.0,61292000.0,61292000.0,61292000.0,0.0,0.0,0.091,158576000.0,95938000.0,105786000.0,0.0,3.768,23.889,24.055,722058000.0,0.0,30.55,1.711,1.711,48222000.0,1173013000.0,676269000.0,676269000.0,0.0,,,,,3427000.0,158576000.0,1.0,144809207.0,144817752,145614806.0,4.67,1594582000.0,76832000.0,34790000.0,0.0,11.011,472288000.0
37,URBN,MRQ,2012-03-31,2012-04-30,2012-04-30,2021-09-09,-5387000.0,1555344000.0,,675888000.0,879456000.0,,7.687,-52804000.0,130462000.0,130462000.0,366451000.0,33957000.0,2.648,0.398,0.0,0.0,0.0,0.0,0.0,28113000.0,0.0,0.0,0.0,53214000.0,81327000.0,0.143,81327000.0,53214000.0,53214000.0,0.24,0.23,0.24,1112321000.0,,1112321000.0,4045439027.0,14.0,10.333,-10736000.0,-0.074,1.0,202479000.0,0.356,0.0,0.0,1169678000.0,,299750000.0,208287000.0,117056000.0,91231000.0,443023000.0,255204000.0,187819000.0,4190712027.0,-14811000.0,0.0,2109000.0,0.0,0.0,3080000.0,-60627000.0,-7823000.0,42068000.0,668000.0,33957000.0,33957000.0,33957000.0,0.0,0.0,0.06,149564000.0,52915000.0,117806000.0,0.0,3.768,23.206,23.934,711932000.0,0.0,28.96,1.664,1.664,43882000.0,1111722000.0,568930000.0,568930000.0,0.0,,,,,1920000.0,149564000.0,1.0,144706907.0,144709199,145568667.0,3.932,1555344000.0,76293000.0,19257000.0,0.0,10.748,420684000.0
38,URBN,MRQ,2011-12-31,2012-01-31,2012-01-31,2021-09-09,-11512000.0,1483708000.0,,596992000.0,886716000.0,,7.396,-50444000.0,145273000.0,145273000.0,510670000.0,39255000.0,2.557,0.391,0.0,0.0,0.0,0.0,0.0,27404000.0,0.0,0.0,0.0,64321000.0,91725000.0,0.126,91725000.0,64321000.0,64321000.0,0.27,0.28,0.27,1066268000.0,,1066268000.0,3737974096.0,13.0,9.417,103194000.0,0.716,1.0,219978000.0,0.301,0.0,0.0,1104969000.0,,250073000.0,216767000.0,89854000.0,126913000.0,417440000.0,233466000.0,183974000.0,3821344096.0,61903000.0,0.0,-6542000.0,0.0,0.0,1941000.0,-92556000.0,-42112000.0,153638000.0,-1120000.0,39255000.0,39255000.0,39255000.0,0.0,0.0,0.054,155445000.0,64533000.0,95754000.0,0.0,3.584,20.628,22.083,684979000.0,0.0,26.5,1.545,1.65,36673000.0,1077765000.0,730648000.0,730648000.0,0.0,,,,,-13759000.0,155445000.0,1.0,144201664.0,144160902,145510677.0,5.068,1483708000.0,80067000.0,25066000.0,0.0,10.292,363526000.0
39,URBN,MRQ,2011-09-30,2011-10-31,2011-10-31,2021-09-09,-8056000.0,1478105000.0,,608330000.0,869775000.0,,6.839,-62019000.0,83370000.0,83370000.0,393850000.0,50679000.0,2.295,0.43,0.0,0.0,0.0,0.0,0.0,27404000.0,0.0,0.0,0.0,75379000.0,102783000.0,0.169,102783000.0,75379000.0,75379000.0,0.34,0.33,0.34,1033806000.0,,1033806000.0,3967902512.0,11.0,8.761,-24497000.0,-0.162,1.0,216103000.0,0.354,0.0,0.0,1129665000.0,,367407000.0,175795000.0,46649000.0,129146000.0,444299000.0,265070000.0,179229000.0,4194283512.0,-143011000.0,0.0,-322273000.0,0.0,0.0,-322259000.0,141668000.0,203687000.0,37522000.0,58000.0,50679000.0,50679000.0,50679000.0,0.0,0.0,0.083,142742000.0,73361000.0,134480000.0,0.0,4.057,18.959,19.464,670752000.0,0.0,27.25,1.739,1.708,46830000.0,1041847000.0,609953000.0,609953000.0,0.0,,,,,3446000.0,142742000.0,1.0,153918661.0,151170175,153434811.0,4.035,1478105000.0,69877000.0,24700000.0,0.0,9.778,343260000.0
40,URBN,MRQ,2011-06-30,2011-07-31,2011-07-31,2021-09-09,-5660000.0,1705424000.0,,698568000.0,1006856000.0,,8.225,-41809000.0,226381000.0,226381000.0,378091000.0,56693000.0,3.057,0.308,0.0,0.0,0.0,0.0,0.0,26753000.0,0.0,0.0,0.0,88930000.0,115683000.0,0.19,115683000.0,88930000.0,88930000.0,0.36,0.35,0.36,1304320000.0,,1304320000.0,4952389056.0,13.0,10.284,29693000.0,0.187,1.0,231090000.0,0.379,0.0,0.0,1250528000.0,,303159000.0,382249000.0,59347000.0,322902000.0,401104000.0,228515000.0,172589000.0,5196328056.0,-17558000.0,0.0,-66206000.0,0.0,0.0,-66069000.0,-22405000.0,19404000.0,71502000.0,-586000.0,56693000.0,56693000.0,56693000.0,0.0,0.0,0.093,143095000.0,87995000.0,110759000.0,0.0,3.984,21.326,21.693,626188000.0,0.0,32.54,2.188,2.173,52560000.0,1309964000.0,609181000.0,609181000.0,0.0,,,,,2168000.0,143095000.0,1.0,159690475.0,158581618,160743743.0,3.841,1705424000.0,57766000.0,32237000.0,0.0,10.754,470053000.0
41,URBN,MRQ,2011-03-31,2011-04-30,2011-04-30,2021-09-09,-4572000.0,1694259000.0,,701290000.0,992969000.0,,8.081,-35738000.0,243939000.0,243939000.0,330654000.0,38624000.0,3.308,0.291,0.0,0.0,0.0,0.0,0.0,26551000.0,0.0,0.0,0.0,60201000.0,86752000.0,0.166,86752000.0,60201000.0,60201000.0,0.24,0.23,0.24,1312480000.0,,1312480000.0,4765921949.0,12.0,9.569,-15698000.0,-0.097,1.0,193365000.0,0.369,0.0,0.0,1238314000.0,,264278000.0,402634000.0,68688000.0,333946000.0,381779000.0,212006000.0,169773000.0,5106178949.0,-96318000.0,0.0,-146321000.0,0.0,0.0,-145960000.0,28585000.0,64323000.0,20040000.0,1017000.0,38624000.0,38624000.0,38624000.0,0.0,0.0,0.074,134529000.0,58836000.0,109444000.0,0.0,3.89,19.744,20.173,601249000.0,0.0,31.47,2.203,2.205,46539000.0,1317036000.0,524019000.0,524019000.0,0.0,,,,,2218000.0,134529000.0,1.0,162255448.0,162407330,165293594.0,3.227,1694259000.0,57774000.0,21577000.0,0.0,10.432,489284000.0
42,URBN,MRQ,2010-12-31,2011-01-31,2011-01-31,2021-09-09,-10262000.0,1794321000.0,,803977000.0,990344000.0,,8.599,-36900000.0,340257000.0,340257000.0,403330000.0,75238000.0,3.81,0.271,0.0,0.0,0.0,0.0,0.0,26249000.0,0.0,0.0,0.0,121413000.0,147662000.0,0.221,147662000.0,121413000.0,121413000.0,0.46,0.44,0.46,1411548000.0,,1411548000.0,5294416601.0,13.0,10.215,107202000.0,0.653,1.0,265060000.0,0.397,0.0,0.0,1243040000.0,,229561000.0,468408000.0,116420000.0,351988000.0,382773000.0,211024000.0,171749000.0,5547962601.0,86711000.0,0.0,12755000.0,0.0,0.0,14145000.0,-71984000.0,-35084000.0,144102000.0,448000.0,75238000.0,75238000.0,75238000.0,0.0,0.0,0.113,144737000.0,120323000.0,82904000.0,0.0,3.93,20.325,20.622,586346000.0,0.0,33.82,2.44,2.482,36502000.0,1394190000.0,668390000.0,668390000.0,0.0,,,,,1909000.0,144737000.0,1.0,164043838.0,164159101,167647551.0,4.072,1794321000.0,66361000.0,46175000.0,0.0,10.93,592953000.0
43,URBN,MRQ,2010-09-30,2010-10-31,2010-10-31,2021-09-09,-9235000.0,1721971000.0,,899606000.0,822365000.0,,7.966,-42172000.0,253546000.0,253546000.0,337599000.0,73106000.0,3.779,0.305,0.0,0.0,0.0,0.0,0.0,25805000.0,0.0,0.0,0.0,105676000.0,131481000.0,0.229,131481000.0,105676000.0,105676000.0,0.44,0.43,0.44,1319899000.0,,1319899000.0,4837933958.0,12.0,9.421,74501000.0,0.45,1.0,235993000.0,0.411,0.0,0.0,1230397000.0,,289256000.0,436280000.0,250078000.0,186202000.0,402072000.0,238028000.0,164044000.0,5082887958.0,8592000.0,0.0,-132356000.0,0.0,0.0,-131148000.0,22944000.0,65116000.0,116673000.0,123000.0,73106000.0,73106000.0,73106000.0,0.0,0.0,0.127,131193000.0,104800000.0,114967000.0,0.0,3.851,18.457,18.89,582786000.0,0.0,30.79,2.317,2.325,47653000.0,1318952000.0,573592000.0,573592000.0,0.0,,,,,1691000.0,131193000.0,1.0,165082428.0,165699540,168575637.0,3.462,1721971000.0,53377000.0,32570000.0,0.0,10.392,661578000.0
44,URBN,MRQ,2010-06-30,2010-07-31,2010-07-31,2021-09-09,-10989000.0,1727067000.0,,962613000.0,764454000.0,,8.13,-32219000.0,244954000.0,244954000.0,317378000.0,71657000.0,4.852,0.258,0.0,0.0,0.0,0.0,0.0,24704000.0,0.0,0.0,0.0,107485000.0,132189000.0,0.239,132189000.0,107485000.0,107485000.0,0.42,0.42,0.42,1373287000.0,,1373287000.0,5180581542.0,13.0,10.294,40088000.0,0.237,1.0,234781000.0,0.425,0.0,0.0,1283702000.0,,243203000.0,503714000.0,346107000.0,157607000.0,353780000.0,198411000.0,155369000.0,5439929542.0,-14394000.0,0.0,-65197000.0,0.0,0.0,-62621000.0,-24237000.0,7982000.0,72307000.0,157000.0,71657000.0,71657000.0,71657000.0,0.0,0.0,0.13,127912000.0,106869000.0,92151000.0,0.0,3.961,20.553,20.615,559945000.0,0.0,32.16,2.558,2.554,42474000.0,1245846000.0,552159000.0,552159000.0,0.0,,,,,-249000.0,127912000.0,1.0,169152038.0,168908598,172325996.0,3.269,1727067000.0,46902000.0,35828000.0,0.0,10.225,764202000.0
45,URBN,MRQ,2010-03-31,2010-04-30,2010-04-30,2021-09-09,-12762000.0,1708178000.0,,920530000.0,787648000.0,,8.055,-32351000.0,259348000.0,259348000.0,279175000.0,52957000.0,4.669,0.256,0.0,0.0,0.0,0.0,0.0,24347000.0,0.0,0.0,0.0,82634000.0,106981000.0,0.223,106981000.0,82634000.0,82634000.0,0.31,0.31,0.31,1360146000.0,,1360146000.0,6184419459.0,16.0,13.063,19680000.0,0.117,1.0,200786000.0,0.418,0.0,0.0,1251653000.0,,221984000.0,513377000.0,323910000.0,189467000.0,348032000.0,197177000.0,150855000.0,6343443459.0,100324000.0,0.0,4209000.0,0.0,0.0,11882000.0,37742000.0,70093000.0,52031000.0,-1331000.0,52957000.0,52957000.0,52957000.0,0.0,0.0,0.11,118575000.0,82211000.0,100439000.0,0.0,4.664,26.208,26.266,548575000.0,0.0,37.56,3.12,3.12,35448000.0,1174189000.0,479961000.0,479961000.0,0.0,,,,,-5473000.0,118575000.0,1.0,168888271.0,168852072,172819037.0,2.842,1708178000.0,49606000.0,29677000.0,0.0,10.116,723353000.0
46,URBN,MRQ,2009-12-31,2010-01-31,2010-01-31,2021-09-09,-9094000.0,1636093000.0,,806213000.0,829880000.0,,7.696,-25053000.0,159024000.0,159024000.0,342832000.0,77675000.0,4.276,0.262,0.0,0.0,0.0,0.0,0.0,23629000.0,0.0,0.0,0.0,119237000.0,142866000.0,0.243,142866000.0,119237000.0,119237000.0,0.46,0.45,0.46,1296775000.0,,1296775000.0,5117217572.0,15.0,11.716,90564000.0,0.537,1.0,245661000.0,0.417,0.0,0.0,1288520000.0,,186130000.0,585957000.0,342512000.0,243445000.0,339318000.0,188549000.0,150769000.0,5319533572.0,-43292000.0,0.0,978000.0,0.0,0.0,3692000.0,-162645000.0,-137592000.0,115617000.0,44000.0,77675000.0,77675000.0,77675000.0,0.0,0.0,0.132,126999000.0,118662000.0,78041000.0,0.0,4.102,24.191,24.099,539961000.0,0.0,31.57,2.745,2.738,38405000.0,1121232000.0,588493000.0,588493000.0,0.0,,,,,-1428000.0,126999000.0,1.0,168499638.0,168504159,172426507.0,3.492,1636093000.0,58751000.0,41562000.0,0.0,9.71,617664000.0
47,URBN,MRQ,2009-09-30,2009-10-31,2009-10-31,2021-09-09,-7956000.0,1541147000.0,,737495000.0,803652000.0,,7.22,-26767000.0,202316000.0,202316000.0,295812000.0,62392000.0,4.047,0.268,0.0,0.0,0.0,0.0,0.0,23628000.0,0.0,0.0,0.0,97578000.0,121206000.0,0.24,121206000.0,97578000.0,97578000.0,0.37,0.36,0.37,1215260000.0,,1215260000.0,5128647905.0,18.0,13.458,67330000.0,0.4,1.0,210088000.0,0.415,0.0,0.0,1156617000.0,,234521000.0,449604000.0,216079000.0,233525000.0,325887000.0,182214000.0,143673000.0,5281532905.0,49431000.0,0.0,1047000.0,0.0,0.0,2594000.0,-47371000.0,-20604000.0,94097000.0,111000.0,62392000.0,62392000.0,62392000.0,0.0,0.0,0.123,114327000.0,95761000.0,93264000.0,0.0,4.346,28.898,28.789,534260000.0,0.0,31.38,2.844,2.844,37592000.0,1043557000.0,505900000.0,505900000.0,0.0,,,,,-338000.0,114327000.0,1.0,168308888.0,168319514,171443902.0,3.006,1541147000.0,35867000.0,35186000.0,0.0,9.156,555281000.0
48,URBN,MRQ,2009-06-30,2009-07-31,2009-07-31,2021-09-09,-8806000.0,1445221000.0,,583854000.0,861367000.0,,6.838,-25153000.0,152885000.0,152885000.0,271535000.0,49021000.0,3.647,0.259,0.0,0.0,0.0,0.0,0.0,23003000.0,0.0,0.0,0.0,79380000.0,102383000.0,0.223,102383000.0,79380000.0,79380000.0,0.29,0.29,0.29,1148215000.0,,1148215000.0,3817557652.0,13.0,10.241,20719000.0,0.123,1.0,187091000.0,0.408,0.0,0.0,1132236000.0,,217050000.0,430394000.0,135875000.0,294519000.0,297006000.0,160100000.0,136906000.0,4042289652.0,-71847000.0,0.0,606000.0,0.0,0.0,1105000.0,-121067000.0,-95914000.0,45872000.0,2243000.0,49021000.0,49021000.0,49021000.0,0.0,0.0,0.107,108650000.0,78441000.0,85336000.0,0.0,3.52,22.502,22.467,528295000.0,0.0,24.04,2.21,2.207,32039000.0,981165000.0,458626000.0,458626000.0,0.0,,,,,709000.0,108650000.0,1.0,168148488.0,167919873,170719274.0,2.731,1445221000.0,38553000.0,30359000.0,0.0,8.607,423754000.0
49,URBN,MRQ,2009-03-31,2009-04-30,2009-04-30,2021-09-09,-16895000.0,1391061000.0,,563098000.0,827963000.0,,6.502,-32287000.0,224732000.0,224732000.0,241491000.0,30805000.0,3.323,0.278,0.0,0.0,0.0,0.0,0.0,22090000.0,0.0,0.0,0.0,48211000.0,70301000.0,0.183,70301000.0,48211000.0,48211000.0,0.18,0.18,0.18,1088793000.0,,1088793000.0,2953016619.0,10.0,7.849,37521000.0,0.224,1.0,143305000.0,0.372,0.0,0.0,996880000.0,,189881000.0,335061000.0,72893000.0,262168000.0,302268000.0,169449000.0,132819000.0,3269051619.0,-91303000.0,0.0,619000.0,0.0,0.0,2297000.0,-163683000.0,-131396000.0,69808000.0,275000.0,30805000.0,30805000.0,30805000.0,0.0,0.0,0.08,97185000.0,46120000.0,81437000.0,0.0,3.002,17.425,17.402,520945000.0,0.0,19.49,1.791,1.788,30079000.0,932144000.0,384796000.0,384796000.0,0.0,,,,,-615000.0,97185000.0,1.0,167729688.0,167455872,170316708.0,2.298,1391061000.0,44850000.0,17406000.0,0.0,8.307,393649000.0
50,URBN,MRQ,2008-12-31,2009-01-31,2009-01-31,2021-09-09,-17747000.0,1329009000.0,,624402000.0,704607000.0,,6.298,-26368000.0,316035000.0,316035000.0,335186000.0,40545000.0,4.424,0.261,0.0,0.0,0.0,0.0,0.0,21056000.0,0.0,0.0,0.0,66147000.0,87203000.0,0.172,87203000.0,66147000.0,66147000.0,0.25,0.24,0.25,1053775000.0,,1053775000.0,2541199823.0,8.0,6.492,100349000.0,0.6,1.0,172892000.0,0.34,0.0,0.0,871824000.0,,169698000.0,205174000.0,49948000.0,155226000.0,275234000.0,141150000.0,134084000.0,2612913823.0,244321000.0,0.0,27000.0,0.0,0.0,1528000.0,119181000.0,145549000.0,126717000.0,-3105000.0,40545000.0,40545000.0,40545000.0,0.0,0.0,0.08,109698000.0,63194000.0,62955000.0,0.0,2.48,13.106,12.983,505407000.0,0.0,15.58,1.424,1.416,36390000.0,901339000.0,508078000.0,508078000.0,0.0,,,,,-616000.0,109698000.0,1.0,167709488.0,167313007,170075682.0,3.037,1329009000.0,49893000.0,25602000.0,0.0,7.943,483252000.0
51,URBN,MRQ,2008-09-30,2008-10-31,2008-10-31,2021-09-09,-7166000.0,1328426000.0,,549258000.0,779168000.0,,6.115,-32264000.0,71714000.0,71714000.0,282557000.0,59274000.0,3.116,0.301,0.0,0.0,0.0,0.0,0.0,21079000.0,0.0,0.0,0.0,91816000.0,112895000.0,0.236,112895000.0,91816000.0,91816000.0,0.35,0.35,0.35,1021397000.0,,1021397000.0,3476735740.0,11.0,8.548,-3404000.0,-0.02,1.0,195396000.0,0.409,0.0,0.0,1080437000.0,,252308000.0,352699000.0,127335000.0,225364000.0,307029000.0,176275000.0,130754000.0,3637126740.0,-88677000.0,0.0,1994000.0,0.0,0.0,5874000.0,-120395000.0,-88131000.0,28860000.0,-3016000.0,59274000.0,59274000.0,59274000.0,0.0,0.0,0.124,105017000.0,90379000.0,82432000.0,0.0,3.561,17.121,17.118,513639000.0,0.0,21.74,2.03,2.026,33822000.0,860794000.0,477953000.0,477953000.0,0.0,,,,,-2616000.0,105017000.0,1.0,167301138.0,167030294,171064904.0,2.861,1328426000.0,40165000.0,32542000.0,0.0,7.953,372983000.0
52,URBN,MRQ,2008-06-30,2008-07-31,2008-07-31,2021-09-09,5986000.0,1268389000.0,,528731000.0,739658000.0,,5.808,-28421000.0,160391000.0,160391000.0,267785000.0,56988000.0,3.074,0.31,0.0,0.0,0.0,0.0,0.0,20471000.0,0.0,0.0,0.0,85365000.0,105836000.0,0.233,105836000.0,85365000.0,85365000.0,0.34,0.33,0.34,968138000.0,,968138000.0,5352027288.0,18.0,14.273,20484000.0,0.123,1.0,186510000.0,0.411,0.0,0.0,935999000.0,,211205000.0,268034000.0,76905000.0,191129000.0,300251000.0,171999000.0,128252000.0,5516057288.0,-3639000.0,0.0,758000.0,0.0,0.0,2310000.0,-54619000.0,-26198000.0,48905000.0,-235000.0,56988000.0,56988000.0,56988000.0,0.0,0.0,0.125,103590000.0,82920000.0,88521000.0,0.0,5.698,27.783,27.739,507399000.0,0.0,33.01,3.258,3.25,32468000.0,801520000.0,454295000.0,454295000.0,0.0,,,,,-735000.0,103590000.0,1.0,167102614.0,166698963,171687530.0,2.725,1268389000.0,41130000.0,28377000.0,0.0,7.609,356732000.0
53,URBN,MRQ,2008-03-31,2008-04-30,2008-04-30,2021-09-09,6353000.0,1205285000.0,,482239000.0,723046000.0,,5.468,-25500000.0,164030000.0,164030000.0,235612000.0,42557000.0,2.781,0.327,0.0,0.0,0.0,0.0,0.0,19343000.0,0.0,0.0,0.0,66162000.0,85505000.0,0.217,85505000.0,66162000.0,66162000.0,0.26,0.25,0.26,908392000.0,,908392000.0,5599638954.0,21.0,16.688,21588000.0,0.13,1.0,158680000.0,0.402,0.0,0.0,867831000.0,,191287000.0,242650000.0,55101000.0,187549000.0,296893000.0,173424000.0,123469000.0,5704909954.0,58759000.0,0.0,6112000.0,0.0,0.0,12613000.0,-1074000.0,24426000.0,47088000.0,132000.0,42557000.0,42557000.0,42557000.0,0.0,0.0,0.108,95738000.0,62942000.0,81112000.0,0.0,6.28,32.896,32.933,498789000.0,0.0,34.25,3.594,3.584,25593000.0,744532000.0,394292000.0,394292000.0,0.0,,,,,-5830000.0,95738000.0,1.0,166566714.0,166119099,170603420.0,2.374,1205285000.0,36708000.0,23605000.0,0.0,7.256,308815000.0
54,URBN,MRQ,2007-12-31,2008-01-31,2008-01-31,2021-09-09,7235000.0,1142791000.0,,433610000.0,709181000.0,,5.153,-31121000.0,105271000.0,105271000.0,281219000.0,53615000.0,2.591,0.339,0.0,0.0,0.0,0.0,0.0,18726000.0,0.0,0.0,0.0,83790000.0,102516000.0,0.22,102516000.0,83790000.0,83790000.0,0.32,0.31,0.32,853431000.0,,853431000.0,4778129435.0,20.0,15.696,99614000.0,0.601,1.0,184192000.0,0.396,0.0,0.0,870142000.0,,171925000.0,268379000.0,80127000.0,188252000.0,289360000.0,167378000.0,121982000.0,4814522435.0,68878000.0,0.0,1003000.0,0.0,0.0,3832000.0,-65416000.0,-34295000.0,130735000.0,-273000.0,53615000.0,53615000.0,53615000.0,0.0,0.0,0.115,103861000.0,80331000.0,74020000.0,0.0,5.641,30.047,29.897,488889000.0,0.0,29.0,3.193,3.18,26365000.0,701975000.0,465411000.0,465411000.0,0.0,,,,,-2093000.0,103861000.0,1.0,166018015.0,165633215,170103428.0,2.81,1142791000.0,35724000.0,30175000.0,0.0,6.9,266232000.0
55,URBN,MRQ,2007-09-30,2007-10-31,2007-10-31,2021-09-09,7630000.0,1066202000.0,,466637000.0,599565000.0,,4.81,-28792000.0,36393000.0,36393000.0,229382000.0,45382000.0,2.914,0.34,0.0,0.0,0.0,0.0,0.0,17643000.0,0.0,0.0,0.0,63478000.0,81121000.0,0.214,81121000.0,63478000.0,63478000.0,0.27,0.27,0.27,795644000.0,,795644000.0,4147779909.0,21.0,15.461,25166000.0,0.152,1.0,149938000.0,0.395,0.0,0.0,869661000.0,,212696000.0,232920000.0,154410000.0,78510000.0,270558000.0,160148000.0,110410000.0,4190166909.0,-5994000.0,0.0,933000.0,0.0,0.0,2175000.0,-62531000.0,-33739000.0,53958000.0,404000.0,45382000.0,45382000.0,45382000.0,0.0,0.0,0.12,88611000.0,61327000.0,78845000.0,0.0,5.266,29.436,29.384,489434000.0,0.0,25.27,2.986,2.979,24879000.0,648360000.0,379320000.0,379320000.0,0.0,,,,,-332000.0,88611000.0,1.0,165815865.0,165430768,169933513.0,2.293,1066202000.0,31621000.0,18096000.0,0.0,6.445,306489000.0
56,URBN,MRQ,2007-06-30,2007-07-31,2007-07-31,2021-09-09,5728000.0,981006000.0,,412251000.0,568755000.0,,4.508,-26022000.0,42387000.0,42387000.0,218422000.0,31866000.0,3.097,0.316,0.0,0.0,0.0,0.0,0.0,17108000.0,0.0,0.0,0.0,49308000.0,66416000.0,0.191,66416000.0,49308000.0,49308000.0,0.19,0.19,0.19,745273000.0,,745273000.0,3292448736.0,18.0,13.266,14116000.0,0.085,1.0,130027000.0,0.373,0.0,0.0,805514000.0,,185619000.0,199105000.0,130748000.0,68357000.0,235733000.0,133105000.0,102628000.0,3323619736.0,11216000.0,0.0,1297000.0,0.0,0.0,343000.0,-29182000.0,-3160000.0,40138000.0,-83000.0,31866000.0,31866000.0,31866000.0,0.0,0.0,0.091,82756000.0,47271000.0,61058000.0,0.0,4.46,25.279,25.075,468972000.0,0.0,20.06,2.495,2.489,24516000.0,602977000.0,348449000.0,348449000.0,0.0,,,,,1828000.0,82756000.0,1.0,165683935.0,165315656,169710489.0,2.108,981006000.0,31426000.0,17442000.0,0.0,5.934,279146000.0
57,URBN,MRQ,2007-03-31,2007-04-30,2007-04-30,2021-09-09,5334000.0,937286000.0,,388774000.0,548512000.0,,4.318,-29435000.0,31171000.0,31171000.0,201929000.0,29367000.0,2.904,0.317,0.0,0.0,0.0,0.0,0.0,16540000.0,0.0,0.0,0.0,37818000.0,54358000.0,0.173,54358000.0,37818000.0,37818000.0,0.18,0.17,0.18,711796000.0,,711796000.0,4225308767.0,24.0,17.955,87000.0,0.001,1.0,112615000.0,0.358,0.0,0.0,772245000.0,,168131000.0,196373000.0,133508000.0,62865000.0,225490000.0,133870000.0,91620000.0,4252575767.0,3904000.0,0.0,1767000.0,0.0,0.0,5991000.0,-31773000.0,-2338000.0,29522000.0,164000.0,29367000.0,29367000.0,29367000.0,0.0,0.0,0.093,76599000.0,36016000.0,61794000.0,0.0,5.974,33.946,33.455,455601000.0,0.0,25.76,3.35,3.345,22037000.0,571111000.0,314544000.0,314544000.0,0.0,,,,,-3467000.0,76599000.0,1.0,165084463.0,164826058,168799775.0,1.908,937286000.0,30046000.0,8451000.0,0.0,5.687,254904000.0
58,URBN,MRQ,2006-12-31,2007-01-31,2007-01-31,2021-09-09,4284000.0,899251000.0,,366405000.0,532846000.0,,4.107,-43786000.0,27267000.0,27267000.0,228343000.0,35731000.0,2.708,0.332,0.0,0.0,0.0,0.0,0.0,16474000.0,0.0,0.0,0.0,49907000.0,66381000.0,0.184,66381000.0,49907000.0,49907000.0,0.22,0.21,0.22,675283000.0,,675283000.0,3987889243.0,23.0,17.656,33013000.0,0.201,1.0,132453000.0,0.367,0.0,0.0,736666000.0,,154387000.0,194333000.0,132011000.0,62322000.0,223968000.0,135318000.0,88650000.0,4018433243.0,-3277000.0,0.0,1920000.0,0.0,0.0,2634000.0,-83976000.0,-40190000.0,76799000.0,1266000.0,35731000.0,35731000.0,35731000.0,0.0,0.0,0.099,84188000.0,48265000.0,57934000.0,0.0,5.951,34.58,34.366,445698000.0,0.0,24.4,3.281,3.281,20871000.0,542396000.0,360796000.0,360796000.0,0.0,,,,,268000.0,84188000.0,1.0,164689887.0,164437983,168582786.0,2.194,899251000.0,29409000.0,14176000.0,0.0,5.469,231087000.0
59,URBN,MRQ,2006-09-30,2006-10-31,2006-10-31,2021-09-09,2923000.0,865204000.0,,358934000.0,506270000.0,,3.853,-62542000.0,30544000.0,30544000.0,190407000.0,34514000.0,2.393,0.363,0.0,0.0,0.0,0.0,0.0,14205000.0,0.0,0.0,0.0,46829000.0,61034000.0,0.198,61034000.0,46829000.0,46829000.0,0.21,0.21,0.21,634575000.0,,634575000.0,2833549798.0,16.0,12.609,-9827000.0,-0.06,1.0,117948000.0,0.383,0.0,0.0,684657000.0,,179592000.0,154684000.0,96048000.0,58636000.0,230629000.0,150003000.0,80626000.0,2893271798.0,-29178000.0,0.0,-16691000.0,0.0,0.0,-16696000.0,-64357000.0,-1815000.0,52715000.0,-840000.0,34514000.0,34514000.0,34514000.0,0.0,0.0,0.112,72484000.0,45464000.0,61988000.0,0.0,4.559,24.927,24.648,426430000.0,0.0,17.5,2.447,2.438,19553000.0,506665000.0,308355000.0,308355000.0,0.0,,,,,946000.0,72484000.0,1.0,165329817.0,164707980,168306967.0,1.872,865204000.0,21204000.0,12315000.0,0.0,5.253,208931000.0
60,URBN,MRQ,2006-06-30,2006-07-31,2006-07-31,2021-09-09,1858000.0,839053000.0,,360777000.0,478276000.0,,3.726,-50009000.0,59722000.0,59722000.0,180807000.0,25662000.0,2.498,0.365,0.0,0.0,0.0,0.0,0.0,13097000.0,0.0,0.0,0.0,40459000.0,53556000.0,0.188,53556000.0,40459000.0,40459000.0,0.16,0.15,0.16,614842000.0,,614842000.0,2387968621.0,13.0,10.149,-27445000.0,-0.166,1.0,104752000.0,0.367,0.0,0.0,634920000.0,,148528000.0,153004000.0,92809000.0,60195000.0,224211000.0,144411000.0,79800000.0,2416074621.0,31616000.0,0.0,-1089000.0,0.0,0.0,1788000.0,7163000.0,57172000.0,22564000.0,101000.0,25662000.0,25662000.0,25662000.0,0.0,0.0,0.09,66043000.0,38709000.0,52396000.0,0.0,3.93,20.352,20.027,394706000.0,0.0,14.62,2.078,2.074,22299000.0,472151000.0,285559000.0,285559000.0,0.0,,,,,-1994000.0,66043000.0,1.0,165258182.0,164994329,168595378.0,1.731,839053000.0,23375000.0,14797000.0,0.0,5.085,216366000.0
61,URBN,MRQ,2006-03-31,2006-04-30,2006-04-30,2021-09-09,1249000.0,798935000.0,,377542000.0,421393000.0,,3.56,-55692000.0,28106000.0,28106000.0,173239000.0,20299000.0,2.794,0.364,0.0,0.0,0.0,0.0,0.0,11937000.0,0.0,0.0,0.0,32963000.0,44900000.0,0.166,44900000.0,32963000.0,32963000.0,0.12,0.12,0.12,585809000.0,,585809000.0,3778243834.0,19.0,15.594,-20653000.0,-0.125,1.0,96768000.0,0.358,0.0,0.0,635720000.0,,140726000.0,210436000.0,146725000.0,63711000.0,213126000.0,135109000.0,78017000.0,3828155834.0,-21806000.0,0.0,1410000.0,0.0,0.0,3218000.0,-60238000.0,-4546000.0,35039000.0,175000.0,20299000.0,20299000.0,20299000.0,0.0,0.0,0.075,65217000.0,31551000.0,57468000.0,0.0,6.535,30.958,30.526,335307000.0,0.0,23.2,3.385,3.377,23686000.0,446489000.0,270007000.0,270007000.0,0.0,,,,,-1117000.0,65217000.0,1.0,165006717.0,164576157,168020879.0,1.641,798935000.0,22375000.0,12664000.0,0.0,4.855,242433000.0
62,URBN,MRQ,2005-12-31,2006-01-31,2006-01-31,2021-09-09,528000.0,769205000.0,,385183000.0,384022000.0,,3.425,-49637000.0,49912000.0,49912000.0,192687000.0,35593000.0,2.885,0.371,0.0,0.0,0.0,0.0,0.0,10857000.0,0.0,0.0,0.0,54384000.0,65241000.0,0.205,65241000.0,54384000.0,54384000.0,0.22,0.21,0.22,560880000.0,,560880000.0,4477788325.0,21.0,17.788,31853000.0,0.194,1.0,125902000.0,0.395,0.0,0.0,585785000.0,,140377000.0,206631000.0,141883000.0,64748000.0,208325000.0,133508000.0,74817000.0,4497855325.0,29845000.0,0.0,3293000.0,0.0,0.0,3293000.0,-54489000.0,-4852000.0,81490000.0,-449000.0,35593000.0,35593000.0,35593000.0,0.0,0.0,0.112,73105000.0,52797000.0,41291000.0,0.0,8.019,34.388,34.138,299291000.0,0.0,27.31,4.119,4.094,14324000.0,426190000.0,318589000.0,318589000.0,0.0,,,,,13690000.0,73105000.0,1.0,164696277.0,163775389,169941630.0,1.945,769205000.0,24677000.0,18791000.0,0.0,4.697,251675000.0
63,URBN,MRQ,2005-09-30,2005-10-31,2005-10-31,2021-09-09,614000.0,710453000.0,,372251000.0,338202000.0,,3.149,-36243000.0,20067000.0,20067000.0,168550000.0,37162000.0,2.915,0.376,0.0,0.0,0.0,0.0,0.0,9912000.0,0.0,0.0,0.0,61680000.0,71592000.0,0.248,71592000.0,61680000.0,61680000.0,0.23,0.22,0.23,516353000.0,,516353000.0,4633954726.0,23.0,19.258,-5387000.0,-0.033,1.0,120251000.0,0.416,0.0,0.0,562678000.0,,170232000.0,202219000.0,136273000.0,65946000.0,194100000.0,127708000.0,66392000.0,4655730726.0,-1709000.0,0.0,803000.0,0.0,0.0,803000.0,-33850000.0,2393000.0,30856000.0,482000.0,37162000.0,37162000.0,37162000.0,0.0,0.0,0.129,59592000.0,60659000.0,53299000.0,0.0,9.017,38.075,37.276,255091000.0,0.0,28.33,4.542,4.531,18509000.0,390597000.0,288801000.0,288801000.0,0.0,,,,,290000.0,59592000.0,1.0,164339242.0,163953135,170328859.0,1.761,710453000.0,17165000.0,24518000.0,0.0,4.333,244543000.0
64,URBN,MRQ,2005-06-30,2005-07-31,2005-07-31,2021-09-09,410000.0,637833000.0,,345926000.0,291907000.0,,2.917,-19630000.0,21776000.0,21776000.0,148556000.0,30601000.0,3.401,0.336,0.0,0.0,0.0,0.0,0.0,9772000.0,0.0,0.0,0.0,50791000.0,60563000.0,0.239,60563000.0,50791000.0,50791000.0,0.19,0.18,0.19,477305000.0,,477305000.0,4954018261.0,27.0,22.635,479000.0,0.003,1.0,104836000.0,0.414,0.0,0.0,514334000.0,,132596000.0,205375000.0,143262000.0,62113000.0,160528000.0,101723000.0,58805000.0,4976142261.0,-348000.0,0.0,4435000.0,0.0,0.0,4435000.0,-24195000.0,-4565000.0,20109000.0,-697000.0,30601000.0,30601000.0,30601000.0,0.0,0.0,0.121,55371000.0,49465000.0,47945000.0,0.0,10.425,44.768,43.993,216683000.0,0.0,30.355,5.223,5.213,19195000.0,353435000.0,253392000.0,253392000.0,0.0,,,,,291000.0,55371000.0,1.0,163931552.0,163613606,169833000.0,1.549,637833000.0,13111000.0,20190000.0,0.0,3.898,244203000.0
65,URBN,MRQ,2005-03-31,2005-04-30,2005-04-30,2021-09-09,2501000.0,588222000.0,,305856000.0,282366000.0,,2.698,-18451000.0,22124000.0,22124000.0,133708000.0,27440000.0,3.362,0.338,0.0,0.0,0.0,0.0,0.0,8799000.0,0.0,0.0,0.0,45542000.0,54341000.0,0.235,54341000.0,45542000.0,45542000.0,0.17,0.16,0.17,439627000.0,,439627000.0,3604968193.0,22.0,17.953,-1715000.0,-0.011,1.0,97617000.0,0.422,0.0,0.0,475112000.0,,113477000.0,201303000.0,134681000.0,66622000.0,148595000.0,90986000.0,57609000.0,3634699193.0,-7607000.0,0.0,6699000.0,0.0,0.0,6699000.0,-31141000.0,-12690000.0,16736000.0,99000.0,27440000.0,27440000.0,27440000.0,0.0,0.0,0.119,52839000.0,44778000.0,38846000.0,0.0,8.268,35.966,35.536,203163000.0,0.0,22.21,4.09,4.072,13754000.0,322834000.0,231325000.0,231325000.0,0.0,,,,,281000.0,52839000.0,1.0,163651472.0,162956454,169057896.0,1.42,588222000.0,12581000.0,18102000.0,0.0,3.61,214870000.0
66,URBN,MRQ,2004-12-31,2005-01-31,2005-01-31,2021-09-09,2470000.0,556684000.0,,287868000.0,268816000.0,,2.478,-26661000.0,29731000.0,29731000.0,151243000.0,27076000.0,2.929,0.384,0.0,0.0,0.0,0.0,0.0,10508000.0,0.0,0.0,0.0,43616000.0,54124000.0,0.215,54124000.0,43616000.0,43616000.0,0.17,0.16,0.17,402244000.0,,402244000.0,3416146158.0,23.0,18.765,64578000.0,0.398,1.0,100380000.0,0.399,0.0,0.0,428682000.0,,98996000.0,189410000.0,125953000.0,63457000.0,154440000.0,98271000.0,56169000.0,3421559158.0,24318000.0,0.0,1241000.0,0.0,0.0,1241000.0,-68408000.0,-41747000.0,91239000.0,246000.0,27076000.0,27076000.0,27076000.0,0.0,0.0,0.108,57712000.0,42668000.0,39102000.0,0.0,8.506,37.812,37.562,192792000.0,0.0,21.035,4.134,4.102,8364000.0,295394000.0,251623000.0,251623000.0,0.0,,,,,3719000.0,57712000.0,1.0,162660288.0,162301076,168765824.0,1.55,556684000.0,17268000.0,16540000.0,0.0,3.43,189597000.0
67,URBN,MRQ,2004-09-30,2004-10-31,2004-10-31,2021-09-09,2259000.0,495262000.0,,239449000.0,255813000.0,,2.283,-11864000.0,5413000.0,5413000.0,124895000.0,26036000.0,2.919,0.339,0.0,0.0,0.0,0.0,0.0,6076000.0,0.0,0.0,0.0,43758000.0,49834000.0,0.23,49834000.0,43758000.0,43758000.0,0.16,0.15,0.16,369997000.0,,369997000.0,3254546022.0,24.0,19.389,-9912000.0,-0.061,1.0,91458000.0,0.423,0.0,0.0,407825000.0,,112893000.0,148601000.0,81502000.0,67099000.0,125265000.0,82024000.0,43241000.0,3318759022.0,-16900000.0,0.0,1402000.0,0.0,0.0,1402000.0,-20586000.0,-8722000.0,1952000.0,332000.0,26036000.0,26036000.0,26036000.0,0.0,0.0,0.12,48276000.0,43182000.0,43744000.0,0.0,8.97,40.551,40.196,179166000.0,0.0,20.5,4.412,4.417,13635000.0,268318000.0,216353000.0,216353000.0,0.0,,,,,4139000.0,48276000.0,1.0,161890684.0,162095230,168152512.0,1.335,495262000.0,9548000.0,17722000.0,0.0,3.055,157425000.0
68,URBN,MRQ,2004-06-30,2004-07-31,2004-07-31,2021-09-09,1783000.0,461576000.0,,222343000.0,239233000.0,,2.098,-24428000.0,22313000.0,22313000.0,112466000.0,20508000.0,2.677,0.366,0.0,0.0,0.0,0.0,0.0,8033000.0,0.0,0.0,0.0,34466000.0,42499000.0,0.224,42499000.0,34466000.0,34466000.0,0.125,0.125,0.125,337944000.0,,337944000.0,2320712347.0,20.0,15.761,6127000.0,0.038,1.0,77018000.0,0.406,0.0,0.0,356213000.0,,90930000.0,140168000.0,79973000.0,60195000.0,123632000.0,83050000.0,40582000.0,2393259347.0,-3284000.0,0.0,2012000.0,0.0,0.0,2012000.0,-36089000.0,-11661000.0,30555000.0,238000.0,20508000.0,20508000.0,20508000.0,0.0,0.0,0.108,42898000.0,34120000.0,37214000.0,0.0,7.082,34.242,33.795,169483000.0,0.0,14.87,3.529,3.532,10420000.0,242282000.0,189484000.0,189484000.0,0.0,,,,,2000000.0,42898000.0,1.0,160945484.0,161108050,166822784.0,1.176,461576000.0,9555000.0,13958000.0,0.0,2.865,139293000.0
69,URBN,MRQ,2004-03-31,2004-04-30,2004-04-30,2021-09-09,1369000.0,425922000.0,,198877000.0,227045000.0,,1.949,-12188000.0,25597000.0,25597000.0,100396000.0,16869000.0,2.596,0.361,0.0,0.0,0.0,0.0,0.0,7241000.0,0.0,0.0,0.0,28352000.0,35593000.0,0.209,35593000.0,28352000.0,28352000.0,0.105,0.1,0.105,313011000.0,,313011000.0,1787878325.0,18.0,14.165,14061000.0,0.088,1.0,69894000.0,0.41,0.0,0.0,323723000.0,,78399000.0,129023000.0,70476000.0,58547000.0,112911000.0,76602000.0,36309000.0,1855072325.0,22278000.0,0.0,2262000.0,0.0,0.0,2262000.0,-5850000.0,6338000.0,26249000.0,-383000.0,16869000.0,16869000.0,16869000.0,0.0,0.0,0.099,41498000.0,28396000.0,37929000.0,0.0,5.927,31.521,30.78,158976000.0,0.0,11.543,3.033,3.031,7446000.0,221774000.0,170290000.0,170290000.0,0.0,,,,,4318000.0,41498000.0,1.0,160716684.0,160591884,165889328.0,1.06,425922000.0,9522000.0,11483000.0,0.0,2.652,122275000.0
70,URBN,MRQ,2003-12-31,2004-01-31,2004-01-31,2021-09-09,1938000.0,384502000.0,,175835000.0,208667000.0,,1.827,-19210000.0,3319000.0,3319000.0,103042000.0,18429000.0,3.044,0.325,0.0,0.0,0.0,0.0,0.0,8955000.0,0.0,0.0,0.0,30973000.0,39928000.0,0.227,39928000.0,30973000.0,30973000.0,0.12,0.115,0.12,290130000.0,,290130000.0,1567630515.0,19.0,14.745,29347000.0,0.185,1.0,73081000.0,0.415,0.0,0.0,323421000.0,,63247000.0,136169000.0,83854000.0,52315000.0,94372000.0,57762000.0,36610000.0,1605026515.0,-11127000.0,0.0,2646000.0,0.0,0.0,2646000.0,-62595000.0,-43385000.0,48557000.0,265000.0,18429000.0,18429000.0,18429000.0,0.0,0.0,0.105,42014000.0,31067000.0,27353000.0,0.0,5.532,33.178,32.653,146826000.0,0.0,10.123,2.927,2.899,6711000.0,204905000.0,176123000.0,176123000.0,0.0,,,,,5636000.0,42014000.0,1.0,158560288.0,158786728,165105316.0,1.109,384502000.0,14358000.0,12544000.0,0.0,2.421,118073000.0
71,URBN,MRQ,2003-09-30,2003-10-31,2003-10-31,2021-09-09,1067000.0,333002000.0,,152402000.0,180600000.0,,1.664,-13892000.0,14446000.0,14446000.0,85520000.0,14087000.0,2.572,0.268,0.0,0.0,0.0,0.0,0.0,5545000.0,0.0,0.0,0.0,23676000.0,29221000.0,0.205,29221000.0,23676000.0,23676000.0,0.09,0.085,0.09,262548000.0,,262548000.0,1262093208.0,20.0,14.482,2665000.0,0.017,1.0,56811000.0,0.399,0.0,0.0,259292000.0,,72213000.0,93208000.0,44494000.0,48714000.0,70454000.0,59264000.0,11190000.0,1312545208.0,2994000.0,0.0,1004000.0,0.0,0.0,1004000.0,-14630000.0,-738000.0,16557000.0,63000.0,14087000.0,14087000.0,14087000.0,0.0,0.0,0.099,33333000.0,23478000.0,31260000.0,0.0,4.999,34.249,34.401,123023000.0,0.0,8.325,2.68,2.682,6478000.0,186476000.0,142331000.0,142331000.0,0.0,,,,,875000.0,33333000.0,1.0,157663088.0,157777716,163015652.0,0.902,333002000.0,8863000.0,9589000.0,0.0,2.111,93138000.0
72,URBN,MRQ,2003-06-30,2003-07-31,2003-07-31,2021-09-09,439000.0,306837000.0,,142739000.0,164098000.0,,1.573,-4428000.0,50452000.0,50452000.0,77231000.0,9467000.0,2.864,0.248,0.0,0.0,0.0,0.0,0.0,5562000.0,0.0,0.0,0.0,15911000.0,21473000.0,0.175,21473000.0,15911000.0,15911000.0,0.06,0.06,0.06,245954000.0,,245954000.0,715942248.0,13.0,9.411,7752000.0,0.05,1.0,45648000.0,0.371,0.0,0.0,206549000.0,,61467000.0,53738000.0,9501000.0,44237000.0,60883000.0,49836000.0,11047000.0,773574248.0,-7180000.0,0.0,3717000.0,0.0,0.0,3717000.0,-23101000.0,-18673000.0,12180000.0,24000.0,9467000.0,9467000.0,9467000.0,0.0,0.0,0.077,30147000.0,15501000.0,26664000.0,0.0,3.145,23.977,24.22,110993000.0,0.0,4.965,1.691,1.697,6402000.0,172389000.0,122879000.0,122879000.0,0.0,,,,,782000.0,30147000.0,1.0,155805488.0,156391136,160808824.0,0.786,306837000.0,8868000.0,6444000.0,0.0,1.962,92903000.0
73,URBN,MRQ,2003-03-31,2003-04-30,2003-04-30,2021-09-09,511000.0,287138000.0,,139131000.0,148007000.0,,1.494,-5925000.0,57632000.0,57632000.0,69095000.0,6393000.0,3.138,0.237,0.0,0.0,0.0,0.0,0.0,4948000.0,0.0,0.0,0.0,10744000.0,15692000.0,0.147,15692000.0,10744000.0,10744000.0,0.04,0.04,0.04,232060000.0,,232060000.0,508511031.0,10.0,7.315,-3066000.0,-0.02,1.0,37933000.0,0.354,0.0,0.0,185168000.0,,53739000.0,35672000.0,7000000.0,28672000.0,55078000.0,44338000.0,10740000.0,580638031.0,-14495000.0,0.0,1175000.0,0.0,0.0,1175000.0,-18575000.0,-12650000.0,2859000.0,46000.0,6393000.0,6393000.0,6393000.0,0.0,0.0,0.06,27273000.0,10660000.0,21604000.0,0.0,2.502,19.987,20.182,110406000.0,0.0,3.734,1.333,1.331,5538000.0,162922000.0,107028000.0,107028000.0,0.0,,,,,288000.0,27273000.0,1.0,155510688.0,155278296,158129760.0,0.689,287138000.0,8929000.0,4351000.0,0.0,1.849,94793000.0
74,URBN,MRQ,2002-12-31,2003-01-31,2003-01-31,2021-09-09,692000.0,279177000.0,,145765000.0,133412000.0,,1.434,-11968000.0,72127000.0,72127000.0,73883000.0,8377000.0,3.294,0.244,0.0,0.0,0.0,0.0,0.0,6686000.0,0.0,0.0,0.0,14080000.0,20766000.0,0.177,20766000.0,14080000.0,14080000.0,0.052,0.05,0.052,224385000.0,,224385000.0,345374761.0,7.0,5.231,13814000.0,0.088,1.0,43690000.0,0.372,0.0,0.0,162797000.0,,50006000.0,23019000.0,7379000.0,15640000.0,54792000.0,44253000.0,10539000.0,396929761.0,-18428000.0,0.0,1677000.0,0.0,0.0,1677000.0,-46214000.0,-34246000.0,25782000.0,327000.0,8377000.0,8377000.0,8377000.0,0.0,0.0,0.071,30099000.0,13591000.0,19186000.0,0.0,1.769,14.48,14.222,108847000.0,0.0,2.56,0.939,0.915,3262000.0,156529000.0,117573000.0,117573000.0,0.0,,,,,641000.0,30099000.0,1.0,155050688.0,156500688,159077336.0,0.751,279177000.0,13283000.0,5703000.0,0.0,1.784,101512000.0
75,URBN,MRQ,2002-09-30,2002-10-31,2002-10-31,2021-09-09,63000.0,272181000.0,,127033000.0,145148000.0,,1.384,-5986000.0,51555000.0,51555000.0,70932000.0,8026000.0,2.556,0.277,0.0,0.0,0.0,0.0,0.0,4655000.0,0.0,0.0,0.0,13489000.0,18144000.0,0.165,18144000.0,13489000.0,13489000.0,0.052,0.05,0.052,213061000.0,,213061000.0,394065961.0,9.0,6.681,-373000.0,-0.002,1.0,39174000.0,0.356,0.0,0.0,170924000.0,,56518000.0,27985000.0,3755000.0,24230000.0,59120000.0,49702000.0,9418000.0,462260961.0,-16640000.0,0.0,1252000.0,0.0,0.0,1252000.0,-23552000.0,-17566000.0,5613000.0,47000.0,8026000.0,8026000.0,8026000.0,0.0,0.0,0.073,26082000.0,13092000.0,26214000.0,0.0,2.17,18.634,17.766,111841000.0,0.0,3.002,1.13,1.13,6265000.0,148152000.0,110106000.0,110106000.0,0.0,,,,,659000.0,26082000.0,1.0,153958688.0,153898592,157443528.0,0.715,272181000.0,9077000.0,5463000.0,0.0,1.769,77331000.0
76,URBN,MRQ,2002-06-30,2002-07-31,2002-07-31,2021-09-09,13000.0,257839000.0,,143488000.0,114351000.0,,1.325,-5227000.0,68195000.0,68195000.0,65244000.0,6255000.0,3.148,0.27,0.0,0.0,0.0,0.0,0.0,4397000.0,0.0,0.0,0.0,10513000.0,14910000.0,0.148,14910000.0,10513000.0,10513000.0,0.04,0.04,0.04,203074000.0,,203074000.0,370846802.0,10.0,6.978,-332000.0,-0.002,1.0,35757000.0,0.354,0.0,0.0,144058000.0,,51687000.0,10575000.0,10575000.0,0.0,54765000.0,45586000.0,9179000.0,445493802.0,-6452000.0,0.0,236000.0,0.0,0.0,236000.0,-11770000.0,-6543000.0,4895000.0,187000.0,6255000.0,6255000.0,6255000.0,0.0,0.0,0.062,25209000.0,10548000.0,26062000.0,0.0,2.194,20.521,19.128,106925000.0,0.0,2.908,1.137,1.137,5333000.0,140126000.0,101001000.0,101001000.0,0.0,,,,,62000.0,25209000.0,1.0,153222288.0,153269280,158232120.0,0.659,257839000.0,7426000.0,4258000.0,0.0,1.682,97902000.0
77,URBN,MRQ,2002-03-31,2002-04-30,2002-04-30,2021-09-09,-747000.0,245587000.0,,132139000.0,113448000.0,,1.393,-5705000.0,74647000.0,74647000.0,61904000.0,4755000.0,3.224,0.255,0.0,0.0,0.0,0.0,0.0,4212000.0,0.0,0.0,0.0,7991000.0,12203000.0,0.13,12203000.0,7991000.0,7991000.0,0.034,0.033,0.034,195761000.0,,195761000.0,497413521.0,16.0,10.515,6435000.0,0.046,1.0,32170000.0,0.342,0.0,0.0,129950000.0,,42143000.0,4032000.0,4032000.0,0.0,49826000.0,40990000.0,8836000.0,525664521.0,46396000.0,0.0,43877000.0,0.0,0.0,43877000.0,-9705000.0,-4000000.0,12140000.0,84000.0,4755000.0,4755000.0,4755000.0,0.0,0.0,0.051,24002000.0,8168000.0,22497000.0,0.0,2.685,28.245,28.0,106018000.0,0.0,3.78,1.416,1.431,4678000.0,133871000.0,94074000.0,94074000.0,0.0,,,,,886000.0,24002000.0,1.0,139064688.0,140557672,144903232.0,0.669,245587000.0,7430000.0,3236000.0,0.0,1.747,91149000.0
78,URBN,MRQ,2001-12-31,2002-01-31,2002-01-31,2021-09-09,-1102000.0,195102000.0,,82149000.0,112953000.0,,1.054,-6049000.0,28251000.0,28251000.0,68971000.0,5771000.0,2.012,0.337,0.0,0.0,0.0,0.0,0.0,4029000.0,0.0,0.0,0.0,9699000.0,13728000.0,0.132,13728000.0,9699000.0,9699000.0,0.042,0.041,0.042,145888000.0,,145888000.0,444345586.0,18.0,10.922,19531000.0,0.141,1.0,34899000.0,0.336,0.0,0.0,126021000.0,,41086000.0,32000.0,32000.0,0.0,49214000.0,40830000.0,8384000.0,451876586.0,20720000.0,0.0,1175000.0,0.0,0.0,1175000.0,-6039000.0,10000.0,25580000.0,4000.0,5771000.0,5771000.0,5771000.0,0.0,0.0,0.056,25265000.0,9634000.0,20838000.0,0.0,3.097,30.111,29.705,105505000.0,0.0,3.268,1.295,1.294,4129000.0,129116000.0,103870000.0,103870000.0,0.0,,,,,323000.0,25265000.0,1.0,138294288.0,138370032,142581624.0,0.751,195102000.0,10229000.0,3928000.0,0.0,1.41,41319000.0
79,URBN,MRQ,2001-09-30,2001-10-31,2001-10-31,2021-09-09,-873000.0,184665000.0,,74957000.0,109708000.0,,1.005,-3440000.0,7531000.0,7531000.0,61615000.0,4928000.0,1.956,0.33,0.0,0.0,0.0,0.0,0.0,4021000.0,0.0,0.0,0.0,8282000.0,12303000.0,0.132,12303000.0,8282000.0,8282000.0,0.036,0.035,0.036,138848000.0,,138848000.0,213792318.0,10.0,5.908,-3447000.0,-0.025,1.0,31244000.0,0.336,0.0,0.0,138814000.0,,54258000.0,42000.0,42000.0,0.0,45817000.0,38320000.0,7497000.0,224425318.0,-3102000.0,0.0,7000.0,0.0,0.0,7000.0,-3143000.0,297000.0,-7000.0,41000.0,4928000.0,4928000.0,4928000.0,0.0,0.0,0.053,22875000.0,8369000.0,23439000.0,0.0,1.616,17.751,17.663,103581000.0,0.0,1.625,0.679,0.679,5352000.0,123345000.0,92859000.0,92859000.0,0.0,,,,,0.0,22875000.0,1.0,138107888.0,138109696,138889504.0,0.672,184665000.0,6127000.0,3354000.0,0.0,1.337,36637000.0
80,URBN,MRQ,2001-06-30,2001-07-31,2001-07-31,2021-09-09,-1099000.0,181676000.0,,72496000.0,109180000.0,,0.968,-7749000.0,10633000.0,10633000.0,54451000.0,3157000.0,1.765,0.359,0.0,0.0,0.0,0.0,0.0,3765000.0,0.0,0.0,0.0,5306000.0,9071000.0,0.113,9071000.0,5306000.0,5306000.0,0.022,0.022,0.022,133687000.0,,133687000.0,186663471.0,11.0,6.019,568000.0,0.004,1.0,25944000.0,0.323,0.0,0.0,129965000.0,,47446000.0,339000.0,339000.0,0.0,47989000.0,41078000.0,6911000.0,196458471.0,838000.0,0.0,0.0,0.0,0.0,0.0,-7749000.0,0.0,8317000.0,171000.0,3157000.0,3157000.0,3157000.0,0.0,0.0,0.039,20497000.0,5447000.0,26360000.0,0.0,1.47,19.498,19.223,103045000.0,0.0,1.423,0.624,0.624,5526000.0,118417000.0,80395000.0,80395000.0,0.0,,,,,0.0,20497000.0,1.0,138107888.0,138086384,138710552.0,0.582,181676000.0,6135000.0,2149000.0,0.0,1.316,31418000.0
81,URBN,MRQ,2001-03-31,2001-04-30,2001-04-30,2021-09-09,-1019000.0,173294000.0,,67830000.0,105464000.0,,0.946,-5071000.0,9795000.0,9795000.0,50274000.0,1151000.0,1.857,0.328,0.0,0.0,0.0,0.0,0.0,3647000.0,0.0,0.0,0.0,1935000.0,5582000.0,0.078,5582000.0,1935000.0,1935000.0,0.009,0.009,0.009,130511000.0,,130511000.0,208354388.0,14.0,7.479,-6221000.0,-0.045,1.0,21560000.0,0.3,0.0,0.0,126973000.0,,41903000.0,332000.0,332000.0,0.0,42783000.0,36526000.0,6257000.0,224640388.0,-6491000.0,0.0,0.0,0.0,0.0,0.0,-5071000.0,0.0,-1150000.0,-270000.0,1151000.0,1151000.0,1151000.0,0.0,0.0,0.016,19512000.0,2048000.0,22243000.0,0.0,1.721,25.952,25.43,99325000.0,0.0,1.627,0.746,0.746,5558000.0,115260000.0,71834000.0,71834000.0,0.0,,,,,0.0,19512000.0,1.0,138027888.0,138027856,138338896.0,0.52,173294000.0,6139000.0,784000.0,0.0,1.256,31304000.0
82,URBN,MRQ,2000-12-31,2001-01-31,2001-01-31,2021-09-09,-767000.0,168716000.0,,64973000.0,103743000.0,,0.939,-11424000.0,16286000.0,16286000.0,57880000.0,3407000.0,1.95,0.302,0.0,0.0,0.0,0.0,0.0,3460000.0,0.0,0.0,0.0,5772000.0,9232000.0,0.108,9232000.0,5772000.0,5772000.0,0.025,0.025,0.025,129612000.0,,129612000.0,145967688.0,8.0,4.901,7724000.0,0.056,1.0,27684000.0,0.324,0.0,0.0,119112000.0,,34786000.0,314000.0,314000.0,0.0,39104000.0,33318000.0,5786000.0,153124688.0,9129000.0,0.0,0.0,0.0,0.0,0.0,-10144000.0,1280000.0,19148000.0,125000.0,3407000.0,3407000.0,3407000.0,0.0,0.0,0.04,21975000.0,5709000.0,19387000.0,0.0,1.181,14.59,14.597,97901000.0,0.0,1.109,0.518,0.519,3444000.0,114109000.0,85564000.0,85564000.0,0.0,,,,,0.0,21975000.0,1.0,138027888.0,138029600,138331792.0,0.62,168716000.0,8683000.0,2365000.0,0.0,1.222,31655000.0
83,URBN,MRQ,2000-09-30,2000-10-31,2000-10-31,2021-09-09,-893000.0,162591000.0,,66702000.0,95889000.0,,0.913,-8972000.0,7157000.0,7157000.0,52557000.0,2361000.0,2.141,0.29,0.0,0.0,0.0,0.0,0.0,3190000.0,0.0,0.0,0.0,3935000.0,7125000.0,0.092,7125000.0,3935000.0,3935000.0,0.018,0.018,0.018,126079000.0,,126079000.0,145208972.0,7.0,4.418,-6297000.0,-0.046,1.0,24534000.0,0.318,0.0,0.0,124277000.0,,44986000.0,1602000.0,1602000.0,0.0,36512000.0,31157000.0,5355000.0,152054972.0,311000.0,0.0,0.0,0.0,0.0,0.0,-2233000.0,6739000.0,2675000.0,-131000.0,2361000.0,2361000.0,2361000.0,0.0,0.0,0.031,20386000.0,4148000.0,20521000.0,0.0,1.206,12.049,12.106,89949000.0,0.0,1.102,0.531,0.531,4777000.0,110702000.0,77091000.0,77091000.0,0.0,,,,,0.0,20386000.0,1.0,138027888.0,138075216,138205120.0,0.558,162591000.0,0.0,1574000.0,0.0,1.178,35545000.0
84,URBN,MRQ,2000-06-30,2000-07-31,2000-07-31,2021-09-09,-825000.0,160527000.0,,70476000.0,90051000.0,,0.897,-10759000.0,6846000.0,6846000.0,46880000.0,1737000.0,2.223,0.297,0.0,0.0,0.0,0.0,0.0,2951000.0,0.0,0.0,0.0,2969000.0,5920000.0,0.089,5920000.0,2969000.0,2969000.0,0.013,0.013,0.013,123786000.0,,123786000.0,177000974.0,6.0,4.556,-12140000.0,-0.088,1.0,19848000.0,0.297,0.0,0.0,121980000.0,,41548000.0,8319000.0,8319000.0,0.0,36741000.0,31701000.0,5040000.0,185474974.0,-1628000.0,0.0,0.0,0.0,0.0,0.0,-26000.0,10733000.0,-1381000.0,-221000.0,1737000.0,1737000.0,1737000.0,0.0,0.0,0.026,16838000.0,3010000.0,22421000.0,0.0,1.498,11.338,11.388,84105000.0,0.0,1.344,0.651,0.651,5922000.0,108341000.0,66728000.0,66728000.0,0.0,,,,,0.0,16838000.0,1.0,138027888.0,138027888,138038392.0,0.483,160527000.0,0.0,1232000.0,0.0,1.163,38775000.0
85,URBN,MRQ,2000-03-31,2000-04-30,2000-04-30,2021-09-09,-515000.0,155600000.0,,64793000.0,90807000.0,,0.886,-5722000.0,8474000.0,8474000.0,42684000.0,2990000.0,2.269,0.272,0.0,0.0,0.0,0.0,0.0,2396000.0,0.0,0.0,0.0,5111000.0,7507000.0,0.114,7507000.0,5111000.0,5111000.0,0.021,0.021,0.021,122359000.0,,122359000.0,173873500.0,5.0,3.983,-3284000.0,-0.024,1.0,23266000.0,0.353,0.0,0.0,118570000.0,,33023000.0,19230000.0,10584000.0,8646000.0,33241000.0,28556000.0,4685000.0,186600500.0,-4253000.0,0.0,-1412000.0,0.0,0.0,-1412000.0,-5144000.0,578000.0,2438000.0,-135000.0,2990000.0,2990000.0,2990000.0,0.0,0.0,0.045,18255000.0,5011000.0,17379000.0,0.0,1.525,9.969,10.028,76208000.0,0.0,1.344,0.652,0.649,6369000.0,106604000.0,65950000.0,65950000.0,0.0,,,,,0.0,18255000.0,1.0,138865488.0,138146296,138497336.0,0.477,155600000.0,0.0,2121000.0,0.0,1.126,36237000.0
86,URBN,MRQ,1999-12-31,2000-01-31,2000-01-31,2021-09-09,-380000.0,153501000.0,,66078000.0,87423000.0,,0.86,-12991000.0,12727000.0,12727000.0,48500000.0,5532000.0,2.354,0.269,0.0,0.0,0.0,0.0,0.0,2773000.0,0.0,0.0,0.0,9539000.0,12312000.0,0.16,12312000.0,9539000.0,9539000.0,0.04,0.039,0.04,120916000.0,,120916000.0,230553754.0,7.0,5.298,465000.0,0.003,1.0,28263000.0,0.368,0.0,0.0,112702000.0,,26868000.0,19871000.0,11225000.0,8646000.0,32585000.0,28072000.0,4513000.0,237859754.0,5421000.0,7550000.0,-4819000.0,0.0,0.0,-4819000.0,-3168000.0,2273000.0,13456000.0,-48000.0,5532000.0,5532000.0,5532000.0,0.0,0.0,0.072,18864000.0,9399000.0,16760000.0,0.0,1.967,12.733,12.593,72819000.0,0.0,1.688,0.855,0.851,4825000.0,103614000.0,76763000.0,76763000.0,0.0,,,,,1623000.0,18864000.0,1.0,140953928.0,140622584,142315336.0,0.546,153501000.0,2947000.0,4007000.0,0.0,1.092,38006000.0
87,URBN,MRQ,1999-09-30,1999-10-31,1999-10-31,2021-09-09,-332000.0,156756000.0,,72619000.0,84137000.0,,0.843,-12854000.0,7306000.0,7306000.0,46716000.0,6100000.0,2.151,0.321,0.0,0.0,0.0,0.0,0.0,1976000.0,0.0,0.0,0.0,11135000.0,13111000.0,0.174,13111000.0,11135000.0,11135000.0,0.044,0.043,0.044,118628000.0,,118628000.0,378167902.0,11.0,9.084,-5882000.0,-0.042,1.0,28668000.0,0.38,0.0,0.0,115692000.0,,32527000.0,22156000.0,8371000.0,13785000.0,38128000.0,33758000.0,4370000.0,387046902.0,-1573000.0,-2575000.0,1454000.0,0.0,0.0,1454000.0,-10221000.0,5208000.0,6972000.0,222000.0,6100000.0,6100000.0,6100000.0,0.0,0.0,0.081,17145000.0,11523000.0,19688000.0,0.0,3.263,21.113,25.229,62589000.0,0.0,2.75,1.47,1.47,8914000.0,98082000.0,75384000.0,75384000.0,0.0,,,,,0.0,17145000.0,1.0,140744328.0,140755736,143720712.0,0.536,156756000.0,0.0,5035000.0,0.0,1.114,38861000.0
88,URBN,MRQ,1999-06-30,1999-07-31,1999-07-31,2021-09-09,-554000.0,141096000.0,,63066000.0,78030000.0,,0.793,-5030000.0,8879000.0,8879000.0,41680000.0,4097000.0,2.426,0.273,0.0,0.0,0.0,0.0,0.0,1992000.0,0.0,0.0,0.0,8727000.0,10719000.0,0.158,10719000.0,8727000.0,8727000.0,0.029,0.029,0.029,110851000.0,,110851000.0,426340660.0,14.0,11.112,-2827000.0,-0.02,1.0,26296000.0,0.387,0.0,0.0,106217000.0,,31083000.0,27482000.0,10188000.0,17294000.0,30245000.0,26000000.0,4245000.0,440474660.0,-5255000.0,-3400000.0,2401000.0,0.0,0.0,2401000.0,-9586000.0,-1156000.0,2203000.0,-273000.0,4097000.0,4097000.0,4097000.0,0.0,0.0,0.06,15664000.0,10632000.0,17285000.0,0.0,3.974,25.51,31.562,51593000.0,0.0,3.156,1.773,1.775,6176000.0,91981000.0,67976000.0,67976000.0,0.0,,,,,0.0,15664000.0,1.0,139556328.0,139711632,142833992.0,0.487,141096000.0,0.0,4630000.0,0.0,1.01,37066000.0
89,URBN,MRQ,1999-03-31,1999-04-30,1999-04-30,2021-09-09,-281000.0,135330000.0,,62306000.0,73024000.0,,0.748,-7274000.0,14134000.0,14134000.0,36563000.0,2950000.0,2.332,0.293,0.0,0.0,0.0,0.0,0.0,1926000.0,0.0,0.0,0.0,5448000.0,7374000.0,0.127,7374000.0,5448000.0,5448000.0,0.0,0.021,0.0,104626000.0,,104626000.0,311884745.0,11.0,8.939,-4021000.0,-0.029,1.0,21428000.0,0.37,0.0,0.0,94478000.0,,25292000.0,26404000.0,10105000.0,16299000.0,30704000.0,26718000.0,3986000.0,336776745.0,-11031000.0,-2175000.0,-3804000.0,0.0,0.0,-3804000.0,-10666000.0,-1217000.0,3253000.0,186000.0,2950000.0,2950000.0,2950000.0,0.0,0.0,0.051,15416000.0,6012000.0,16394000.0,,3.219,20.273,25.5,48477000.0,0.0,2.422,1.474,1.484,5060000.0,87884000.0,57991000.0,57991000.0,0.0,,,,,0.0,15416000.0,1.0,139020328.0,139926376,141349672.0,0.414,135330000.0,0.0,2498000.0,0.0,0.967,35588000.0
90,URBN,MRQ,1998-12-31,1999-01-31,1999-01-31,2021-09-09,-467000.0,133363000.0,,71555000.0,61808000.0,,0.746,-7039000.0,25165000.0,25165000.0,36932000.0,5185000.0,2.955,0.267,0.0,0.0,0.0,0.0,0.0,1639000.0,0.0,0.0,0.0,8788000.0,10427000.0,0.168,10427000.0,8788000.0,8788000.0,0.036,0.036,0.036,105294000.0,,105294000.0,264940568.0,10.0,8.194,7702000.0,0.055,1.0,25019000.0,0.404,0.0,0.0,83985000.0,,21881000.0,25250000.0,13032000.0,12218000.0,28069000.0,24213000.0,3856000.0,288976568.0,1129000.0,-3754000.0,308000.0,0.0,0.0,308000.0,-13752000.0,-2959000.0,14741000.0,-168000.0,5185000.0,5185000.0,5185000.0,0.0,0.0,0.084,16558000.0,8461000.0,14763000.0,0.0,2.744,18.336,18.367,43066000.0,0.0,2.039,1.377,1.376,4824000.0,84934000.0,61951000.0,61951000.0,0.0,,,,,0.0,16558000.0,1.0,141742032.0,141056712,142469920.0,0.439,133363000.0,1924000.0,3603000.0,1300000.0,0.945,47342000.0
91,URBN,MRQ,1998-09-30,1998-10-31,1998-10-31,2021-09-09,-299000.0,129516000.0,,75491000.0,54025000.0,,0.706,-3897000.0,24036000.0,24036000.0,37506000.0,5035000.0,2.93,0.296,0.0,0.0,0.0,0.0,0.0,1314000.0,0.0,0.0,0.0,8533000.0,9847000.0,0.163,9847000.0,8533000.0,8533000.0,0.035,0.035,0.035,99969000.0,,99969000.0,210112286.0,9.0,7.118,14000.0,0.0,1.0,22956000.0,0.38,0.0,0.0,79714000.0,,26500000.0,22291000.0,11258000.0,11033000.0,29547000.0,25766000.0,3781000.0,233096286.0,1052000.0,0.0,-2254000.0,0.0,0.0,-2254000.0,-617000.0,1323000.0,3911000.0,12000.0,5035000.0,5035000.0,5035000.0,0.0,0.0,0.083,14849000.0,8107000.0,17471000.0,0.0,2.332,16.193,16.25,37393000.0,0.0,1.641,1.201,1.197,6939000.0,79749000.0,60462000.0,60462000.0,0.0,,,,,0.0,14849000.0,1.0,142023632.0,141616240,142984024.0,0.427,129516000.0,0.0,3498000.0,0.0,0.915,49725000.0
92,URBN,MRQ,1998-06-30,1998-07-31,1998-07-31,2021-09-09,-311000.0,125345000.0,,74077000.0,51268000.0,,0.683,-4657000.0,22984000.0,22984000.0,30310000.0,3442000.0,2.993,0.29,0.0,0.0,0.0,0.0,0.0,1410000.0,0.0,0.0,0.0,5834000.0,7244000.0,0.151,7244000.0,5834000.0,5834000.0,0.024,0.024,0.024,97176000.0,,97176000.0,273865730.0,11.0,9.44,-661000.0,-0.005,1.0,17758000.0,0.369,0.0,0.0,77611000.0,,27073000.0,23614000.0,11732000.0,11882000.0,28169000.0,24750000.0,3419000.0,297780730.0,-931000.0,0.0,145000.0,0.0,0.0,145000.0,-4761000.0,446000.0,3996000.0,-311000.0,3442000.0,3442000.0,3442000.0,0.0,0.0,0.072,12376000.0,5382000.0,17650000.0,0.0,3.064,21.055,20.938,34810000.0,0.0,2.094,1.636,1.636,4681000.0,74714000.0,48068000.0,48068000.0,0.0,,,,,0.0,12376000.0,1.0,142223632.0,142256504,144225312.0,0.338,125345000.0,0.0,2392000.0,0.0,0.881,49327000.0
93,URBN,MRQ,1998-03-31,1998-04-30,1998-04-30,2021-09-09,0.0,116450000.0,,69274000.0,47176000.0,,0.663,-5928000.0,23915000.0,23915000.0,25409000.0,2100000.0,3.588,0.24,0.0,0.0,0.0,0.0,0.0,1258000.0,0.0,0.0,0.0,3557000.0,4815000.0,0.122,4815000.0,3557000.0,3557000.0,0.015,0.015,0.015,93902000.0,,93902000.0,263214393.0,11.0,9.481,-1332000.0,-0.009,1.0,13974000.0,0.355,0.0,0.0,73227000.0,,21144000.0,24060000.0,12594000.0,11466000.0,22548000.0,19308000.0,3240000.0,289926393.0,-2797000.0,0.0,1144000.0,0.0,0.0,1144000.0,-8537000.0,-1202000.0,4596000.0,0.0,2100000.0,2100000.0,2100000.0,0.0,0.0,0.053,10808000.0,3166000.0,14542000.0,0.0,3.088,21.387,21.328,31563000.0,0.0,2.047,1.654,1.653,4824000.0,71274000.0,39383000.0,39383000.0,0.0,,,,,0.0,10808000.0,1.0,141600192.0,141555688,144038816.0,0.278,116450000.0,0.0,1457000.0,0.0,0.823,49966000.0
94,URBN,MRQ,1997-12-31,1998-01-31,1998-01-31,2021-09-09,0.0,107424000.0,,65793000.0,41631000.0,,0.645,-2759000.0,26712000.0,26712000.0,49128000.0,3818000.0,4.816,0.185,0.0,0.0,0.0,0.0,0.0,1186000.0,0.0,0.0,0.0,6425000.0,7611000.0,0.165,7611000.0,6425000.0,6425000.0,0.028,0.026,0.028,90658000.0,,90658000.0,280317120.0,12.0,9.936,6547000.0,0.047,1.0,-2894000.0,-0.063,0.0,0.0,67052000.0,,17128000.0,22858000.0,10865000.0,11993000.0,16766000.0,13660000.0,3106000.0,299971120.0,7058000.0,0.0,628000.0,0.0,0.0,628000.0,-2876000.0,-117000.0,9306000.0,0.0,3818000.0,3818000.0,3818000.0,0.0,0.0,0.083,-8793000.0,5899000.0,10386000.0,0.0,3.309,21.612,21.465,26893000.0,0.0,2.125,1.733,1.726,4497000.0,69174000.0,46234000.0,46234000.0,0.0,,,,,0.0,-8793000.0,1.0,141162880.0,140548352,143506792.0,0.329,107424000.0,1929000.0,2607000.0,366000.0,0.764,52133000.0
95,URBN,MRQ,1997-09-30,1997-10-31,1997-10-31,2021-09-09,0.0,105021000.0,,65356000.0,39665000.0,,0.612,-1810000.0,19654000.0,19654000.0,24347000.0,4783000.0,4.117,0.218,0.0,0.0,0.0,0.0,0.0,1165000.0,0.0,0.0,0.0,8176000.0,9341000.0,0.193,9341000.0,8176000.0,8176000.0,0.034,0.034,0.034,86211000.0,,86211000.0,273644014.0,12.0,10.424,785000.0,0.006,1.0,24026000.0,0.497,0.0,0.0,69491000.0,,22440000.0,22741000.0,9908000.0,12833000.0,18810000.0,15876000.0,2934000.0,292500014.0,798000.0,0.0,434000.0,0.0,0.0,434000.0,-2231000.0,-421000.0,2595000.0,0.0,4783000.0,4783000.0,4783000.0,0.0,0.0,0.099,16235000.0,7791000.0,9866000.0,0.0,3.393,22.65,22.352,25318000.0,0.0,2.079,1.732,1.734,6711000.0,65355000.0,48373000.0,48373000.0,0.0,,,,,0.0,16235000.0,1.0,140709568.0,140870112,143321248.0,0.343,105021000.0,0.0,3393000.0,0.0,0.746,49480000.0
96,URBN,MRQ,1997-06-30,1997-07-31,1997-07-31,2021-09-09,0.0,99069000.0,,61058000.0,38011000.0,,0.576,-1055000.0,18856000.0,18856000.0,20966000.0,2855000.0,3.989,0.223,0.0,0.0,0.0,0.0,0.0,1116000.0,0.0,0.0,0.0,4880000.0,5996000.0,0.145,5996000.0,4880000.0,4880000.0,0.02,0.02,0.02,80994000.0,,80994000.0,262054962.0,12.0,10.16,3716000.0,0.026,1.0,20350000.0,0.493,0.0,0.0,64907000.0,,20300000.0,22320000.0,10507000.0,11813000.0,18075000.0,15306000.0,2769000.0,277021962.0,3889000.0,0.0,0.0,0.0,0.0,0.0,-882000.0,173000.0,4771000.0,0.0,2855000.0,2855000.0,2855000.0,0.0,0.0,0.069,15824000.0,4526000.0,10847000.0,0.0,3.42,21.705,21.635,24675000.0,0.0,1.969,1.675,1.675,4782000.0,60572000.0,41316000.0,41316000.0,0.0,,,,,0.0,15824000.0,1.0,140709568.0,140709568,142720168.0,0.294,99069000.0,0.0,2025000.0,0.0,0.704,45752000.0
97,URBN,MRQ,1997-03-31,1997-04-30,1997-04-30,2021-09-09,0.0,94141000.0,,55345000.0,38796000.0,,0.557,-648000.0,14967000.0,14967000.0,18589000.0,2423000.0,4.133,0.205,0.0,0.0,0.0,0.0,0.0,1121000.0,0.0,0.0,0.0,4142000.0,5263000.0,0.141,5263000.0,4142000.0,4142000.0,0.018,0.018,0.018,78139000.0,,78139000.0,204527725.0,9.0,8.006,1553000.0,0.011,1.0,18608000.0,0.5,0.0,0.0,65784000.0,,18605000.0,22493000.0,9976000.0,12517000.0,16002000.0,13390000.0,2612000.0,219108725.0,386000.0,0.0,24000.0,0.0,0.0,24000.0,-1839000.0,-1191000.0,2201000.0,0.0,2423000.0,2423000.0,2423000.0,0.0,0.0,0.065,14761000.0,3847000.0,8981000.0,0.0,2.804,17.176,17.17,24736000.0,0.0,1.562,1.37,1.37,5155000.0,57717000.0,37197000.0,37197000.0,0.0,,,,,0.0,14761000.0,1.0,140229584.0,140299696,141632544.0,0.265,94141000.0,0.0,1719000.0,1230000.0,0.671,41955000.0
98,URBN,MRQ,1996-12-31,1997-01-31,1997-01-31,2021-09-09,0.0,89675000.0,,50864000.0,38811000.0,,0.578,-3206000.0,14581000.0,14581000.0,42848000.0,2853000.0,4.375,0.185,0.0,0.0,0.0,0.0,0.0,848000.0,0.0,0.0,0.0,4803000.0,5651000.0,0.135,5651000.0,4803000.0,4803000.0,0.021,,0.021,75692000.0,,75692000.0,,,,-2480000.0,-0.019,1.0,-850000.0,-0.02,0.0,0.0,63469000.0,,16965000.0,21302000.0,9255000.0,12047000.0,13983000.0,11625000.0,2358000.0,212623107.0,1069000.0,0.0,2172000.0,0.0,0.0,2172000.0,-1829000.0,1377000.0,726000.0,0.0,2853000.0,2853000.0,2853000.0,0.0,0.0,0.068,-5225000.0,4375000.0,8699000.0,0.0,2.809,16.035,15.961,25209000.0,0.0,1.516,1.359,1.352,2827000.0,55294000.0,41998000.0,41998000.0,0.0,,,,,0.0,-5225000.0,1.0,140229584.0,130865704,,0.321,89675000.0,2460000.0,1950000.0,388000.0,0.685,39239000.0
99,URBN,MRQ,1996-09-30,1996-10-31,1996-10-31,2021-09-09,,,,,,,,-4455000.0,,,22413000.0,4632000.0,,,,,,,,931000.0,,0.0,0.0,7951000.0,8882000.0,0.198,8882000.0,7951000.0,7951000.0,0.033,,0.033,,,,,,,1081000.0,0.008,1.0,22471000.0,0.501,,0.0,,,,,,,,,,,-243000.0,0.0,123000.0,0.0,0.0,123000.0,-5902000.0,-1447000.0,5536000.0,0.0,4632000.0,4632000.0,4632000.0,0.0,0.0,0.103,14870000.0,7601000.0,,0.0,,,,,0.0,1.969,,,,,44884000.0,44884000.0,0.0,,,,,0.0,14870000.0,1.0,,142724328,,0.314,,,3319000.0,,,
100,URBN,MRQ,1996-06-30,1996-07-31,1996-07-31,2021-09-09,,,,,,,,-2060000.0,,,17496000.0,2849000.0,,,,,,,,861000.0,,0.0,0.0,4891000.0,5752000.0,0.16,5752000.0,4891000.0,4891000.0,0.02,,0.02,,,,,,,-3496000.0,-0.025,1.0,18402000.0,0.513,,0.0,,,,,,,,,,,-7028000.0,0.0,-406000.0,0.0,0.0,-406000.0,-5186000.0,-3126000.0,-1436000.0,0.0,2849000.0,2849000.0,2849000.0,0.0,0.0,0.079,13743000.0,4659000.0,,0.0,,,,,0.0,2.344,,,,,35898000.0,35898000.0,0.0,,,,,0.0,13743000.0,1.0,,142655568,,0.252,,,2042000.0,,,
101,URBN,MRQ,1996-03-31,1996-04-30,1996-04-30,2021-09-09,,,,,,,,-2259000.0,,,16570000.0,2927000.0,,,,,,,,821000.0,,0.0,0.0,5025000.0,5846000.0,0.174,5846000.0,5025000.0,5025000.0,0.021,,0.021,,,,,,,1958000.0,0.014,1.0,17065000.0,0.507,,0.0,,,,,,,,,,,688000.0,0.0,1090000.0,0.0,0.0,1090000.0,-4619000.0,-2360000.0,4217000.0,0.0,2927000.0,2927000.0,2927000.0,0.0,0.0,0.087,12344000.0,4721000.0,,0.0,,,,,0.0,2.086,,,,,33635000.0,33635000.0,0.0,,,,,0.0,12344000.0,1.0,,141494400,,0.238,,,2098000.0,,,
102,URBN,MRQ,1995-12-31,1996-01-31,1996-01-31,2021-09-09,0.0,71117000.0,,46559000.0,24558000.0,,0.436,,20095000.0,20095000.0,,,4.623,0.196,0.0,0.0,0.0,0.0,0.0,,0.0,0.0,0.0,,,,,,,,,,59452000.0,,59452000.0,,,,,,1.0,,,0.0,,40950000.0,,10477000.0,15746000.0,9499000.0,6247000.0,11665000.0,10072000.0,1593000.0,,,,,,,,,,,,,,,,,,,,6898000.0,,,,17.104,16690000.0,,1.539,,1.576,1573000.0,42034000.0,,,,,,,,,,1.0,,136230848,,,71117000.0,1679000.0,,0.0,0.522,36487000.0
0,URBN,MRT,2021-06-30,2021-07-31,2021-07-31,2021-09-09,-13088000.0,3742888000.0,3599878750.0,1395413000.0,2347475000.0,1.151,16.98,-192763000.0,464811000.0,464811000.0,2795199000.0,286087000.0,1.474,1.242,1273550000.0,243338000.0,1030212000.0,1273550000.0,0.0,296136000.0,0.0,0.0,0.0,374009000.0,670145000.0,0.162,670145000.0,374009000.0,370604000.0,2.91,2.89,2.91,1669420000.0,1528151500.0,1669420000.0,4598548692.0,12.0,6.862,173028000.0,1.76,1.0,1347941000.0,0.325,0.0,3405000.0,3605262000.0,3523038500.0,483148000.0,270231000.0,156982000.0,113249000.0,2073468000.0,946365000.0,1127103000.0,3656341692.0,-198049000.0,0.0,-4386000.0,-120000000.0,0.0,-124386000.0,-442873000.0,-250110000.0,365791000.0,3419000.0,286087000.0,286087000.0,286087000.0,0.0,0.0,0.069,975297000.0,372644000.0,240245000.0,0.0,2.19,12.781,12.777,2116670000.0,0.0,37.18,0.883,0.882,94402000.0,1655917000.0,4143140000.0,4143140000.0,0.0,0.079,0.187,0.106,0.09,21011000.0,975297000.0,1.0,98341627.0,98315441,99601292.0,42.141,3742888000.0,117556000.0,84517000.0,0.0,38.07,449048000.0
1,URBN,MRT,2021-03-31,2021-04-30,2021-04-30,2021-09-09,-11741000.0,3579607000.0,3520476250.0,1281029000.0,2298578000.0,1.076,15.641,-158313000.0,364247000.0,364247000.0,2637967000.0,193225000.0,1.437,1.333,1306454000.0,246226000.0,1060228000.0,1306454000.0,0.0,295620000.0,0.0,0.0,0.0,278839000.0,574459000.0,0.152,574459000.0,278839000.0,275434000.0,1.97,1.96,1.97,1534509000.0,1448444750.0,1534509000.0,4459000059.0,16.0,7.762,224259000.0,2.286,1.0,1150714000.0,0.304,0.0,3405000.0,3630214000.0,3492667500.0,477777000.0,265110000.0,164430000.0,100680000.0,2045098000.0,891600000.0,1153498000.0,3525923059.0,-224493000.0,0.0,-6006000.0,-220000000.0,0.0,-226006000.0,-387753000.0,-229440000.0,382572000.0,6694000.0,193225000.0,193225000.0,193225000.0,0.0,0.0,0.051,874504000.0,276210000.0,251944000.0,0.0,2.298,18.248,18.223,2082010000.0,0.0,35.9,0.931,0.93,85307000.0,1528655000.0,3788681000.0,3788681000.0,0.0,0.055,0.133,0.08,0.074,19998000.0,874504000.0,1.0,98215127.0,98108245,99322220.0,38.617,3579607000.0,115888000.0,82209000.0,0.0,36.486,389429000.0
2,URBN,MRT,2020-12-31,2021-01-31,2021-01-31,2021-09-09,-17120000.0,3546345000.0,3464625500.0,1223332000.0,2323013000.0,0.996,15.103,-159242000.0,395635000.0,395635000.0,2587843000.0,1236000.0,1.35,1.4,1328712000.0,254703000.0,1074009000.0,1328712000.0,0.0,300859000.0,0.0,0.0,0.0,6918000.0,307777000.0,0.089,307777000.0,6918000.0,3513000.0,0.01,0.01,0.01,1477358000.0,1389344500.0,1477358000.0,3381891431.0,489.0,10.988,126572000.0,1.294,1.0,861906000.0,0.25,0.0,3405000.0,3573290000.0,3444236500.0,389618000.0,298357000.0,174695000.0,123662000.0,2068987000.0,906132000.0,1162855000.0,2682280431.0,173796000.0,0.0,-10417000.0,0.0,0.0,-10417000.0,-101900000.0,57342000.0,285814000.0,299000.0,1236000.0,1236000.0,1236000.0,0.0,0.0,0.0,857934000.0,3972000.0,237386000.0,0.0,1.816,2170.13,2743.0,2082184000.0,0.0,27.43,0.778,0.778,89952000.0,1475108000.0,3449749000.0,3449749000.0,0.0,0.0,0.001,0.002,0.002,20300000.0,857934000.0,1.0,97786381.0,97817651,98522776.0,35.267,3546345000.0,117167000.0,2277000.0,0.0,36.255,317200000.0
3,URBN,MRT,2020-09-30,2020-10-31,2020-10-31,2021-09-09,-30894000.0,3530675000.0,3406947500.0,1371561000.0,2159114000.0,1.036,14.637,-135465000.0,624945000.0,624945000.0,2624319000.0,-7799000.0,1.448,1.467,1324556000.0,255122000.0,1069434000.0,1324556000.0,0.0,302587000.0,0.0,0.0,0.0,8749000.0,311336000.0,0.088,311336000.0,8749000.0,7547000.0,-0.08,-0.08,-0.08,1431319000.0,1383843750.0,1431319000.0,3014263752.0,345.0,9.682,231695000.0,2.369,1.0,906615000.0,0.257,0.0,1202000.0,3283388000.0,3504442000.0,489234000.0,9352000.0,2000.0,9350000.0,2099356000.0,946898000.0,1152458000.0,2184547752.0,457875000.0,0.0,-10864000.0,0.0,0.0,-10864000.0,103570000.0,239035000.0,367160000.0,-1991000.0,-7799000.0,-7799000.0,-7799000.0,0.0,0.0,-0.002,898848000.0,7767000.0,349793000.0,0.0,1.526,-280.106,-279.25,2032059000.0,0.0,22.34,0.619,0.619,87187000.0,1446534000.0,3530934000.0,3530934000.0,0.0,-0.002,-0.006,0.002,0.002,21332000.0,884937000.0,1.0,97786381.0,97784661,98583032.0,36.109,3530675000.0,117705000.0,15346000.0,0.0,36.107,424663000.0
4,URBN,MRT,2020-06-30,2020-07-31,2020-07-31,2021-09-09,-29203000.0,3425278000.0,3354427000.0,1270966000.0,2154312000.0,1.058,13.813,-173071000.0,662860000.0,662860000.0,2644020000.0,-28851000.0,1.648,1.536,1492576000.0,270326000.0,1222250000.0,1492576000.0,0.0,304383000.0,0.0,0.0,0.0,-13024000.0,291359000.0,0.082,291359000.0,-13024000.0,-14226000.0,-0.29,-0.3,-0.29,1350593000.0,1383477250.0,1350593000.0,2581137352.0,-198.0,8.859,154785000.0,1.583,1.0,904776000.0,0.255,0.0,1202000.0,3483778000.0,3627525500.0,351771000.0,9717000.0,501000.0,9216000.0,2074685000.0,771216000.0,1303469000.0,1617274352.0,500842000.0,0.0,-10949000.0,120000000.0,0.0,109051000.0,63007000.0,236078000.0,327856000.0,928000.0,-28851000.0,-28851000.0,-28851000.0,0.0,0.0,-0.008,920248000.0,-15472000.0,207261000.0,0.0,1.197,-56.056,-57.034,2023804000.0,0.0,16.54,0.456,0.456,60441000.0,1369830000.0,3548796000.0,3548796000.0,0.0,-0.009,-0.021,-0.004,-0.004,20905000.0,906337000.0,1.0,97779586.0,97778749,98104918.0,36.294,3425278000.0,121292000.0,14625000.0,0.0,35.031,499750000.0
5,URBN,MRT,2020-03-31,2020-04-30,2020-04-30,2021-09-09,-40925000.0,3356204000.0,3282618750.0,1176928000.0,2179276000.0,1.13,13.258,-223235000.0,588740000.0,588740000.0,2725246000.0,-2931000.0,1.332,1.585,1552603000.0,463671000.0,1088932000.0,1552603000.0,0.0,304767000.0,0.0,0.0,0.0,-351000.0,304416000.0,0.082,304416000.0,-351000.0,-1553000.0,-0.03,-0.04,-0.03,1298108000.0,1386180000.0,1298108000.0,2832707763.0,-8070.0,9.305,-34887000.0,-0.356,1.0,982613000.0,0.265,0.0,1202000.0,3436490000.0,3668978250.0,335640000.0,78393000.0,65121000.0,13272000.0,2058096000.0,883577000.0,1174519000.0,1695458763.0,297541000.0,0.0,-157152000.0,220000000.0,0.0,62848000.0,51929000.0,275164000.0,188348000.0,-5584000.0,-2931000.0,-2931000.0,-2931000.0,0.0,0.0,-0.001,989443000.0,-6830000.0,104702000.0,0.0,1.306,-578.457,-578.0,1996950000.0,0.0,17.34,0.457,0.458,55910000.0,1335430000.0,3707859000.0,3707859000.0,0.0,-0.001,-0.002,0.0,0.0,20428000.0,975532000.0,1.0,97777322.0,97910314,97910314.0,37.87,3356204000.0,169054000.0,1378000.0,0.0,34.278,293351000.0
6,URBN,MRT,2019-12-31,2020-01-31,2020-01-31,2021-09-09,-28004000.0,3315633000.0,3256522750.0,1053396000.0,2262237000.0,1.223,14.578,-217433000.0,221839000.0,221839000.0,2743963000.0,168096000.0,1.649,1.278,1359088000.0,221593000.0,1137495000.0,1359088000.0,0.0,302908000.0,0.0,0.0,0.0,240922000.0,543830000.0,0.137,543830000.0,240922000.0,239720000.0,1.68,1.67,1.68,1455355000.0,1423645750.0,1455355000.0,3674349781.0,15.0,6.756,56460000.0,0.566,1.0,1239826000.0,0.311,0.0,1202000.0,3814112000.0,3714622000.0,409534000.0,308549000.0,211453000.0,97096000.0,1860278000.0,638770000.0,1221508000.0,2508168781.0,-136421000.0,0.0,-222047000.0,0.0,0.0,-222047000.0,-186145000.0,31288000.0,273893000.0,-2122000.0,168096000.0,168096000.0,168096000.0,0.0,0.0,0.042,1007901000.0,231925000.0,167871000.0,0.0,1.723,14.921,15.238,2060563000.0,0.0,25.6,0.63,0.642,88288000.0,1473872000.0,3983789000.0,3983789000.0,0.0,0.052,0.118,0.065,0.06,21109000.0,993990000.0,1.0,97975343.0,99833011,100588677.0,39.905,3315633000.0,104578000.0,71624000.0,0.0,33.212,414626000.0
7,URBN,MRT,2019-09-30,2019-10-31,2019-10-31,2021-09-09,-29691000.0,3320593000.0,2967743250.0,1113013000.0,2207580000.0,1.329,14.594,-196066000.0,167070000.0,167070000.0,2664616000.0,234971000.0,1.565,1.322,1333251000.0,213911000.0,1119340000.0,1333251000.0,0.0,254494000.0,0.0,0.0,0.0,317242000.0,571736000.0,0.145,571736000.0,317242000.0,315491000.0,2.29,2.28,2.29,1429853000.0,1432081500.0,1429853000.0,3949569344.0,12.0,6.908,101777000.0,1.039,1.0,1278543000.0,0.324,0.0,1751000.0,3775722000.0,3114996750.0,531565000.0,253818000.0,170697000.0,83121000.0,1890740000.0,711052000.0,1179688000.0,2811892344.0,-161951000.0,0.0,-285964000.0,0.0,0.0,-285964000.0,-173354000.0,22712000.0,297843000.0,-476000.0,234971000.0,234971000.0,234971000.0,0.0,0.0,0.06,970985000.0,307558000.0,232901000.0,0.0,1.967,11.967,12.533,2009818000.0,0.0,28.7,0.713,0.713,99971000.0,1454333000.0,3943159000.0,3943159000.0,0.0,0.079,0.164,0.102,0.08,17835000.0,970985000.0,1.0,97975343.0,97972864,98628169.0,40.247,3320593000.0,114641000.0,80520000.0,0.0,33.893,401961000.0
8,URBN,MRT,2019-06-30,2019-07-31,2019-07-31,2021-09-09,-37287000.0,3138045000.0,2686855500.0,1000397000.0,2137648000.0,1.462,13.738,-175747000.0,162018000.0,162018000.0,2634084000.0,256839000.0,1.598,1.305,1299695000.0,209072000.0,1090623000.0,1299695000.0,0.0,207396000.0,0.0,0.0,0.0,338989000.0,546385000.0,0.139,546385000.0,338989000.0,337238000.0,2.43,2.42,2.43,1361404000.0,1439770500.0,1361404000.0,3347970936.0,10.0,6.127,113328000.0,1.144,1.0,1295139000.0,0.33,0.0,1751000.0,3649589000.0,2524328250.0,440087000.0,250255000.0,171398000.0,78857000.0,1776641000.0,626133000.0,1150508000.0,2332546936.0,-243709000.0,0.0,-346996000.0,0.0,0.0,-346996000.0,-181210000.0,-5463000.0,289075000.0,-4578000.0,256839000.0,256839000.0,256839000.0,0.0,0.0,0.065,966493000.0,328646000.0,181955000.0,0.0,1.713,9.082,9.798,1952977000.0,0.0,23.81,0.594,0.6,95131000.0,1398681000.0,3929223000.0,3929223000.0,0.0,0.096,0.178,0.134,0.086,18575000.0,966493000.0,1.0,97965012.0,99095562,99602465.0,39.651,3138045000.0,105814000.0,80399000.0,0.0,31.667,374264000.0
9,URBN,MRT,2019-03-31,2019-04-30,2019-04-30,2021-09-09,-30717000.0,3251820000.0,2441978000.0,1139297000.0,2112523000.0,1.621,13.864,-128006000.0,291199000.0,291199000.0,2624240000.0,289328000.0,1.758,1.246,1306623000.0,214443000.0,1092180000.0,1306623000.0,0.0,161957000.0,0.0,0.0,0.0,376028000.0,537985000.0,0.136,537985000.0,376028000.0,374277000.0,2.67,2.65,2.67,1447971000.0,1460337500.0,1447971000.0,2720559892.0,7.0,5.057,290396000.0,2.781,1.0,1335108000.0,0.337,0.0,1751000.0,3619065000.0,1942648500.0,408362000.0,323057000.0,229163000.0,93894000.0,1803849000.0,648179000.0,1155670000.0,3078819892.0,-22514000.0,0.0,-193901000.0,0.0,0.0,-193901000.0,-240878000.0,-112872000.0,418402000.0,-6137000.0,289328000.0,289328000.0,289328000.0,0.0,0.0,0.073,967671000.0,367437000.0,174258000.0,0.0,2.126,10.641,11.135,1917362000.0,0.0,29.73,0.778,0.784,88390000.0,1478678000.0,3959348000.0,3959348000.0,0.0,0.118,0.198,0.194,0.095,18133000.0,967671000.0,1.0,103559364.0,104437460,105340148.0,37.911,3251820000.0,101267000.0,84949000.0,0.0,31.137,491118000.0
10,URBN,MRT,2018-12-31,2019-01-31,2019-01-31,2021-09-09,-27103000.0,2160515000.0,2141826750.0,1202756000.0,957759000.0,1.845,13.749,-114924000.0,358260000.0,358260000.0,2603911000.0,298003000.0,3.111,0.451,0.0,0.0,0.0,0.0,0.0,117986000.0,0.0,0.0,0.0,387304000.0,505290000.0,0.128,505290000.0,387304000.0,385553000.0,2.75,2.72,2.75,1489098000.0,1434948500.0,1489098000.0,3147824741.0,8.0,6.23,331700000.0,3.063,1.0,1346712000.0,0.341,0.0,1751000.0,1415611000.0,1368485000.0,370507000.0,336524000.0,279232000.0,57292000.0,671417000.0,386644000.0,284773000.0,3476845741.0,76040000.0,0.0,-118024000.0,0.0,0.0,-118024000.0,-244498000.0,-129574000.0,446624000.0,-8062000.0,298003000.0,298003000.0,298003000.0,0.0,0.0,0.075,965399000.0,381313000.0,144414000.0,0.0,2.335,11.667,11.745,796029000.0,0.0,32.3,0.88,0.885,80461000.0,1516190000.0,3950623000.0,3950623000.0,0.0,0.139,0.208,0.283,0.098,18104000.0,965399000.0,1.0,107642283.0,108303594,109706007.0,36.477,2160515000.0,104438000.0,87550000.0,0.0,19.949,816112000.0
11,URBN,MRT,2018-09-30,2018-10-31,2018-10-31,2021-09-09,-32093000.0,2197042000.0,2089893000.0,1248799000.0,948243000.0,1.871,13.427,-110454000.0,329021000.0,329021000.0,2595954000.0,212907000.0,2.745,0.504,0.0,0.0,0.0,0.0,0.0,120761000.0,0.0,0.0,0.0,361255000.0,482016000.0,0.123,482016000.0,361255000.0,361255000.0,1.96,1.94,1.96,1460609000.0,1387899750.0,1460609000.0,3900727631.0,11.0,8.093,293140000.0,2.695,1.0,1314840000.0,0.336,0.0,0.0,1413048000.0,1342168750.0,451659000.0,273424000.0,237391000.0,36033000.0,736433000.0,454973000.0,281460000.0,4306454631.0,94295000.0,0.0,-54083000.0,0.0,0.0,-54083000.0,-251999000.0,-141545000.0,403594000.0,-3217000.0,212907000.0,212907000.0,212907000.0,0.0,0.0,0.054,956947000.0,357893000.0,191684000.0,0.0,2.948,20.227,20.133,808883000.0,0.0,39.46,1.101,1.098,90954000.0,1492691000.0,3910794000.0,3910794000.0,0.0,0.102,0.153,0.269,0.092,17762000.0,956947000.0,1.0,109134684.0,108778483,110262879.0,35.952,2197042000.0,103327000.0,148348000.0,0.0,20.197,793826000.0
12,URBN,MRT,2018-06-30,2018-07-31,2018-07-31,2021-09-09,-26601000.0,2158535000.0,2028994250.0,1201768000.0,956767000.0,1.888,13.265,-96451000.0,405727000.0,405727000.0,2555147000.0,180479000.0,2.795,0.495,0.0,0.0,0.0,0.0,0.0,123847000.0,0.0,0.0,0.0,335669000.0,459516000.0,0.12,459516000.0,335669000.0,335669000.0,1.66,1.65,1.66,1443672000.0,1343949500.0,1443672000.0,4518103147.0,13.0,9.832,302108000.0,2.776,1.0,1274888000.0,0.333,0.0,0.0,1322870000.0,1312818750.0,375657000.0,243680000.0,198166000.0,45514000.0,714863000.0,429938000.0,284925000.0,4831816147.0,128968000.0,0.0,-60477000.0,0.0,0.0,-60477000.0,-208975000.0,-112524000.0,398559000.0,-139000.0,180479000.0,180479000.0,180479000.0,0.0,0.0,0.047,940464000.0,334424000.0,149947000.0,0.0,3.347,26.772,26.747,807084000.0,0.0,44.4,1.262,1.262,90646000.0,1451492000.0,3830035000.0,3830035000.0,0.0,0.089,0.134,0.256,0.088,11551000.0,940464000.0,1.0,108824688.0,108831399,110433840.0,35.192,2158535000.0,104169000.0,155190000.0,0.0,19.834,771830000.0
13,URBN,MRT,2018-03-31,2018-04-30,2018-04-30,2021-09-09,-18713000.0,2051215000.0,1970010750.0,1097138000.0,954077000.0,1.883,12.41,-84906000.0,313713000.0,313713000.0,2494125000.0,137585000.0,2.643,0.523,0.0,0.0,0.0,0.0,0.0,126736000.0,0.0,0.0,0.0,293987000.0,420723000.0,0.113,420723000.0,293987000.0,293987000.0,1.25,1.25,1.25,1346415000.0,1310234750.0,1346415000.0,4088284912.0,14.0,9.717,259238000.0,2.389,1.0,1216387000.0,0.328,0.0,0.0,1322411000.0,1301023000.0,404617000.0,201446000.0,166367000.0,35079000.0,704800000.0,415091000.0,289709000.0,4370504912.0,61229000.0,0.0,-157858000.0,0.0,0.0,-157858000.0,-131941000.0,-47035000.0,344144000.0,6884000.0,137585000.0,137585000.0,137585000.0,0.0,0.0,0.037,923635000.0,292752000.0,158870000.0,0.0,3.246,31.766,32.216,819725000.0,0.0,40.27,1.178,1.177,88936000.0,1358683000.0,3710512000.0,3710512000.0,0.0,0.07,0.105,0.226,0.079,13878000.0,923635000.0,1.0,108530045.0,108490926,109743677.0,34.201,2051215000.0,99273000.0,156402000.0,0.0,18.907,682047000.0
14,URBN,MRT,2017-12-31,2018-01-31,2018-01-31,2021-09-09,-10651000.0,1952780000.0,1939225750.0,978757000.0,974023000.0,1.865,11.627,-83813000.0,282220000.0,282220000.0,2440507000.0,108263000.0,2.717,0.501,0.0,0.0,0.0,0.0,0.0,128408000.0,0.0,0.0,0.0,261366000.0,389774000.0,0.108,389774000.0,261366000.0,261366000.0,0.97,0.96,0.97,1300903000.0,1306803500.0,1300903000.0,3457629346.0,13.0,8.871,219246000.0,1.96,1.0,1175507000.0,0.325,0.0,0.0,1310346000.0,1300947750.0,351395000.0,223813000.0,165125000.0,58688000.0,651877000.0,360214000.0,291663000.0,3692355346.0,34080000.0,0.0,-159226000.0,0.0,0.0,-159226000.0,-121380000.0,-37567000.0,303059000.0,11627000.0,108263000.0,108263000.0,108263000.0,0.0,0.0,0.03,915615000.0,259892000.0,128246000.0,0.0,2.838,34.105,35.165,813768000.0,0.0,34.11,1.021,1.055,76962000.0,1310859000.0,3616014000.0,3616014000.0,0.0,0.056,0.083,0.201,0.072,14517000.0,915615000.0,1.0,108248471.0,111887308,112367924.0,32.318,1952780000.0,101567000.0,153103000.0,0.0,17.453,618543000.0
15,URBN,MRT,2017-09-30,2017-10-31,2017-10-31,2021-09-09,-24744000.0,1953447000.0,1926690000.0,967309000.0,986138000.0,1.846,11.716,-94983000.0,234726000.0,234726000.0,2381870000.0,171233000.0,2.286,0.52,0.0,0.0,0.0,0.0,0.0,131115000.0,0.0,0.0,0.0,269028000.0,400143000.0,0.112,400143000.0,269028000.0,269028000.0,1.51,1.5,1.51,1284808000.0,1309848750.0,1284808000.0,2416313597.0,9.0,6.039,260570000.0,2.376,1.0,1175183000.0,0.33,0.0,0.0,1295648000.0,1298753500.0,449957000.0,134482000.0,93228000.0,41254000.0,668639000.0,423073000.0,245566000.0,2693072597.0,-160000.0,0.0,-159227000.0,0.0,0.0,-159227000.0,-201627000.0,-106644000.0,355553000.0,5141000.0,171233000.0,171233000.0,171233000.0,0.0,0.0,0.048,906552000.0,268631000.0,208567000.0,0.0,2.096,15.728,16.238,829106000.0,0.0,24.52,0.757,0.756,78348000.0,1309541000.0,3557053000.0,3557053000.0,0.0,0.089,0.131,0.207,0.076,12090000.0,906552000.0,1.0,109831672.0,109667224,110100254.0,32.435,1953447000.0,115778000.0,97795000.0,0.0,17.812,544236000.0
16,URBN,MRT,2017-06-30,2017-07-31,2017-07-31,2021-09-09,-23343000.0,1922601000.0,1909626000.0,937677000.0,984924000.0,1.847,11.531,-112315000.0,276759000.0,276759000.0,2349436000.0,173496000.0,2.533,0.469,0.0,0.0,0.0,0.0,0.0,131656000.0,0.0,0.0,0.0,268181000.0,399837000.0,0.113,399837000.0,268181000.0,268181000.0,1.51,1.49,1.51,1308813000.0,1300555000.0,1308813000.0,2015849113.0,8.0,5.042,265269000.0,2.337,1.0,1177334000.0,0.334,0.0,0.0,1275687000.0,1286109500.0,365176000.0,136155000.0,110195000.0,25960000.0,613788000.0,370155000.0,243633000.0,2268333113.0,33643000.0,0.0,-127593000.0,-50000000.0,0.0,-177593000.0,-165556000.0,-53241000.0,377584000.0,-792000.0,173496000.0,173496000.0,173496000.0,0.0,0.0,0.049,911286000.0,266048000.0,159756000.0,0.0,1.733,13.074,12.974,843058000.0,0.0,19.59,0.643,0.63,75530000.0,1332145000.0,3526770000.0,3526770000.0,0.0,0.091,0.133,0.209,0.076,19495000.0,911286000.0,1.0,115790358.0,113500381,113760647.0,31.073,1922601000.0,115906000.0,94685000.0,0.0,16.939,567522000.0
17,URBN,MRT,2017-03-31,2017-04-30,2017-04-30,2021-09-09,-32269000.0,1928075000.0,1897499750.0,924850000.0,1003225000.0,1.868,11.461,-136144000.0,252484000.0,252484000.0,2321905000.0,200496000.0,2.616,0.447,0.0,0.0,0.0,0.0,0.0,132622000.0,0.0,0.0,0.0,310548000.0,443170000.0,0.125,443170000.0,310548000.0,310548000.0,1.73,1.71,1.73,1332690000.0,1284606250.0,1332690000.0,2412583391.0,8.0,5.444,222031000.0,1.91,1.0,1222502000.0,0.345,0.0,0.0,1322110000.0,1298138500.0,359493000.0,156944000.0,118493000.0,38451000.0,595385000.0,353481000.0,241904000.0,2660723391.0,24340000.0,0.0,-36653000.0,-75000000.0,0.0,-111653000.0,-216987000.0,-80843000.0,358175000.0,-5195000.0,200496000.0,200496000.0,200496000.0,0.0,0.0,0.057,913422000.0,309080000.0,157153000.0,0.0,1.997,13.271,13.225,851259000.0,0.0,22.88,0.751,0.751,83949000.0,1358319000.0,3544407000.0,3544407000.0,0.0,0.106,0.156,0.239,0.088,18694000.0,913422000.0,1.0,116290358.0,116276289,116539305.0,30.483,1928075000.0,113515000.0,110052000.0,0.0,16.582,571369000.0
18,URBN,MRT,2016-12-31,2017-01-31,2017-01-31,2021-09-09,-34069000.0,1902637000.0,1869204500.0,881397000.0,1021240000.0,1.897,11.235,-143714000.0,248140000.0,248140000.0,2301181000.0,218120000.0,2.497,0.449,0.0,0.0,0.0,0.0,0.0,135330000.0,0.0,0.0,0.0,338099000.0,473429000.0,0.134,473429000.0,338099000.0,338099000.0,1.87,1.86,1.87,1313084000.0,1244947000.0,1313084000.0,2849958548.0,8.0,6.02,271538000.0,2.323,1.0,1244613000.0,0.351,0.0,0.0,1301569000.0,1297458250.0,338590000.0,155355000.0,111067000.0,44288000.0,589553000.0,352928000.0,236625000.0,3084844548.0,-17136000.0,-15325000.0,-43743000.0,-150000000.0,0.0,-193743000.0,-234622000.0,-75583000.0,415252000.0,-4023000.0,218120000.0,218120000.0,218120000.0,0.0,0.0,0.062,906086000.0,338527000.0,119537000.0,0.0,2.349,14.143,14.193,867786000.0,0.0,26.54,0.87,0.875,54505000.0,1347141000.0,3545794000.0,3545794000.0,0.0,0.117,0.175,0.261,0.095,18291000.0,906086000.0,1.0,116233781.0,116873023,117291117.0,30.339,1902637000.0,109166000.0,119979000.0,0.0,16.28,528469000.0
19,URBN,MRT,2016-09-30,2016-10-31,2016-10-31,2021-09-09,-37647000.0,1885191000.0,1851870500.0,890019000.0,995172000.0,1.906,10.679,-137891000.0,234886000.0,234886000.0,2275555000.0,226710000.0,2.196,0.511,0.0,0.0,0.0,0.0,0.0,137152000.0,0.0,0.0,0.0,354903000.0,492055000.0,0.139,492055000.0,354903000.0,354903000.0,1.92,1.91,1.92,1247633000.0,1200982750.0,1247633000.0,3728112532.0,11.0,7.577,282465000.0,2.418,1.0,1253487000.0,0.355,0.0,0.0,1245072000.0,1319264500.0,453826000.0,30249000.0,24644000.0,5605000.0,637558000.0,405233000.0,232325000.0,3921228532.0,85289000.0,-15325000.0,-143518000.0,-115000000.0,0.0,-264937000.0,-61720000.0,91496000.0,420356000.0,-8410000.0,226710000.0,226710000.0,226710000.0,0.0,0.0,0.064,898038000.0,355449000.0,199421000.0,0.0,3.143,17.296,17.422,872309000.0,0.0,33.45,1.111,1.107,68896000.0,1285268000.0,3529042000.0,3529042000.0,0.0,0.122,0.189,0.269,0.101,29933000.0,898038000.0,1.0,117226563.0,116829912,117393710.0,30.207,1885191000.0,117258000.0,128193000.0,0.0,16.136,484786000.0
20,URBN,MRT,2016-06-30,2016-07-31,2016-07-31,2021-09-09,-26927000.0,1874096000.0,1849706500.0,859210000.0,1014886000.0,1.888,10.629,-140016000.0,243116000.0,243116000.0,2250031000.0,231349000.0,2.406,0.505,50000000.0,0.0,50000000.0,50000000.0,0.0,140267000.0,0.0,0.0,0.0,364132000.0,504399000.0,0.144,504399000.0,364132000.0,364132000.0,1.93,1.93,1.93,1245018000.0,1181991750.0,1245018000.0,3349237948.0,9.0,6.64,301580000.0,2.575,1.0,1241778000.0,0.356,0.0,0.0,1323803000.0,1374009250.0,367197000.0,85231000.0,59231000.0,26000000.0,629078000.0,357177000.0,271901000.0,3502381948.0,48675000.0,-15325000.0,-221592000.0,-65000000.0,0.0,-292383000.0,-96467000.0,58874000.0,441596000.0,-4071000.0,231349000.0,231349000.0,231349000.0,0.0,0.0,0.066,876309000.0,365469000.0,134825000.0,0.0,2.813,15.139,15.492,878607000.0,0.0,29.9,1.003,1.003,95003000.0,1264821000.0,3491809000.0,3491809000.0,0.0,0.125,0.196,0.265,0.104,26494000.0,876309000.0,1.0,117136520.0,117133169,117383132.0,29.811,1874096000.0,110279000.0,132783000.0,0.0,16.0,502033000.0
21,URBN,MRT,2016-03-31,2016-04-30,2016-04-30,2021-09-09,-13865000.0,1814894000.0,1858015750.0,809531000.0,1005363000.0,1.867,10.009,-134246000.0,228144000.0,228144000.0,2251329000.0,221275000.0,2.365,0.546,75000000.0,0.0,75000000.0,75000000.0,0.0,142523000.0,0.0,0.0,0.0,348004000.0,490527000.0,0.141,490527000.0,348004000.0,348004000.0,1.79,1.79,1.79,1174053000.0,1178549250.0,1174053000.0,3444328990.0,10.0,7.022,347608000.0,2.963,1.0,1217372000.0,0.351,0.0,0.0,1319389000.0,1411712250.0,359865000.0,78274000.0,59564000.0,18710000.0,640841000.0,342361000.0,298480000.0,3559604990.0,51213000.0,-15325000.0,-452242000.0,75000000.0,0.0,-382737000.0,-46677000.0,102894000.0,481854000.0,-1227000.0,221275000.0,221275000.0,221275000.0,0.0,0.0,0.064,866364000.0,351008000.0,151983000.0,0.0,3.032,16.087,16.939,871504000.0,0.0,30.32,1.026,1.025,72165000.0,1187906000.0,3468701000.0,3468701000.0,0.0,0.119,0.188,0.247,0.1,22765000.0,866364000.0,1.0,117401220.0,117304736,117587009.0,29.57,1814894000.0,115149000.0,126729000.0,0.0,15.472,467170000.0
22,URBN,MRT,2015-12-31,2016-01-31,2016-01-31,2021-09-09,-23451000.0,1833301000.0,1883631250.0,834361000.0,998940000.0,1.829,9.081,-134950000.0,265276000.0,265276000.0,2243232000.0,224489000.0,2.534,0.612,150000000.0,0.0,150000000.0,150000000.0,0.0,142722000.0,0.0,0.0,0.0,350031000.0,492753000.0,0.143,492753000.0,350031000.0,350031000.0,1.79,1.78,1.79,1137227000.0,1232147250.0,1137227000.0,2649712148.0,8.0,5.377,284664000.0,2.273,1.0,1201902000.0,0.349,0.0,0.0,1388794000.0,1436812000.0,330223000.0,97661000.0,61061000.0,36600000.0,696074000.0,329231000.0,366843000.0,2684309148.0,110718000.0,0.0,-429024000.0,150000000.0,0.0,-279024000.0,-26765000.0,108185000.0,419614000.0,-3107000.0,224489000.0,224489000.0,224489000.0,0.0,0.0,0.065,848323000.0,353579000.0,118035000.0,0.0,2.36,11.957,12.782,863137000.0,0.0,22.88,0.779,0.832,75723000.0,1160666000.0,3445134000.0,3445134000.0,0.0,0.119,0.182,0.244,0.102,15623000.0,848323000.0,1.0,117321204.0,125232499,126013414.0,27.51,1833301000.0,99203000.0,125542000.0,0.0,14.639,505130000.0
23,URBN,MRT,2015-09-30,2015-10-31,2015-10-31,2021-09-09,-12651000.0,1876535000.0,1897491250.0,847226000.0,1029309000.0,1.814,9.492,-163027000.0,149597000.0,149597000.0,2240421000.0,231909000.0,2.242,0.602,115000000.0,0.0,115000000.0,115000000.0,0.0,141484000.0,0.0,0.0,0.0,358083000.0,499567000.0,0.145,499567000.0,358083000.0,358083000.0,1.79,1.78,1.79,1171669000.0,1279832750.0,1171669000.0,3465408108.0,10.0,6.937,257460000.0,2.086,1.0,1202351000.0,0.349,0.0,0.0,1464051000.0,1434724250.0,441550000.0,123683000.0,69545000.0,54138000.0,704866000.0,377887000.0,326979000.0,3544849108.0,21406000.0,0.0,-455768000.0,115000000.0,0.0,-332541000.0,-64371000.0,98656000.0,420487000.0,-2169000.0,231909000.0,231909000.0,231909000.0,0.0,0.0,0.067,841239000.0,361112000.0,190542000.0,0.0,3.025,15.286,15.978,891871000.0,0.0,28.6,1.03,1.025,68332000.0,1184308000.0,3442772000.0,3442772000.0,0.0,0.122,0.181,0.25,0.104,7042000.0,841239000.0,1.0,123945773.0,123442931,123725581.0,27.89,1876535000.0,83300000.0,126174000.0,0.0,15.202,469339000.0
24,URBN,MRT,2015-06-30,2015-07-31,2015-07-31,2021-09-09,-9992000.0,1907333000.0,1925548750.0,839463000.0,1067870000.0,1.782,9.626,-192984000.0,194441000.0,194441000.0,2234297000.0,227058000.0,2.376,0.549,115000000.0,0.0,115000000.0,115000000.0,0.0,140055000.0,0.0,0.0,0.0,353467000.0,493522000.0,0.144,493522000.0,353467000.0,353467000.0,1.72,1.71,1.72,1231248000.0,1331411250.0,1231248000.0,4002711093.0,11.0,8.111,157724000.0,1.233,1.0,1197687000.0,0.349,0.0,0.0,1474615000.0,1431587500.0,384404000.0,144690000.0,71926000.0,72764000.0,676085000.0,353277000.0,322808000.0,4179642093.0,49168000.0,0.0,-343908000.0,115000000.0,0.0,-220263000.0,-78203000.0,114781000.0,350708000.0,-3074000.0,227058000.0,227058000.0,227058000.0,0.0,0.0,0.066,840435000.0,357252000.0,134673000.0,0.0,3.395,18.408,18.965,900302000.0,0.0,32.62,1.218,1.216,70014000.0,1241227000.0,3431984000.0,3431984000.0,0.0,0.118,0.171,0.247,0.103,7130000.0,840435000.0,1.0,128131272.0,127910026,129080594.0,26.831,1907333000.0,94804000.0,126409000.0,0.0,14.912,486186000.0
25,URBN,MRT,2015-03-31,2015-04-30,2015-04-30,2021-09-09,-12320000.0,1917356000.0,1924752000.0,844921000.0,1072435000.0,1.754,10.582,-223064000.0,176931000.0,176931000.0,2192937000.0,227726000.0,2.635,0.381,0.0,0.0,0.0,0.0,0.0,138676000.0,0.0,0.0,0.0,354906000.0,493582000.0,0.146,493582000.0,354906000.0,354906000.0,1.69,1.68,1.69,1388445000.0,1357613500.0,1388445000.0,5119640249.0,14.0,10.372,82639000.0,0.63,1.0,1182840000.0,0.35,0.0,0.0,1419788000.0,1410602500.0,397998000.0,179974000.0,96626000.0,83348000.0,528911000.0,320637000.0,208274000.0,5274198249.0,-14894000.0,0.0,-237165000.0,0.0,0.0,-227918000.0,-88912000.0,134152000.0,305703000.0,-3767000.0,227726000.0,227726000.0,227726000.0,0.0,0.0,0.067,824222000.0,358618000.0,145379000.0,0.0,3.799,23.16,23.692,899324000.0,0.0,40.04,1.562,1.556,54283000.0,1376159000.0,3375777000.0,3375777000.0,0.0,0.118,0.168,0.252,0.105,7026000.0,824222000.0,1.0,131723233.0,131202740,132836144.0,25.729,1917356000.0,89763000.0,127180000.0,0.0,14.614,524284000.0
26,URBN,MRT,2014-12-31,2015-01-31,2015-01-31,2021-09-09,-15427000.0,1888741000.0,1931729250.0,809117000.0,1079624000.0,1.72,9.718,-229804000.0,154558000.0,154558000.0,2148147000.0,232428000.0,2.287,0.422,0.0,0.0,0.0,0.0,0.0,138110000.0,0.0,0.0,0.0,363450000.0,501560000.0,0.151,501560000.0,363450000.0,363450000.0,1.7,1.68,1.7,1327969000.0,1357103500.0,1327969000.0,4460904826.0,12.0,8.894,92517000.0,0.677,1.0,1174930000.0,0.354,0.0,0.0,1380443000.0,1403490500.0,358237000.0,208694000.0,104246000.0,104448000.0,560772000.0,353740000.0,207032000.0,4589095826.0,-87500000.0,0.0,-604729000.0,0.0,0.0,-600907000.0,194834000.0,424638000.0,322321000.0,-3748000.0,232428000.0,232428000.0,232428000.0,0.0,0.0,0.07,809545000.0,365385000.0,156090000.0,0.0,3.456,19.744,20.506,889232000.0,0.0,34.86,1.381,1.434,70458000.0,1343383000.0,3323077000.0,3323077000.0,0.0,0.12,0.171,0.259,0.109,12914000.0,809545000.0,1.0,131643598.0,136651899,138192734.0,24.318,1888741000.0,104699000.0,131022000.0,0.0,13.822,455377000.0
27,URBN,MRT,2014-09-30,2014-10-31,2014-10-31,2021-09-09,-6701000.0,1988765000.0,2014847500.0,898065000.0,1090700000.0,1.597,10.263,-233546000.0,128191000.0,128191000.0,2060593000.0,240812000.0,2.195,0.443,0.0,0.0,0.0,0.0,0.0,138255000.0,0.0,0.0,0.0,369727000.0,507982000.0,0.158,507982000.0,369727000.0,369727000.0,1.7,1.69,1.7,1377983000.0,1448653750.0,1377983000.0,3933170085.0,11.0,7.743,109421000.0,0.815,1.0,1157298000.0,0.36,0.0,0.0,1451504000.0,1470211250.0,467097000.0,229605000.0,115005000.0,114600000.0,610782000.0,409070000.0,201712000.0,4078443085.0,-66738000.0,0.0,-477202000.0,0.0,0.0,-475086000.0,64365000.0,297911000.0,342967000.0,1016000.0,240812000.0,240812000.0,240812000.0,0.0,0.0,0.075,786806000.0,370492000.0,218251000.0,0.0,2.96,16.936,17.859,886810000.0,0.0,30.36,1.267,1.267,70803000.0,1380801000.0,3217891000.0,3217891000.0,0.0,0.12,0.166,0.251,0.115,14823000.0,786806000.0,1.0,134336070.0,134267259,135948454.0,23.966,1988765000.0,89290000.0,128915000.0,0.0,14.812,488995000.0
28,URBN,MRT,2014-06-30,2014-07-31,2014-07-31,2021-09-09,2386000.0,1904146000.0,2047234250.0,791964000.0,1112182000.0,1.552,9.791,-225492000.0,145273000.0,145273000.0,2011411000.0,263926000.0,2.151,0.425,0.0,0.0,0.0,0.0,0.0,136999000.0,0.0,0.0,0.0,399228000.0,536227000.0,0.169,536227000.0,399228000.0,399228000.0,1.83,1.81,1.83,1336057000.0,1503228500.0,1336057000.0,4730031522.0,12.0,8.821,153176000.0,1.123,1.0,1166059000.0,0.367,0.0,0.0,1390675000.0,1506702000.0,362028000.0,263867000.0,106721000.0,157146000.0,568089000.0,368198000.0,199891000.0,4921856522.0,-153273000.0,0.0,-481753000.0,0.0,0.0,-479306000.0,-57008000.0,168484000.0,378668000.0,4373000.0,263926000.0,263926000.0,263926000.0,0.0,0.0,0.083,766573000.0,399486000.0,156810000.0,0.0,3.684,18.649,19.525,868642000.0,0.0,35.73,1.549,1.534,72813000.0,1333658000.0,3177470000.0,3177470000.0,0.0,0.129,0.176,0.265,0.126,14503000.0,766573000.0,1.0,137751372.0,136453663,138177110.0,23.286,1904146000.0,86394000.0,135302000.0,0.0,13.955,423766000.0
29,URBN,MRT,2014-03-31,2014-04-30,2014-04-30,2021-09-09,1720000.0,1945265000.0,2069621500.0,853030000.0,1092235000.0,1.51,9.623,-196363000.0,191825000.0,191825000.0,1963697000.0,272780000.0,2.356,0.403,0.0,0.0,0.0,0.0,0.0,135063000.0,0.0,0.0,0.0,414158000.0,549221000.0,0.176,549221000.0,414158000.0,414158000.0,1.86,1.83,1.86,1386405000.0,1548985000.0,1386405000.0,4912262779.0,12.0,8.944,225473000.0,1.565,1.0,1161044000.0,0.372,0.0,0.0,1391340000.0,1512537750.0,349045000.0,325490000.0,149796000.0,175694000.0,558860000.0,362100000.0,196760000.0,5154320779.0,-81639000.0,0.0,-345956000.0,0.0,0.0,-341543000.0,-165730000.0,30633000.0,421836000.0,3798000.0,272780000.0,272780000.0,272780000.0,0.0,0.0,0.087,747358000.0,413686000.0,172515000.0,0.0,3.718,18.896,19.169,836244000.0,0.0,35.655,1.65,1.644,59267000.0,1384671000.0,3124741000.0,3124741000.0,0.0,0.132,0.176,0.274,0.133,12264000.0,747358000.0,1.0,144560953.0,144075666,145906544.0,21.688,1945265000.0,80297000.0,141378000.0,0.0,13.502,490930000.0
30,URBN,MRT,2013-12-31,2014-01-31,2014-01-31,2021-09-09,-968000.0,2221214000.0,2050656000.0,994980000.0,1226234000.0,1.505,11.524,-186101000.0,242058000.0,242058000.0,1925266000.0,282360000.0,2.998,0.311,0.0,0.0,0.0,0.0,0.0,132664000.0,0.0,0.0,0.0,427518000.0,560182000.0,0.181,560182000.0,427518000.0,427518000.0,1.92,1.89,1.92,1694170000.0,1558859000.0,1694170000.0,5081699976.0,12.0,9.072,237054000.0,1.612,1.0,1161342000.0,0.376,0.0,0.0,1647326000.0,1501179000.0,311207000.0,648235000.0,281813000.0,366422000.0,527044000.0,331830000.0,195214000.0,5276628976.0,-3269000.0,0.0,24126000.0,0.0,0.0,33666000.0,-462222000.0,-276121000.0,423155000.0,2132000.0,282360000.0,282360000.0,282360000.0,0.0,0.0,0.091,734511000.0,426831000.0,137036000.0,0.0,3.115,18.688,18.656,806909000.0,0.0,35.82,1.71,1.706,55161000.0,1597439000.0,3086608000.0,3086608000.0,0.0,0.138,0.181,0.285,0.139,6202000.0,734511000.0,1.0,147309575.0,147014869,149225906.0,20.995,2221214000.0,81676000.0,145158000.0,0.0,15.109,663150000.0
31,URBN,MRT,2013-09-30,2013-10-31,2013-10-31,2021-09-09,-5735000.0,2118312000.0,1944655250.0,976781000.0,1141531000.0,1.562,10.829,-166865000.0,194929000.0,194929000.0,1894549000.0,276226000.0,2.997,0.327,0.0,0.0,0.0,0.0,0.0,129066000.0,0.0,0.0,0.0,430272000.0,559338000.0,0.184,559338000.0,430272000.0,430272000.0,1.88,1.86,1.88,1596282000.0,1473963500.0,1596282000.0,5283900208.0,12.0,9.447,249050000.0,1.69,1.0,1143033000.0,0.376,0.0,0.0,1597467000.0,1414769750.0,406712000.0,530747000.0,227547000.0,303200000.0,522030000.0,325916000.0,196114000.0,5582446208.0,-21719000.0,0.0,25724000.0,0.0,0.0,36437000.0,-474540000.0,-307675000.0,415915000.0,469000.0,276226000.0,276226000.0,276226000.0,0.0,0.0,0.091,713369000.0,429664000.0,160787000.0,0.0,3.497,20.21,20.149,783662000.0,0.0,37.88,1.838,1.838,54717000.0,1508757000.0,3037582000.0,3037582000.0,0.0,0.142,0.187,0.304,0.142,1927000.0,713369000.0,1.0,147371864.0,147405769,149517146.0,20.607,2118312000.0,54669000.0,154046000.0,0.0,14.371,650865000.0
32,URBN,MRT,2013-06-30,2013-07-31,2013-07-31,2021-09-09,-13017000.0,1993695000.0,1853976000.0,997538000.0,996157000.0,1.595,10.331,-142487000.0,298546000.0,298546000.0,1844828000.0,265487000.0,3.548,0.312,0.0,0.0,0.0,0.0,0.0,126140000.0,0.0,0.0,0.0,418637000.0,544777000.0,0.184,544777000.0,418637000.0,418637000.0,1.81,1.79,1.81,1519083000.0,1392357500.0,1519083000.0,5980083940.0,14.0,10.977,319364000.0,2.172,1.0,1111599000.0,0.376,0.0,0.0,1414018000.0,1326367500.0,347064000.0,442565000.0,225799000.0,216766000.0,474612000.0,281131000.0,193481000.0,6253547940.0,163065000.0,0.0,57849000.0,0.0,0.0,71328000.0,-368921000.0,-226434000.0,461851000.0,-1193000.0,265487000.0,265487000.0,265487000.0,0.0,0.0,0.09,693884000.0,417715000.0,128993000.0,0.0,4.117,23.555,23.514,731421000.0,0.0,42.56,2.115,2.117,53807000.0,1438500000.0,2956427000.0,2956427000.0,0.0,0.143,0.191,0.316,0.142,-1804000.0,693884000.0,1.0,146934867.0,147038073,149361132.0,20.107,1993695000.0,47970000.0,153150000.0,0.0,13.559,716407000.0
33,URBN,MRT,2013-03-31,2013-04-30,2013-04-30,2021-09-09,-10869000.0,1869403000.0,1754197750.0,954570000.0,914833000.0,1.638,9.747,-144364000.0,273464000.0,273464000.0,1806302000.0,250416000.0,3.818,0.311,0.0,0.0,0.0,0.0,0.0,122629000.0,0.0,0.0,0.0,395195000.0,517824000.0,0.18,517824000.0,395195000.0,395195000.0,1.71,1.7,1.71,1425901000.0,1306135250.0,1425901000.0,5814380672.0,15.0,11.228,235052000.0,1.607,1.0,1067870000.0,0.372,0.0,0.0,1345905000.0,1279703250.0,325471000.0,364709000.0,214938000.0,149771000.0,443502000.0,250034000.0,193468000.0,6059707672.0,143002000.0,0.0,46066000.0,0.0,0.0,57005000.0,-292740000.0,-148376000.0,379416000.0,-679000.0,250416000.0,250416000.0,250416000.0,0.0,0.0,0.087,673534000.0,394336000.0,128528000.0,0.0,4.25,24.199,24.234,721872000.0,0.0,41.44,2.108,2.109,48868000.0,1362137000.0,2874172000.0,2874172000.0,0.0,0.143,0.192,0.309,0.137,703000.0,673534000.0,1.0,146228467.0,146289751,148799056.0,19.647,1869403000.0,43190000.0,144779000.0,0.0,12.779,704536000.0
34,URBN,MRT,2012-12-31,2013-01-31,2013-01-31,2021-09-09,-8782000.0,1797211000.0,1675683000.0,872284000.0,924927000.0,1.668,9.326,-168875000.0,245327000.0,245327000.0,1763394000.0,237314000.0,3.486,0.327,0.0,0.0,0.0,0.0,0.0,118664000.0,0.0,0.0,0.0,375572000.0,494236000.0,0.177,494236000.0,375572000.0,375572000.0,1.63,1.62,1.63,1354588000.0,1227740250.0,1354588000.0,6028324268.0,16.0,12.197,226805000.0,1.561,1.0,1031531000.0,0.369,0.0,0.0,1301689000.0,1235646500.0,282411000.0,378071000.0,228486000.0,149585000.0,442623000.0,250195000.0,192428000.0,6244972268.0,100054000.0,0.0,30671000.0,0.0,0.0,37384000.0,-333988000.0,-165113000.0,395680000.0,978000.0,237314000.0,237314000.0,237314000.0,0.0,0.0,0.085,657246000.0,374285000.0,99059000.0,0.0,4.61,26.315,26.258,733416000.0,0.0,42.8,2.234,2.224,39519000.0,1315079000.0,2794925000.0,2794925000.0,0.0,0.142,0.193,0.304,0.134,4179000.0,657246000.0,1.0,145910567.0,145253691,146663731.0,19.242,1797211000.0,56640000.0,138258000.0,0.0,12.373,622089000.0
35,URBN,MRT,2012-09-30,2012-10-31,2012-10-31,2021-09-09,-6856000.0,1755595000.0,1597307250.0,866265000.0,889330000.0,1.671,8.725,-180914000.0,216648000.0,216648000.0,1730919000.0,194022000.0,2.936,0.383,0.0,0.0,0.0,0.0,0.0,114788000.0,0.0,0.0,0.0,307255000.0,422043000.0,0.158,422043000.0,307255000.0,307255000.0,1.34,1.33,1.34,1269858000.0,1155660250.0,1269858000.0,5067252500.0,16.0,12.006,163116000.0,1.121,1.0,937822000.0,0.351,0.0,0.0,1243858000.0,1186466500.0,395406000.0,239832000.0,146065000.0,93767000.0,485737000.0,295089000.0,190648000.0,5202733500.0,133278000.0,0.0,21526000.0,0.0,0.0,35447000.0,-245765000.0,-64851000.0,344030000.0,-434000.0,194022000.0,194022000.0,194022000.0,0.0,0.0,0.073,630926000.0,306896000.0,162542000.0,0.0,4.097,26.815,26.679,734793000.0,0.0,35.75,1.95,1.95,43913000.0,1232531000.0,2668741000.0,2668741000.0,0.0,0.121,0.168,0.259,0.115,-8534000.0,630926000.0,1.0,145531007.0,145539816,147086982.0,18.337,1755595000.0,60770000.0,113233000.0,0.0,12.063,571176000.0
36,URBN,MRT,2012-06-30,2012-07-31,2012-07-31,2021-09-09,-9415000.0,1594582000.0,1527934750.0,704028000.0,890554000.0,1.692,8.108,-205617000.0,135481000.0,135481000.0,1692726000.0,185183000.0,3.038,0.358,0.0,0.0,0.0,0.0,0.0,111900000.0,0.0,0.0,0.0,288996000.0,400896000.0,0.155,400896000.0,288996000.0,288996000.0,1.27,1.26,1.27,1174194000.0,1096647250.0,1174194000.0,4293459274.0,15.0,10.71,74460000.0,0.514,1.0,893074000.0,0.345,0.0,0.0,1227361000.0,1157918250.0,322823000.0,227554000.0,135890000.0,91664000.0,420388000.0,231740000.0,188648000.0,4423921274.0,-90900000.0,0.0,-326170000.0,0.0,0.0,-316378000.0,-54337000.0,151280000.0,280077000.0,-262000.0,185183000.0,185183000.0,185183000.0,0.0,0.0,0.072,606327000.0,286747000.0,105786000.0,0.0,3.768,23.889,24.055,722058000.0,0.0,30.55,1.711,1.711,48222000.0,1173013000.0,2585800000.0,2585800000.0,0.0,0.121,0.169,0.25,0.112,-4966000.0,606327000.0,1.0,144809207.0,144817752,145614806.0,17.856,1594582000.0,76832000.0,103813000.0,0.0,11.011,472288000.0
37,URBN,MRT,2012-03-31,2012-04-30,2012-04-30,2021-09-09,-5387000.0,1555344000.0,1555645250.0,675888000.0,879456000.0,1.619,7.687,-207076000.0,130462000.0,130462000.0,1649062000.0,180584000.0,2.648,0.398,0.0,0.0,0.0,0.0,0.0,109674000.0,0.0,0.0,0.0,281844000.0,391518000.0,0.155,391518000.0,281844000.0,281844000.0,1.21,1.19,1.21,1112321000.0,1129178750.0,1112321000.0,4045439027.0,14.0,10.333,97654000.0,0.675,1.0,869650000.0,0.345,0.0,0.0,1169678000.0,1163710000.0,299750000.0,208287000.0,117056000.0,91231000.0,443023000.0,255204000.0,187819000.0,4190712027.0,-113477000.0,0.0,-392912000.0,0.0,0.0,-383307000.0,-33920000.0,173156000.0,304730000.0,-980000.0,180584000.0,180584000.0,180584000.0,0.0,0.0,0.072,590846000.0,278804000.0,117806000.0,0.0,3.768,23.206,23.934,711932000.0,0.0,28.96,1.664,1.664,43882000.0,1111722000.0,2518712000.0,2518712000.0,0.0,0.116,0.16,0.242,0.112,-6225000.0,590846000.0,1.0,144706907.0,144709199,145568667.0,17.405,1555344000.0,76293000.0,101260000.0,0.0,10.748,420684000.0
38,URBN,MRT,2011-12-31,2012-01-31,2012-01-31,2021-09-09,-11512000.0,1483708000.0,1590374000.0,596992000.0,886716000.0,1.555,6.923,-190010000.0,145273000.0,145273000.0,1613265000.0,185251000.0,2.557,0.391,0.0,0.0,0.0,0.0,0.0,108112000.0,0.0,0.0,0.0,288831000.0,396943000.0,0.16,396943000.0,288831000.0,288831000.0,1.2,1.19,1.2,1066268000.0,1179218500.0,1066268000.0,3737974096.0,13.0,9.417,92692000.0,0.602,1.0,860536000.0,0.348,0.0,0.0,1104969000.0,1180869000.0,250073000.0,216767000.0,89854000.0,126913000.0,417440000.0,233466000.0,183974000.0,3821344096.0,-194984000.0,0.0,-541342000.0,0.0,0.0,-532347000.0,55292000.0,245302000.0,282702000.0,-631000.0,185251000.0,185251000.0,185251000.0,0.0,0.0,0.075,575811000.0,284725000.0,95754000.0,0.0,3.584,20.628,22.083,684979000.0,0.0,26.5,1.545,1.65,36673000.0,1077765000.0,2473801000.0,2473801000.0,0.0,0.116,0.157,0.245,0.117,-5927000.0,575811000.0,1.0,144201664.0,154025589,156191289.0,16.061,1483708000.0,80067000.0,103580000.0,0.0,9.633,363526000.0
39,URBN,MRT,2011-09-30,2011-10-31,2011-10-31,2021-09-09,-8056000.0,1478105000.0,1668027250.0,608330000.0,869775000.0,1.446,6.839,-176466000.0,83370000.0,83370000.0,1505925000.0,221234000.0,2.295,0.43,0.0,0.0,0.0,0.0,0.0,106957000.0,0.0,0.0,0.0,345923000.0,452880000.0,0.188,452880000.0,345923000.0,345923000.0,1.4,1.35,1.4,1033806000.0,1265538500.0,1033806000.0,3967902512.0,11.0,8.761,96700000.0,0.64,1.0,905618000.0,0.376,0.0,0.0,1129665000.0,1215386750.0,367407000.0,175795000.0,46649000.0,129146000.0,444299000.0,265070000.0,179229000.0,4194283512.0,-170176000.0,0.0,-522045000.0,0.0,0.0,-520143000.0,75864000.0,252330000.0,273166000.0,937000.0,221234000.0,221234000.0,221234000.0,0.0,0.0,0.092,565103000.0,340515000.0,134480000.0,0.0,4.057,18.959,19.464,670752000.0,0.0,27.25,1.739,1.708,46830000.0,1041847000.0,2411543000.0,2411543000.0,0.0,0.133,0.175,0.285,0.143,9741000.0,565103000.0,1.0,153918661.0,151170175,153434811.0,15.953,1478105000.0,69877000.0,124689000.0,0.0,9.778,343260000.0
40,URBN,MRT,2011-06-30,2011-07-31,2011-07-31,2021-09-09,-5660000.0,1705424000.0,1728993750.0,698568000.0,1006856000.0,1.374,8.225,-156619000.0,226381000.0,226381000.0,1449674000.0,243661000.0,3.057,0.308,0.0,0.0,0.0,0.0,0.0,105358000.0,0.0,0.0,0.0,376220000.0,481578000.0,0.203,481578000.0,376220000.0,376220000.0,1.5,1.45,1.5,1304320000.0,1337061750.0,1304320000.0,4952389056.0,13.0,10.284,195698000.0,1.234,1.0,925508000.0,0.39,0.0,0.0,1250528000.0,1240569750.0,303159000.0,382249000.0,59347000.0,322902000.0,401104000.0,228515000.0,172589000.0,5196328056.0,-18573000.0,0.0,-332128000.0,0.0,0.0,-329032000.0,-42860000.0,113759000.0,352317000.0,1002000.0,243661000.0,243661000.0,243661000.0,0.0,0.0,0.103,553554000.0,371954000.0,110759000.0,0.0,3.984,21.326,21.693,626188000.0,0.0,32.54,2.188,2.173,52560000.0,1309964000.0,2375182000.0,2375182000.0,0.0,0.141,0.182,0.303,0.158,7986000.0,553554000.0,1.0,159690475.0,158581618,160743743.0,14.978,1705424000.0,57766000.0,132559000.0,0.0,10.754,470053000.0
41,URBN,MRT,2011-03-31,2011-04-30,2011-04-30,2021-09-09,-4572000.0,1694259000.0,1734404500.0,701290000.0,992969000.0,1.337,8.081,-147029000.0,243939000.0,243939000.0,1388961000.0,258625000.0,3.308,0.291,0.0,0.0,0.0,0.0,0.0,103309000.0,0.0,0.0,0.0,394775000.0,498084000.0,0.215,498084000.0,394775000.0,394775000.0,1.56,1.52,1.56,1312480000.0,1354303500.0,1312480000.0,4765921949.0,12.0,9.569,206093000.0,1.269,1.0,929199000.0,0.401,0.0,0.0,1238314000.0,1248863250.0,264278000.0,402634000.0,68688000.0,333946000.0,381779000.0,212006000.0,169773000.0,5106178949.0,-15409000.0,0.0,-331119000.0,0.0,0.0,-325584000.0,-44692000.0,102337000.0,353122000.0,1745000.0,258625000.0,258625000.0,258625000.0,0.0,0.0,0.112,538371000.0,390828000.0,109444000.0,0.0,3.89,19.744,20.173,601249000.0,0.0,31.47,2.203,2.205,46539000.0,1317036000.0,2318160000.0,2318160000.0,0.0,0.149,0.191,0.316,0.17,5569000.0,538371000.0,1.0,162255448.0,162407330,165293594.0,14.274,1694259000.0,57774000.0,136150000.0,0.0,10.432,489284000.0
42,URBN,MRT,2010-12-31,2011-01-31,2011-01-31,2021-09-09,-10262000.0,1794321000.0,1737884250.0,803977000.0,990344000.0,1.309,8.458,-143642000.0,340257000.0,340257000.0,1337482000.0,272958000.0,3.81,0.271,0.0,0.0,0.0,0.0,0.0,101105000.0,0.0,0.0,0.0,417208000.0,518313000.0,0.228,518313000.0,417208000.0,417208000.0,1.64,1.6,1.64,1411548000.0,1366220000.0,1411548000.0,5294416601.0,13.0,10.215,241471000.0,1.447,1.0,936620000.0,0.412,0.0,0.0,1243040000.0,1252198000.0,229561000.0,468408000.0,116420000.0,351988000.0,382773000.0,211024000.0,171749000.0,5547962601.0,181233000.0,0.0,-180589000.0,0.0,0.0,-167742000.0,-35535000.0,108107000.0,385113000.0,-603000.0,272958000.0,272958000.0,272958000.0,0.0,0.0,0.12,522417000.0,414203000.0,82904000.0,0.0,3.93,20.325,20.622,586346000.0,0.0,33.82,2.44,2.482,36502000.0,1394190000.0,2274102000.0,2274102000.0,0.0,0.157,0.2,0.333,0.183,-2122000.0,522417000.0,1.0,164043838.0,166896322,170333550.0,13.626,1794321000.0,66361000.0,144250000.0,0.0,10.751,592953000.0
43,URBN,MRT,2010-09-30,2010-10-31,2010-10-31,2021-09-09,-9235000.0,1721971000.0,1698327250.0,899606000.0,822365000.0,1.292,7.966,-131795000.0,253546000.0,253546000.0,1276984000.0,275395000.0,3.779,0.305,0.0,0.0,0.0,0.0,0.0,98485000.0,0.0,0.0,0.0,415032000.0,513517000.0,0.234,513517000.0,415032000.0,415032000.0,1.63,1.61,1.63,1319899000.0,1337526750.0,1319899000.0,4837933958.0,12.0,9.421,224833000.0,1.357,1.0,917221000.0,0.418,0.0,0.0,1230397000.0,1263568000.0,289256000.0,436280000.0,250078000.0,186202000.0,402072000.0,238028000.0,164044000.0,5082887958.0,51230000.0,0.0,-192366000.0,0.0,0.0,-178195000.0,-126196000.0,5599000.0,356628000.0,-1007000.0,275395000.0,275395000.0,275395000.0,0.0,0.0,0.126,504679000.0,412542000.0,114967000.0,0.0,3.851,18.457,18.89,582786000.0,0.0,30.79,2.317,2.325,47653000.0,1318952000.0,2194205000.0,2194205000.0,0.0,0.162,0.206,0.328,0.189,-5459000.0,504679000.0,1.0,165082428.0,165699540,168575637.0,13.242,1721971000.0,53377000.0,139637000.0,0.0,10.392,661578000.0
44,URBN,MRT,2010-06-30,2010-07-31,2010-07-31,2021-09-09,-10989000.0,1727067000.0,1653121250.0,962613000.0,764454000.0,1.286,8.13,-116390000.0,244954000.0,244954000.0,1235197000.0,264681000.0,4.852,0.258,0.0,0.0,0.0,0.0,0.0,96308000.0,0.0,0.0,0.0,406934000.0,503242000.0,0.237,503242000.0,406934000.0,406934000.0,1.56,1.54,1.56,1373287000.0,1311367000.0,1373287000.0,5180581542.0,13.0,10.294,217662000.0,1.289,1.0,891316000.0,0.419,0.0,0.0,1283702000.0,1245123000.0,243203000.0,503714000.0,346107000.0,157607000.0,353780000.0,198411000.0,155369000.0,5439929542.0,92069000.0,0.0,-58963000.0,0.0,0.0,-44453000.0,-196511000.0,-80121000.0,334052000.0,-1019000.0,264681000.0,264681000.0,264681000.0,0.0,0.0,0.124,487813000.0,403503000.0,92151000.0,0.0,3.961,20.553,20.615,559945000.0,0.0,32.16,2.558,2.554,42474000.0,1245846000.0,2126513000.0,2126513000.0,0.0,0.16,0.202,0.327,0.191,-7488000.0,487813000.0,1.0,169152038.0,168908598,172325996.0,12.59,1727067000.0,46902000.0,142253000.0,0.0,10.225,764202000.0
45,URBN,MRT,2010-03-31,2010-04-30,2010-04-30,2021-09-09,-12762000.0,1708178000.0,1582659750.0,920530000.0,787648000.0,1.285,8.055,-109324000.0,259348000.0,259348000.0,1189354000.0,242045000.0,4.669,0.256,0.0,0.0,0.0,0.0,0.0,94607000.0,0.0,0.0,0.0,378829000.0,473436000.0,0.233,473436000.0,378829000.0,378829000.0,1.43,1.41,1.43,1360146000.0,1255099000.0,1360146000.0,6184419459.0,16.0,13.063,198293000.0,1.174,1.0,843626000.0,0.415,0.0,0.0,1251653000.0,1207256500.0,221984000.0,513377000.0,323910000.0,189467000.0,348032000.0,197177000.0,150855000.0,6343443459.0,34616000.0,0.0,6840000.0,0.0,0.0,19273000.0,-293341000.0,-184017000.0,307617000.0,1067000.0,242045000.0,242045000.0,242045000.0,0.0,0.0,0.119,468551000.0,375075000.0,100439000.0,0.0,4.664,26.208,26.266,548575000.0,0.0,37.56,3.12,3.12,35448000.0,1174189000.0,2032980000.0,2032980000.0,0.0,0.153,0.193,0.314,0.186,-6530000.0,468551000.0,1.0,168888271.0,168852072,172819037.0,12.04,1708178000.0,49606000.0,136784000.0,0.0,10.116,723353000.0
46,URBN,MRT,2009-12-31,2010-01-31,2010-01-31,2021-09-09,-9094000.0,1636093000.0,1503380500.0,806213000.0,829880000.0,1.289,7.716,-109260000.0,159024000.0,159024000.0,1151670000.0,219893000.0,4.276,0.262,0.0,0.0,0.0,0.0,0.0,92350000.0,0.0,0.0,0.0,344406000.0,436756000.0,0.225,436756000.0,344406000.0,344406000.0,1.31,1.28,1.31,1296775000.0,1187260750.0,1296775000.0,5117217572.0,15.0,11.716,216134000.0,1.286,1.0,786145000.0,0.406,0.0,0.0,1288520000.0,1143563250.0,186130000.0,585957000.0,342512000.0,243445000.0,339318000.0,188549000.0,150769000.0,5319533572.0,-157011000.0,0.0,3250000.0,0.0,0.0,9688000.0,-494766000.0,-385506000.0,325394000.0,2673000.0,219893000.0,219893000.0,219893000.0,0.0,0.0,0.113,447161000.0,338984000.0,78041000.0,0.0,4.102,24.191,24.099,539961000.0,0.0,31.57,2.745,2.738,38405000.0,1121232000.0,1937815000.0,1937815000.0,0.0,0.146,0.185,0.301,0.178,-1672000.0,447161000.0,1.0,168499638.0,168053502,171230245.0,11.531,1636093000.0,58751000.0,124513000.0,0.0,9.736,617664000.0
47,URBN,MRT,2009-09-30,2009-10-31,2009-10-31,2021-09-09,-7956000.0,1541147000.0,1426609500.0,737495000.0,803652000.0,1.302,7.22,-110575000.0,202316000.0,202316000.0,1144024000.0,182763000.0,4.047,0.268,0.0,0.0,0.0,0.0,0.0,89777000.0,0.0,0.0,0.0,291316000.0,381093000.0,0.205,381093000.0,291316000.0,291316000.0,1.09,1.07,1.09,1215260000.0,1126510750.0,1215260000.0,5128647905.0,18.0,13.458,225919000.0,1.342,1.0,713376000.0,0.384,0.0,0.0,1156617000.0,1039389250.0,234521000.0,449604000.0,216079000.0,233525000.0,325887000.0,182214000.0,143673000.0,5281532905.0,130602000.0,0.0,2299000.0,0.0,0.0,7524000.0,-212940000.0,-102365000.0,336494000.0,-476000.0,182763000.0,182763000.0,182763000.0,0.0,0.0,0.098,429860000.0,283516000.0,93264000.0,0.0,4.346,28.898,28.789,534260000.0,0.0,31.38,2.844,2.844,37592000.0,1043557000.0,1857400000.0,1857400000.0,0.0,0.128,0.162,0.28,0.157,-860000.0,429860000.0,1.0,168308888.0,168319514,171443902.0,11.035,1541147000.0,35867000.0,108553000.0,0.0,9.156,555281000.0
48,URBN,MRT,2009-06-30,2009-07-31,2009-07-31,2021-09-09,-8806000.0,1445221000.0,1373429250.0,583854000.0,861367000.0,1.332,6.838,-116072000.0,152885000.0,152885000.0,1130769000.0,179645000.0,3.647,0.259,0.0,0.0,0.0,0.0,0.0,87228000.0,0.0,0.0,0.0,285554000.0,372782000.0,0.204,372782000.0,285554000.0,285554000.0,1.07,1.06,1.07,1148215000.0,1078045000.0,1148215000.0,3817557652.0,13.0,10.241,155185000.0,0.924,1.0,698684000.0,0.382,0.0,0.0,1132236000.0,1020344250.0,217050000.0,430394000.0,135875000.0,294519000.0,297006000.0,160100000.0,136906000.0,4042289652.0,-7506000.0,0.0,3246000.0,0.0,0.0,10804000.0,-285964000.0,-169892000.0,271257000.0,-3603000.0,179645000.0,179645000.0,179645000.0,0.0,0.0,0.098,420550000.0,278134000.0,85336000.0,0.0,3.52,22.502,22.467,528295000.0,0.0,24.04,2.21,2.207,32039000.0,981165000.0,1829453000.0,1829453000.0,0.0,0.131,0.167,0.28,0.156,-3138000.0,420550000.0,1.0,168148488.0,167919873,170719274.0,10.895,1445221000.0,38553000.0,105909000.0,0.0,8.607,423754000.0
49,URBN,MRT,2009-03-31,2009-04-30,2009-04-30,2021-09-09,-16895000.0,1391061000.0,1329221250.0,563098000.0,827963000.0,1.373,6.502,-119340000.0,224732000.0,224732000.0,1127019000.0,187612000.0,3.323,0.278,0.0,0.0,0.0,0.0,0.0,84696000.0,0.0,0.0,0.0,291539000.0,376235000.0,0.206,376235000.0,291539000.0,291539000.0,1.12,1.1,1.12,1088793000.0,1033025750.0,1088793000.0,2953016619.0,10.0,7.849,154950000.0,0.925,1.0,698103000.0,0.382,0.0,0.0,996880000.0,971285000.0,189881000.0,335061000.0,72893000.0,262168000.0,302268000.0,169449000.0,132819000.0,3269051619.0,60702000.0,0.0,3398000.0,0.0,0.0,12009000.0,-219516000.0,-100176000.0,274290000.0,-6081000.0,187612000.0,187612000.0,187612000.0,0.0,0.0,0.103,415490000.0,282613000.0,81437000.0,0.0,3.002,17.425,17.402,520945000.0,0.0,19.49,1.791,1.788,30079000.0,932144000.0,1825122000.0,1825122000.0,0.0,0.141,0.182,0.3,0.16,-4582000.0,415490000.0,1.0,167729688.0,167455872,170316708.0,10.899,1391061000.0,44850000.0,103927000.0,0.0,8.307,393649000.0
50,URBN,MRT,2008-12-31,2009-01-31,2009-01-31,2021-09-09,-17747000.0,1329009000.0,1282777250.0,624402000.0,704607000.0,1.43,6.318,-112553000.0,316035000.0,316035000.0,1121140000.0,199364000.0,4.424,0.261,0.0,0.0,0.0,0.0,0.0,81949000.0,0.0,0.0,0.0,309490000.0,391439000.0,0.213,391439000.0,309490000.0,309490000.0,1.2,1.17,1.2,1053775000.0,987925500.0,1053775000.0,2541199823.0,8.0,6.492,139017000.0,0.833,1.0,713478000.0,0.389,0.0,0.0,871824000.0,939022750.0,169698000.0,205174000.0,49948000.0,155226000.0,275234000.0,141150000.0,134084000.0,2612913823.0,210764000.0,0.0,8891000.0,0.0,0.0,22325000.0,-56907000.0,55646000.0,251570000.0,-6224000.0,199364000.0,199364000.0,199364000.0,0.0,0.0,0.109,414043000.0,299435000.0,62955000.0,0.0,2.48,13.106,12.983,505407000.0,0.0,15.58,1.424,1.416,36390000.0,901339000.0,1834618000.0,1834618000.0,0.0,0.155,0.202,0.33,0.169,-9797000.0,414043000.0,1.0,167709488.0,166793062,170860605.0,10.999,1329009000.0,49893000.0,110126000.0,0.0,7.968,483252000.0
51,URBN,MRT,2008-09-30,2008-10-31,2008-10-31,2021-09-09,-7166000.0,1328426000.0,1236222750.0,549258000.0,779168000.0,1.45,6.115,-117306000.0,71714000.0,71714000.0,1067173000.0,212434000.0,3.116,0.301,0.0,0.0,0.0,0.0,0.0,79619000.0,0.0,0.0,0.0,327133000.0,406752000.0,0.227,406752000.0,327133000.0,327133000.0,1.27,1.24,1.27,1021397000.0,937839500.0,1021397000.0,3476735740.0,11.0,8.548,138282000.0,0.828,1.0,724778000.0,0.404,0.0,0.0,1080437000.0,938602250.0,252308000.0,352699000.0,127335000.0,225364000.0,307029000.0,176275000.0,130754000.0,3637126740.0,35321000.0,0.0,9867000.0,0.0,0.0,24629000.0,-241504000.0,-124198000.0,255588000.0,-3392000.0,212434000.0,212434000.0,212434000.0,0.0,0.0,0.119,408206000.0,316572000.0,82432000.0,0.0,3.561,17.121,17.118,513639000.0,0.0,21.74,2.03,2.026,33822000.0,860794000.0,1791951000.0,1791951000.0,0.0,0.172,0.227,0.349,0.183,-11274000.0,408206000.0,1.0,167301138.0,167030294,171064904.0,10.728,1328426000.0,40165000.0,114699000.0,0.0,7.953,372983000.0
52,URBN,MRT,2008-06-30,2008-07-31,2008-07-31,2021-09-09,5986000.0,1268389000.0,1170666750.0,528731000.0,739658000.0,1.446,5.808,-113834000.0,160391000.0,160391000.0,1013998000.0,198542000.0,3.074,0.31,0.0,0.0,0.0,0.0,0.0,76183000.0,0.0,0.0,0.0,298795000.0,374978000.0,0.221,374978000.0,298795000.0,298795000.0,1.19,1.16,1.19,968138000.0,881401250.0,968138000.0,5352027288.0,18.0,14.273,166852000.0,1.001,1.0,679320000.0,0.401,0.0,0.0,935999000.0,885908250.0,211205000.0,268034000.0,76905000.0,191129000.0,300251000.0,171999000.0,128252000.0,5516057288.0,118004000.0,0.0,8806000.0,0.0,0.0,20930000.0,-183640000.0,-69806000.0,280686000.0,28000.0,198542000.0,198542000.0,198542000.0,0.0,0.0,0.117,391800000.0,287520000.0,88521000.0,0.0,5.698,27.783,27.739,507399000.0,0.0,33.01,3.258,3.25,32468000.0,801520000.0,1693318000.0,1693318000.0,0.0,0.17,0.225,0.337,0.176,-8990000.0,391800000.0,1.0,167102614.0,166698963,171687530.0,10.158,1268389000.0,41130000.0,100253000.0,0.0,7.609,356732000.0
53,URBN,MRT,2008-03-31,2008-04-30,2008-04-30,2021-09-09,6353000.0,1205285000.0,1098821000.0,482239000.0,723046000.0,1.445,5.468,-111435000.0,164030000.0,164030000.0,964635000.0,173420000.0,2.781,0.327,0.0,0.0,0.0,0.0,0.0,72820000.0,0.0,0.0,0.0,262738000.0,335558000.0,0.211,335558000.0,262738000.0,262738000.0,1.04,1.02,1.04,908392000.0,825685000.0,908392000.0,5599638954.0,21.0,16.688,160484000.0,0.966,1.0,622837000.0,0.392,0.0,0.0,867831000.0,853287000.0,191287000.0,242650000.0,55101000.0,187549000.0,296893000.0,173424000.0,123469000.0,5704909954.0,132859000.0,0.0,9345000.0,0.0,0.0,18963000.0,-158203000.0,-46768000.0,271919000.0,180000.0,173420000.0,173420000.0,173420000.0,0.0,0.0,0.109,370966000.0,251871000.0,81112000.0,0.0,6.28,32.896,32.933,498789000.0,0.0,34.25,3.594,3.584,25593000.0,744532000.0,1587472000.0,1587472000.0,0.0,0.158,0.21,0.308,0.166,-6427000.0,370966000.0,1.0,166566714.0,166119099,170603420.0,9.556,1205285000.0,36708000.0,89318000.0,0.0,7.256,308815000.0
54,URBN,MRT,2007-12-31,2008-01-31,2008-01-31,2021-09-09,7235000.0,1142791000.0,1031821250.0,433610000.0,709181000.0,1.461,5.163,-115370000.0,105271000.0,105271000.0,930952000.0,160231000.0,2.591,0.339,0.0,0.0,0.0,0.0,0.0,70017000.0,0.0,0.0,0.0,234395000.0,304412000.0,0.202,304412000.0,234395000.0,234395000.0,0.97,0.94,0.97,853431000.0,776536000.0,853431000.0,4778129435.0,20.0,15.696,138983000.0,0.841,1.0,576772000.0,0.383,0.0,0.0,870142000.0,829390500.0,171925000.0,268379000.0,80127000.0,188252000.0,289360000.0,167378000.0,121982000.0,4814522435.0,78004000.0,0.0,5000000.0,0.0,0.0,12341000.0,-188902000.0,-73532000.0,254353000.0,212000.0,160231000.0,160231000.0,160231000.0,0.0,0.0,0.106,351827000.0,224945000.0,74020000.0,0.0,5.641,30.047,29.897,488889000.0,0.0,29.0,3.193,3.18,26365000.0,701975000.0,1507724000.0,1507724000.0,0.0,0.155,0.206,0.283,0.155,-4064000.0,351827000.0,1.0,166018015.0,165305207,169640585.0,9.121,1142791000.0,35724000.0,74164000.0,0.0,6.913,266232000.0
55,URBN,MRT,2007-09-30,2007-10-31,2007-10-31,2021-09-09,7630000.0,1066202000.0,970936250.0,466637000.0,599565000.0,1.445,4.81,-128035000.0,36393000.0,36393000.0,878076000.0,142346000.0,2.914,0.34,0.0,0.0,0.0,0.0,0.0,67765000.0,0.0,0.0,0.0,200511000.0,268276000.0,0.191,268276000.0,200511000.0,200511000.0,0.86,0.84,0.86,795644000.0,731999000.0,795644000.0,4147779909.0,21.0,15.461,72382000.0,0.438,1.0,525033000.0,0.374,0.0,0.0,869661000.0,796021500.0,212696000.0,232920000.0,154410000.0,78510000.0,270558000.0,160148000.0,110410000.0,4190166909.0,5849000.0,0.0,5917000.0,0.0,0.0,11143000.0,-207462000.0,-79427000.0,200417000.0,1751000.0,142346000.0,142346000.0,142346000.0,0.0,0.0,0.101,332154000.0,192879000.0,78845000.0,0.0,5.266,29.436,29.384,489434000.0,0.0,25.27,2.986,2.979,24879000.0,648360000.0,1403109000.0,1403109000.0,0.0,0.147,0.194,0.252,0.143,-1703000.0,332154000.0,1.0,165815865.0,165430768,169933513.0,8.482,1066202000.0,31621000.0,58165000.0,0.0,6.445,306489000.0
56,URBN,MRT,2007-06-30,2007-07-31,2007-07-31,2021-09-09,5728000.0,981006000.0,920686750.0,412251000.0,568755000.0,1.447,4.508,-161785000.0,42387000.0,42387000.0,839101000.0,131478000.0,3.097,0.316,0.0,0.0,0.0,0.0,0.0,64327000.0,0.0,0.0,0.0,183862000.0,248189000.0,0.186,248189000.0,183862000.0,183862000.0,0.8,0.78,0.8,745273000.0,691731750.0,745273000.0,3292448736.0,18.0,13.266,37389000.0,0.226,1.0,493043000.0,0.37,0.0,0.0,805514000.0,749770500.0,185619000.0,199105000.0,130748000.0,68357000.0,235733000.0,133105000.0,102628000.0,3323619736.0,-17335000.0,0.0,-11707000.0,0.0,0.0,-7728000.0,-209288000.0,-47503000.0,199174000.0,507000.0,131478000.0,131478000.0,131478000.0,0.0,0.0,0.099,316027000.0,177016000.0,61058000.0,0.0,4.46,25.279,25.075,468972000.0,0.0,20.06,2.495,2.489,24516000.0,602977000.0,1332144000.0,1332144000.0,0.0,0.143,0.19,0.245,0.138,-425000.0,316027000.0,1.0,165683935.0,165315656,169710489.0,8.058,981006000.0,31426000.0,52384000.0,0.0,5.934,279146000.0
57,URBN,MRT,2007-03-31,2007-04-30,2007-04-30,2021-09-09,5334000.0,937286000.0,885198500.0,388774000.0,548512000.0,1.434,4.318,-185772000.0,31171000.0,31171000.0,801486000.0,125274000.0,2.904,0.317,0.0,0.0,0.0,0.0,0.0,60316000.0,0.0,0.0,0.0,175013000.0,235329000.0,0.185,235329000.0,175013000.0,175013000.0,0.77,0.74,0.77,711796000.0,659124000.0,711796000.0,4225308767.0,24.0,17.955,-4172000.0,-0.025,1.0,467768000.0,0.369,0.0,0.0,772245000.0,707122000.0,168131000.0,196373000.0,133508000.0,62865000.0,225490000.0,133870000.0,91620000.0,4252575767.0,3065000.0,0.0,-14093000.0,0.0,0.0,-6283000.0,-172943000.0,12829000.0,181600000.0,691000.0,125274000.0,125274000.0,125274000.0,0.0,0.0,0.099,299314000.0,168454000.0,61794000.0,0.0,5.974,33.946,33.455,455601000.0,0.0,25.76,3.35,3.345,22037000.0,571111000.0,1269254000.0,1269254000.0,0.0,0.142,0.19,0.248,0.138,-4247000.0,299314000.0,1.0,165084463.0,164826058,168799775.0,7.701,937286000.0,30046000.0,49739000.0,0.0,5.687,254904000.0
58,URBN,MRT,2006-12-31,2007-01-31,2007-01-31,2021-09-09,4284000.0,899251000.0,850610750.0,366405000.0,532846000.0,1.44,4.101,-212029000.0,27267000.0,27267000.0,772796000.0,116206000.0,2.708,0.332,0.0,0.0,0.0,0.0,0.0,55713000.0,0.0,0.0,0.0,170158000.0,225871000.0,0.184,225871000.0,170158000.0,170158000.0,0.71,0.69,0.71,675283000.0,627627250.0,675283000.0,3987889243.0,23.0,17.656,-24912000.0,-0.151,1.0,451921000.0,0.369,0.0,0.0,736666000.0,672990750.0,154387000.0,194333000.0,132011000.0,62322000.0,223968000.0,135318000.0,88650000.0,4018433243.0,-22645000.0,0.0,-14450000.0,0.0,0.0,-9056000.0,-201408000.0,10621000.0,187117000.0,702000.0,116206000.0,116206000.0,116206000.0,0.0,0.0,0.095,287932000.0,163989000.0,57934000.0,0.0,5.951,34.58,34.366,445698000.0,0.0,24.4,3.281,3.281,20871000.0,542396000.0,1224717000.0,1224717000.0,0.0,0.137,0.185,0.253,0.139,-1897000.0,287932000.0,1.0,164689887.0,164679786,168652005.0,7.437,899251000.0,29409000.0,53952000.0,0.0,5.461,231087000.0
59,URBN,MRT,2006-09-30,2006-10-31,2006-10-31,2021-09-09,2923000.0,865204000.0,818099250.0,358934000.0,506270000.0,1.445,3.853,-217880000.0,30544000.0,30544000.0,737140000.0,116068000.0,2.393,0.363,0.0,0.0,0.0,0.0,0.0,50096000.0,0.0,0.0,0.0,174635000.0,224731000.0,0.19,224731000.0,174635000.0,174635000.0,0.71,0.69,0.71,634575000.0,599026500.0,634575000.0,2833549798.0,16.0,12.609,-26072000.0,-0.158,1.0,445370000.0,0.377,0.0,0.0,684657000.0,635270500.0,179592000.0,154684000.0,96048000.0,58636000.0,230629000.0,150003000.0,80626000.0,2893271798.0,10477000.0,0.0,-13077000.0,0.0,0.0,-8397000.0,-171921000.0,45959000.0,191808000.0,-1013000.0,116068000.0,116068000.0,116068000.0,0.0,0.0,0.098,276849000.0,168521000.0,61988000.0,0.0,4.559,24.927,24.648,426430000.0,0.0,17.5,2.447,2.438,19553000.0,506665000.0,1182510000.0,1182510000.0,0.0,0.142,0.194,0.275,0.148,11525000.0,276849000.0,1.0,165329817.0,164707980,168306967.0,7.179,865204000.0,21204000.0,58567000.0,0.0,5.253,208931000.0
60,URBN,MRT,2006-06-30,2006-07-31,2006-07-31,2021-09-09,1858000.0,839053000.0,779411500.0,360777000.0,478276000.0,1.492,3.726,-191581000.0,59722000.0,59722000.0,715283000.0,118716000.0,2.498,0.365,0.0,0.0,0.0,0.0,0.0,45803000.0,0.0,0.0,0.0,189486000.0,235289000.0,0.202,235289000.0,189486000.0,189486000.0,0.73,0.7,0.73,614842000.0,569471000.0,614842000.0,2387968621.0,13.0,10.149,-21632000.0,-0.131,1.0,447673000.0,0.385,0.0,0.0,634920000.0,604775750.0,148528000.0,153004000.0,92809000.0,60195000.0,224211000.0,144411000.0,79800000.0,2416074621.0,37946000.0,0.0,4417000.0,0.0,0.0,9102000.0,-141414000.0,50167000.0,169949000.0,309000.0,118716000.0,118716000.0,118716000.0,0.0,0.0,0.102,263957000.0,183716000.0,52396000.0,0.0,3.93,20.352,20.027,394706000.0,0.0,14.62,2.078,2.074,22299000.0,472151000.0,1162956000.0,1162956000.0,0.0,0.152,0.208,0.313,0.163,10869000.0,263957000.0,1.0,165258182.0,164994329,168595378.0,7.048,839053000.0,23375000.0,70770000.0,0.0,5.085,216366000.0
61,URBN,MRT,2006-03-31,2006-04-30,2006-04-30,2021-09-09,1249000.0,798935000.0,729106500.0,377542000.0,421393000.0,1.551,3.56,-161202000.0,28106000.0,28106000.0,683032000.0,123655000.0,2.794,0.364,0.0,0.0,0.0,0.0,0.0,42478000.0,0.0,0.0,0.0,199818000.0,242296000.0,0.214,242296000.0,199818000.0,199818000.0,0.76,0.73,0.76,585809000.0,535086750.0,585809000.0,3778243834.0,19.0,15.594,6292000.0,0.038,1.0,447757000.0,0.396,0.0,0.0,635720000.0,574629250.0,140726000.0,210436000.0,146725000.0,63711000.0,213126000.0,135109000.0,78017000.0,3828155834.0,5982000.0,0.0,9941000.0,0.0,0.0,11749000.0,-172772000.0,-11570000.0,167494000.0,-489000.0,123655000.0,123655000.0,123655000.0,0.0,0.0,0.109,253285000.0,194472000.0,57468000.0,0.0,6.535,30.958,30.526,335307000.0,0.0,23.2,3.385,3.377,23686000.0,446489000.0,1130789000.0,1130789000.0,0.0,0.17,0.231,0.348,0.177,13154000.0,253285000.0,1.0,165006717.0,164576157,168020879.0,6.871,798935000.0,22375000.0,76163000.0,0.0,4.855,242433000.0
62,URBN,MRT,2005-12-31,2006-01-31,2006-01-31,2021-09-09,528000.0,769205000.0,676428250.0,385183000.0,384022000.0,1.615,3.426,-123961000.0,49912000.0,49912000.0,643501000.0,130796000.0,2.885,0.371,0.0,0.0,0.0,0.0,0.0,39340000.0,0.0,0.0,0.0,212397000.0,251737000.0,0.231,251737000.0,212397000.0,212397000.0,0.8,0.77,0.8,560880000.0,498541250.0,560880000.0,4477788325.0,21.0,17.788,25230000.0,0.154,1.0,448606000.0,0.411,0.0,0.0,585785000.0,534477250.0,140377000.0,206631000.0,141883000.0,64748000.0,208325000.0,133508000.0,74817000.0,4497855325.0,20181000.0,0.0,15230000.0,0.0,0.0,15230000.0,-143675000.0,-19714000.0,149191000.0,-565000.0,130796000.0,130796000.0,130796000.0,0.0,0.0,0.12,240907000.0,207699000.0,41291000.0,0.0,8.019,34.388,34.138,299291000.0,0.0,27.31,4.119,4.094,14324000.0,426190000.0,1092107000.0,1092107000.0,0.0,0.193,0.262,0.397,0.194,14552000.0,240907000.0,1.0,164696277.0,163717726,169936041.0,6.671,769205000.0,24677000.0,81601000.0,0.0,4.698,251675000.0
63,URBN,MRT,2005-09-30,2005-10-31,2005-10-31,2021-09-09,614000.0,710453000.0,623298000.0,372251000.0,338202000.0,1.645,3.149,-100985000.0,20067000.0,20067000.0,602057000.0,122279000.0,2.915,0.376,0.0,0.0,0.0,0.0,0.0,38991000.0,0.0,0.0,0.0,201629000.0,240620000.0,0.235,240620000.0,201629000.0,201629000.0,0.76,0.72,0.76,516353000.0,458882250.0,516353000.0,4633954726.0,23.0,19.258,57955000.0,0.353,1.0,423084000.0,0.413,0.0,0.0,562678000.0,495201500.0,170232000.0,202219000.0,136273000.0,65946000.0,194100000.0,127708000.0,66392000.0,4655730726.0,14654000.0,0.0,13178000.0,0.0,0.0,13178000.0,-157594000.0,-56609000.0,158940000.0,130000.0,122279000.0,122279000.0,122279000.0,0.0,0.0,0.119,225514000.0,197570000.0,53299000.0,0.0,9.017,38.075,37.276,255091000.0,0.0,28.33,4.542,4.531,18509000.0,390597000.0,1025141000.0,1025141000.0,0.0,0.196,0.266,0.407,0.197,4581000.0,225514000.0,1.0,164339242.0,163953135,170328859.0,6.253,710453000.0,17165000.0,79350000.0,0.0,4.333,244543000.0
64,URBN,MRT,2005-06-30,2005-07-31,2005-07-31,2021-09-09,410000.0,637833000.0,569500250.0,345926000.0,291907000.0,1.673,2.917,-76606000.0,21776000.0,21776000.0,558402000.0,111153000.0,3.401,0.336,0.0,0.0,0.0,0.0,0.0,35155000.0,0.0,0.0,0.0,183707000.0,218862000.0,0.23,218862000.0,183707000.0,183707000.0,0.69,0.65,0.69,477305000.0,422293250.0,477305000.0,4954018261.0,27.0,22.635,53430000.0,0.327,1.0,394291000.0,0.414,0.0,0.0,514334000.0,456488250.0,132596000.0,205375000.0,143262000.0,62113000.0,160528000.0,101723000.0,58805000.0,4976142261.0,-537000.0,0.0,13777000.0,0.0,0.0,13777000.0,-144330000.0,-67724000.0,130036000.0,-20000.0,111153000.0,111153000.0,111153000.0,0.0,0.0,0.117,214198000.0,180093000.0,47945000.0,0.0,10.425,44.768,43.993,216683000.0,0.0,30.355,5.223,5.213,19195000.0,353435000.0,952693000.0,952693000.0,0.0,0.195,0.263,0.402,0.193,8430000.0,214198000.0,1.0,163931552.0,163613606,169833000.0,5.823,637833000.0,13111000.0,72554000.0,0.0,3.898,244203000.0
65,URBN,MRT,2005-03-31,2005-04-30,2005-04-30,2021-09-09,2501000.0,588222000.0,525436000.0,305856000.0,282366000.0,1.692,2.698,-81404000.0,22124000.0,22124000.0,522312000.0,101060000.0,3.362,0.338,0.0,0.0,0.0,0.0,0.0,33416000.0,0.0,0.0,0.0,167382000.0,200798000.0,0.226,200798000.0,167382000.0,167382000.0,0.625,0.595,0.625,439627000.0,387453000.0,439627000.0,3604968193.0,22.0,17.953,59078000.0,0.363,1.0,366473000.0,0.412,0.0,0.0,475112000.0,416958000.0,113477000.0,201303000.0,134681000.0,66622000.0,148595000.0,90986000.0,57609000.0,3634699193.0,-3473000.0,0.0,11354000.0,0.0,0.0,11354000.0,-156224000.0,-74820000.0,140482000.0,915000.0,101060000.0,101060000.0,101060000.0,0.0,0.0,0.114,201725000.0,164748000.0,38846000.0,0.0,8.268,35.966,35.536,203163000.0,0.0,22.21,4.09,4.072,13754000.0,322834000.0,888785000.0,888785000.0,0.0,0.192,0.261,0.401,0.188,10139000.0,201725000.0,1.0,163651472.0,162956454,169057896.0,5.454,588222000.0,12581000.0,66322000.0,0.0,3.61,214870000.0
66,URBN,MRT,2004-12-31,2005-01-31,2005-01-31,2021-09-09,2470000.0,556684000.0,484861000.0,287868000.0,268816000.0,1.707,2.492,-75141000.0,29731000.0,29731000.0,489000000.0,90489000.0,2.929,0.384,0.0,0.0,0.0,0.0,0.0,31858000.0,0.0,0.0,0.0,150192000.0,182050000.0,0.22,182050000.0,150192000.0,150192000.0,0.56,0.54,0.56,402244000.0,355799000.0,402244000.0,3416146158.0,23.0,18.765,74854000.0,0.464,1.0,338750000.0,0.409,0.0,0.0,428682000.0,379110750.0,98996000.0,189410000.0,125953000.0,63457000.0,154440000.0,98271000.0,56169000.0,3421559158.0,26412000.0,0.0,6917000.0,0.0,0.0,6917000.0,-130933000.0,-55792000.0,149995000.0,433000.0,90489000.0,90489000.0,90489000.0,0.0,0.0,0.109,190384000.0,148366000.0,39102000.0,0.0,8.506,37.812,37.562,192792000.0,0.0,21.035,4.134,4.102,8364000.0,295394000.0,827750000.0,827750000.0,0.0,0.187,0.254,0.396,0.181,14176000.0,190384000.0,1.0,162660288.0,161419898,167303450.0,5.128,556684000.0,17268000.0,59703000.0,0.0,3.449,189597000.0
67,URBN,MRT,2004-09-30,2004-10-31,2004-10-31,2021-09-09,2259000.0,495262000.0,441815500.0,239449000.0,255813000.0,1.703,2.283,-67690000.0,5413000.0,5413000.0,440799000.0,81842000.0,2.919,0.339,0.0,0.0,0.0,0.0,0.0,30305000.0,0.0,0.0,0.0,137549000.0,167854000.0,0.223,167854000.0,137549000.0,137549000.0,0.51,0.49,0.51,369997000.0,327770500.0,369997000.0,3254546022.0,24.0,19.389,39623000.0,0.244,1.0,311451000.0,0.414,0.0,0.0,407825000.0,352795500.0,112893000.0,148601000.0,81502000.0,67099000.0,125265000.0,82024000.0,43241000.0,3318759022.0,-9033000.0,0.0,8322000.0,0.0,0.0,8322000.0,-125120000.0,-57430000.0,107313000.0,452000.0,81842000.0,81842000.0,81842000.0,0.0,0.0,0.109,174686000.0,136765000.0,43744000.0,0.0,8.97,40.551,40.196,179166000.0,0.0,20.5,4.412,4.417,13635000.0,268318000.0,752250000.0,752250000.0,0.0,0.185,0.25,0.39,0.183,16093000.0,174686000.0,1.0,161890684.0,162095230,168152512.0,4.641,495262000.0,9548000.0,55707000.0,0.0,3.055,157425000.0
68,URBN,MRT,2004-06-30,2004-07-31,2004-07-31,2021-09-09,1783000.0,461576000.0,401250500.0,222343000.0,239233000.0,1.69,2.098,-69718000.0,22313000.0,22313000.0,401424000.0,69893000.0,2.677,0.366,0.0,0.0,0.0,0.0,0.0,29774000.0,0.0,0.0,0.0,117467000.0,147241000.0,0.217,147241000.0,117467000.0,117467000.0,0.44,0.425,0.44,337944000.0,300908250.0,337944000.0,2320712347.0,20.0,15.761,52200000.0,0.324,1.0,276804000.0,0.408,0.0,0.0,356213000.0,315662250.0,90930000.0,140168000.0,79973000.0,60195000.0,123632000.0,83050000.0,40582000.0,2393259347.0,10861000.0,0.0,7924000.0,0.0,0.0,7924000.0,-119164000.0,-49446000.0,121918000.0,183000.0,69893000.0,69893000.0,69893000.0,0.0,0.0,0.103,159743000.0,117061000.0,37214000.0,0.0,7.082,34.242,33.795,169483000.0,0.0,14.87,3.529,3.532,10420000.0,242282000.0,678228000.0,678228000.0,0.0,0.174,0.232,0.372,0.173,12829000.0,159743000.0,1.0,160945484.0,161108050,166822784.0,4.21,461576000.0,9555000.0,47574000.0,0.0,2.865,139293000.0
69,URBN,MRT,2004-03-31,2004-04-30,2004-04-30,2021-09-09,1369000.0,425922000.0,362565750.0,198877000.0,227045000.0,1.687,1.949,-49718000.0,25597000.0,25597000.0,366189000.0,58852000.0,2.596,0.361,0.0,0.0,0.0,0.0,0.0,27303000.0,0.0,0.0,0.0,98912000.0,126215000.0,0.206,126215000.0,98912000.0,98912000.0,0.375,0.36,0.375,313011000.0,277910750.0,313011000.0,1787878325.0,18.0,14.165,53825000.0,0.335,1.0,245434000.0,0.401,0.0,0.0,323723000.0,278246250.0,78399000.0,129023000.0,70476000.0,58547000.0,112911000.0,76602000.0,36309000.0,1855072325.0,6965000.0,0.0,9629000.0,0.0,0.0,9629000.0,-106176000.0,-56458000.0,103543000.0,-31000.0,58852000.0,58852000.0,58852000.0,0.0,0.0,0.096,146992000.0,98442000.0,37929000.0,0.0,5.927,31.521,30.78,158976000.0,0.0,11.543,3.033,3.031,7446000.0,221774000.0,611623000.0,611623000.0,0.0,0.162,0.212,0.355,0.162,11611000.0,146992000.0,1.0,160716684.0,160591884,165889328.0,3.809,425922000.0,9522000.0,40060000.0,0.0,2.652,122275000.0
70,URBN,MRT,2003-12-31,2004-01-31,2004-01-31,2021-09-09,1938000.0,384502000.0,327869750.0,175835000.0,208667000.0,1.672,1.847,-43455000.0,3319000.0,3319000.0,334888000.0,48376000.0,3.044,0.325,0.0,0.0,0.0,0.0,0.0,25010000.0,0.0,0.0,0.0,81304000.0,106314000.0,0.194,106314000.0,81304000.0,81304000.0,0.31,0.3,0.31,290130000.0,257673000.0,290130000.0,1567630515.0,19.0,14.745,36698000.0,0.234,1.0,213473000.0,0.389,0.0,0.0,323421000.0,243607500.0,63247000.0,136169000.0,83854000.0,52315000.0,94372000.0,57762000.0,36610000.0,1605026515.0,-29808000.0,0.0,8542000.0,0.0,0.0,8542000.0,-118901000.0,-75446000.0,80153000.0,398000.0,48376000.0,48376000.0,48376000.0,0.0,0.0,0.088,132767000.0,80706000.0,27353000.0,0.0,5.532,33.178,32.653,146826000.0,0.0,10.123,2.927,2.899,6711000.0,204905000.0,548361000.0,548361000.0,0.0,0.148,0.188,0.334,0.148,7581000.0,132767000.0,1.0,158560288.0,157069852,161662276.0,3.491,384502000.0,14358000.0,32928000.0,0.0,2.448,118073000.0
71,URBN,MRT,2003-09-30,2003-10-31,2003-10-31,2021-09-09,1067000.0,333002000.0,301538500.0,152402000.0,180600000.0,1.624,1.664,-36213000.0,14446000.0,14446000.0,305729000.0,38324000.0,2.572,0.268,0.0,0.0,0.0,0.0,0.0,22741000.0,0.0,0.0,0.0,64411000.0,87152000.0,0.178,87152000.0,64411000.0,64411000.0,0.242,0.235,0.242,262548000.0,241236750.0,262548000.0,1262093208.0,20.0,14.482,21165000.0,0.134,1.0,184082000.0,0.376,0.0,0.0,259292000.0,203451500.0,72213000.0,93208000.0,44494000.0,48714000.0,70454000.0,59264000.0,11190000.0,1312545208.0,-37109000.0,0.0,7573000.0,0.0,0.0,7573000.0,-102520000.0,-66307000.0,57378000.0,460000.0,38324000.0,38324000.0,38324000.0,0.0,0.0,0.078,120852000.0,63230000.0,31260000.0,0.0,4.999,34.249,34.401,123023000.0,0.0,8.325,2.68,2.682,6478000.0,186476000.0,489811000.0,489811000.0,0.0,0.127,0.159,0.317,0.132,2586000.0,120852000.0,1.0,157663088.0,157777716,163015652.0,3.104,333002000.0,8863000.0,26087000.0,0.0,2.111,93138000.0
72,URBN,MRT,2003-06-30,2003-07-31,2003-07-31,2021-09-09,439000.0,306837000.0,286333250.0,142739000.0,164098000.0,1.598,1.573,-28307000.0,50452000.0,50452000.0,291141000.0,32263000.0,2.864,0.248,0.0,0.0,0.0,0.0,0.0,21851000.0,0.0,0.0,0.0,54224000.0,76075000.0,0.166,76075000.0,54224000.0,54224000.0,0.205,0.2,0.205,245954000.0,228865000.0,245954000.0,715942248.0,13.0,9.411,18127000.0,0.116,1.0,166445000.0,0.364,0.0,0.0,206549000.0,181359500.0,61467000.0,53738000.0,9501000.0,44237000.0,60883000.0,49836000.0,11047000.0,773574248.0,-56743000.0,0.0,7821000.0,0.0,0.0,7821000.0,-111442000.0,-83135000.0,46434000.0,444000.0,32263000.0,32263000.0,32263000.0,0.0,0.0,0.071,113601000.0,52844000.0,26664000.0,0.0,3.145,23.977,24.22,110993000.0,0.0,4.965,1.691,1.697,6402000.0,172389000.0,457586000.0,457586000.0,0.0,0.113,0.141,0.299,0.119,2370000.0,113601000.0,1.0,155805488.0,156391136,160808824.0,2.926,306837000.0,8868000.0,21961000.0,0.0,1.962,92903000.0
73,URBN,MRT,2003-03-31,2003-04-30,2003-04-30,2021-09-09,511000.0,287138000.0,274083750.0,139131000.0,148007000.0,1.59,1.494,-29106000.0,57632000.0,57632000.0,279154000.0,29051000.0,3.138,0.237,0.0,0.0,0.0,0.0,0.0,20686000.0,0.0,0.0,0.0,48826000.0,69512000.0,0.16,69512000.0,48826000.0,48826000.0,0.185,0.18,0.185,232060000.0,218145000.0,232060000.0,508511031.0,10.0,7.315,10043000.0,0.065,1.0,156554000.0,0.359,0.0,0.0,185168000.0,165736750.0,53739000.0,35672000.0,7000000.0,28672000.0,55078000.0,44338000.0,10740000.0,580638031.0,-56015000.0,0.0,4340000.0,0.0,0.0,4340000.0,-100111000.0,-71005000.0,39149000.0,607000.0,29051000.0,29051000.0,29051000.0,0.0,0.0,0.067,108663000.0,47891000.0,21604000.0,0.0,2.502,19.987,20.182,110406000.0,0.0,3.734,1.333,1.331,5538000.0,162922000.0,435708000.0,435708000.0,0.0,0.106,0.133,0.295,0.112,1650000.0,108663000.0,1.0,155510688.0,155278296,158129760.0,2.806,287138000.0,8929000.0,19775000.0,0.0,1.849,94793000.0
74,URBN,MRT,2002-12-31,2003-01-31,2003-01-31,2021-09-09,692000.0,279177000.0,263696000.0,145765000.0,133412000.0,1.603,1.485,-28886000.0,72127000.0,72127000.0,271963000.0,27413000.0,3.294,0.244,0.0,0.0,0.0,0.0,0.0,19950000.0,0.0,0.0,0.0,46073000.0,66023000.0,0.156,66023000.0,46073000.0,46073000.0,0.18,0.175,0.18,224385000.0,209070250.0,224385000.0,345374761.0,7.0,5.231,19544000.0,0.129,1.0,150791000.0,0.357,0.0,0.0,162797000.0,151932250.0,50006000.0,23019000.0,7379000.0,15640000.0,54792000.0,44253000.0,10539000.0,396929761.0,4876000.0,0.0,47042000.0,0.0,0.0,47042000.0,-91241000.0,-62355000.0,48430000.0,645000.0,27413000.0,27413000.0,27413000.0,0.0,0.0,0.065,105392000.0,45399000.0,19186000.0,0.0,1.769,14.48,14.222,108847000.0,0.0,2.56,0.939,0.915,3262000.0,156529000.0,422754000.0,422754000.0,0.0,0.104,0.131,0.303,0.109,2248000.0,105392000.0,1.0,155050688.0,151105824,155107616.0,2.798,279177000.0,13283000.0,18660000.0,0.0,1.848,101512000.0
75,URBN,MRT,2002-09-30,2002-10-31,2002-10-31,2021-09-09,63000.0,272181000.0,242677250.0,127033000.0,145148000.0,1.686,1.384,-22967000.0,51555000.0,51555000.0,267051000.0,24807000.0,2.556,0.277,0.0,0.0,0.0,0.0,0.0,17293000.0,0.0,0.0,0.0,41692000.0,58985000.0,0.144,58985000.0,41692000.0,41692000.0,0.169,0.164,0.169,213061000.0,189446000.0,213061000.0,394065961.0,9.0,6.681,25261000.0,0.164,1.0,142000000.0,0.347,0.0,0.0,170924000.0,142738250.0,56518000.0,27985000.0,3755000.0,24230000.0,59120000.0,49702000.0,9418000.0,462260961.0,44024000.0,0.0,46540000.0,0.0,0.0,46540000.0,-51066000.0,-28099000.0,48228000.0,322000.0,24807000.0,24807000.0,24807000.0,0.0,0.0,0.061,100558000.0,41442000.0,26214000.0,0.0,2.17,18.634,17.766,111841000.0,0.0,3.002,1.13,1.13,6265000.0,148152000.0,409051000.0,409051000.0,0.0,0.102,0.131,0.292,0.102,1930000.0,100558000.0,1.0,153958688.0,153898592,157443528.0,2.658,272181000.0,9077000.0,16885000.0,0.0,1.769,77331000.0
76,URBN,MRT,2002-06-30,2002-07-31,2002-07-31,2021-09-09,13000.0,257839000.0,220798250.0,143488000.0,114351000.0,1.774,1.325,-20421000.0,68195000.0,68195000.0,257734000.0,21709000.0,3.148,0.27,0.0,0.0,0.0,0.0,0.0,16659000.0,0.0,0.0,0.0,36485000.0,53144000.0,0.136,53144000.0,36485000.0,36485000.0,0.152,0.149,0.152,203074000.0,170892750.0,203074000.0,370846802.0,10.0,6.978,22187000.0,0.145,1.0,134070000.0,0.342,0.0,0.0,144058000.0,134710750.0,51687000.0,10575000.0,10575000.0,0.0,54765000.0,45586000.0,9179000.0,445493802.0,57562000.0,0.0,45295000.0,0.0,0.0,45295000.0,-30657000.0,-10236000.0,42608000.0,316000.0,21709000.0,21709000.0,21709000.0,0.0,0.0,0.055,97351000.0,36719000.0,26062000.0,0.0,2.194,20.521,19.128,106925000.0,0.0,2.908,1.137,1.137,5333000.0,140126000.0,391804000.0,391804000.0,0.0,0.098,0.127,0.271,0.093,1271000.0,97351000.0,1.0,153222288.0,153269280,158232120.0,2.556,257839000.0,7426000.0,14776000.0,0.0,1.682,97902000.0
77,URBN,MRT,2002-03-31,2002-04-30,2002-04-30,2021-09-09,-747000.0,245587000.0,201757500.0,132139000.0,113448000.0,1.84,1.393,-22943000.0,74647000.0,74647000.0,246941000.0,18611000.0,3.224,0.255,0.0,0.0,0.0,0.0,0.0,16027000.0,0.0,0.0,0.0,31278000.0,47305000.0,0.127,47305000.0,31278000.0,31278000.0,0.135,0.131,0.135,195761000.0,153546000.0,195761000.0,497413521.0,16.0,10.515,23087000.0,0.164,1.0,124257000.0,0.335,0.0,0.0,129950000.0,131187500.0,42143000.0,4032000.0,4032000.0,0.0,49826000.0,40990000.0,8836000.0,525664521.0,64852000.0,0.0,45059000.0,0.0,0.0,45059000.0,-26636000.0,-3693000.0,46030000.0,300000.0,18611000.0,18611000.0,18611000.0,0.0,0.0,0.05,92639000.0,31618000.0,22497000.0,0.0,2.685,28.245,28.0,106018000.0,0.0,3.78,1.416,1.431,4678000.0,133871000.0,371198000.0,371198000.0,0.0,0.092,0.121,0.238,0.084,1209000.0,92639000.0,1.0,139064688.0,140557672,144903232.0,2.641,245587000.0,7430000.0,12667000.0,0.0,1.747,91149000.0
78,URBN,MRT,2001-12-31,2002-01-31,2002-01-31,2021-09-09,-1102000.0,195102000.0,183684250.0,82149000.0,112953000.0,1.9,1.056,-22309000.0,28251000.0,28251000.0,235311000.0,15007000.0,2.012,0.337,0.0,0.0,0.0,0.0,0.0,15462000.0,0.0,0.0,0.0,25222000.0,40684000.0,0.117,40684000.0,25222000.0,25222000.0,0.11,0.107,0.11,145888000.0,137233500.0,145888000.0,444345586.0,18.0,10.922,10431000.0,0.076,1.0,113647000.0,0.326,0.0,0.0,126021000.0,130443250.0,41086000.0,32000.0,32000.0,0.0,49214000.0,40830000.0,8384000.0,451876586.0,11965000.0,0.0,1281000.0,0.0,0.0,1281000.0,-22002000.0,307000.0,32740000.0,-54000.0,15007000.0,15007000.0,15007000.0,0.0,0.0,0.043,88149000.0,25498000.0,20838000.0,0.0,3.097,30.111,29.705,105505000.0,0.0,3.268,1.295,1.294,4129000.0,129116000.0,348958000.0,348958000.0,0.0,0.082,0.109,0.193,0.072,323000.0,88149000.0,1.0,138294288.0,138148920,139507656.0,2.526,195102000.0,10229000.0,10215000.0,0.0,1.412,41319000.0
79,URBN,MRT,2001-09-30,2001-10-31,2001-10-31,2021-09-09,-873000.0,184665000.0,177087750.0,74957000.0,109708000.0,1.867,1.005,-27684000.0,7531000.0,7531000.0,224220000.0,12643000.0,1.956,0.33,0.0,0.0,0.0,0.0,0.0,14893000.0,0.0,0.0,0.0,21295000.0,36188000.0,0.109,36188000.0,21295000.0,21295000.0,0.092,0.091,0.092,138848000.0,133164500.0,138848000.0,213792318.0,10.0,5.908,-1376000.0,-0.01,1.0,106432000.0,0.322,0.0,0.0,138814000.0,128716000.0,54258000.0,42000.0,42000.0,0.0,45817000.0,38320000.0,7497000.0,224425318.0,374000.0,0.0,7000.0,0.0,0.0,7000.0,-26107000.0,1577000.0,26308000.0,67000.0,12643000.0,12643000.0,12643000.0,0.0,0.0,0.038,84859000.0,21573000.0,23439000.0,0.0,1.616,17.751,17.663,103581000.0,0.0,1.625,0.679,0.679,5352000.0,123345000.0,330652000.0,330652000.0,0.0,0.071,0.095,0.165,0.064,0.0,84859000.0,1.0,138107888.0,138109696,138889504.0,2.394,184665000.0,6127000.0,8652000.0,0.0,1.337,36637000.0
80,URBN,MRT,2001-06-30,2001-07-31,2001-07-31,2021-09-09,-1099000.0,181676000.0,171569250.0,72496000.0,109180000.0,1.835,0.968,-33216000.0,10633000.0,10633000.0,215162000.0,10076000.0,1.765,0.359,0.0,0.0,0.0,0.0,0.0,14062000.0,0.0,0.0,0.0,16948000.0,31010000.0,0.098,31010000.0,16948000.0,16948000.0,0.074,0.074,0.074,133687000.0,129972250.0,133687000.0,186663471.0,11.0,6.019,-4226000.0,-0.031,1.0,99722000.0,0.317,0.0,0.0,129965000.0,125081750.0,47446000.0,339000.0,339000.0,0.0,47989000.0,41078000.0,6911000.0,196458471.0,3787000.0,0.0,0.0,0.0,0.0,0.0,-25197000.0,8019000.0,28990000.0,-105000.0,10076000.0,10076000.0,10076000.0,0.0,0.0,0.032,82370000.0,17352000.0,26360000.0,0.0,1.47,19.498,19.223,103045000.0,0.0,1.423,0.624,0.624,5526000.0,118417000.0,314884000.0,314884000.0,0.0,0.059,0.078,0.135,0.054,0.0,82370000.0,1.0,138107888.0,138086384,138710552.0,2.28,181676000.0,6135000.0,6872000.0,0.0,1.316,31418000.0
81,URBN,MRT,2001-03-31,2001-04-30,2001-04-30,2021-09-09,-1019000.0,173294000.0,166282000.0,67830000.0,105464000.0,1.811,0.946,-36226000.0,9795000.0,9795000.0,207591000.0,8656000.0,1.857,0.328,0.0,0.0,0.0,0.0,0.0,13248000.0,0.0,0.0,0.0,14611000.0,27859000.0,0.092,27859000.0,14611000.0,14611000.0,0.064,0.064,0.064,130511000.0,127497000.0,130511000.0,208354388.0,14.0,7.479,-16934000.0,-0.123,1.0,93626000.0,0.311,0.0,0.0,126973000.0,123085500.0,41903000.0,332000.0,332000.0,0.0,42783000.0,36526000.0,6257000.0,224640388.0,1321000.0,0.0,0.0,0.0,0.0,0.0,-17474000.0,18752000.0,19292000.0,-497000.0,8656000.0,8656000.0,8656000.0,0.0,0.0,0.029,78711000.0,14915000.0,22243000.0,0.0,1.721,25.952,25.43,99325000.0,0.0,1.627,0.746,0.746,5558000.0,115260000.0,301217000.0,301217000.0,0.0,0.052,0.068,0.119,0.049,0.0,78711000.0,1.0,138027888.0,138027856,138338896.0,2.182,173294000.0,6139000.0,5955000.0,0.0,1.256,31304000.0
82,URBN,MRT,2000-12-31,2001-01-31,2001-01-31,2021-09-09,-767000.0,168716000.0,161858500.0,64973000.0,103743000.0,1.825,0.939,-36877000.0,16286000.0,16286000.0,200002000.0,10495000.0,1.95,0.302,0.0,0.0,0.0,0.0,0.0,11997000.0,0.0,0.0,0.0,17787000.0,29784000.0,0.101,29784000.0,17787000.0,17787000.0,0.076,0.076,0.076,129612000.0,125459000.0,129612000.0,145967688.0,8.0,4.901,-13997000.0,-0.101,1.0,95331000.0,0.323,0.0,0.0,119112000.0,120984750.0,34786000.0,314000.0,314000.0,0.0,39104000.0,33318000.0,5786000.0,153124688.0,3559000.0,0.0,-1412000.0,0.0,0.0,-1412000.0,-17547000.0,19330000.0,22880000.0,-362000.0,10495000.0,10495000.0,10495000.0,0.0,0.0,0.036,77453000.0,17878000.0,19387000.0,0.0,1.181,14.59,14.597,97901000.0,0.0,1.109,0.518,0.519,3444000.0,114109000.0,295333000.0,295333000.0,0.0,0.065,0.084,0.147,0.06,0.0,77453000.0,1.0,138027888.0,138057488,138198640.0,2.139,168716000.0,8683000.0,7292000.0,0.0,1.222,31655000.0
83,URBN,MRT,2000-09-30,2000-10-31,2000-10-31,2021-09-09,-893000.0,162591000.0,158054750.0,66702000.0,95889000.0,1.813,0.913,-38444000.0,7157000.0,7157000.0,190621000.0,12620000.0,2.141,0.29,0.0,0.0,0.0,0.0,0.0,11310000.0,0.0,0.0,0.0,21554000.0,32864000.0,0.115,32864000.0,21554000.0,21554000.0,0.091,0.09,0.091,126079000.0,123285000.0,126079000.0,145208972.0,7.0,4.418,-21256000.0,-0.154,1.0,95911000.0,0.335,0.0,0.0,124277000.0,119382250.0,44986000.0,1602000.0,1602000.0,0.0,36512000.0,31157000.0,5355000.0,152054972.0,-149000.0,7550000.0,-6231000.0,0.0,0.0,-6231000.0,-10571000.0,20323000.0,17188000.0,-535000.0,12620000.0,12620000.0,12620000.0,0.0,0.0,0.044,74343000.0,21568000.0,20521000.0,0.0,1.206,12.049,12.106,89949000.0,0.0,1.102,0.531,0.531,4777000.0,110702000.0,286532000.0,286532000.0,0.0,0.08,0.102,0.181,0.075,1623000.0,74343000.0,1.0,138027888.0,138075216,138205120.0,2.075,162591000.0,0.0,8934000.0,0.0,1.178,35545000.0
84,URBN,MRT,2000-06-30,2000-07-31,2000-07-31,2021-09-09,-825000.0,160527000.0,156596000.0,70476000.0,90051000.0,1.819,0.897,-42326000.0,6846000.0,6846000.0,184780000.0,16359000.0,2.223,0.297,0.0,0.0,0.0,0.0,0.0,10096000.0,0.0,0.0,0.0,28754000.0,38850000.0,0.136,38850000.0,28754000.0,28754000.0,0.118,0.115,0.118,123786000.0,121422250.0,123786000.0,177000974.0,6.0,4.556,-20841000.0,-0.151,1.0,100045000.0,0.351,0.0,0.0,121980000.0,117236000.0,41548000.0,8319000.0,8319000.0,0.0,36741000.0,31701000.0,5040000.0,185474974.0,-2033000.0,4975000.0,-4777000.0,0.0,0.0,-4777000.0,-18559000.0,18792000.0,21485000.0,-182000.0,16359000.0,16359000.0,16359000.0,0.0,0.0,0.057,71102000.0,28943000.0,22421000.0,0.0,1.498,11.338,11.388,84105000.0,0.0,1.344,0.651,0.651,5922000.0,108341000.0,284825000.0,284825000.0,0.0,0.104,0.135,0.245,0.101,1623000.0,71102000.0,1.0,138027888.0,138027888,138038392.0,2.064,160527000.0,0.0,12395000.0,0.0,1.163,38775000.0
85,URBN,MRT,2000-03-31,2000-04-30,2000-04-30,2021-09-09,-515000.0,155600000.0,151738250.0,64793000.0,90807000.0,1.885,0.886,-36597000.0,8474000.0,8474000.0,179580000.0,18719000.0,2.269,0.272,0.0,0.0,0.0,0.0,0.0,9137000.0,0.0,0.0,0.0,34512000.0,43649000.0,0.153,43649000.0,34512000.0,34512000.0,0.134,0.131,0.134,122359000.0,118188500.0,122359000.0,173873500.0,5.0,3.983,-11528000.0,-0.083,1.0,106493000.0,0.372,0.0,0.0,118570000.0,113295250.0,33023000.0,19230000.0,10584000.0,8646000.0,33241000.0,28556000.0,4685000.0,186600500.0,-5660000.0,1575000.0,-2376000.0,0.0,0.0,-2376000.0,-28119000.0,6903000.0,25069000.0,-234000.0,18719000.0,18719000.0,18719000.0,0.0,0.0,0.065,69928000.0,36565000.0,17379000.0,0.0,1.525,9.969,10.028,76208000.0,0.0,1.344,0.652,0.649,6369000.0,106604000.0,286073000.0,286073000.0,0.0,0.123,0.158,0.305,0.121,1623000.0,69928000.0,1.0,138865488.0,138146296,138497336.0,2.071,155600000.0,0.0,15793000.0,0.0,1.126,36237000.0
86,URBN,MRT,1999-12-31,2000-01-31,2000-01-31,2021-09-09,-380000.0,153501000.0,146670750.0,66078000.0,87423000.0,1.896,0.862,-38149000.0,12727000.0,12727000.0,173459000.0,18680000.0,2.354,0.269,0.0,0.0,0.0,0.0,0.0,8667000.0,0.0,0.0,0.0,34849000.0,43516000.0,0.156,43516000.0,34849000.0,34849000.0,0.134,0.131,0.134,120916000.0,113755250.0,120916000.0,230553754.0,7.0,5.298,-12265000.0,-0.087,1.0,104654000.0,0.376,0.0,0.0,112702000.0,107272250.0,26868000.0,19871000.0,11225000.0,8646000.0,32585000.0,28072000.0,4513000.0,237859754.0,-12438000.0,-600000.0,-4768000.0,0.0,0.0,-4768000.0,-33641000.0,5108000.0,25884000.0,87000.0,18680000.0,18680000.0,18680000.0,0.0,0.0,0.067,67089000.0,37565000.0,16760000.0,0.0,1.967,12.733,12.593,72819000.0,0.0,1.688,0.855,0.851,4825000.0,103614000.0,278113000.0,278113000.0,0.0,0.127,0.164,0.325,0.125,1623000.0,67089000.0,1.0,140953928.0,140255768,142754848.0,1.983,153501000.0,2947000.0,16169000.0,0.0,1.094,38006000.0
87,URBN,MRT,1999-09-30,1999-10-31,1999-10-31,2021-09-09,-332000.0,156756000.0,141636250.0,72619000.0,84137000.0,1.859,0.843,-32197000.0,7306000.0,7306000.0,161891000.0,18332000.0,2.151,0.321,0.0,0.0,0.0,0.0,0.0,7533000.0,0.0,0.0,0.0,34098000.0,41631000.0,0.158,41631000.0,34098000.0,34098000.0,0.109,0.129,0.109,118628000.0,109849750.0,118628000.0,378167902.0,11.0,9.084,-5028000.0,-0.036,1.0,101411000.0,0.385,0.0,0.0,115692000.0,100093000.0,32527000.0,22156000.0,8371000.0,13785000.0,38128000.0,33758000.0,4370000.0,387046902.0,-16730000.0,-11904000.0,359000.0,0.0,0.0,359000.0,-44225000.0,-124000.0,27169000.0,-33000.0,18332000.0,18332000.0,18332000.0,0.0,0.0,0.07,64783000.0,36628000.0,19688000.0,0.0,3.263,21.113,25.229,62589000.0,0.0,2.75,1.47,1.47,8914000.0,98082000.0,263302000.0,263302000.0,0.0,0.129,0.167,0.341,0.13,0.0,64783000.0,1.0,140744328.0,140755736,143720712.0,1.871,156756000.0,0.0,15766000.0,0.0,1.114,38861000.0
88,URBN,MRT,1999-06-30,1999-07-31,1999-07-31,2021-09-09,-554000.0,141096000.0,134826250.0,63066000.0,78030000.0,1.842,0.793,-23240000.0,8879000.0,8879000.0,152681000.0,17267000.0,2.426,0.273,0.0,0.0,0.0,0.0,0.0,6871000.0,0.0,0.0,0.0,31496000.0,38367000.0,0.154,38367000.0,31496000.0,31496000.0,0.1,0.121,0.1,110851000.0,105185000.0,110851000.0,426340660.0,14.0,11.112,868000.0,0.006,1.0,95699000.0,0.385,0.0,0.0,106217000.0,91098500.0,31083000.0,27482000.0,10188000.0,17294000.0,30245000.0,26000000.0,4245000.0,440474660.0,-14105000.0,-9329000.0,-3349000.0,0.0,0.0,-3349000.0,-34621000.0,-4009000.0,24108000.0,-243000.0,17267000.0,17267000.0,17267000.0,0.0,0.0,0.07,62487000.0,33212000.0,17285000.0,0.0,3.974,25.51,31.562,51593000.0,0.0,3.156,1.773,1.775,6176000.0,91981000.0,248380000.0,248380000.0,0.0,0.128,0.164,0.346,0.127,0.0,62487000.0,1.0,139556328.0,139711632,142833992.0,1.778,141096000.0,0.0,14229000.0,0.0,1.01,37066000.0
89,URBN,MRT,1999-03-31,1999-04-30,1999-04-30,2021-09-09,-281000.0,135330000.0,130888500.0,62306000.0,73024000.0,1.746,0.748,-22867000.0,14134000.0,14134000.0,141311000.0,16612000.0,2.332,0.293,0.0,0.0,0.0,0.0,0.0,6289000.0,0.0,0.0,0.0,28603000.0,34892000.0,0.153,34892000.0,28603000.0,28603000.0,0.095,0.116,0.095,104626000.0,101766250.0,104626000.0,311884745.0,11.0,8.939,3034000.0,0.022,1.0,87161000.0,0.381,0.0,0.0,94478000.0,83947000.0,25292000.0,26404000.0,10105000.0,16299000.0,30704000.0,26718000.0,3986000.0,336776745.0,-9781000.0,-5929000.0,-5605000.0,0.0,0.0,-5605000.0,-29796000.0,-2407000.0,25901000.0,-281000.0,16612000.0,16612000.0,16612000.0,0.0,0.0,0.073,59199000.0,27962000.0,16394000.0,0.0,3.219,20.273,25.5,48477000.0,0.0,2.422,1.474,1.484,5060000.0,87884000.0,228472000.0,228472000.0,0.0,0.127,0.163,0.341,0.125,0.0,59199000.0,1.0,139020328.0,139926376,141349672.0,1.633,135330000.0,0.0,11991000.0,0.0,0.967,35588000.0
90,URBN,MRT,1998-12-31,1999-01-31,1999-01-31,2021-09-09,-467000.0,133363000.0,126168500.0,71555000.0,61808000.0,1.663,0.743,-21521000.0,25165000.0,25165000.0,131055000.0,15760000.0,2.955,0.267,0.0,0.0,0.0,0.0,0.0,5621000.0,0.0,0.0,0.0,26712000.0,32333000.0,0.154,32333000.0,26712000.0,26712000.0,0.111,0.11,0.111,105294000.0,99085250.0,105294000.0,264940568.0,10.0,8.194,5723000.0,0.04,1.0,78810000.0,0.376,0.0,0.0,83985000.0,78634250.0,21881000.0,25250000.0,13032000.0,12218000.0,28069000.0,24213000.0,3856000.0,288976568.0,-1547000.0,-3754000.0,-657000.0,0.0,0.0,-657000.0,-27667000.0,-2392000.0,27244000.0,-467000.0,15760000.0,15760000.0,15760000.0,0.0,0.0,0.075,53693000.0,25117000.0,14763000.0,0.0,2.744,18.336,18.367,43066000.0,0.0,2.039,1.377,1.376,4824000.0,84934000.0,209865000.0,209865000.0,0.0,0.125,0.159,0.34,0.127,0.0,53693000.0,1.0,141742032.0,141623376,143432872.0,1.482,133363000.0,1924000.0,10952000.0,1300000.0,0.942,47342000.0
91,URBN,MRT,1998-09-30,1998-10-31,1998-10-31,2021-09-09,-299000.0,129516000.0,119683750.0,75491000.0,54025000.0,1.622,0.706,-17241000.0,24036000.0,24036000.0,142353000.0,14395000.0,2.93,0.296,0.0,0.0,0.0,0.0,0.0,5168000.0,0.0,0.0,0.0,24349000.0,29517000.0,0.152,29517000.0,24349000.0,24349000.0,0.101,0.1,0.101,99969000.0,95426250.0,99969000.0,210112286.0,9.0,7.118,4568000.0,0.032,1.0,51794000.0,0.267,0.0,0.0,79714000.0,74401000.0,26500000.0,22291000.0,11258000.0,11033000.0,29547000.0,25766000.0,3781000.0,233096286.0,4382000.0,0.0,-337000.0,0.0,0.0,-337000.0,-16791000.0,450000.0,21809000.0,-299000.0,14395000.0,14395000.0,14395000.0,0.0,0.0,0.074,29240000.0,22554000.0,17471000.0,0.0,2.332,16.193,16.25,37393000.0,0.0,1.641,1.201,1.197,6939000.0,79749000.0,194147000.0,194147000.0,0.0,0.12,0.151,0.327,0.125,0.0,29240000.0,1.0,142023632.0,141616240,142984024.0,1.371,129516000.0,0.0,9954000.0,0.0,0.915,49725000.0
92,URBN,MRT,1998-06-30,1998-07-31,1998-07-31,2021-09-09,-311000.0,125345000.0,113560000.0,74077000.0,51268000.0,1.603,0.683,-15154000.0,22984000.0,22984000.0,129194000.0,14143000.0,2.993,0.29,0.0,0.0,0.0,0.0,0.0,5019000.0,0.0,0.0,0.0,23992000.0,29011000.0,0.159,29011000.0,23992000.0,23992000.0,0.1,0.099,0.1,97176000.0,91986750.0,97176000.0,273865730.0,11.0,9.44,5339000.0,0.038,1.0,52864000.0,0.29,0.0,0.0,77611000.0,71845250.0,27073000.0,23614000.0,11732000.0,11882000.0,28169000.0,24750000.0,3419000.0,297780730.0,4128000.0,0.0,2351000.0,0.0,0.0,2351000.0,-18405000.0,-1294000.0,20493000.0,-311000.0,14143000.0,14143000.0,14143000.0,0.0,0.0,0.078,30626000.0,22238000.0,17650000.0,0.0,3.064,21.055,20.938,34810000.0,0.0,2.094,1.636,1.636,4681000.0,74714000.0,182058000.0,182058000.0,0.0,0.125,0.154,0.334,0.132,0.0,30626000.0,1.0,142223632.0,142256504,144225312.0,1.28,125345000.0,0.0,9849000.0,0.0,0.881,49327000.0
93,URBN,MRT,1998-03-31,1998-04-30,1998-04-30,2021-09-09,0.0,116450000.0,106991000.0,69274000.0,47176000.0,1.639,0.663,-11552000.0,23915000.0,23915000.0,119850000.0,13556000.0,3.588,0.24,0.0,0.0,0.0,0.0,0.0,4725000.0,0.0,0.0,0.0,23038000.0,27763000.0,0.158,27763000.0,23038000.0,23038000.0,0.096,0.095,0.096,93902000.0,87941250.0,93902000.0,263214393.0,11.0,9.481,9716000.0,0.069,1.0,55456000.0,0.316,0.0,0.0,73227000.0,68669250.0,21144000.0,24060000.0,12594000.0,11466000.0,22548000.0,19308000.0,3240000.0,289926393.0,8948000.0,0.0,2206000.0,0.0,0.0,2206000.0,-14526000.0,-1567000.0,21268000.0,0.0,13556000.0,13556000.0,13556000.0,0.0,0.0,0.077,34074000.0,21382000.0,14542000.0,0.0,3.088,21.387,21.328,31563000.0,0.0,2.047,1.654,1.653,4824000.0,71274000.0,175306000.0,175306000.0,0.0,0.127,0.154,0.335,0.131,0.0,34074000.0,1.0,141600192.0,141555688,144038816.0,1.238,116450000.0,0.0,9482000.0,0.0,0.823,49966000.0
94,URBN,MRT,1997-12-31,1998-01-31,1998-01-31,2021-09-09,0.0,107424000.0,101413750.0,65793000.0,41631000.0,1.707,0.645,-6272000.0,26712000.0,26712000.0,113031000.0,13880000.0,4.816,0.185,0.0,0.0,0.0,0.0,0.0,4588000.0,0.0,0.0,0.0,23625000.0,28213000.0,0.163,28213000.0,23625000.0,23625000.0,0.099,0.098,0.099,90658000.0,84000500.0,90658000.0,280317120.0,12.0,9.936,12601000.0,0.09,1.0,60090000.0,0.347,0.0,0.0,67052000.0,66808500.0,17128000.0,22858000.0,10865000.0,11993000.0,16766000.0,13660000.0,3106000.0,299971120.0,12131000.0,0.0,1086000.0,0.0,0.0,1086000.0,-7828000.0,-1556000.0,18873000.0,0.0,13880000.0,13880000.0,13880000.0,0.0,0.0,0.08,38028000.0,22062000.0,10386000.0,0.0,3.309,21.612,21.465,26893000.0,0.0,2.125,1.733,1.726,4497000.0,69174000.0,173121000.0,173121000.0,0.0,0.137,0.165,0.354,0.136,0.0,38028000.0,1.0,141162880.0,140609624,142750984.0,1.231,107424000.0,1929000.0,9745000.0,366000.0,0.764,52133000.0
95,URBN,MRT,1997-09-30,1997-10-31,1997-10-31,2021-09-09,0.0,105021000.0,96976500.0,65356000.0,39665000.0,1.741,0.612,-6719000.0,19654000.0,19654000.0,106750000.0,12914000.0,4.117,0.218,0.0,0.0,0.0,0.0,0.0,4250000.0,0.0,0.0,0.0,22001000.0,26251000.0,0.155,26251000.0,22001000.0,22001000.0,0.093,,0.093,86211000.0,80259000.0,86211000.0,273644014.0,12.0,10.424,3574000.0,0.025,1.0,62134000.0,0.368,0.0,0.0,69491000.0,65912750.0,22440000.0,22741000.0,9908000.0,12833000.0,18810000.0,15876000.0,2934000.0,292500014.0,6142000.0,0.0,2630000.0,0.0,0.0,2630000.0,-6781000.0,-62000.0,10293000.0,0.0,12914000.0,12914000.0,12914000.0,0.0,0.0,0.076,41595000.0,20539000.0,9866000.0,0.0,3.393,22.65,22.352,25318000.0,0.0,2.079,1.732,1.734,6711000.0,65355000.0,168884000.0,168884000.0,0.0,0.133,0.161,0.334,0.13,0.0,41595000.0,1.0,140709568.0,140870112,,1.199,105021000.0,0.0,9087000.0,0.0,0.746,49480000.0
96,URBN,MRT,1997-06-30,1997-07-31,1997-07-31,2021-09-09,0.0,99069000.0,,61058000.0,38011000.0,,0.576,-9364000.0,18856000.0,18856000.0,104816000.0,12763000.0,3.989,0.223,0.0,0.0,0.0,0.0,0.0,4016000.0,0.0,0.0,0.0,21776000.0,25792000.0,0.156,25792000.0,21776000.0,21776000.0,0.091,,0.091,80994000.0,,80994000.0,262054962.0,12.0,10.16,3870000.0,0.028,1.0,60579000.0,0.366,0.0,0.0,64907000.0,,20300000.0,22320000.0,10507000.0,11813000.0,18075000.0,15306000.0,2769000.0,277021962.0,5101000.0,0.0,2319000.0,0.0,0.0,2319000.0,-10452000.0,-1088000.0,13234000.0,0.0,12763000.0,12763000.0,12763000.0,0.0,0.0,0.077,40230000.0,20349000.0,10847000.0,0.0,3.42,21.705,21.635,24675000.0,0.0,1.969,1.675,1.675,4782000.0,60572000.0,165395000.0,165395000.0,0.0,,,,0.132,0.0,40230000.0,1.0,140709568.0,140709568,,1.175,99069000.0,0.0,9013000.0,0.0,0.704,45752000.0
97,URBN,MRT,1997-03-31,1997-04-30,1997-04-30,2021-09-09,0.0,94141000.0,,55345000.0,38796000.0,,0.557,-10369000.0,14967000.0,14967000.0,101346000.0,12757000.0,4.133,0.205,0.0,0.0,0.0,0.0,0.0,3761000.0,0.0,0.0,0.0,21787000.0,25548000.0,0.16,25548000.0,21787000.0,21787000.0,0.091,,0.091,78139000.0,,78139000.0,204527725.0,9.0,8.006,-3342000.0,-0.024,1.0,58631000.0,0.366,0.0,0.0,65784000.0,,18605000.0,22493000.0,9976000.0,12517000.0,16002000.0,13390000.0,2612000.0,219108725.0,-5816000.0,0.0,1913000.0,0.0,0.0,1913000.0,-14756000.0,-4387000.0,7027000.0,0.0,12757000.0,12757000.0,12757000.0,0.0,0.0,0.08,38149000.0,20482000.0,8981000.0,0.0,2.804,17.176,17.17,24736000.0,0.0,1.562,1.37,1.37,5155000.0,57717000.0,159977000.0,159977000.0,0.0,,,,0.136,0.0,38149000.0,1.0,140229584.0,140299696,,1.14,94141000.0,0.0,9030000.0,1230000.0,0.671,41955000.0
98,URBN,MRT,1996-12-31,1997-01-31,1997-01-31,2021-09-09,0.0,89675000.0,80396000.0,50864000.0,38811000.0,1.946,0.543,-11980000.0,14581000.0,14581000.0,99327000.0,13260000.0,4.375,0.185,0.0,0.0,0.0,0.0,0.0,3461000.0,0.0,0.0,0.0,22669000.0,26130000.0,0.167,26130000.0,22669000.0,22669000.0,0.095,0.094,0.095,75692000.0,67572000.0,75692000.0,,,,-2937000.0,-0.021,1.0,57087000.0,0.365,0.0,0.0,63469000.0,52209500.0,16965000.0,21302000.0,9255000.0,12047000.0,13983000.0,11625000.0,2358000.0,212623107.0,-5514000.0,0.0,2979000.0,0.0,0.0,2979000.0,-17536000.0,-5556000.0,9043000.0,0.0,13260000.0,13260000.0,13260000.0,0.0,0.0,0.085,35731000.0,21356000.0,8699000.0,0.0,2.809,16.035,15.961,25209000.0,0.0,1.516,1.359,1.352,2827000.0,55294000.0,156414000.0,156414000.0,0.0,0.165,0.196,0.434,0.145,0.0,35731000.0,1.0,140229584.0,139435000,141781032.0,1.122,89675000.0,2460000.0,9409000.0,388000.0,0.643,39239000.0
99,URBN,MRT,1996-09-30,1996-10-31,1996-10-31,2021-09-09,,,,,,,,,,,,,,,,,,,,,,0.0,0.0,,,,,,,,,,,,,,,,,,1.0,,,,,,,,,,,,,,,,,,,,,,,,,,,,,,,,,,,,,,,,1.969,,,,,,,,,,,,,,1.0,,142724328,,,,,,,,
100,URBN,MRT,1996-06-30,1996-07-31,1996-07-31,2021-09-09,,,,,,,,,,,,,,,,,,,,,,0.0,0.0,,,,,,,,,,,,,,,,,,1.0,,,,,,,,,,,,,,,,,,,,,,,,,,,,,,,,,,,,,,,,2.344,,,,,,,,,,,,,,1.0,,142655568,,,,,,,,
101,URBN,MRT,1996-03-31,1996-04-30,1996-04-30,2021-09-09,,,,,,,,,,,,,,,,,,,,,,0.0,0.0,,,,,,,,,,,,,,,,,,1.0,,,,,,,,,,,,,,,,,,,,,,,,,,,,,,,,,,,,,,,,2.086,,,,,,,,,,,,,,1.0,,141494400,,,,,,,,
102,URBN,MRT,1995-12-31,1996-01-31,1996-01-31,2021-09-09,0.0,71117000.0,,46559000.0,24558000.0,,0.436,-6229000.0,20095000.0,20095000.0,65453000.0,12308000.0,4.623,0.196,0.0,0.0,0.0,0.0,0.0,2925000.0,0.0,0.0,0.0,21130000.0,24055000.0,0.181,24055000.0,21130000.0,21130000.0,0.09,0.087,0.09,59452000.0,,59452000.0,,,,9422000.0,0.069,1.0,67583000.0,0.508,0.0,0.0,40950000.0,,10477000.0,15746000.0,9499000.0,6247000.0,11665000.0,10072000.0,1593000.0,,10986000.0,0.0,393000.0,0.0,0.0,393000.0,-5058000.0,1171000.0,15651000.0,0.0,12308000.0,12308000.0,12308000.0,0.0,0.0,0.093,47716000.0,19867000.0,6898000.0,0.0,,,17.104,16690000.0,0.0,1.539,,1.576,1573000.0,42034000.0,133036000.0,133036000.0,0.0,,,,0.159,0.0,47716000.0,1.0,,136230848,139901384.0,0.977,71117000.0,1679000.0,8822000.0,0.0,0.522,36487000.0
103,URBN,MRT,1994-12-31,1995-01-31,1995-01-31,2021-09-09,,,,,,,,-8439000.0,,,52787000.0,10817000.0,,,,,,,,2061000.0,,0.0,0.0,18650000.0,20711000.0,0.188,20711000.0,18650000.0,18650000.0,0.077,,0.077,,,,,,,370000.0,0.003,1.0,57334000.0,0.521,,0.0,,,,,,,,,,,-6400000.0,0.0,436000.0,0.0,0.0,436000.0,-15645000.0,-7206000.0,8809000.0,0.0,10817000.0,10817000.0,10817000.0,0.0,0.0,0.098,39758000.0,17576000.0,,0.0,,,20.901,,0.0,1.609,,2.055,,,110121000.0,110121000.0,0.0,,,,0.169,0.0,39758000.0,1.0,,140604864,,0.783,,,7833000.0,,,
