None,ticker,dimension,calendardate,datekey,reportperiod,lastupdated,accoci,assets,assetsavg,assetsc,assetsnc,assetturnover,bvps,capex,cashneq,cashnequsd,cor,consolinc,currentratio,de,debt,debtc,debtnc,debtusd,deferredrev,depamor,deposits,divyield,dps,ebit,ebitda,ebitdamargin,ebitdausd,ebitusd,ebt,eps,epsdil,epsusd,equity,equityavg,equityusd,ev,evebit,evebitda,fcf,fcfps,fxusd,gp,grossmargin,intangibles,intexp,invcap,invcapavg,inventory,investments,investmentsc,investmentsnc,liabilities,liabilitiesc,liabilitiesnc,marketcap,ncf,ncfbus,ncfcommon,ncfdebt,ncfdiv,ncff,ncfi,ncfinv,ncfo,ncfx,netinc,netinccmn,netinccmnusd,netincdis,netincnci,netmargin,opex,opinc,payables,payoutratio,pb,pe,pe1,ppnenet,prefdivis,price,ps,ps1,receivables,retearn,revenue,revenueusd,rnd,roa,roe,roic,ros,sbcomp,sgna,sharefactor,sharesbas,shareswa,shareswadil,sps,tangibles,taxassets,taxexp,taxliabilities,tbvps,workingcapital
0,SBL,MRY,2005-12-31,2005-12-31,2005-12-31,2019-04-30,4338000.0,1816305000.0,1840902500.0,729719000.0,1086586000.0,0.959,4.829,-68624000.0,191966000.0,191966000.0,995684000.0,32247000.0,1.467,0.504,102355000.0,57901000.0,44454000.0,102355000.0,100486000.0,70836000.0,0.0,0.0,0.0,44911000.0,115747000.0,0.066,115747000.0,44911000.0,32806000.0,0.13,0.13,0.13,1207250000.0,1138623000.0,1207250000.0,3137706529.0,70.0,27.108,43036000.0,0.172,1.0,769947000.0,0.436,537581000.0,12105000.0,691680000.0,708240750.0,182201000.0,0.0,0.0,0.0,609055000.0,497433000.0,111622000.0,3217420529.0,-78518000.0,-1255000.0,16384000.0,-112464000.0,-4937000.0,-101017000.0,-79525000.0,0.0,111660000.0,-9636000.0,32247000.0,32247000.0,32247000.0,0.0,0.0,0.018,716432000.0,53515000.0,362087000.0,0.0,2.665,99.774,98.615,240238000.0,0.0,12.82,1.822,1.815,213020000.0,-85255000.0,1765631000.0,1765631000.0,154923000.0,0.018,0.028,0.063,0.025,7275000.0,538290000.0,1.0,250968840.0,249978000,250923000.0,7.063,1278724000.0,388457000.0,559000.0,10737000.0,5.115,232286000.0
1,SBL,MRY,2004-12-31,2004-12-31,2004-12-31,2019-04-30,13699000.0,1980869000.0,1777098000.0,793267000.0,1187602000.0,0.975,4.423,-88024000.0,269011000.0,269011000.0,924130000.0,81847000.0,1.207,0.847,294159000.0,118072000.0,176087000.0,294159000.0,68814000.0,77797000.0,0.0,0.0,0.0,143801000.0,221598000.0,0.128,221598000.0,143801000.0,123769000.0,0.34,0.33,0.34,1072519000.0,1000802500.0,1072519000.0,4222974984.0,29.0,19.057,136495000.0,0.563,1.0,807993000.0,0.466,542687000.0,20032000.0,806048000.0,728646750.0,207338000.0,81230000.0,0.0,81230000.0,908350000.0,657282000.0,251068000.0,4163107984.0,67624000.0,-239329000.0,20622000.0,199791000.0,-4743000.0,215670000.0,-381844000.0,0.0,224519000.0,9279000.0,81847000.0,81847000.0,81847000.0,0.0,0.0,0.047,667633000.0,140360000.0,465415000.0,0.0,3.882,50.865,50.882,241508000.0,0.0,17.3,2.403,2.422,164158000.0,-112565000.0,1732123000.0,1732123000.0,167683000.0,0.046,0.082,0.197,0.083,30133000.0,503380000.0,1.0,240642080.0,242469000,246166000.0,7.144,1438182000.0,416569000.0,41922000.0,20132000.0,5.931,135985000.0
2,SBL,MRY,2003-12-31,2003-12-31,2003-12-31,2019-04-30,4498000.0,1646518000.0,1572384000.0,734031000.0,912487000.0,0.973,3.99,-59192000.0,150017000.0,150017000.0,856671000.0,3295000.0,1.369,0.789,99246000.0,234000.0,99012000.0,99246000.0,54344000.0,68787000.0,0.0,0.0,0.0,14491000.0,83278000.0,0.054,83278000.0,14491000.0,3901000.0,0.01,0.01,0.01,920598000.0,885439250.0,920598000.0,3971240975.0,274.0,47.687,174573000.0,0.757,1.0,673607000.0,0.44,336196000.0,10590000.0,723328000.0,675804750.0,212862000.0,102136000.0,0.0,102136000.0,725920000.0,536223000.0,189697000.0,3905066975.0,73896000.0,-14993000.0,-932000.0,-86782000.0,-4624000.0,-92338000.0,-79268000.0,0.0,233765000.0,11737000.0,3295000.0,3295000.0,3295000.0,0.0,0.0,0.002,666086000.0,7521000.0,490666000.0,0.0,4.242,1185.149,1689.0,210888000.0,0.0,16.89,2.552,2.546,152377000.0,-189669000.0,1530278000.0,1530278000.0,159068000.0,0.002,0.004,0.021,0.009,17526000.0,433837000.0,1.0,231205860.0,230710000,236449000.0,6.633,1310322000.0,411041000.0,606000.0,5468000.0,5.68,197808000.0
3,SBL,MRY,2002-12-31,2002-12-31,2002-12-31,2019-04-30,-13096000.0,1572195000.0,1734834750.0,690416000.0,881779000.0,0.808,3.867,-30460000.0,76121000.0,76121000.0,913965000.0,-44915000.0,1.456,0.771,142295000.0,6681000.0,135614000.0,142295000.0,48724000.0,69337000.0,0.0,0.0,0.0,-44929000.0,24408000.0,0.017,24408000.0,-44929000.0,-61730000.0,-0.2,-0.2,-0.2,887739000.0,1098977750.0,887739000.0,2029777593.0,-45.0,83.16,147010000.0,0.64,1.0,487652000.0,0.348,338148000.0,16801000.0,826121000.0,1043863250.0,261096000.0,54939000.0,0.0,54939000.0,684456000.0,474100000.0,210356000.0,1895240593.0,5756000.0,-10796000.0,6302000.0,-136269000.0,-4598000.0,-134565000.0,-43632000.0,0.0,177470000.0,6483000.0,-44915000.0,-44915000.0,-44915000.0,0.0,0.0,-0.032,519379000.0,-31727000.0,427568000.0,0.0,2.135,-42.196,-41.1,208209000.0,0.0,8.22,1.352,1.346,151417000.0,-188340000.0,1401617000.0,1401617000.0,142602000.0,-0.026,-0.041,-0.043,-0.032,-64953000.0,343971000.0,1.0,230564549.0,229593000,229593000.0,6.105,1234047000.0,391324000.0,-16815000.0,0.0,5.375,216316000.0
4,SBL,MRY,2001-12-31,2001-12-31,2001-12-31,2019-04-30,-15919000.0,1705371000.0,1953151000.0,895320000.0,810051000.0,0.762,4.398,-98026000.0,70365000.0,70365000.0,1046076000.0,-17769000.0,2.669,0.707,312121000.0,6548000.0,305573000.0,312121000.0,54489000.0,90591000.0,0.0,0.0,0.0,4590000.0,95181000.0,0.064,95181000.0,4590000.0,-17555000.0,-0.08,-0.08,-0.08,999115000.0,1150317750.0,999115000.0,3806008527.0,829.0,39.987,-140441000.0,-0.618,1.0,441380000.0,0.297,329667000.0,22145000.0,1282020000.0,1334582250.0,338165000.0,76004000.0,0.0,76004000.0,706256000.0,335440000.0,370816000.0,3626747527.0,17741000.0,-2872000.0,22721000.0,63537000.0,-3797000.0,82461000.0,-20847000.0,0.0,-42415000.0,-1458000.0,-17769000.0,-17769000.0,-17769000.0,0.0,0.0,-0.012,420086000.0,21294000.0,272486000.0,0.0,3.63,-204.105,-198.5,250784000.0,0.0,15.88,2.438,2.425,141327000.0,-138827000.0,1487456000.0,1487456000.0,149523000.0,-0.009,-0.015,0.003,0.003,-70845000.0,329044000.0,1.0,228384605.0,227173000,227173000.0,6.548,1375704000.0,389329000.0,214000.0,0.0,6.056,559880000.0
5,SBL,MRY,2000-12-31,2000-12-31,2000-12-31,2019-04-30,-16944000.0,2093199000.0,1462820500.0,1078252000.0,1014947000.0,0.829,5.824,-83327000.0,63411000.0,63411000.0,820858000.0,-137666000.0,2.354,0.742,331082000.0,23025000.0,308057000.0,331082000.0,41409000.0,68868000.0,0.0,0.0,0.0,-171863000.0,-102995000.0,-0.085,-102995000.0,-171863000.0,-191268000.0,-0.67,-0.67,-0.67,1201696000.0,924178000.0,1201696000.0,5123253316.0,-30.0,-49.743,-195147000.0,-0.946,1.0,392405000.0,0.323,420067000.0,19405000.0,1482765000.0,1039566250.0,285413000.0,263305000.0,0.0,263305000.0,891503000.0,458038000.0,433465000.0,4953833316.0,29119000.0,-36724000.0,211343000.0,70397000.0,-2742000.0,278998000.0,-136685000.0,0.0,-111820000.0,-1374000.0,-137666000.0,-137666000.0,-137666000.0,0.0,0.0,-0.113,568752000.0,-176347000.0,325670000.0,0.0,4.122,-35.984,-35.821,234467000.0,0.0,24.0,4.083,4.082,453906000.0,408098000.0,1213263000.0,1213263000.0,127740000.0,-0.094,-0.149,-0.165,-0.142,31256000.0,326117000.0,1.0,206409722.0,206347000,206347000.0,5.88,1673132000.0,197019000.0,-53602000.0,94654000.0,8.108,620214000.0
6,SBL,MRY,1999-12-31,1999-12-31,1999-12-31,2019-04-30,-2352000.0,1047944000.0,929077750.0,584201000.0,463743000.0,1.226,3.223,-70041000.0,30128000.0,30128000.0,654556000.0,116364000.0,2.512,0.636,109669000.0,10046000.0,99623000.0,109669000.0,31638000.0,66184000.0,0.0,0.0,0.0,179260000.0,245444000.0,0.215,245444000.0,179260000.0,171124000.0,0.59,0.55,0.59,640460000.0,588579000.0,640460000.0,5678447100.0,32.0,23.135,111755000.0,0.562,1.0,484734000.0,0.425,195449000.0,8136000.0,699448000.0,602164000.0,216709000.0,17713000.0,0.0,17713000.0,407484000.0,232588000.0,174896000.0,5624057100.0,13844000.0,0.0,-34555000.0,34479000.0,-2508000.0,-2584000.0,-163345000.0,-1000000.0,181796000.0,-2023000.0,116364000.0,116364000.0,116364000.0,0.0,0.0,0.102,307789000.0,176945000.0,188178000.0,0.0,8.781,48.332,47.881,206116000.0,0.0,28.25,4.936,4.928,252140000.0,479806000.0,1139290000.0,1139290000.0,81944000.0,0.125,0.198,0.298,0.157,26786000.0,220753000.0,1.0,199081667.0,198732000,212358000.0,5.733,852495000.0,44794000.0,54760000.0,52618000.0,4.29,351613000.0
7,SBL,MRY,1998-12-31,1998-12-31,1998-12-31,2019-04-30,-5797000.0,838399000.0,768869500.0,479604000.0,358795000.0,1.272,2.676,-89334000.0,16284000.0,16284000.0,561920000.0,92964000.0,2.602,0.579,75190000.0,10594000.0,64596000.0,75190000.0,24580000.0,55156000.0,0.0,0.0,0.0,144574000.0,199730000.0,0.204,199730000.0,144574000.0,138751000.0,0.467,0.44,0.467,530928000.0,504298250.0,530928000.0,3805189362.0,26.0,19.052,11827000.0,0.06,1.0,415981000.0,0.425,159525000.0,5823000.0,553493000.0,455364000.0,196986000.0,0.0,0.0,0.0,307471000.0,184287000.0,123184000.0,3766957362.0,-43686000.0,-1775000.0,-33664000.0,24505000.0,-1990000.0,-11149000.0,-135564000.0,0.0,101161000.0,1866000.0,92964000.0,92964000.0,92964000.0,0.0,0.0,0.095,274274000.0,141707000.0,149938000.0,0.0,7.095,40.521,40.566,174867000.0,0.0,18.944,3.852,3.844,205416000.0,365950000.0,977901000.0,977901000.0,71090000.0,0.121,0.184,0.317,0.148,13207000.0,194775000.0,1.0,198842371.0,198436500,210721500.0,4.928,678874000.0,34428000.0,45787000.0,9858000.0,3.421,295317000.0
8,SBL,MRY,1997-12-31,1997-12-31,1997-12-31,2019-04-30,-7792000.0,679190000.0,,399952000.0,279238000.0,,2.277,-42679000.0,59970000.0,59970000.0,433864000.0,70232000.0,2.53,0.497,50685000.0,10384000.0,40301000.0,50685000.0,14838000.0,45277000.0,0.0,0.0,0.0,115239000.0,160516000.0,0.207,160516000.0,115239000.0,109738000.0,0.351,0.342,0.351,453742000.0,,453742000.0,,,,81570000.0,0.409,1.0,340481000.0,0.44,141924000.0,5501000.0,369875000.0,,128155000.0,0.0,0.0,0.0,225448000.0,158106000.0,67342000.0,1478299375.0,25680000.0,-8026000.0,-19089000.0,-10240000.0,-1587000.0,-30631000.0,-64282000.0,2500000.0,124249000.0,-3656000.0,70232000.0,70232000.0,70232000.0,0.0,0.0,0.091,227467000.0,113014000.0,121714000.0,0.0,3.258,21.049,21.244,118745000.0,0.0,7.457,1.909,1.919,162789000.0,274976000.0,774345000.0,774345000.0,56961000.0,,,,0.149,0.0,165647000.0,1.0,198248761.0,199253250,206671500.0,3.886,537266000.0,24908000.0,39506000.0,13580000.0,2.696,241846000.0
9,SBL,MRY,1996-12-31,1996-12-31,1996-12-31,2019-04-30,,,,,,,,-34680000.0,,,360114000.0,50256000.0,,,,,,,,39523000.0,,0.0,0.0,85943000.0,125466000.0,0.191,125466000.0,85943000.0,81058000.0,0.255,0.243,0.255,,,,,,,-825000.0,-0.004,1.0,296561000.0,0.452,,4885000.0,,,,,,,,,,,-29360000.0,-26962000.0,4012000.0,-6814000.0,0.0,-1856000.0,-61142000.0,500000.0,33855000.0,-217000.0,50256000.0,50256000.0,50256000.0,0.0,0.0,0.077,212374000.0,84187000.0,,0.0,,,22.852,,0.0,5.827,,1.743,,,656675000.0,656675000.0,46752000.0,,,,0.131,0.0,149602000.0,,,196414875,205632000.0,3.343,,,30802000.0,,,
0,SBL,MRQ,2006-09-30,2006-09-30,2006-09-30,2019-04-30,10321000.0,1861739000.0,,916432000.0,945307000.0,,5.219,-5622000.0,280918000.0,280918000.0,252143000.0,23295000.0,2.046,0.412,0.0,0.0,0.0,0.0,145468000.0,17366000.0,0.0,0.0,0.0,37688000.0,55054000.0,0.12,55054000.0,37688000.0,37688000.0,0.09,0.09,0.09,1318192000.0,,1318192000.0,3581946027.0,21.0,15.094,91738000.0,0.363,1.0,206087000.0,0.45,550672000.0,0.0,582244000.0,,204165000.0,0.0,0.0,0.0,543547000.0,447905000.0,95642000.0,3773477027.0,22709000.0,0.0,0.0,-66666000.0,0.0,-61710000.0,-11208000.0,0.0,97360000.0,-1733000.0,23295000.0,23295000.0,23295000.0,0.0,0.0,0.051,167412000.0,38675000.0,360734000.0,0.0,2.863,36.342,35.381,206099000.0,0.0,14.86,2.102,2.091,213147000.0,-7858000.0,458230000.0,458230000.0,38488000.0,,,,,4572000.0,123251000.0,1.0,253935197.0,252586000,253474000.0,1.814,1311067000.0,350325000.0,14393000.0,7935000.0,5.191,468527000.0
1,SBL,MRQ,2006-06-30,2006-06-30,2006-06-30,2019-04-30,10989000.0,1861346000.0,,897094000.0,964252000.0,,5.092,-2665000.0,258197000.0,258197000.0,250577000.0,27161000.0,1.926,0.449,66666000.0,44444000.0,22222000.0,66666000.0,135011000.0,17617000.0,0.0,0.0,0.0,43047000.0,60664000.0,0.134,60664000.0,43047000.0,43047000.0,0.11,0.11,0.11,1284431000.0,,1284431000.0,2605864959.0,18.0,12.029,64161000.0,0.254,1.0,202512000.0,0.447,548546000.0,0.0,655607000.0,,207099000.0,0.0,0.0,0.0,576915000.0,465662000.0,111253000.0,2738088959.0,100518000.0,0.0,-763000.0,-11119000.0,-2535000.0,-13061000.0,44187000.0,0.0,66826000.0,2566000.0,27161000.0,27161000.0,27161000.0,0.0,0.0,0.06,158215000.0,44297000.0,333661000.0,0.0,2.132,28.171,26.975,213833000.0,0.0,10.79,1.54,1.531,218123000.0,-31153000.0,453089000.0,453089000.0,37600000.0,,,,,5718000.0,121947000.0,1.0,253761720.0,252257000,253027000.0,1.796,1312800000.0,360569000.0,15886000.0,12282000.0,5.204,431432000.0
2,SBL,MRQ,2006-03-31,2006-03-31,2006-03-31,2019-04-30,8572000.0,1826857000.0,,788870000.0,1037987000.0,,4.956,-5481000.0,210009000.0,210009000.0,235081000.0,29476000.0,1.678,0.464,77785000.0,44444000.0,33341000.0,77785000.0,118861000.0,17561000.0,0.0,0.0,0.0,47071000.0,64632000.0,0.145,64632000.0,47071000.0,47071000.0,0.12,0.12,0.12,1247568000.0,,1247568000.0,2904084841.0,39.0,19.977,42006000.0,0.167,1.0,209800000.0,0.472,545834000.0,0.0,678596000.0,,195243000.0,0.0,0.0,0.0,579289000.0,470203000.0,109086000.0,2993695841.0,17513000.0,0.0,-2542000.0,-24570000.0,0.0,-21551000.0,-9117000.0,0.0,47487000.0,694000.0,29476000.0,29476000.0,29476000.0,0.0,0.0,0.066,166184000.0,43616000.0,340940000.0,0.0,2.4,75.686,62.235,223160000.0,0.0,10.58,1.708,1.519,219037000.0,-58306000.0,444881000.0,444881000.0,36745000.0,,,,,2983000.0,127451000.0,1.0,282958019.0,251711000,252713000.0,1.767,1281023000.0,374513000.0,17595000.0,11431000.0,5.089,318667000.0
3,SBL,MRQ,2005-12-31,2005-12-31,2005-12-31,2019-04-30,4338000.0,1816305000.0,,729719000.0,1086586000.0,,4.805,-9074000.0,191966000.0,191966000.0,241269000.0,23899000.0,1.467,0.504,102355000.0,57901000.0,44454000.0,102355000.0,100486000.0,18099000.0,0.0,0.0,0.0,38865000.0,56964000.0,0.13,56964000.0,38865000.0,26760000.0,0.1,0.1,0.1,1207250000.0,,1207250000.0,3137706529.0,70.0,27.108,16052000.0,0.064,1.0,197642000.0,0.45,537581000.0,12105000.0,691680000.0,,182201000.0,0.0,0.0,0.0,609055000.0,497433000.0,111622000.0,3217420529.0,-16716000.0,-1255000.0,17826000.0,-26063000.0,-2510000.0,-26606000.0,-13809000.0,0.0,25126000.0,-1427000.0,23899000.0,23899000.0,23899000.0,0.0,0.0,0.054,159246000.0,38396000.0,362087000.0,0.0,2.665,99.774,98.615,240238000.0,0.0,12.82,1.822,1.815,213020000.0,-85255000.0,438911000.0,438911000.0,34230000.0,,,,,1770000.0,132315000.0,1.0,250968840.0,251244000,250188000.0,1.747,1278724000.0,388457000.0,2861000.0,10737000.0,5.09,232286000.0
4,SBL,MRQ,2005-09-30,2005-09-30,2005-09-30,2019-04-30,6044000.0,1805909000.0,,666876000.0,1139033000.0,,4.723,-11498000.0,208203000.0,208203000.0,242367000.0,16660000.0,1.336,0.529,128489000.0,72923000.0,55566000.0,128489000.0,92273000.0,17078000.0,0.0,0.0,0.0,17289000.0,34367000.0,0.078,34367000.0,17289000.0,17289000.0,0.07,0.07,0.07,1181319000.0,,1181319000.0,2391032811.0,43.0,18.215,29964000.0,0.12,1.0,199106000.0,0.451,537408000.0,0.0,689759000.0,,165996000.0,432000.0,0.0,432000.0,624590000.0,499028000.0,125562000.0,2352656811.0,19683000.0,0.0,0.0,-18222000.0,0.0,-9757000.0,-13410000.0,0.0,41462000.0,1388000.0,16660000.0,16660000.0,16660000.0,0.0,0.0,0.038,180282000.0,18824000.0,349107000.0,0.0,1.992,63.924,64.533,246672000.0,0.0,9.68,1.324,1.362,190730000.0,-109155000.0,441473000.0,441473000.0,38768000.0,,,,,1336000.0,131452000.0,1.0,243043059.0,250116000,250392000.0,1.765,1268501000.0,390608000.0,629000.0,8249000.0,5.072,167848000.0
5,SBL,MRQ,2005-06-30,2005-06-30,2005-06-30,2019-04-30,5939000.0,1870128000.0,,746963000.0,1123165000.0,,4.272,-26975000.0,188116000.0,188116000.0,260122000.0,-30481000.0,1.109,0.754,226492000.0,159813000.0,66679000.0,226492000.0,80863000.0,18407000.0,0.0,0.0,0.0,-28998000.0,-10591000.0,-0.025,-10591000.0,-28998000.0,-28998000.0,-0.12,-0.12,-0.12,1066131000.0,,1066131000.0,2368217143.0,36.0,16.548,-54821000.0,-0.22,1.0,167638000.0,0.392,539257000.0,0.0,695511000.0,,172834000.0,80137000.0,79498000.0,639000.0,803997000.0,673736000.0,130261000.0,2396179143.0,-82062000.0,0.0,-1442000.0,-17912000.0,-2427000.0,-19700000.0,-29236000.0,0.0,-27846000.0,-5280000.0,-30481000.0,-30481000.0,-30481000.0,0.0,0.0,-0.071,195668000.0,-28030000.0,428379000.0,0.0,2.248,63.165,65.8,250128000.0,0.0,9.87,1.358,1.396,192376000.0,-123306000.0,427760000.0,427760000.0,39574000.0,,,,,1219000.0,135517000.0,1.0,242773976.0,249571000,249571000.0,1.714,1330871000.0,390637000.0,1483000.0,8578000.0,5.333,73227000.0
6,SBL,MRQ,2005-03-31,2005-03-31,2005-03-31,2019-04-30,10976000.0,1871268000.0,,709155000.0,1162113000.0,,4.445,-21077000.0,269854000.0,269854000.0,251926000.0,22168000.0,1.296,0.701,241892000.0,79183000.0,162709000.0,241892000.0,80103000.0,17252000.0,0.0,0.0,0.0,17755000.0,35007000.0,0.077,35007000.0,17755000.0,17755000.0,0.09,0.09,0.09,1099792000.0,,1099792000.0,3541082947.0,27.0,17.015,51841000.0,0.21,1.0,205561000.0,0.449,539914000.0,0.0,756013000.0,,172360000.0,75212000.0,0.0,75212000.0,771476000.0,547379000.0,224097000.0,3515934947.0,577000.0,0.0,0.0,-50267000.0,0.0,-44954000.0,-23070000.0,0.0,72918000.0,-4317000.0,22168000.0,22168000.0,22168000.0,0.0,0.0,0.048,181238000.0,24323000.0,399849000.0,0.0,3.197,36.177,37.154,249522000.0,0.0,14.49,1.986,2.025,111143000.0,-92824000.0,457487000.0,457487000.0,42351000.0,,,,,2950000.0,139010000.0,1.0,242645614.0,247404000,251286000.0,1.849,1331354000.0,394767000.0,-4413000.0,8965000.0,5.381,161776000.0
7,SBL,MRQ,2004-12-31,2004-12-31,2004-12-31,2019-04-30,13699000.0,1980869000.0,,793267000.0,1187602000.0,,4.074,-27776000.0,269011000.0,269011000.0,233821000.0,28457000.0,1.207,0.847,294159000.0,118072000.0,176087000.0,294159000.0,68814000.0,23535000.0,0.0,0.0,0.0,48948000.0,72483000.0,0.161,72483000.0,48948000.0,28916000.0,0.11,0.11,0.11,1072519000.0,,1072519000.0,4222974984.0,29.0,19.057,31161000.0,0.118,1.0,216714000.0,0.481,542687000.0,20032000.0,806048000.0,,207338000.0,81230000.0,0.0,81230000.0,908350000.0,657282000.0,251068000.0,4163107984.0,-13887000.0,0.0,46996000.0,-57121000.0,-2405000.0,-52982000.0,-29364000.0,0.0,58937000.0,9522000.0,28457000.0,28457000.0,28457000.0,0.0,0.0,0.063,178134000.0,38580000.0,465415000.0,0.0,3.882,50.865,50.882,241508000.0,0.0,17.3,2.403,2.422,164158000.0,-112565000.0,450535000.0,450535000.0,41329000.0,,,,,1612000.0,136101000.0,1.0,240642080.0,263277000,266266000.0,1.711,1438182000.0,416569000.0,459000.0,20132000.0,5.463,135985000.0
8,SBL,MRQ,2004-09-30,2004-09-30,2004-09-30,2019-04-30,1816000.0,1917776000.0,,761212000.0,1156564000.0,,4.236,-30193000.0,281675000.0,281675000.0,228439000.0,17791000.0,1.014,0.891,341542000.0,256970000.0,84572000.0,341542000.0,65800000.0,17528000.0,0.0,0.0,0.0,28684000.0,46212000.0,0.108,46212000.0,28684000.0,28684000.0,0.07,0.07,0.07,1013911000.0,,1013911000.0,2946603844.0,23.0,14.905,71784000.0,0.3,1.0,200713000.0,0.468,552640000.0,0.0,674363000.0,,223284000.0,76211000.0,0.0,76211000.0,903865000.0,750640000.0,153225000.0,3025351844.0,87842000.0,-234719000.0,0.0,243263000.0,0.0,249759000.0,-265953000.0,0.0,101977000.0,2059000.0,17791000.0,17791000.0,17791000.0,0.0,0.0,0.041,172054000.0,28659000.0,431067000.0,0.0,2.984,43.49,43.586,228057000.0,0.0,12.64,1.807,1.807,99763000.0,-141022000.0,429152000.0,429152000.0,42595000.0,,,,,763000.0,125102000.0,1.0,239347456.0,239342000,241402000.0,1.793,1365136000.0,391912000.0,10893000.0,9178000.0,5.704,10572000.0
9,SBL,MRQ,2004-06-30,2004-06-30,2004-06-30,2019-04-30,-7537000.0,1619787000.0,,669770000.0,950017000.0,,4.171,-18884000.0,193691000.0,193691000.0,236102000.0,28771000.0,1.432,0.649,114943000.0,7017000.0,107926000.0,114943000.0,56949000.0,18708000.0,0.0,0.0,0.0,35708000.0,54416000.0,0.126,54416000.0,35708000.0,35708000.0,0.12,0.12,0.12,982395000.0,,982395000.0,3385566825.0,30.0,18.285,3932000.0,0.017,1.0,196683000.0,0.454,333731000.0,0.0,739698000.0,,216363000.0,100004000.0,0.0,100004000.0,637392000.0,467610000.0,169782000.0,3456530825.0,-35347000.0,-560000.0,-6418000.0,-96000.0,-2338000.0,14811000.0,-71306000.0,0.0,22816000.0,-1668000.0,28771000.0,28771000.0,28771000.0,0.0,0.0,0.066,53017000.0,143666000.0,413447000.0,0.0,3.518,54.612,54.593,211375000.0,0.0,14.74,2.13,2.14,110482000.0,-156408000.0,432785000.0,432785000.0,42060000.0,,,,,25524000.0,19073000.0,1.0,234500056.0,235531000,239541000.0,1.837,1286056000.0,390847000.0,6937000.0,0.0,5.46,202160000.0
10,SBL,MRQ,2004-03-31,2004-03-31,2004-03-31,2019-04-30,3848000.0,1589960000.0,,677209000.0,912751000.0,,4.033,-11171000.0,179033000.0,179033000.0,225768000.0,6828000.0,1.385,0.702,108069000.0,3633000.0,104436000.0,108069000.0,57322000.0,18026000.0,0.0,0.0,0.0,30461000.0,48487000.0,0.116,48487000.0,30461000.0,30461000.0,0.03,0.03,0.03,934385000.0,,934385000.0,3170714731.0,37.0,20.295,29618000.0,0.128,1.0,193883000.0,0.462,335563000.0,0.0,694478000.0,,211692000.0,99808000.0,0.0,99808000.0,655575000.0,488955000.0,166620000.0,3221485731.0,29016000.0,-4050000.0,-19956000.0,13745000.0,0.0,4082000.0,-15221000.0,0.0,40789000.0,-634000.0,6828000.0,6828000.0,6828000.0,0.0,0.0,0.016,166662000.0,27221000.0,442667000.0,0.0,3.448,78.313,76.667,207522000.0,0.0,13.8,2.06,2.045,119624000.0,-185179000.0,419651000.0,419651000.0,41699000.0,,,,,2234000.0,122729000.0,1.0,233440995.0,231685000,239401000.0,1.811,1254397000.0,377520000.0,23633000.0,0.0,5.414,188254000.0
11,SBL,MRQ,2003-12-31,2003-12-31,2003-12-31,2019-04-30,4498000.0,1646518000.0,,734031000.0,912487000.0,,3.989,-24140000.0,150017000.0,150017000.0,210558000.0,16174000.0,1.369,0.789,99246000.0,234000.0,99012000.0,99246000.0,54344000.0,17008000.0,0.0,0.0,0.0,31567000.0,48575000.0,0.124,48575000.0,31567000.0,20977000.0,0.07,0.07,0.07,920598000.0,,920598000.0,3971240975.0,274.0,47.687,23137000.0,0.1,1.0,182444000.0,0.464,336196000.0,10590000.0,723328000.0,,212862000.0,102136000.0,0.0,102136000.0,725920000.0,536223000.0,189697000.0,3905066975.0,29100000.0,111000.0,4178000.0,-69000.0,0.0,-514000.0,-24470000.0,0.0,47277000.0,6807000.0,16174000.0,16174000.0,16174000.0,0.0,0.0,0.041,160092000.0,22352000.0,490666000.0,0.0,4.242,1185.149,1689.0,210888000.0,0.0,16.89,2.552,2.546,152377000.0,-189669000.0,393002000.0,393002000.0,41600000.0,,,,,7654000.0,128364000.0,1.0,231205860.0,230770000,253726000.0,1.703,1310322000.0,411041000.0,4803000.0,5468000.0,5.678,197808000.0
12,SBL,MRQ,2003-09-30,2003-09-30,2003-09-30,2019-04-30,-1710000.0,1554576000.0,,640624000.0,913952000.0,,3.861,-11079000.0,120917000.0,120917000.0,210208000.0,11519000.0,1.277,0.745,79754000.0,275000.0,79479000.0,79754000.0,47232000.0,18413000.0,0.0,0.0,0.0,15265000.0,33678000.0,0.089,33678000.0,15265000.0,15265000.0,0.05,0.05,0.05,891009000.0,,891009000.0,2889783361.0,-47.0,313.97,55100000.0,0.239,1.0,166902000.0,0.443,345202000.0,0.0,666511000.0,,197184000.0,82466000.0,0.0,82466000.0,663567000.0,501700000.0,161867000.0,2755246361.0,22941000.0,-13327000.0,0.0,-15077000.0,-2312000.0,-17389000.0,-27085000.0,0.0,66179000.0,1236000.0,11519000.0,11519000.0,11519000.0,0.0,0.0,0.031,148904000.0,17998000.0,466117000.0,0.0,3.092,-55.263,-54.318,203536000.0,0.0,11.95,1.741,1.743,131562000.0,-205843000.0,377110000.0,377110000.0,42283000.0,,,,,7640000.0,98023000.0,1.0,230564549.0,230770000,237091000.0,1.634,1209374000.0,398071000.0,3746000.0,0.0,5.241,138924000.0
13,SBL,MRQ,2003-06-30,2003-06-30,2003-06-30,2019-04-30,-3174000.0,1526611000.0,,622501000.0,904110000.0,,3.782,-13791000.0,97976000.0,97976000.0,221430000.0,6615000.0,1.214,0.749,80629000.0,15278000.0,65351000.0,80629000.0,53298000.0,16721000.0,0.0,0.0,0.0,8770000.0,25491000.0,0.068,25491000.0,8770000.0,8770000.0,0.03,0.03,0.03,872696000.0,,872696000.0,3134181782.0,-58.0,206.441,35230000.0,0.153,1.0,152389000.0,0.408,336366000.0,0.0,660321000.0,,211539000.0,70128000.0,0.0,70128000.0,653915000.0,512577000.0,141338000.0,2999644782.0,-611000.0,-1777000.0,0.0,-35061000.0,-2312000.0,-37373000.0,-14563000.0,1777000.0,49021000.0,2304000.0,6615000.0,6615000.0,6615000.0,0.0,0.0,0.018,148141000.0,4248000.0,453139000.0,0.0,3.437,-62.079,-61.952,206069000.0,0.0,13.01,1.942,1.944,126629000.0,-215050000.0,373819000.0,373819000.0,38130000.0,,,,,1456000.0,108419000.0,1.0,230564549.0,230770000,236820000.0,1.62,1190245000.0,395379000.0,2155000.0,0.0,5.158,109924000.0
14,SBL,MRQ,2003-03-31,2003-03-31,2003-03-31,2019-04-30,-10345000.0,1561831000.0,,676176000.0,885655000.0,,3.72,-10182000.0,98587000.0,98587000.0,214475000.0,-31013000.0,1.17,0.821,104817000.0,50298000.0,54519000.0,104817000.0,49761000.0,16645000.0,0.0,0.0,0.0,-41111000.0,-24466000.0,-0.063,-24466000.0,-41111000.0,-41111000.0,-0.13,-0.13,-0.13,857454000.0,,857454000.0,2119697767.0,-23.0,-89.044,61106000.0,0.265,1.0,171872000.0,0.445,336979000.0,0.0,653059000.0,,240463000.0,54698000.0,0.0,54698000.0,704377000.0,578023000.0,126354000.0,1985160767.0,22466000.0,0.0,-5110000.0,-36575000.0,0.0,-37062000.0,-13150000.0,-1777000.0,71288000.0,1390000.0,-31013000.0,-31013000.0,-31013000.0,0.0,0.0,-0.08,208949000.0,-37077000.0,482524000.0,0.0,2.315,-25.556,-25.324,205171000.0,0.0,8.61,1.335,1.335,140037000.0,-221665000.0,386347000.0,386347000.0,37055000.0,,,,,776000.0,99031000.0,1.0,230564549.0,230527000,230527000.0,1.676,1224852000.0,399775000.0,-10098000.0,0.0,5.313,98153000.0
15,SBL,MRQ,2002-12-31,2002-12-31,2002-12-31,2019-04-30,-13096000.0,1572195000.0,,690416000.0,881779000.0,,3.87,-10227000.0,76121000.0,76121000.0,307445000.0,-36978000.0,1.456,0.771,142295000.0,6681000.0,135614000.0,142295000.0,48724000.0,18484000.0,0.0,0.0,0.0,-43983000.0,-25499000.0,-0.057,-25499000.0,-43983000.0,-50057000.0,-0.17,-0.17,-0.17,887739000.0,,887739000.0,2029777593.0,-45.0,83.16,54051000.0,0.236,1.0,137501000.0,0.309,338148000.0,6074000.0,826121000.0,,261096000.0,54939000.0,0.0,54939000.0,684456000.0,474100000.0,210356000.0,1895240593.0,6507000.0,-712000.0,2359000.0,-48950000.0,-2307000.0,-48898000.0,-10949000.0,0.0,64278000.0,2076000.0,-36978000.0,-36978000.0,-36978000.0,0.0,0.0,-0.083,168282000.0,-30781000.0,427568000.0,0.0,2.135,-42.196,-41.1,208209000.0,0.0,8.22,1.352,1.346,151417000.0,-188340000.0,444946000.0,444946000.0,52057000.0,,,,,2187000.0,139216000.0,1.0,230564549.0,229401000,229401000.0,1.94,1234047000.0,391324000.0,-13079000.0,0.0,5.379,216316000.0
16,SBL,MRQ,2002-09-30,2002-09-30,2002-09-30,2019-04-30,0.0,1767025000.0,,955475000.0,811550000.0,,5.085,-7167000.0,69614000.0,69614000.0,211671000.0,13056000.0,2.849,0.508,204151000.0,6695000.0,197456000.0,204151000.0,32211000.0,17395000.0,0.0,0.0,0.0,22261000.0,39656000.0,0.117,39656000.0,22261000.0,19200000.0,0.06,0.06,0.06,1171393000.0,,1171393000.0,1934571177.0,21.0,11.961,34751000.0,0.151,1.0,127839000.0,0.377,522654000.0,3061000.0,1043594000.0,,316858000.0,43936000.0,0.0,43936000.0,595632000.0,335314000.0,260318000.0,1759937177.0,4019000.0,-4474000.0,3273000.0,-28311000.0,0.0,-25038000.0,-13318000.0,0.0,41918000.0,457000.0,13056000.0,13056000.0,13056000.0,0.0,0.0,0.038,105578000.0,22261000.0,288494000.0,0.0,1.502,38.939,38.35,226433000.0,0.0,7.67,1.314,1.32,283607000.0,337859000.0,339510000.0,339510000.0,34305000.0,,,,,11810000.0,71273000.0,1.0,229457259.0,230384000,233415000.0,1.474,1244371000.0,228858000.0,6144000.0,0.0,5.401,620161000.0
17,SBL,MRQ,2002-06-30,2002-06-30,2002-06-30,2019-04-30,0.0,1768565000.0,,948114000.0,820451000.0,,5.053,-4714000.0,69283000.0,69283000.0,198881000.0,-22745000.0,3.065,0.526,243917000.0,6433000.0,237484000.0,243917000.0,29699000.0,16404000.0,0.0,0.0,0.0,-29900000.0,-13496000.0,-0.043,-13496000.0,-29900000.0,-33449000.0,-0.1,-0.1,-0.1,1159239000.0,,1159239000.0,2165523908.0,67.0,19.734,37322000.0,0.163,1.0,116968000.0,0.37,511048000.0,3549000.0,1122845000.0,,302642000.0,58521000.0,0.0,58521000.0,609326000.0,309306000.0,300020000.0,1948990908.0,89000.0,-4110000.0,-872000.0,-35360000.0,-2291000.0,-38523000.0,-8370000.0,0.0,42036000.0,4946000.0,-22745000.0,-22745000.0,-22745000.0,0.0,0.0,-0.072,146868000.0,-29900000.0,261922000.0,0.0,1.681,-548.702,-425.0,232355000.0,0.0,8.5,1.465,1.465,282702000.0,327109000.0,315849000.0,315849000.0,29467000.0,,,,,-27648000.0,70201000.0,1.0,229293048.0,229395000,229395000.0,1.377,1257517000.0,230857000.0,-10704000.0,0.0,5.482,638808000.0
18,SBL,MRQ,2002-03-31,2002-03-31,2002-03-31,2019-04-30,0.0,1831554000.0,,949677000.0,881877000.0,,5.145,-8352000.0,72074000.0,72074000.0,238774000.0,5354000.0,3.041,0.555,288607000.0,6563000.0,282044000.0,288607000.0,31149000.0,17054000.0,0.0,0.0,0.0,7658000.0,24712000.0,0.078,24712000.0,7658000.0,7658000.0,0.02,0.02,0.02,1177540000.0,,1177540000.0,2807296057.0,-85.0,53.303,20886000.0,0.091,1.0,78870000.0,0.248,552912000.0,0.0,1182893000.0,,306751000.0,71243000.0,0.0,71243000.0,654014000.0,312282000.0,341732000.0,2571495057.0,-4859000.0,-1500000.0,1542000.0,-23648000.0,0.0,-22106000.0,-10995000.0,0.0,29238000.0,-996000.0,5354000.0,5354000.0,5354000.0,0.0,0.0,0.017,67160000.0,11710000.0,259482000.0,0.0,2.184,-63.714,-59.158,239195000.0,0.0,11.24,1.898,1.899,279459000.0,349854000.0,317644000.0,317644000.0,35533000.0,,,,,-51302000.0,80295000.0,1.0,228780699.0,228881000,234286000.0,1.388,1278642000.0,219479000.0,2304000.0,0.0,5.586,637395000.0
19,SBL,MRQ,2001-12-31,2001-12-31,2001-12-31,2019-04-30,-15919000.0,1705371000.0,,895320000.0,810051000.0,,4.387,-23583000.0,70365000.0,70365000.0,186036000.0,49532000.0,2.669,0.707,312121000.0,6548000.0,305573000.0,312121000.0,54489000.0,20336000.0,0.0,0.0,0.0,90536000.0,110872000.0,0.303,110872000.0,90536000.0,81334000.0,0.22,0.22,0.22,999115000.0,,999115000.0,3806008527.0,829.0,39.987,-76246000.0,-0.335,1.0,179854000.0,0.492,329667000.0,9202000.0,1282020000.0,,338165000.0,76004000.0,0.0,76004000.0,706256000.0,335440000.0,370816000.0,3626747527.0,-28624000.0,-2872000.0,23742000.0,3766000.0,1000.0,27509000.0,-2843000.0,0.0,-52663000.0,-627000.0,49532000.0,49532000.0,49532000.0,0.0,0.0,0.135,72614000.0,107240000.0,272486000.0,0.0,3.63,-204.105,-198.5,250784000.0,0.0,15.88,2.438,2.425,141327000.0,-138827000.0,365890000.0,365890000.0,62057000.0,,,,,-113890000.0,81161000.0,1.0,228384605.0,227743000,227743000.0,1.607,1375704000.0,389329000.0,31802000.0,0.0,6.041,559880000.0
20,SBL,MRQ,2001-09-30,2001-09-30,2001-09-30,2019-04-30,0.0,1938301000.0,,1125279000.0,813022000.0,,5.086,-20228000.0,109776000.0,109776000.0,258158000.0,-35693000.0,3.04,0.669,289037000.0,6564000.0,282473000.0,289037000.0,38580000.0,23781000.0,0.0,0.0,0.0,-36136000.0,-12355000.0,-0.037,-12355000.0,-36136000.0,-41083000.0,-0.16,-0.16,-0.16,1161577000.0,,1161577000.0,2705420048.0,-6.0,-7.846,79788000.0,0.349,1.0,73033000.0,0.221,528317000.0,4947000.0,1219057000.0,,311605000.0,52630000.0,0.0,52630000.0,776724000.0,370188000.0,406536000.0,2387793048.0,38443000.0,0.0,-4373000.0,-25955000.0,-2288000.0,-32616000.0,-32007000.0,0.0,100016000.0,3050000.0,-35693000.0,-35693000.0,-35693000.0,0.0,0.0,-0.108,109169000.0,-36136000.0,297872000.0,0.0,2.056,-7.621,-6.947,232075000.0,0.0,10.49,1.837,1.843,325561000.0,336999000.0,331191000.0,331191000.0,28108000.0,,,,,4945000.0,76937000.0,1.0,227625648.0,228372000,228372000.0,1.45,1409984000.0,280063000.0,-5390000.0,0.0,6.174,755091000.0
21,SBL,MRQ,2001-06-30,2001-06-30,2001-06-30,2019-04-30,0.0,2121862000.0,,1198672000.0,923190000.0,,5.327,-32931000.0,71333000.0,71333000.0,322093000.0,-59553000.0,2.845,0.774,388960000.0,11097000.0,377863000.0,388960000.0,36779000.0,24388000.0,0.0,0.0,0.0,-94950000.0,-70562000.0,-0.207,-70562000.0,-94950000.0,-98902000.0,-0.27,-0.27,-0.27,1196408000.0,,1196408000.0,5246717953.0,-16.0,-21.091,-81866000.0,-0.365,1.0,18117000.0,0.053,530670000.0,3952000.0,1487446000.0,,321515000.0,130985000.0,0.0,130985000.0,925454000.0,421373000.0,504081000.0,5029523953.0,682000.0,0.0,-2728000.0,101115000.0,0.0,98387000.0,-46826000.0,0.0,-48935000.0,-1944000.0,-59553000.0,-59553000.0,-59553000.0,0.0,0.0,-0.175,113067000.0,-94950000.0,348193000.0,0.0,4.204,-21.205,-19.304,261535000.0,0.0,22.2,3.747,3.715,445073000.0,374980000.0,340210000.0,340210000.0,28341000.0,,,,,12580000.0,80684000.0,1.0,226555133.0,224597000,224597000.0,1.515,1591192000.0,272153000.0,-39349000.0,0.0,7.085,777299000.0
22,SBL,MRQ,2001-03-31,2001-03-31,2001-03-31,2019-04-30,0.0,2047070000.0,,1163627000.0,883443000.0,,5.518,-21284000.0,70651000.0,70651000.0,279789000.0,27945000.0,2.907,0.645,287845000.0,12629000.0,275216000.0,287845000.0,31806000.0,22086000.0,0.0,0.0,0.0,45140000.0,67226000.0,0.149,67226000.0,45140000.0,41096000.0,0.12,0.12,0.12,1244171000.0,,1244171000.0,5482572942.0,-31.0,-53.185,-62117000.0,-0.276,1.0,170376000.0,0.378,514192000.0,4044000.0,1349806000.0,,318166000.0,127045000.0,0.0,127045000.0,802899000.0,400266000.0,402633000.0,5214901942.0,7240000.0,0.0,6080000.0,-15389000.0,-1510000.0,-10819000.0,60829000.0,0.0,-40833000.0,-1937000.0,27945000.0,27945000.0,27945000.0,0.0,0.0,0.062,125236000.0,45140000.0,312380000.0,0.0,4.191,-36.866,-33.238,242206000.0,0.0,23.267,3.882,3.905,461488000.0,434533000.0,450165000.0,450165000.0,31017000.0,,,,,25520000.0,90262000.0,1.0,224136155.0,225459000,239395000.0,1.997,1532878000.0,217658000.0,13151000.0,0.0,6.799,763361000.0
23,SBL,MRQ,2000-12-31,2000-12-31,2000-12-31,2019-04-30,-16944000.0,2093199000.0,,1078252000.0,1014947000.0,,5.682,-18620000.0,63411000.0,63411000.0,214400000.0,-246029000.0,2.354,0.742,331082000.0,23025000.0,308057000.0,331082000.0,41409000.0,9231000.0,0.0,0.0,0.0,-338376000.0,-329145000.0,-1.843,-329145000.0,-338376000.0,-350626000.0,-1.2,-1.16,-1.2,1201696000.0,,1201696000.0,5123253316.0,-30.0,-49.743,-66315000.0,-0.314,1.0,-35795000.0,-0.2,420067000.0,12250000.0,1482765000.0,,285413000.0,263305000.0,0.0,263305000.0,891503000.0,458038000.0,433465000.0,4953833316.0,8979000.0,-35126000.0,126450000.0,-39622000.0,0.0,86828000.0,-31123000.0,0.0,-47695000.0,969000.0,-246029000.0,-246029000.0,-246029000.0,0.0,0.0,-1.378,307065000.0,-342860000.0,325670000.0,0.0,4.122,-35.984,-35.821,234467000.0,0.0,24.0,4.083,4.082,453906000.0,408098000.0,178605000.0,178605000.0,57838000.0,,,,,-21502000.0,138528000.0,1.0,206409722.0,211483000,206347000.0,0.845,1673132000.0,197019000.0,-104597000.0,94654000.0,7.911,620214000.0
24,SBL,MRQ,2000-09-30,2000-09-30,2000-09-30,2019-04-30,0.0,1357912000.0,,860764000.0,497148000.0,,4.195,-21818000.0,50268000.0,50268000.0,219202000.0,40450000.0,3.931,0.569,219688000.0,14881000.0,204807000.0,219688000.0,17371000.0,20666000.0,0.0,0.0,0.0,63048000.0,83714000.0,0.224,83714000.0,63048000.0,59486000.0,0.2,0.18,0.2,865536000.0,,865536000.0,5061748062.0,23.0,17.153,-32583000.0,-0.158,1.0,154047000.0,0.413,262490000.0,3562000.0,1045847000.0,,305924000.0,0.0,0.0,0.0,492376000.0,218995000.0,273381000.0,4932257062.0,10715000.0,0.0,-2277000.0,50644000.0,-1377000.0,46990000.0,-24193000.0,0.0,-10765000.0,-1317000.0,40450000.0,40450000.0,40450000.0,0.0,0.0,0.108,90999000.0,63048000.0,186743000.0,0.0,5.699,34.778,33.744,234658000.0,0.0,23.958,3.661,3.669,364575000.0,585427000.0,373249000.0,373249000.0,24832000.0,,,,,5960000.0,64770000.0,1.0,205868150.0,206312000,220361000.0,1.809,1095422000.0,68661000.0,19036000.0,0.0,5.31,641769000.0
25,SBL,MRQ,2000-06-30,2000-06-30,2000-06-30,2019-04-30,0.0,1261001000.0,,764155000.0,496846000.0,,4.043,-25208000.0,39553000.0,39553000.0,200317000.0,36177000.0,3.682,0.519,169044000.0,18189000.0,150855000.0,169044000.0,22063000.0,19763000.0,0.0,0.0,0.0,55358000.0,75121000.0,0.22,75121000.0,55358000.0,53202000.0,0.18,0.16,0.18,830249000.0,,830249000.0,7431829130.0,37.0,26.804,-47818000.0,-0.233,1.0,141081000.0,0.413,271678000.0,2156000.0,911253000.0,,284741000.0,0.0,0.0,0.0,430752000.0,207561000.0,223191000.0,7379483130.0,18909000.0,0.0,-8171000.0,96054000.0,0.0,87883000.0,-45735000.0,0.0,-22610000.0,-629000.0,36177000.0,36177000.0,36177000.0,0.0,0.0,0.106,85723000.0,55358000.0,167309000.0,0.0,8.888,55.841,54.299,225168000.0,0.0,36.0,5.825,5.836,298164000.0,546354000.0,341398000.0,341398000.0,22805000.0,,,,,14712000.0,61512000.0,1.0,204985643.0,205377000,221120000.0,1.662,989323000.0,69031000.0,17025000.0,0.0,4.817,556594000.0
26,SBL,MRQ,2000-03-31,2000-03-31,2000-03-31,2019-04-30,0.0,1139170000.0,,655527000.0,483643000.0,,3.953,-17681000.0,20644000.0,20644000.0,186939000.0,31736000.0,3.253,0.425,72990000.0,9669000.0,63321000.0,72990000.0,19120000.0,19208000.0,0.0,0.0,0.0,48107000.0,67315000.0,0.21,67315000.0,48107000.0,46670000.0,0.16,0.14,0.16,799231000.0,,799231000.0,7378362649.0,39.0,28.332,-48431000.0,-0.24,1.0,133072000.0,0.416,271615000.0,1437000.0,718400000.0,,247949000.0,0.0,0.0,0.0,339939000.0,201501000.0,138438000.0,7298821649.0,-9484000.0,-1598000.0,95341000.0,-36679000.0,-1365000.0,57297000.0,-35634000.0,0.0,-30750000.0,-397000.0,31736000.0,31736000.0,31736000.0,0.0,0.0,0.099,84965000.0,48107000.0,172712000.0,0.0,9.132,58.977,58.721,212028000.0,0.0,36.583,6.084,6.166,272285000.0,510177000.0,320011000.0,320011000.0,22265000.0,,,,,32086000.0,61307000.0,1.0,199512227.0,202194000,219414000.0,1.583,867555000.0,60943000.0,14934000.0,0.0,4.291,454026000.0
27,SBL,MRQ,1999-12-31,1999-12-31,1999-12-31,2019-04-30,-2352000.0,1047944000.0,,584201000.0,463743000.0,,3.22,-14207000.0,30128000.0,30128000.0,180401000.0,33459000.0,2.512,0.636,109669000.0,10046000.0,99623000.0,109669000.0,31638000.0,17400000.0,0.0,0.0,0.0,51537000.0,68937000.0,0.221,68937000.0,51537000.0,47385000.0,0.17,0.157,0.17,640460000.0,,640460000.0,5678447100.0,32.0,23.135,30263000.0,0.152,1.0,132066000.0,0.423,195449000.0,4152000.0,699448000.0,,216709000.0,17713000.0,0.0,17713000.0,407484000.0,232588000.0,174896000.0,5624057100.0,4611000.0,8068000.0,-20150000.0,29762000.0,0.0,9612000.0,-49361000.0,0.0,44470000.0,-110000.0,33459000.0,33459000.0,33459000.0,0.0,0.0,0.107,82844000.0,49222000.0,188178000.0,0.0,8.781,48.332,47.881,206116000.0,0.0,28.25,4.936,4.928,252140000.0,479806000.0,312467000.0,312467000.0,21771000.0,,,,,20233000.0,59705000.0,1.0,199081667.0,198894000,214113000.0,1.571,852495000.0,44794000.0,13926000.0,52618000.0,4.286,351613000.0
28,SBL,MRQ,1999-09-30,1999-09-30,1999-09-30,2019-04-30,0.0,935601000.0,,511604000.0,423997000.0,,3.02,-18474000.0,25517000.0,25517000.0,167923000.0,30780000.0,2.568,0.557,79907000.0,10631000.0,69276000.0,79907000.0,18264000.0,18639000.0,0.0,0.0,0.0,47256000.0,65895000.0,0.225,65895000.0,47256000.0,45940000.0,0.153,0.147,0.153,600964000.0,,600964000.0,3035588073.0,18.0,13.175,44043000.0,0.221,1.0,125107000.0,0.427,222072000.0,1316000.0,568674000.0,,183971000.0,0.0,0.0,0.0,334637000.0,199245000.0,135392000.0,2966914073.0,1277000.0,-1844000.0,-7199000.0,-13007000.0,-1330000.0,-21536000.0,-40295000.0,-1000000.0,62517000.0,591000.0,30780000.0,30780000.0,30780000.0,0.0,0.0,0.105,77851000.0,47256000.0,154767000.0,0.0,4.937,27.564,27.778,201925000.0,0.0,14.944,2.708,2.714,232698000.0,446347000.0,293030000.0,293030000.0,21112000.0,,,,,6553000.0,55485000.0,1.0,198529625.0,198979500,212067000.0,1.473,713529000.0,30292000.0,15160000.0,15583000.0,3.586,312359000.0
29,SBL,MRQ,1999-06-30,1999-06-30,1999-06-30,2019-04-30,0.0,888040000.0,,485963000.0,402077000.0,,2.871,-19719000.0,24240000.0,24240000.0,157196000.0,27783000.0,2.8,0.559,92914000.0,10637000.0,82277000.0,92914000.0,16833000.0,15344000.0,0.0,0.0,0.0,42931000.0,58275000.0,0.213,58275000.0,42931000.0,41467000.0,0.14,0.133,0.14,569548000.0,,569548000.0,3316107446.0,21.0,15.242,20058000.0,0.101,1.0,116907000.0,0.427,207208000.0,1464000.0,575975000.0,,180530000.0,0.0,0.0,0.0,318492000.0,173531000.0,144961000.0,3247810446.0,-3297000.0,0.0,-252000.0,-2920000.0,0.0,-3172000.0,-39164000.0,0.0,39777000.0,-738000.0,27783000.0,27783000.0,27783000.0,0.0,0.0,0.101,73976000.0,42931000.0,123970000.0,0.0,5.702,31.856,32.198,194869000.0,0.0,16.389,3.066,3.069,214173000.0,416897000.0,274103000.0,274103000.0,19951000.0,,,,,0.0,52754000.0,1.0,198171471.0,198363000,211057500.0,1.382,680832000.0,36951000.0,13684000.0,22091000.0,3.432,312432000.0
30,SBL,MRQ,1999-03-31,1999-03-31,1999-03-31,2019-04-30,0.0,844726000.0,,466427000.0,378299000.0,,2.735,-17641000.0,27537000.0,27537000.0,149036000.0,24342000.0,3.024,0.555,95834000.0,10588000.0,85246000.0,95834000.0,14517000.0,14801000.0,0.0,0.0,0.0,37536000.0,52337000.0,0.202,52337000.0,37536000.0,36332000.0,0.12,0.113,0.12,543344000.0,,543344000.0,2702936454.0,18.0,13.009,17391000.0,0.088,1.0,110654000.0,0.426,194226000.0,1204000.0,564559000.0,,184594000.0,0.0,0.0,0.0,301382000.0,154238000.0,147144000.0,2644030454.0,11253000.0,-6224000.0,-6954000.0,20644000.0,-1178000.0,12512000.0,-34525000.0,0.0,35032000.0,-1766000.0,24342000.0,24342000.0,24342000.0,0.0,0.0,0.094,73118000.0,37536000.0,114580000.0,0.0,4.866,27.069,27.267,184073000.0,0.0,13.333,2.581,2.586,190490000.0,389114000.0,259690000.0,259690000.0,19110000.0,,,,,0.0,52809000.0,1.0,198302334.0,198690000,212902500.0,1.307,650500000.0,36297000.0,11990000.0,14553000.0,3.274,312189000.0
31,SBL,MRQ,1998-12-31,1998-12-31,1998-12-31,2019-04-30,-5797000.0,838399000.0,,479604000.0,358795000.0,,2.68,-27341000.0,16284000.0,16284000.0,154526000.0,24732000.0,2.602,0.579,75190000.0,10594000.0,64596000.0,75190000.0,24580000.0,14977000.0,0.0,0.0,0.0,38913000.0,53890000.0,0.2,53890000.0,38913000.0,35369000.0,0.124,0.116,0.124,530928000.0,,530928000.0,3805189362.0,26.0,19.052,36965000.0,0.187,1.0,114278000.0,0.425,159525000.0,3544000.0,553493000.0,,196986000.0,0.0,0.0,0.0,307471000.0,184287000.0,123184000.0,3766957362.0,-20715000.0,-762000.0,-26497000.0,-41000.0,0.0,-26538000.0,-58069000.0,0.0,64306000.0,-414000.0,24732000.0,24732000.0,24732000.0,0.0,0.0,0.092,77738000.0,36540000.0,149938000.0,0.0,7.095,40.521,40.566,174867000.0,0.0,18.944,3.852,3.844,205416000.0,365950000.0,268804000.0,268804000.0,19341000.0,,,,,13207000.0,53595000.0,1.0,198842371.0,198092250,212739750.0,1.357,678874000.0,34428000.0,10637000.0,9858000.0,3.427,295317000.0
32,SBL,MRQ,1998-09-30,1998-09-30,1998-09-30,2019-04-30,0.0,805794000.0,,474132000.0,331662000.0,,2.62,-22707000.0,36999000.0,36999000.0,148177000.0,25096000.0,2.209,0.549,75231000.0,42310000.0,32921000.0,75231000.0,12964000.0,13915000.0,0.0,0.0,0.0,39141000.0,53056000.0,0.207,53056000.0,39141000.0,38024000.0,0.124,0.12,0.124,520040000.0,,520040000.0,3046159805.0,22.0,15.995,11749000.0,0.059,1.0,108629000.0,0.423,175630000.0,1117000.0,453719000.0,,184620000.0,0.0,0.0,0.0,285754000.0,214677000.0,71077000.0,3018084805.0,21615000.0,-6756000.0,-1642000.0,31772000.0,-1177000.0,28953000.0,-43952000.0,0.0,34456000.0,2158000.0,25096000.0,25096000.0,25096000.0,0.0,0.0,0.098,69488000.0,39141000.0,149426000.0,0.0,5.804,34.161,34.476,156032000.0,0.0,15.204,3.296,3.296,203513000.0,341218000.0,256806000.0,256806000.0,18512000.0,,,,,0.0,49792000.0,1.0,198509889.0,198490500,211349250.0,1.294,630164000.0,23558000.0,12928000.0,9977000.0,3.175,259455000.0
33,SBL,MRQ,1998-06-30,1998-06-30,1998-06-30,2019-04-30,0.0,734529000.0,,431040000.0,303489000.0,,2.486,-23619000.0,15384000.0,15384000.0,138863000.0,23506000.0,2.463,0.487,43459000.0,10538000.0,32921000.0,43459000.0,12670000.0,13096000.0,0.0,0.0,0.0,35399000.0,48495000.0,0.203,48495000.0,35399000.0,34686000.0,0.12,0.111,0.12,493814000.0,,493814000.0,2232992344.0,17.0,12.48,-23126000.0,-0.116,1.0,100118000.0,0.419,162053000.0,713000.0,425539000.0,,165722000.0,0.0,0.0,0.0,240715000.0,175012000.0,65703000.0,2226569344.0,-22523000.0,6911000.0,-6350000.0,-871000.0,0.0,-7221000.0,-16708000.0,0.0,493000.0,913000.0,23506000.0,23506000.0,23506000.0,0.0,0.0,0.098,65213000.0,34905000.0,138163000.0,0.0,4.509,27.237,27.348,141436000.0,0.0,11.185,2.587,2.581,199714000.0,317299000.0,238981000.0,238981000.0,17102000.0,,,,,0.0,46949000.0,1.0,199064061.0,198645750,209850750.0,1.203,572476000.0,26019000.0,11180000.0,13641000.0,2.882,256028000.0
34,SBL,MRQ,1998-03-31,1998-03-31,1998-03-31,2019-04-30,0.0,696756000.0,,408609000.0,288147000.0,,2.38,-15667000.0,37907000.0,37907000.0,120354000.0,19630000.0,2.674,0.475,44330000.0,10493000.0,33837000.0,44330000.0,14417000.0,13168000.0,0.0,0.0,0.0,31121000.0,44289000.0,0.208,44289000.0,31121000.0,30672000.0,0.098,0.095,0.098,472411000.0,,472411000.0,1916909870.0,16.0,11.357,-13761000.0,-0.069,1.0,92956000.0,0.436,161652000.0,449000.0,388705000.0,,140593000.0,0.0,0.0,0.0,224345000.0,152822000.0,71523000.0,1926194870.0,-22063000.0,-1168000.0,825000.0,-6355000.0,-813000.0,-6343000.0,-16835000.0,0.0,1906000.0,-791000.0,19630000.0,19630000.0,19630000.0,0.0,0.0,0.092,61835000.0,31121000.0,118021000.0,0.0,4.077,25.884,26.331,126495000.0,0.0,9.716,2.38,2.383,179373000.0,293793000.0,213310000.0,213310000.0,16135000.0,,,,,0.0,44439000.0,1.0,198248761.0,198517500,208318500.0,1.075,535104000.0,25335000.0,11042000.0,9891000.0,2.696,255787000.0
35,SBL,MRQ,1997-12-31,1997-12-31,1997-12-31,2019-04-30,-7792000.0,679190000.0,,399952000.0,279238000.0,,2.275,-21400000.0,59970000.0,59970000.0,116063000.0,20117000.0,2.53,0.497,50685000.0,10384000.0,40301000.0,50685000.0,14838000.0,11480000.0,0.0,0.0,0.0,33124000.0,44604000.0,0.216,44604000.0,33124000.0,30191000.0,0.099,0.099,0.099,453742000.0,,453742000.0,,,,47795000.0,0.24,1.0,90472000.0,0.438,141924000.0,2933000.0,369875000.0,,128155000.0,0.0,0.0,0.0,225448000.0,158106000.0,67342000.0,1478299375.0,15369000.0,0.0,-12831000.0,-2972000.0,0.0,-15803000.0,-37477000.0,0.0,69195000.0,-546000.0,20117000.0,20117000.0,20117000.0,0.0,0.0,0.097,59573000.0,30899000.0,121714000.0,0.0,3.258,21.049,21.244,118745000.0,0.0,7.457,1.909,1.919,162789000.0,274976000.0,206535000.0,206535000.0,15058000.0,,,,,0.0,43254000.0,1.0,198248761.0,199486125,206539875.0,1.035,537266000.0,24908000.0,10074000.0,13580000.0,2.693,241846000.0
36,SBL,MRQ,1997-09-30,1997-09-30,1997-09-30,2019-04-30,,,,,,,,-7844000.0,,,113404000.0,18496000.0,,,,,,,,11313000.0,,0.0,0.0,30227000.0,41540000.0,0.206,41540000.0,30227000.0,29358000.0,0.092,0.089,0.092,,,,,,,14395000.0,0.072,1.0,88472000.0,0.438,,869000.0,,,,,,,,,,,9877000.0,-4266000.0,1365000.0,-100000.0,-789000.0,476000.0,-12110000.0,0.0,22239000.0,-728000.0,18496000.0,18496000.0,18496000.0,0.0,0.0,0.092,58245000.0,30227000.0,,0.0,,,,,0.0,8.679,,,,,201876000.0,201876000.0,14846000.0,,,,,0.0,42148000.0,1.0,,199442250,206847000.0,1.012,,,10862000.0,,,
37,SBL,MRQ,1997-06-30,1997-06-30,1997-06-30,2019-04-30,,,,,,,,-7911000.0,,,105181000.0,16174000.0,,,,,,,,11808000.0,,0.0,0.0,26550000.0,38358000.0,0.204,38358000.0,26550000.0,25673000.0,0.08,0.077,0.08,,,,,,,10903000.0,0.055,1.0,82482000.0,0.44,,877000.0,,,,,,,,,,,4930000.0,-1800000.0,-6074000.0,-818000.0,0.0,-6607000.0,-7211000.0,2500000.0,18814000.0,-66000.0,16174000.0,16174000.0,16174000.0,0.0,0.0,0.086,55932000.0,26550000.0,,0.0,,,,,0.0,6.642,,,,,187663000.0,187663000.0,14021000.0,,,,,0.0,40702000.0,1.0,,199270125,206263125.0,0.942,,,9499000.0,,,
38,SBL,MRQ,1997-03-31,1997-03-31,1997-03-31,2019-04-30,,,,,,,,-5524000.0,,,99216000.0,15445000.0,,,,,,,,10676000.0,,0.0,0.0,25338000.0,36014000.0,0.202,36014000.0,25338000.0,24516000.0,0.077,0.074,0.077,,,,,,,8477000.0,0.043,1.0,79055000.0,0.443,,822000.0,,,,,,,,,,,-4496000.0,-1960000.0,-1549000.0,-6350000.0,-798000.0,-8697000.0,-7484000.0,0.0,14001000.0,-2316000.0,15445000.0,15445000.0,15445000.0,0.0,0.0,0.087,53717000.0,25338000.0,,0.0,,,,,0.0,6.354,,,,,178271000.0,178271000.0,13036000.0,,,,,0.0,39543000.0,1.0,,198804375,207150750.0,0.897,,,9071000.0,,,
0,SBL,MRT,2006-09-30,2006-09-30,2006-09-30,2019-04-30,10321000.0,1861739000.0,1841561750.0,916432000.0,945307000.0,0.975,5.219,-22842000.0,280918000.0,280918000.0,979070000.0,103831000.0,2.046,0.412,0.0,0.0,0.0,0.0,145468000.0,70643000.0,0.0,0.0,0.0,166671000.0,237314000.0,0.132,237314000.0,166671000.0,154566000.0,0.42,0.42,0.42,1318192000.0,1264360250.0,1318192000.0,3581946027.0,21.0,15.094,213957000.0,0.847,1.0,816041000.0,0.455,550672000.0,12105000.0,582244000.0,652031750.0,204165000.0,0.0,0.0,0.0,543547000.0,447905000.0,95642000.0,3773477027.0,124024000.0,-1255000.0,14521000.0,-128418000.0,-5045000.0,-122928000.0,10053000.0,0.0,236799000.0,100000.0,103831000.0,103831000.0,103831000.0,0.0,0.0,0.058,651057000.0,164984000.0,360734000.0,0.0,2.863,36.342,35.381,206099000.0,0.0,14.86,2.102,2.091,213147000.0,-7858000.0,1795111000.0,1795111000.0,147063000.0,0.056,0.082,0.256,0.093,15043000.0,504964000.0,1.0,253935197.0,252586000,253474000.0,7.107,1311067000.0,350325000.0,50735000.0,7935000.0,5.191,468527000.0
1,SBL,MRT,2006-06-30,2006-06-30,2006-06-30,2019-04-30,10989000.0,1861346000.0,1827604250.0,897094000.0,964252000.0,0.973,5.092,-28718000.0,258197000.0,258197000.0,969294000.0,97196000.0,1.926,0.449,66666000.0,44444000.0,22222000.0,66666000.0,135011000.0,70355000.0,0.0,0.0,0.0,146272000.0,216627000.0,0.122,216627000.0,146272000.0,134167000.0,0.4,0.4,0.4,1284431000.0,1230142000.0,1284431000.0,2605864959.0,18.0,12.029,152183000.0,0.603,1.0,809060000.0,0.455,548546000.0,12105000.0,655607000.0,678910500.0,207099000.0,0.0,0.0,0.0,576915000.0,465662000.0,111253000.0,2738088959.0,120998000.0,-1255000.0,14521000.0,-79974000.0,-5045000.0,-70975000.0,7851000.0,0.0,180901000.0,3221000.0,97196000.0,97196000.0,97196000.0,0.0,0.0,0.055,663927000.0,145133000.0,333661000.0,0.0,2.132,28.171,26.975,213833000.0,0.0,10.79,1.54,1.531,218123000.0,-31153000.0,1778354000.0,1778354000.0,147343000.0,0.053,0.079,0.215,0.082,11807000.0,513165000.0,1.0,253761720.0,252257000,253027000.0,7.05,1312800000.0,360569000.0,36971000.0,12282000.0,5.204,431432000.0
2,SBL,MRT,2006-03-31,2006-03-31,2006-03-31,2019-04-30,8572000.0,1826857000.0,1829799750.0,788870000.0,1037987000.0,0.958,4.956,-53028000.0,210009000.0,210009000.0,978839000.0,39554000.0,1.678,0.464,77785000.0,44444000.0,33341000.0,77785000.0,118861000.0,71145000.0,0.0,0.0,0.0,74227000.0,145372000.0,0.083,145372000.0,74227000.0,62122000.0,0.17,0.17,0.17,1247568000.0,1175567000.0,1247568000.0,2904084841.0,39.0,19.977,33201000.0,0.132,1.0,774186000.0,0.442,545834000.0,12105000.0,678596000.0,688886500.0,195243000.0,0.0,0.0,0.0,579289000.0,470203000.0,109086000.0,2993695841.0,-61582000.0,-1255000.0,13842000.0,-86767000.0,-4937000.0,-77614000.0,-65572000.0,0.0,86229000.0,-4625000.0,39554000.0,39554000.0,39554000.0,0.0,0.0,0.023,701380000.0,72806000.0,340940000.0,0.0,2.4,75.686,62.235,223160000.0,0.0,10.58,1.708,1.519,219037000.0,-58306000.0,1753025000.0,1753025000.0,149317000.0,0.022,0.034,0.108,0.042,7308000.0,526735000.0,1.0,282958019.0,251711000,252713000.0,6.964,1281023000.0,374513000.0,22568000.0,11431000.0,5.089,318667000.0
3,SBL,MRT,2005-12-31,2005-12-31,2005-12-31,2019-04-30,4338000.0,1816305000.0,1840902500.0,729719000.0,1086586000.0,0.959,4.829,-68624000.0,191966000.0,191966000.0,995684000.0,32247000.0,1.467,0.504,102355000.0,57901000.0,44454000.0,102355000.0,100486000.0,70836000.0,0.0,0.0,0.0,44911000.0,115747000.0,0.066,115747000.0,44911000.0,32806000.0,0.13,0.13,0.13,1207250000.0,1138623000.0,1207250000.0,3137706529.0,70.0,27.108,43036000.0,0.172,1.0,769947000.0,0.436,537581000.0,12105000.0,691680000.0,708240750.0,182201000.0,0.0,0.0,0.0,609055000.0,497433000.0,111622000.0,3217420529.0,-78518000.0,-1255000.0,16384000.0,-112464000.0,-4937000.0,-101017000.0,-79525000.0,0.0,111660000.0,-9636000.0,32247000.0,32247000.0,32247000.0,0.0,0.0,0.018,716432000.0,53515000.0,362087000.0,0.0,2.665,99.774,98.615,240238000.0,0.0,12.82,1.822,1.815,213020000.0,-85255000.0,1765631000.0,1765631000.0,154923000.0,0.018,0.028,0.063,0.025,7275000.0,538290000.0,1.0,250968840.0,249978000,250923000.0,7.063,1278724000.0,388457000.0,559000.0,10737000.0,5.115,232286000.0
4,SBL,MRT,2005-09-30,2005-09-30,2005-09-30,2019-04-30,6044000.0,1805909000.0,1882043500.0,666876000.0,1139033000.0,0.944,4.723,-87326000.0,208203000.0,208203000.0,988236000.0,36804000.0,1.336,0.529,128489000.0,72923000.0,55566000.0,128489000.0,92273000.0,76272000.0,0.0,0.0,0.0,54994000.0,131266000.0,0.074,131266000.0,54994000.0,34962000.0,0.15,0.15,0.15,1181319000.0,1104940250.0,1181319000.0,2391032811.0,43.0,18.215,58145000.0,0.232,1.0,789019000.0,0.444,537408000.0,20032000.0,689759000.0,736832750.0,165996000.0,432000.0,0.0,432000.0,624590000.0,499028000.0,125562000.0,2352656811.0,-75689000.0,0.0,45554000.0,-143522000.0,-4832000.0,-127393000.0,-95080000.0,0.0,145471000.0,1313000.0,36804000.0,36804000.0,36804000.0,0.0,0.0,0.021,735322000.0,53697000.0,349107000.0,0.0,1.992,63.924,64.533,246672000.0,0.0,9.68,1.324,1.362,190730000.0,-109155000.0,1777255000.0,1777255000.0,162022000.0,0.02,0.033,0.075,0.031,7117000.0,542080000.0,1.0,243043059.0,250116000,250392000.0,7.106,1268501000.0,390608000.0,-1842000.0,8249000.0,5.072,167848000.0
5,SBL,MRT,2005-06-30,2005-06-30,2005-06-30,2019-04-30,5939000.0,1870128000.0,1910010250.0,746963000.0,1123165000.0,0.924,4.272,-106021000.0,188116000.0,188116000.0,974308000.0,37935000.0,1.109,0.754,226492000.0,159813000.0,66679000.0,226492000.0,80863000.0,76722000.0,0.0,0.0,0.0,66389000.0,143111000.0,0.081,143111000.0,66389000.0,46357000.0,0.15,0.15,0.15,1066131000.0,1063088250.0,1066131000.0,2368217143.0,36.0,16.548,99965000.0,0.401,1.0,790626000.0,0.448,539257000.0,20032000.0,695511000.0,732983750.0,172834000.0,80137000.0,79498000.0,639000.0,803997000.0,673736000.0,130261000.0,2396179143.0,-7530000.0,-234719000.0,45554000.0,117963000.0,-4832000.0,132123000.0,-347623000.0,0.0,205986000.0,1984000.0,37935000.0,37935000.0,37935000.0,0.0,0.0,0.021,727094000.0,63532000.0,428379000.0,0.0,2.248,63.165,65.8,250128000.0,0.0,9.87,1.358,1.396,192376000.0,-123306000.0,1764934000.0,1764934000.0,165849000.0,0.02,0.036,0.091,0.038,6544000.0,535730000.0,1.0,242773976.0,249571000,249571000.0,7.072,1330871000.0,390637000.0,8422000.0,8578000.0,5.333,73227000.0
6,SBL,MRT,2005-03-31,2005-03-31,2005-03-31,2019-04-30,10976000.0,1871268000.0,1847425000.0,709155000.0,1162113000.0,0.958,4.445,-97930000.0,269854000.0,269854000.0,950288000.0,97187000.0,1.296,0.701,241892000.0,79183000.0,162709000.0,241892000.0,80103000.0,77023000.0,0.0,0.0,0.0,131095000.0,208118000.0,0.118,208118000.0,131095000.0,111063000.0,0.39,0.39,0.39,1099792000.0,1042154250.0,1099792000.0,3541082947.0,27.0,17.015,158718000.0,0.642,1.0,819671000.0,0.463,539914000.0,20032000.0,756013000.0,744030500.0,172360000.0,75212000.0,0.0,75212000.0,771476000.0,547379000.0,224097000.0,3515934947.0,39185000.0,-235279000.0,40578000.0,135779000.0,-4743000.0,166634000.0,-389693000.0,0.0,256648000.0,5596000.0,97187000.0,97187000.0,97187000.0,0.0,0.0,0.055,584443000.0,235228000.0,399849000.0,0.0,3.197,36.177,37.154,249522000.0,0.0,14.49,1.986,2.025,111143000.0,-92824000.0,1769959000.0,1769959000.0,168335000.0,0.053,0.093,0.176,0.074,30849000.0,419286000.0,1.0,242645614.0,247404000,251286000.0,7.154,1331354000.0,394767000.0,13876000.0,8965000.0,5.381,161776000.0
7,SBL,MRT,2004-12-31,2004-12-31,2004-12-31,2019-04-30,13699000.0,1980869000.0,1777098000.0,793267000.0,1187602000.0,0.975,4.423,-88024000.0,269011000.0,269011000.0,924130000.0,81847000.0,1.207,0.847,294159000.0,118072000.0,176087000.0,294159000.0,68814000.0,77797000.0,0.0,0.0,0.0,143801000.0,221598000.0,0.128,221598000.0,143801000.0,123769000.0,0.34,0.33,0.34,1072519000.0,1000802500.0,1072519000.0,4222974984.0,29.0,19.057,136495000.0,0.563,1.0,807993000.0,0.466,542687000.0,20032000.0,806048000.0,728646750.0,207338000.0,81230000.0,0.0,81230000.0,908350000.0,657282000.0,251068000.0,4163107984.0,67624000.0,-239329000.0,20622000.0,199791000.0,-4743000.0,215670000.0,-381844000.0,0.0,224519000.0,9279000.0,81847000.0,81847000.0,81847000.0,0.0,0.0,0.047,667633000.0,140360000.0,465415000.0,0.0,3.882,50.865,50.882,241508000.0,0.0,17.3,2.403,2.422,164158000.0,-112565000.0,1732123000.0,1732123000.0,167683000.0,0.046,0.082,0.197,0.083,30133000.0,503380000.0,1.0,240642080.0,242469000,246166000.0,7.144,1438182000.0,416569000.0,41922000.0,20132000.0,5.931,135985000.0
8,SBL,MRT,2004-09-30,2004-09-30,2004-09-30,2019-04-30,1816000.0,1917776000.0,1693510250.0,761212000.0,1156564000.0,0.989,4.236,-84388000.0,281675000.0,281675000.0,900867000.0,69564000.0,1.014,0.891,341542000.0,256970000.0,84572000.0,341542000.0,65800000.0,71270000.0,0.0,0.0,0.0,126420000.0,197690000.0,0.118,197690000.0,126420000.0,115830000.0,0.29,0.29,0.29,1013911000.0,962822250.0,1013911000.0,2946603844.0,23.0,14.905,128471000.0,0.537,1.0,773723000.0,0.462,552640000.0,10590000.0,674363000.0,707966750.0,223284000.0,76211000.0,0.0,76211000.0,903865000.0,750640000.0,153225000.0,3025351844.0,110611000.0,-239218000.0,-22196000.0,256843000.0,-2338000.0,268138000.0,-376950000.0,0.0,212859000.0,6564000.0,69564000.0,69564000.0,69564000.0,0.0,0.0,0.042,551825000.0,221898000.0,431067000.0,0.0,2.984,43.49,43.586,228057000.0,0.0,12.64,1.807,1.807,99763000.0,-141022000.0,1674590000.0,1674590000.0,167954000.0,0.041,0.072,0.179,0.075,36175000.0,395268000.0,1.0,239347456.0,239342000,241402000.0,6.997,1365136000.0,391912000.0,46266000.0,9178000.0,5.704,10572000.0
9,SBL,MRT,2004-06-30,2004-06-30,2004-06-30,2019-04-30,-7537000.0,1619787000.0,1602710250.0,669770000.0,950017000.0,1.012,4.171,-65274000.0,193691000.0,193691000.0,882636000.0,63292000.0,1.432,0.649,114943000.0,7017000.0,107926000.0,114943000.0,56949000.0,72155000.0,0.0,0.0,0.0,113001000.0,185156000.0,0.114,185156000.0,113001000.0,102411000.0,0.27,0.27,0.27,982395000.0,932096750.0,982395000.0,3385566825.0,30.0,18.285,111787000.0,0.475,1.0,739912000.0,0.456,333731000.0,10590000.0,739698000.0,706003750.0,216363000.0,100004000.0,0.0,100004000.0,637392000.0,467610000.0,169782000.0,3456530825.0,45710000.0,-17826000.0,-22196000.0,-1497000.0,-4650000.0,990000.0,-138082000.0,0.0,177061000.0,5741000.0,63292000.0,63292000.0,63292000.0,0.0,0.0,0.039,528675000.0,211237000.0,413447000.0,0.0,3.518,54.612,54.593,211375000.0,0.0,14.74,2.13,2.14,110482000.0,-156408000.0,1622548000.0,1622548000.0,167642000.0,0.039,0.068,0.16,0.07,43052000.0,368189000.0,1.0,234500056.0,235531000,239541000.0,6.889,1286056000.0,390847000.0,39119000.0,0.0,5.46,202160000.0
10,SBL,MRT,2004-03-31,2004-03-31,2004-03-31,2019-04-30,3848000.0,1589960000.0,1579416250.0,677209000.0,912751000.0,0.99,4.033,-60181000.0,179033000.0,179033000.0,867964000.0,41136000.0,1.385,0.702,108069000.0,3633000.0,104436000.0,108069000.0,57322000.0,70168000.0,0.0,0.0,0.0,86063000.0,156231000.0,0.1,156231000.0,86063000.0,75473000.0,0.18,0.18,0.18,934385000.0,904672000.0,934385000.0,3170714731.0,37.0,20.295,143085000.0,0.618,1.0,695618000.0,0.445,335563000.0,10590000.0,694478000.0,686159500.0,211692000.0,99808000.0,0.0,99808000.0,655575000.0,488955000.0,166620000.0,3221485731.0,80446000.0,-19043000.0,-15778000.0,-36462000.0,-4624000.0,-51194000.0,-81339000.0,1777000.0,203266000.0,9713000.0,41136000.0,41136000.0,41136000.0,0.0,0.0,0.026,623799000.0,71819000.0,442667000.0,0.0,3.448,78.313,76.667,207522000.0,0.0,13.8,2.06,2.045,119624000.0,-185179000.0,1563582000.0,1563582000.0,163712000.0,0.026,0.045,0.125,0.055,18984000.0,457535000.0,1.0,233440995.0,231685000,239401000.0,6.749,1254397000.0,377520000.0,34337000.0,0.0,5.414,188254000.0
11,SBL,MRT,2003-12-31,2003-12-31,2003-12-31,2019-04-30,4498000.0,1646518000.0,1572384000.0,734031000.0,912487000.0,0.973,3.99,-59192000.0,150017000.0,150017000.0,856671000.0,3295000.0,1.369,0.789,99246000.0,234000.0,99012000.0,99246000.0,54344000.0,68787000.0,0.0,0.0,0.0,14491000.0,83278000.0,0.054,83278000.0,14491000.0,3901000.0,0.01,0.01,0.01,920598000.0,885439250.0,920598000.0,3971240975.0,274.0,47.687,174573000.0,0.757,1.0,673607000.0,0.44,336196000.0,10590000.0,723328000.0,675804750.0,212862000.0,102136000.0,0.0,102136000.0,725920000.0,536223000.0,189697000.0,3905066975.0,73896000.0,-14993000.0,-932000.0,-86782000.0,-4624000.0,-92338000.0,-79268000.0,0.0,233765000.0,11737000.0,3295000.0,3295000.0,3295000.0,0.0,0.0,0.002,666086000.0,7521000.0,490666000.0,0.0,4.242,1185.149,1689.0,210888000.0,0.0,16.89,2.552,2.546,152377000.0,-189669000.0,1530278000.0,1530278000.0,159068000.0,0.002,0.004,0.021,0.009,17526000.0,433837000.0,1.0,231205860.0,230710000,236449000.0,6.633,1310322000.0,411041000.0,606000.0,5468000.0,5.68,197808000.0
12,SBL,MRT,2003-09-30,2003-09-30,2003-09-30,2019-04-30,-1710000.0,1554576000.0,1553803250.0,640624000.0,913952000.0,1.018,3.861,-45279000.0,120917000.0,120917000.0,953558000.0,-49857000.0,1.277,0.745,79754000.0,275000.0,79479000.0,79754000.0,47232000.0,70263000.0,0.0,0.0,0.0,-61059000.0,9204000.0,0.006,9204000.0,-61059000.0,-67133000.0,-0.22,-0.22,-0.22,891009000.0,877224500.0,891009000.0,2889783361.0,-47.0,313.97,205487000.0,0.89,1.0,628664000.0,0.397,345202000.0,6074000.0,666511000.0,701503000.0,197184000.0,82466000.0,0.0,82466000.0,663567000.0,501700000.0,161867000.0,2755246361.0,51303000.0,-15816000.0,-2751000.0,-135663000.0,-6931000.0,-140722000.0,-65747000.0,0.0,250766000.0,7006000.0,-49857000.0,-49857000.0,-49857000.0,0.0,0.0,-0.032,674276000.0,-45612000.0,466117000.0,0.0,3.092,-55.263,-54.318,203536000.0,0.0,11.95,1.741,1.743,131562000.0,-205843000.0,1582222000.0,1582222000.0,169525000.0,-0.032,-0.057,-0.087,-0.039,12059000.0,444689000.0,1.0,230564549.0,230770000,237091000.0,6.856,1209374000.0,398071000.0,-17276000.0,0.0,5.241,138924000.0
13,SBL,MRT,2003-06-30,2003-06-30,2003-06-30,2019-04-30,-3174000.0,1526611000.0,1606915500.0,622501000.0,904110000.0,0.961,3.782,-41367000.0,97976000.0,97976000.0,955021000.0,-48320000.0,1.214,0.749,80629000.0,15278000.0,65351000.0,80629000.0,53298000.0,69245000.0,0.0,0.0,0.0,-54063000.0,15182000.0,0.01,15182000.0,-54063000.0,-63198000.0,-0.21,-0.21,-0.21,872696000.0,947320500.0,872696000.0,3134181782.0,-58.0,206.441,185138000.0,0.802,1.0,589601000.0,0.382,336366000.0,9135000.0,660321000.0,795773750.0,211539000.0,70128000.0,0.0,70128000.0,653915000.0,512577000.0,141338000.0,2999644782.0,32381000.0,-6963000.0,522000.0,-148897000.0,-4619000.0,-148371000.0,-51980000.0,0.0,226505000.0,6227000.0,-48320000.0,-48320000.0,-48320000.0,0.0,0.0,-0.031,630950000.0,-41349000.0,453139000.0,0.0,3.437,-62.079,-61.952,206069000.0,0.0,13.01,1.942,1.944,126629000.0,-215050000.0,1544622000.0,1544622000.0,161547000.0,-0.03,-0.051,-0.068,-0.035,16229000.0,417939000.0,1.0,230564549.0,230770000,236820000.0,6.693,1190245000.0,395379000.0,-14878000.0,0.0,5.158,109924000.0
14,SBL,MRT,2003-03-31,2003-03-31,2003-03-31,2019-04-30,-10345000.0,1561831000.0,1667404000.0,676176000.0,885655000.0,0.892,3.72,-32290000.0,98587000.0,98587000.0,932472000.0,-77680000.0,1.17,0.821,104817000.0,50298000.0,54519000.0,104817000.0,49761000.0,68928000.0,0.0,0.0,0.0,-92733000.0,-23805000.0,-0.016,-23805000.0,-92733000.0,-105417000.0,-0.34,-0.34,-0.34,857454000.0,1018956250.0,857454000.0,2119697767.0,-23.0,-89.044,187230000.0,0.812,1.0,554180000.0,0.373,336979000.0,12684000.0,653059000.0,911404750.0,240463000.0,54698000.0,0.0,54698000.0,704377000.0,578023000.0,126354000.0,1985160767.0,33081000.0,-9296000.0,-350000.0,-149196000.0,-4598000.0,-149521000.0,-45787000.0,-1777000.0,219520000.0,8869000.0,-77680000.0,-77680000.0,-77680000.0,0.0,0.0,-0.052,629677000.0,-75497000.0,482524000.0,0.0,2.315,-25.556,-25.324,205171000.0,0.0,8.61,1.335,1.335,140037000.0,-221665000.0,1486652000.0,1486652000.0,152884000.0,-0.047,-0.076,-0.102,-0.062,-12875000.0,379721000.0,1.0,230564549.0,230527000,230527000.0,6.449,1224852000.0,399775000.0,-27737000.0,0.0,5.313,98153000.0
15,SBL,MRT,2002-12-31,2002-12-31,2002-12-31,2019-04-30,-13096000.0,1572195000.0,1734834750.0,690416000.0,881779000.0,0.808,3.867,-30460000.0,76121000.0,76121000.0,913965000.0,-44915000.0,1.456,0.771,142295000.0,6681000.0,135614000.0,142295000.0,48724000.0,69337000.0,0.0,0.0,0.0,-44929000.0,24408000.0,0.017,24408000.0,-44929000.0,-61730000.0,-0.2,-0.2,-0.2,887739000.0,1098977750.0,887739000.0,2029777593.0,-45.0,83.16,147010000.0,0.64,1.0,487652000.0,0.348,338148000.0,16801000.0,826121000.0,1043863250.0,261096000.0,54939000.0,0.0,54939000.0,684456000.0,474100000.0,210356000.0,1895240593.0,5756000.0,-10796000.0,6302000.0,-136269000.0,-4598000.0,-134565000.0,-43632000.0,0.0,177470000.0,6483000.0,-44915000.0,-44915000.0,-44915000.0,0.0,0.0,-0.032,519379000.0,-31727000.0,427568000.0,0.0,2.135,-42.196,-41.1,208209000.0,0.0,8.22,1.352,1.346,151417000.0,-188340000.0,1401617000.0,1401617000.0,142602000.0,-0.026,-0.041,-0.043,-0.032,-64953000.0,343971000.0,1.0,230564549.0,229593000,229593000.0,6.105,1234047000.0,391324000.0,-16815000.0,0.0,5.375,216316000.0
16,SBL,MRT,2002-09-30,2002-09-30,2002-09-30,2019-04-30,0.0,1767025000.0,1768128750.0,955475000.0,811550000.0,0.757,5.085,-43816000.0,69614000.0,69614000.0,835362000.0,45197000.0,2.849,0.508,204151000.0,6695000.0,197456000.0,204151000.0,32211000.0,71189000.0,0.0,0.0,0.0,90555000.0,161744000.0,0.121,161744000.0,90555000.0,74743000.0,0.2,0.2,0.2,1171393000.0,1126821750.0,1171393000.0,1934571177.0,21.0,11.961,16713000.0,0.073,1.0,503531000.0,0.376,522654000.0,15812000.0,1043594000.0,1157838000.0,316858000.0,43936000.0,0.0,43936000.0,595632000.0,335314000.0,260318000.0,1759937177.0,-29375000.0,-12956000.0,27685000.0,-83553000.0,-2290000.0,-58158000.0,-35526000.0,0.0,60529000.0,3780000.0,45197000.0,45197000.0,45197000.0,0.0,0.0,0.034,392220000.0,111311000.0,288494000.0,0.0,1.502,38.939,38.35,226433000.0,0.0,7.67,1.314,1.32,283607000.0,337859000.0,1338893000.0,1338893000.0,161362000.0,0.026,0.04,0.078,0.068,-181030000.0,302930000.0,1.0,229457259.0,230384000,233415000.0,5.812,1244371000.0,228858000.0,29546000.0,0.0,5.401,620161000.0
17,SBL,MRT,2002-06-30,2002-06-30,2002-06-30,2019-04-30,0.0,1768565000.0,1810947750.0,948114000.0,820451000.0,0.735,5.053,-56877000.0,69283000.0,69283000.0,881849000.0,-3552000.0,3.065,0.526,243917000.0,6433000.0,237484000.0,243917000.0,29699000.0,77575000.0,0.0,0.0,0.0,32158000.0,109733000.0,0.082,109733000.0,32158000.0,14460000.0,-0.02,-0.02,-0.02,1159239000.0,1124367750.0,1159239000.0,2165523908.0,67.0,19.734,61750000.0,0.269,1.0,448725000.0,0.337,511048000.0,17698000.0,1122845000.0,1201703750.0,302642000.0,58521000.0,0.0,58521000.0,609326000.0,309306000.0,300020000.0,1948990908.0,5049000.0,-8482000.0,20039000.0,-81197000.0,-4578000.0,-65736000.0,-54215000.0,0.0,118627000.0,6373000.0,-3552000.0,-3552000.0,-3552000.0,0.0,0.0,-0.003,395811000.0,52914000.0,261922000.0,0.0,1.681,-548.702,-425.0,232355000.0,0.0,8.5,1.465,1.465,282702000.0,327109000.0,1330574000.0,1330574000.0,155165000.0,-0.002,-0.003,0.027,0.024,-187895000.0,308594000.0,1.0,229293048.0,229395000,229395000.0,5.8,1257517000.0,230857000.0,18012000.0,0.0,5.482,638808000.0
18,SBL,MRT,2002-03-31,2002-03-31,2002-03-31,2019-04-30,0.0,1831554000.0,1899272000.0,949677000.0,881877000.0,0.713,5.145,-85094000.0,72074000.0,72074000.0,1005061000.0,-40360000.0,3.041,0.555,288607000.0,6563000.0,282044000.0,288607000.0,31149000.0,85559000.0,0.0,0.0,0.0,-32892000.0,52667000.0,0.039,52667000.0,-32892000.0,-50993000.0,-0.19,-0.19,-0.19,1177540000.0,1133660000.0,1177540000.0,2807296057.0,-85.0,53.303,-57438000.0,-0.251,1.0,349874000.0,0.258,552912000.0,18101000.0,1182893000.0,1292854000.0,306751000.0,71243000.0,0.0,71243000.0,654014000.0,312282000.0,341732000.0,2571495057.0,5642000.0,-4372000.0,18183000.0,55278000.0,-2287000.0,71174000.0,-92671000.0,0.0,27656000.0,-517000.0,-40360000.0,-40360000.0,-40360000.0,0.0,0.0,-0.03,362010000.0,-12136000.0,259482000.0,0.0,2.184,-63.714,-59.158,239195000.0,0.0,11.24,1.898,1.899,279459000.0,349854000.0,1354935000.0,1354935000.0,154039000.0,-0.021,-0.036,-0.025,-0.024,-147667000.0,319077000.0,1.0,228780699.0,228881000,234286000.0,5.92,1278642000.0,219479000.0,-10633000.0,0.0,5.586,637395000.0
19,SBL,MRT,2001-12-31,2001-12-31,2001-12-31,2019-04-30,-15919000.0,1705371000.0,1953151000.0,895320000.0,810051000.0,0.762,4.398,-98026000.0,70365000.0,70365000.0,1046076000.0,-17769000.0,2.669,0.707,312121000.0,6548000.0,305573000.0,312121000.0,54489000.0,90591000.0,0.0,0.0,0.0,4590000.0,95181000.0,0.064,95181000.0,4590000.0,-17555000.0,-0.08,-0.08,-0.08,999115000.0,1150317750.0,999115000.0,3806008527.0,829.0,39.987,-140441000.0,-0.618,1.0,441380000.0,0.297,329667000.0,22145000.0,1282020000.0,1334582250.0,338165000.0,76004000.0,0.0,76004000.0,706256000.0,335440000.0,370816000.0,3626747527.0,17741000.0,-2872000.0,22721000.0,63537000.0,-3797000.0,82461000.0,-20847000.0,0.0,-42415000.0,-1458000.0,-17769000.0,-17769000.0,-17769000.0,0.0,0.0,-0.012,420086000.0,21294000.0,272486000.0,0.0,3.63,-204.105,-198.5,250784000.0,0.0,15.88,2.438,2.425,141327000.0,-138827000.0,1487456000.0,1487456000.0,149523000.0,-0.009,-0.015,0.003,0.003,-70845000.0,329044000.0,1.0,228384605.0,227173000,227173000.0,6.548,1375704000.0,389329000.0,214000.0,0.0,6.056,559880000.0
20,SBL,MRT,2001-09-30,2001-09-30,2001-09-30,2019-04-30,0.0,1938301000.0,2050108000.0,1125279000.0,813022000.0,0.634,5.086,-93063000.0,109776000.0,109776000.0,1074440000.0,-313330000.0,3.04,0.669,289037000.0,6564000.0,282473000.0,289037000.0,38580000.0,79486000.0,0.0,0.0,0.0,-424322000.0,-344836000.0,-0.265,-344836000.0,-424322000.0,-449515000.0,-1.51,-1.47,-1.51,1161577000.0,1200963000.0,1161577000.0,2705420048.0,-6.0,-7.846,-130510000.0,-0.571,1.0,225731000.0,0.174,528317000.0,25193000.0,1219057000.0,1384768500.0,311605000.0,52630000.0,0.0,52630000.0,776724000.0,370188000.0,406536000.0,2387793048.0,55344000.0,-35126000.0,125429000.0,20149000.0,-3798000.0,141780000.0,-49127000.0,0.0,-37447000.0,138000.0,-313330000.0,-313330000.0,-313330000.0,0.0,0.0,-0.241,654537000.0,-428806000.0,297872000.0,0.0,2.056,-7.621,-6.947,232075000.0,0.0,10.49,1.837,1.843,325561000.0,336999000.0,1300171000.0,1300171000.0,145304000.0,-0.153,-0.261,-0.306,-0.326,21543000.0,386411000.0,1.0,227625648.0,228372000,228372000.0,5.693,1409984000.0,280063000.0,-136185000.0,0.0,6.174,755091000.0
21,SBL,MRT,2001-06-30,2001-06-30,2001-06-30,2019-04-30,0.0,2121862000.0,1905010750.0,1198672000.0,923190000.0,0.705,5.327,-94653000.0,71333000.0,71333000.0,1035484000.0,-237187000.0,2.845,0.774,388960000.0,11097000.0,377863000.0,388960000.0,36779000.0,76371000.0,0.0,0.0,0.0,-325138000.0,-248767000.0,-0.185,-248767000.0,-325138000.0,-348946000.0,-1.15,-1.13,-1.15,1196408000.0,1126952750.0,1196408000.0,5246717953.0,-16.0,-21.091,-242881000.0,-1.081,1.0,306745000.0,0.229,530670000.0,23808000.0,1487446000.0,1341466000.0,321515000.0,130985000.0,0.0,130985000.0,925454000.0,421373000.0,504081000.0,5029523953.0,27616000.0,-35126000.0,127525000.0,96748000.0,-2887000.0,221386000.0,-41313000.0,0.0,-148228000.0,-4229000.0,-237187000.0,-237187000.0,-237187000.0,0.0,0.0,-0.177,636367000.0,-329622000.0,348193000.0,0.0,4.204,-21.205,-19.304,261535000.0,0.0,22.2,3.747,3.715,445073000.0,374980000.0,1342229000.0,1342229000.0,142028000.0,-0.125,-0.21,-0.242,-0.242,22558000.0,374244000.0,1.0,226555133.0,224597000,224597000.0,5.976,1591192000.0,272153000.0,-111759000.0,0.0,7.085,777299000.0
22,SBL,MRT,2001-03-31,2001-03-31,2001-03-31,2019-04-30,0.0,2047070000.0,1689795500.0,1163627000.0,883443000.0,0.795,5.518,-86930000.0,70651000.0,70651000.0,913708000.0,-141457000.0,2.907,0.645,287845000.0,12629000.0,275216000.0,287845000.0,31806000.0,71746000.0,0.0,0.0,0.0,-174830000.0,-103084000.0,-0.077,-103084000.0,-174830000.0,-196842000.0,-0.7,-0.7,-0.7,1244171000.0,1035413000.0,1244171000.0,5482572942.0,-31.0,-53.185,-208833000.0,-0.926,1.0,429709000.0,0.32,514192000.0,22012000.0,1349806000.0,1197417750.0,318166000.0,127045000.0,0.0,127045000.0,802899000.0,400266000.0,402633000.0,5214901942.0,45843000.0,-35126000.0,122082000.0,91687000.0,-2887000.0,210882000.0,-40222000.0,0.0,-121903000.0,-2914000.0,-141457000.0,-141457000.0,-141457000.0,0.0,0.0,-0.105,609023000.0,-179314000.0,312380000.0,0.0,4.191,-36.866,-33.238,242206000.0,0.0,23.267,3.882,3.905,461488000.0,434533000.0,1343417000.0,1343417000.0,136492000.0,-0.084,-0.137,-0.146,-0.13,24690000.0,355072000.0,1.0,224136155.0,225459000,239395000.0,5.959,1532878000.0,217658000.0,-55385000.0,0.0,6.799,763361000.0
23,SBL,MRT,2000-12-31,2000-12-31,2000-12-31,2019-04-30,-16944000.0,2093199000.0,1462820500.0,1078252000.0,1014947000.0,0.829,5.824,-83327000.0,63411000.0,63411000.0,820858000.0,-137666000.0,2.354,0.742,331082000.0,23025000.0,308057000.0,331082000.0,41409000.0,68868000.0,0.0,0.0,0.0,-171863000.0,-102995000.0,-0.085,-102995000.0,-171863000.0,-191268000.0,-0.67,-0.67,-0.67,1201696000.0,924178000.0,1201696000.0,5123253316.0,-30.0,-49.743,-195147000.0,-0.946,1.0,392405000.0,0.323,420067000.0,19405000.0,1482765000.0,1039566250.0,285413000.0,263305000.0,0.0,263305000.0,891503000.0,458038000.0,433465000.0,4953833316.0,29119000.0,-36724000.0,211343000.0,70397000.0,-2742000.0,278998000.0,-136685000.0,0.0,-111820000.0,-1374000.0,-137666000.0,-137666000.0,-137666000.0,0.0,0.0,-0.113,568752000.0,-176347000.0,325670000.0,0.0,4.122,-35.984,-35.821,234467000.0,0.0,24.0,4.083,4.082,453906000.0,408098000.0,1213263000.0,1213263000.0,127740000.0,-0.094,-0.149,-0.165,-0.142,31256000.0,326117000.0,1.0,206409722.0,206347000,206347000.0,5.88,1673132000.0,197019000.0,-53602000.0,94654000.0,8.108,620214000.0
24,SBL,MRT,2000-09-30,2000-09-30,2000-09-30,2019-04-30,0.0,1357912000.0,1201506750.0,860764000.0,497148000.0,1.121,4.195,-78914000.0,50268000.0,50268000.0,786859000.0,141822000.0,3.931,0.569,219688000.0,14881000.0,204807000.0,219688000.0,17371000.0,77037000.0,0.0,0.0,0.0,218050000.0,295087000.0,0.219,295087000.0,218050000.0,206743000.0,0.71,0.637,0.71,865536000.0,783869000.0,865536000.0,5061748062.0,23.0,17.153,-98569000.0,-0.478,1.0,560266000.0,0.416,262490000.0,11307000.0,1045847000.0,843737000.0,305924000.0,0.0,0.0,0.0,492376000.0,218995000.0,273381000.0,4932257062.0,24751000.0,6470000.0,64743000.0,139781000.0,-2742000.0,201782000.0,-154923000.0,0.0,-19655000.0,-2453000.0,141822000.0,141822000.0,141822000.0,0.0,0.0,0.105,344531000.0,215735000.0,186743000.0,0.0,5.699,34.778,33.744,234658000.0,0.0,23.958,3.661,3.669,364575000.0,585427000.0,1347125000.0,1347125000.0,91673000.0,0.118,0.181,0.258,0.162,72991000.0,247294000.0,1.0,205868150.0,206312000,220361000.0,6.53,1095422000.0,68661000.0,64921000.0,0.0,5.31,641769000.0
25,SBL,MRT,2000-06-30,2000-06-30,2000-06-30,2019-04-30,0.0,1261001000.0,1095929000.0,764155000.0,496846000.0,1.156,4.043,-75570000.0,39553000.0,39553000.0,735580000.0,132152000.0,3.682,0.519,169044000.0,18189000.0,150855000.0,169044000.0,22063000.0,75010000.0,0.0,0.0,0.0,202258000.0,277268000.0,0.219,277268000.0,202258000.0,193197000.0,0.663,0.603,0.663,830249000.0,717726000.0,830249000.0,7431829130.0,37.0,26.804,-21943000.0,-0.107,1.0,531326000.0,0.419,271678000.0,9061000.0,911253000.0,724443750.0,284741000.0,0.0,0.0,0.0,430752000.0,207561000.0,223191000.0,7379483130.0,15313000.0,4626000.0,59821000.0,76130000.0,-2695000.0,133256000.0,-171025000.0,-1000000.0,53627000.0,-545000.0,132152000.0,132152000.0,132152000.0,0.0,0.0,0.104,331383000.0,199943000.0,167309000.0,0.0,8.888,55.841,54.299,225168000.0,0.0,36.0,5.825,5.836,298164000.0,546354000.0,1266906000.0,1266906000.0,87953000.0,0.121,0.184,0.279,0.16,73584000.0,238009000.0,1.0,204985643.0,205377000,221120000.0,6.169,989323000.0,69031000.0,61045000.0,0.0,4.817,556594000.0
26,SBL,MRT,2000-03-31,2000-03-31,2000-03-31,2019-04-30,0.0,1139170000.0,1002688750.0,655527000.0,483643000.0,1.196,3.953,-70081000.0,20644000.0,20644000.0,692459000.0,123758000.0,3.253,0.425,72990000.0,9669000.0,63321000.0,72990000.0,19120000.0,70591000.0,0.0,0.0,0.0,189831000.0,260422000.0,0.217,260422000.0,189831000.0,181462000.0,0.623,0.577,0.623,799231000.0,652550750.0,799231000.0,7378362649.0,39.0,28.332,45933000.0,0.227,1.0,507152000.0,0.423,271615000.0,8369000.0,718400000.0,640624250.0,247949000.0,0.0,0.0,0.0,339939000.0,201501000.0,138438000.0,7298821649.0,-6893000.0,4626000.0,67740000.0,-22844000.0,-2695000.0,42201000.0,-164454000.0,-1000000.0,116014000.0,-654000.0,123758000.0,123758000.0,123758000.0,0.0,0.0,0.103,319636000.0,187516000.0,172712000.0,0.0,9.132,58.977,58.721,212028000.0,0.0,36.583,6.084,6.166,272285000.0,510177000.0,1199611000.0,1199611000.0,85099000.0,0.123,0.19,0.296,0.158,58872000.0,229251000.0,1.0,199512227.0,202194000,219414000.0,5.933,867555000.0,60943000.0,57704000.0,0.0,4.291,454026000.0
27,SBL,MRT,1999-12-31,1999-12-31,1999-12-31,2019-04-30,-2352000.0,1047944000.0,929077750.0,584201000.0,463743000.0,1.226,3.223,-70041000.0,30128000.0,30128000.0,654556000.0,116364000.0,2.512,0.636,109669000.0,10046000.0,99623000.0,109669000.0,31638000.0,66184000.0,0.0,0.0,0.0,179260000.0,245444000.0,0.215,245444000.0,179260000.0,171124000.0,0.59,0.55,0.59,640460000.0,588579000.0,640460000.0,5678447100.0,32.0,23.135,111755000.0,0.562,1.0,484734000.0,0.425,195449000.0,8136000.0,699448000.0,602164000.0,216709000.0,17713000.0,0.0,17713000.0,407484000.0,232588000.0,174896000.0,5624057100.0,13844000.0,0.0,-34555000.0,34479000.0,-2508000.0,-2584000.0,-163345000.0,-1000000.0,181796000.0,-2023000.0,116364000.0,116364000.0,116364000.0,0.0,0.0,0.102,307789000.0,176945000.0,188178000.0,0.0,8.781,48.332,47.881,206116000.0,0.0,28.25,4.936,4.928,252140000.0,479806000.0,1139290000.0,1139290000.0,81944000.0,0.125,0.198,0.298,0.157,26786000.0,220753000.0,1.0,199081667.0,198732000,212358000.0,5.733,852495000.0,44794000.0,54760000.0,52618000.0,4.29,351613000.0
28,SBL,MRT,1999-09-30,1999-09-30,1999-09-30,2019-04-30,0.0,935601000.0,876691500.0,511604000.0,423997000.0,1.25,3.02,-83175000.0,25517000.0,25517000.0,628681000.0,107637000.0,2.568,0.557,79907000.0,10631000.0,69276000.0,79907000.0,18264000.0,63761000.0,0.0,0.0,0.0,166636000.0,230397000.0,0.21,230397000.0,166636000.0,159108000.0,0.538,0.509,0.538,600964000.0,561196000.0,600964000.0,3035588073.0,18.0,13.175,118457000.0,0.595,1.0,466946000.0,0.426,222072000.0,7528000.0,568674000.0,565675250.0,183971000.0,0.0,0.0,0.0,334637000.0,199245000.0,135392000.0,2966914073.0,-11482000.0,-8830000.0,-40902000.0,4676000.0,-2508000.0,-38734000.0,-172053000.0,-1000000.0,201632000.0,-2327000.0,107637000.0,107637000.0,107637000.0,0.0,0.0,0.098,302683000.0,164263000.0,154767000.0,0.0,4.937,27.564,27.778,201925000.0,0.0,14.944,2.708,2.714,232698000.0,446347000.0,1095627000.0,1095627000.0,79514000.0,0.123,0.192,0.295,0.152,19760000.0,214643000.0,1.0,198529625.0,198979500,212067000.0,5.506,713529000.0,30292000.0,51471000.0,15583000.0,3.586,312359000.0
29,SBL,MRT,1999-06-30,1999-06-30,1999-06-30,2019-04-30,0.0,888040000.0,844239750.0,485963000.0,402077000.0,1.255,2.871,-87408000.0,24240000.0,24240000.0,608935000.0,101953000.0,2.8,0.559,92914000.0,10637000.0,82277000.0,92914000.0,16833000.0,59037000.0,0.0,0.0,0.0,158521000.0,217558000.0,0.205,217558000.0,158521000.0,151192000.0,0.509,0.482,0.509,569548000.0,540965000.0,569548000.0,3316107446.0,21.0,15.242,86163000.0,0.434,1.0,450468000.0,0.425,207208000.0,7329000.0,575975000.0,536936500.0,180530000.0,0.0,0.0,0.0,318492000.0,173531000.0,144961000.0,3247810446.0,8856000.0,-13742000.0,-35345000.0,49455000.0,-2355000.0,11755000.0,-175710000.0,0.0,173571000.0,-760000.0,101953000.0,101953000.0,101953000.0,0.0,0.0,0.096,294320000.0,156148000.0,123970000.0,0.0,5.702,31.856,32.198,194869000.0,0.0,16.389,3.066,3.069,214173000.0,416897000.0,1059403000.0,1059403000.0,76914000.0,0.121,0.188,0.295,0.15,13207000.0,208950000.0,1.0,198171471.0,198363000,211057500.0,5.341,680832000.0,36951000.0,49239000.0,22091000.0,3.432,312432000.0
30,SBL,MRT,1999-03-31,1999-03-31,1999-03-31,2019-04-30,0.0,844726000.0,805862000.0,466427000.0,378299000.0,1.271,2.735,-91308000.0,27537000.0,27537000.0,590602000.0,97676000.0,3.024,0.555,95834000.0,10588000.0,85246000.0,95834000.0,14517000.0,56789000.0,0.0,0.0,0.0,150989000.0,207778000.0,0.203,207778000.0,150989000.0,144411000.0,0.489,0.46,0.489,543344000.0,522031500.0,543344000.0,2702936454.0,18.0,13.009,42979000.0,0.216,1.0,433679000.0,0.423,194226000.0,6578000.0,564559000.0,499327500.0,184594000.0,0.0,0.0,0.0,301382000.0,154238000.0,147144000.0,2644030454.0,-10370000.0,-6831000.0,-41443000.0,51504000.0,-2355000.0,7706000.0,-153254000.0,0.0,134287000.0,891000.0,97676000.0,97676000.0,97676000.0,0.0,0.0,0.095,285557000.0,148122000.0,114580000.0,0.0,4.866,27.069,27.267,184073000.0,0.0,13.333,2.581,2.586,190490000.0,389114000.0,1024281000.0,1024281000.0,74065000.0,0.121,0.187,0.302,0.147,13207000.0,203145000.0,1.0,198302334.0,198690000,212902500.0,5.155,650500000.0,36297000.0,46735000.0,14553000.0,3.274,312189000.0
31,SBL,MRT,1998-12-31,1998-12-31,1998-12-31,2019-04-30,-5797000.0,838399000.0,768869500.0,479604000.0,358795000.0,1.272,2.676,-89334000.0,16284000.0,16284000.0,561920000.0,92964000.0,2.602,0.579,75190000.0,10594000.0,64596000.0,75190000.0,24580000.0,55156000.0,0.0,0.0,0.0,144574000.0,199730000.0,0.204,199730000.0,144574000.0,138751000.0,0.467,0.44,0.467,530928000.0,504298250.0,530928000.0,3805189362.0,26.0,19.052,11827000.0,0.06,1.0,415981000.0,0.425,159525000.0,5823000.0,553493000.0,455364000.0,196986000.0,0.0,0.0,0.0,307471000.0,184287000.0,123184000.0,3766957362.0,-43686000.0,-1775000.0,-33664000.0,24505000.0,-1990000.0,-11149000.0,-135564000.0,0.0,101161000.0,1866000.0,92964000.0,92964000.0,92964000.0,0.0,0.0,0.095,274274000.0,141707000.0,149938000.0,0.0,7.095,40.521,40.566,174867000.0,0.0,18.944,3.852,3.844,205416000.0,365950000.0,977901000.0,977901000.0,71090000.0,0.121,0.184,0.317,0.148,13207000.0,194775000.0,1.0,198842371.0,198436500,210721500.0,4.928,678874000.0,34428000.0,45787000.0,9858000.0,3.421,295317000.0
32,SBL,MRT,1998-09-30,1998-09-30,1998-09-30,2019-04-30,0.0,805794000.0,729067250.0,474132000.0,331662000.0,1.256,2.62,-83393000.0,36999000.0,36999000.0,523457000.0,88349000.0,2.209,0.549,75231000.0,42310000.0,32921000.0,75231000.0,12964000.0,51659000.0,0.0,0.0,0.0,138785000.0,190444000.0,0.208,190444000.0,138785000.0,133573000.0,0.441,0.425,0.441,520040000.0,485001750.0,520040000.0,3046159805.0,22.0,15.995,22657000.0,0.114,1.0,392175000.0,0.428,175630000.0,5212000.0,453719000.0,409459500.0,184620000.0,0.0,0.0,0.0,285754000.0,214677000.0,71077000.0,3018084805.0,-7602000.0,-1013000.0,-19998000.0,21574000.0,-1990000.0,-414000.0,-114972000.0,0.0,106050000.0,1734000.0,88349000.0,88349000.0,88349000.0,0.0,0.0,0.096,256109000.0,136066000.0,149426000.0,0.0,5.804,34.161,34.476,156032000.0,0.0,15.204,3.296,3.296,203513000.0,341218000.0,915632000.0,915632000.0,66807000.0,0.121,0.182,0.339,0.152,0.0,184434000.0,1.0,198509889.0,198490500,211349250.0,4.613,630164000.0,23558000.0,45224000.0,9977000.0,3.175,259455000.0
33,SBL,MRT,1998-06-30,1998-06-30,1998-06-30,2019-04-30,0.0,734529000.0,,431040000.0,303489000.0,,2.486,-68530000.0,15384000.0,15384000.0,488684000.0,81749000.0,2.463,0.487,43459000.0,10538000.0,32921000.0,43459000.0,12670000.0,49057000.0,0.0,0.0,0.0,129871000.0,178928000.0,0.208,178928000.0,129871000.0,124907000.0,0.409,0.394,0.409,493814000.0,,493814000.0,2232992344.0,17.0,12.48,25303000.0,0.127,1.0,372018000.0,0.432,162053000.0,4964000.0,425539000.0,,165722000.0,0.0,0.0,0.0,240715000.0,175012000.0,65703000.0,2226569344.0,-19340000.0,1477000.0,-16991000.0,-10298000.0,-1602000.0,-28891000.0,-83130000.0,0.0,93833000.0,-1152000.0,81749000.0,81749000.0,81749000.0,0.0,0.0,0.095,244866000.0,127152000.0,138163000.0,0.0,4.509,27.237,27.348,141436000.0,0.0,11.185,2.587,2.581,199714000.0,317299000.0,860702000.0,860702000.0,63141000.0,,,,0.151,0.0,176790000.0,1.0,199064061.0,198645750,209850750.0,4.333,572476000.0,26019000.0,43158000.0,13641000.0,2.882,256028000.0
34,SBL,MRT,1998-03-31,1998-03-31,1998-03-31,2019-04-30,0.0,696756000.0,,408609000.0,288147000.0,,2.38,-52822000.0,37907000.0,37907000.0,455002000.0,74417000.0,2.674,0.475,44330000.0,10493000.0,33837000.0,44330000.0,14417000.0,47769000.0,0.0,0.0,0.0,121022000.0,168791000.0,0.209,168791000.0,121022000.0,115894000.0,0.369,0.36,0.369,472411000.0,,472411000.0,1916909870.0,16.0,11.357,59332000.0,0.299,1.0,354382000.0,0.438,161652000.0,5128000.0,388705000.0,,140593000.0,0.0,0.0,0.0,224345000.0,152822000.0,71523000.0,1926194870.0,8113000.0,-7234000.0,-16715000.0,-10245000.0,-1602000.0,-28277000.0,-73633000.0,2500000.0,112154000.0,-2131000.0,74417000.0,74417000.0,74417000.0,0.0,0.0,0.092,235585000.0,118797000.0,118021000.0,0.0,4.077,25.884,26.331,126495000.0,0.0,9.716,2.38,2.383,179373000.0,293793000.0,809384000.0,809384000.0,60060000.0,,,,0.15,0.0,170543000.0,1.0,198248761.0,198517500,208318500.0,4.077,535104000.0,25335000.0,41477000.0,9891000.0,2.696,255787000.0
35,SBL,MRT,1997-12-31,1997-12-31,1997-12-31,2019-04-30,-7792000.0,679190000.0,,399952000.0,279238000.0,,2.277,-42679000.0,59970000.0,59970000.0,433864000.0,70232000.0,2.53,0.497,50685000.0,10384000.0,40301000.0,50685000.0,14838000.0,45277000.0,0.0,0.0,0.0,115239000.0,160516000.0,0.207,160516000.0,115239000.0,109738000.0,0.351,0.342,0.351,453742000.0,,453742000.0,,,,81570000.0,0.409,1.0,340481000.0,0.44,141924000.0,5501000.0,369875000.0,,128155000.0,0.0,0.0,0.0,225448000.0,158106000.0,67342000.0,1478299375.0,25680000.0,-8026000.0,-19089000.0,-10240000.0,-1587000.0,-30631000.0,-64282000.0,2500000.0,124249000.0,-3656000.0,70232000.0,70232000.0,70232000.0,0.0,0.0,0.091,227467000.0,113014000.0,121714000.0,0.0,3.258,21.049,21.244,118745000.0,0.0,7.457,1.909,1.919,162789000.0,274976000.0,774345000.0,774345000.0,56961000.0,,,,0.149,0.0,165647000.0,1.0,198248761.0,199253250,206671500.0,3.886,537266000.0,24908000.0,39506000.0,13580000.0,2.696,241846000.0
36,SBL,MRT,1997-09-30,1997-09-30,1997-09-30,2019-04-30,,,,,,,,,,,,,,,,,,,,,,0.0,0.0,,,,,,,,,,,,,,,,,,1.0,,,,,,,,,,,,,,,,,,,,,,,,,,,,,,,,,,,,,,,,8.679,,,,,,,,,,,,,,1.0,,199442250,,,,,,,,
37,SBL,MRT,1997-06-30,1997-06-30,1997-06-30,2019-04-30,,,,,,,,,,,,,,,,,,,,,,0.0,0.0,,,,,,,,,,,,,,,,,,1.0,,,,,,,,,,,,,,,,,,,,,,,,,,,,,,,,,,,,,,,,6.642,,,,,,,,,,,,,,1.0,,199270125,,,,,,,,
38,SBL,MRT,1997-03-31,1997-03-31,1997-03-31,2019-04-30,,,,,,,,,,,,,,,,,,,,,,0.0,0.0,,,,,,,,,,,,,,,,,,1.0,,,,,,,,,,,,,,,,,,,,,,,,,,,,,,,,,,,,,,,,6.354,,,,,,,,,,,,,,1.0,,198804375,,,,,,,,
39,SBL,MRT,1996-12-31,1996-12-31,1996-12-31,2019-04-30,,,,,,,,-34680000.0,,,360114000.0,50256000.0,,,,,,,,39523000.0,,0.0,0.0,85943000.0,125466000.0,0.191,125466000.0,85943000.0,81058000.0,0.255,0.243,0.255,,,,,,,-825000.0,-0.004,1.0,296561000.0,0.452,,4885000.0,,,,,,,,,,,-29360000.0,-26962000.0,4012000.0,-6814000.0,0.0,-1856000.0,-61142000.0,500000.0,33855000.0,-217000.0,50256000.0,50256000.0,50256000.0,0.0,0.0,0.077,212374000.0,84187000.0,,0.0,,,22.852,,0.0,5.827,,1.743,,,656675000.0,656675000.0,46752000.0,,,,0.131,0.0,149602000.0,,,196414875,205632000.0,3.343,,,30802000.0,,,
