None,ticker,dimension,calendardate,datekey,reportperiod,lastupdated,accoci,assets,assetsavg,assetsc,assetsnc,assetturnover,bvps,capex,cashneq,cashnequsd,cor,consolinc,currentratio,de,debt,debtc,debtnc,debtusd,deferredrev,depamor,deposits,divyield,dps,ebit,ebitda,ebitdamargin,ebitdausd,ebitusd,ebt,eps,epsdil,epsusd,equity,equityavg,equityusd,ev,evebit,evebitda,fcf,fcfps,fxusd,gp,grossmargin,intangibles,intexp,invcap,invcapavg,inventory,investments,investmentsc,investmentsnc,liabilities,liabilitiesc,liabilitiesnc,marketcap,ncf,ncfbus,ncfcommon,ncfdebt,ncfdiv,ncff,ncfi,ncfinv,ncfo,ncfx,netinc,netinccmn,netinccmnusd,netincdis,netincnci,netmargin,opex,opinc,payables,payoutratio,pb,pe,pe1,ppnenet,prefdivis,price,ps,ps1,receivables,retearn,revenue,revenueusd,rnd,roa,roe,roic,ros,sbcomp,sgna,sharefactor,sharesbas,shareswa,shareswadil,sps,tangibles,taxassets,taxexp,taxliabilities,tbvps,workingcapital
0,DPHIQ,MRY,2008-12-31,2008-12-31,2008-12-31,2021-06-10,-5086000000.0,10306000000.0,12812000000.0,6257000000.0,4049000000.0,1.41,-25.509,-581000000.0,1362000000.0,1362000000.0,17068000000.0,3037000000.0,0.742,-1.706,4174000000.0,4174000000.0,0.0,4174000000.0,0.0,827000000.0,0.0,0.0,0.0,3640000000.0,4467000000.0,0.247,4467000000.0,3640000000.0,3203000000.0,5.38,5.38,5.38,-14403000000.0,-13084500000.0,-14403000000.0,2410939059.0,1.0,0.54,-345000000.0,-0.611,1.0,992000000.0,0.055,0.0,437000000.0,4691000000.0,5876750000.0,1227000000.0,297000000.0,0.0,297000000.0,24572000000.0,8427000000.0,16145000000.0,16939059.0,-77000000.0,0.0,0.0,579000000.0,0.0,465000000.0,-739000000.0,219000000.0,236000000.0,-39000000.0,3037000000.0,3037000000.0,3037000000.0,19000000.0,0.0,0.168,2473000000.0,-1481000000.0,1703000000.0,0.0,-0.001,0.006,0.006,3299000000.0,0.0,0.03,0.001,0.001,799000000.0,-12064000000.0,18060000000.0,18060000000.0,0.0,0.237,-0.232,0.619,0.202,0.0,1460000000.0,1.0,564635299.0,564635299.0,,31.985,10306000000.0,0.0,166000000.0,0.0,18.252,-2170000000.0
1,DPHIQ,MRY,2007-12-31,2007-12-31,2007-12-31,2021-06-10,-1233000000.0,13667000000.0,14977500000.0,8219000000.0,5448000000.0,1.488,-23.981,-451000000.0,1209000000.0,1209000000.0,21066000000.0,-3065000000.0,0.904,-2.002,3554000000.0,3495000000.0,59000000.0,3554000000.0,0.0,914000000.0,0.0,0.0,0.0,-2818000000.0,-1904000000.0,-0.085,-1904000000.0,-2818000000.0,-3587000000.0,-5.45,-5.45,-5.45,-13472000000.0,-13097750000.0,-13472000000.0,19382649423.0,-7.0,-10.18,-740000000.0,-1.317,1.0,1217000000.0,0.055,397000000.0,769000000.0,6523000000.0,20913000000.0,1808000000.0,387000000.0,0.0,387000000.0,26976000000.0,9092000000.0,17884000000.0,78649423.0,-572000000.0,0.0,0.0,-6000000.0,0.0,-58000000.0,-339000000.0,191000000.0,-289000000.0,114000000.0,-3065000000.0,-3065000000.0,-3065000000.0,757000000.0,0.0,-0.138,3162000000.0,-1945000000.0,2904000000.0,0.0,-0.006,-0.026,-0.026,3863000000.0,0.0,0.14,0.004,0.004,1257000000.0,-14976000000.0,22283000000.0,22283000000.0,0.0,-0.205,0.234,-0.135,-0.126,0.0,1595000000.0,1.0,561781590.0,561781590.0,,39.665,13270000000.0,0.0,-522000000.0,0.0,23.621,-873000000.0
2,DPHIQ,MRY,2006-12-31,2006-12-31,2006-12-31,2021-06-10,-2885000000.0,15392000000.0,16729000000.0,9916000000.0,5476000000.0,1.359,-21.459,-537000000.0,1754000000.0,1754000000.0,21966000000.0,-5464000000.0,1.18,-2.262,3342000000.0,3295000000.0,47000000.0,3342000000.0,0.0,954000000.0,0.0,0.0,0.0,-4907000000.0,-3953000000.0,-0.174,-3953000000.0,-4907000000.0,-5334000000.0,-9.73,-9.73,-9.73,-12055000000.0,-9151500000.0,-12055000000.0,19200005674.0,-4.0,-4.857,-528000000.0,-0.94,1.0,771000000.0,0.034,429000000.0,427000000.0,8147000000.0,21282250000.0,1924000000.0,409000000.0,0.0,409000000.0,27265000000.0,8404000000.0,18861000000.0,2146005674.0,-588000000.0,0.0,0.0,-138000000.0,0.0,-122000000.0,-554000000.0,173000000.0,9000000.0,79000000.0,-5464000000.0,-5464000000.0,-5464000000.0,326000000.0,0.0,-0.24,5313000000.0,-4542000000.0,2585000000.0,0.0,-0.178,-0.393,-0.393,4066000000.0,0.0,3.82,0.094,0.094,1817000000.0,-11893000000.0,22737000000.0,22737000000.0,0.0,-0.327,0.597,-0.231,-0.216,0.0,1481000000.0,1.0,561781590.0,561781590.0,,40.473,14963000000.0,164000000.0,130000000.0,0.0,26.635,1512000000.0
3,DPHIQ,MRY,2005-12-31,2005-12-31,2005-12-31,2021-06-10,-2514000000.0,17023000000.0,16935500000.0,9554000000.0,7469000000.0,1.381,-11.116,-963000000.0,2257000000.0,2257000000.0,22265000000.0,-2357000000.0,1.404,-3.701,3390000000.0,3117000000.0,273000000.0,3390000000.0,0.0,1010000000.0,0.0,0.155,0.045,-2102000000.0,-1092000000.0,-0.047,-1092000000.0,-2102000000.0,-2420000000.0,-4.21,-4.21,-4.21,-6245000000.0,-5051750000.0,-6245000000.0,3865916661.0,-2.0,-3.54,-780000000.0,-1.388,1.0,1129000000.0,0.048,1308000000.0,318000000.0,10045000000.0,9261750000.0,1874000000.0,418000000.0,0.0,418000000.0,23111000000.0,6803000000.0,16308000000.0,162916661.0,1300000000.0,245000000.0,0.0,2074000000.0,-64000000.0,1952000000.0,-794000000.0,152000000.0,183000000.0,-41000000.0,-2357000000.0,-2357000000.0,-2357000000.0,210000000.0,0.0,-0.101,3109000000.0,-1980000000.0,2494000000.0,-0.011,-0.026,-0.069,-0.069,5108000000.0,0.0,0.29,0.007,0.007,1920000000.0,-6429000000.0,23394000000.0,23394000000.0,0.0,-0.139,0.467,-0.227,-0.09,0.0,1534000000.0,1.0,561781590.0,561781590.0,,41.643,15715000000.0,110000000.0,-63000000.0,0.0,27.974,2751000000.0
4,DPHIQ,MRY,2004-12-31,2004-12-31,2004-12-31,2021-06-10,-2253000000.0,16559000000.0,20159500000.0,7716000000.0,8843000000.0,1.42,-6.459,-914000000.0,964000000.0,964000000.0,25989000000.0,-4818000000.0,1.151,-5.513,2980000000.0,507000000.0,2473000000.0,2980000000.0,0.0,1144000000.0,0.0,0.031,0.28,-443000000.0,701000000.0,0.024,701000000.0,-443000000.0,-675000000.0,-8.59,-8.59,-8.59,-3625000000.0,210500000.0,-3625000000.0,7354953455.0,-17.0,10.492,611000000.0,1.089,1.0,2633000000.0,0.092,1922000000.0,232000000.0,9951000000.0,13698250000.0,1958000000.0,0.0,0.0,0.0,19986000000.0,6702000000.0,13284000000.0,5061953455.0,71000000.0,-61000000.0,2000000.0,-507000000.0,-157000000.0,-685000000.0,-818000000.0,65000000.0,1525000000.0,49000000.0,-4818000000.0,-4818000000.0,-4818000000.0,0.0,0.0,-0.168,3115000000.0,-482000000.0,3504000000.0,-0.033,-1.396,-1.051,-1.05,5946000000.0,0.0,9.02,0.177,0.177,2908000000.0,-4047000000.0,28622000000.0,28622000000.0,0.0,-0.239,-22.888,-0.032,-0.015,0.0,1599000000.0,1.0,561192179.0,561192179.0,,51.002,14637000000.0,120000000.0,4143000000.0,0.0,26.082,1014000000.0
5,DPHIQ,MRY,2003-12-31,2003-12-31,2003-12-31,2021-06-10,-2142000000.0,21066000000.0,20007750000.0,7870000000.0,13196000000.0,1.403,2.581,-1046000000.0,893000000.0,893000000.0,25272000000.0,-10000000.0,1.173,13.452,3456000000.0,892000000.0,2564000000.0,3456000000.0,0.0,1120000000.0,0.0,0.027,0.28,132000000.0,1252000000.0,0.045,1252000000.0,132000000.0,-79000000.0,-0.02,-0.02,-0.02,1446000000.0,1447750000.0,1446000000.0,7723621558.0,59.0,6.169,-176000000.0,-0.314,1.0,2805000000.0,0.1,2021000000.0,211000000.0,14899000000.0,14893250000.0,1796000000.0,0.0,0.0,0.0,19452000000.0,6709000000.0,12743000000.0,5720621558.0,-135000000.0,-39000000.0,1000000.0,187000000.0,-157000000.0,4000000.0,-1060000000.0,0.0,870000000.0,51000000.0,-10000000.0,-10000000.0,-10000000.0,0.0,0.0,0.0,2716000000.0,89000000.0,3133000000.0,-14.0,3.956,-572.062,-510.5,6399000000.0,0.0,10.21,0.204,0.204,4545000000.0,997000000.0,28077000000.0,28077000000.0,0.0,0.0,-0.007,0.009,0.005,0.0,1596000000.0,1.0,560295941.0,560295941.0,,50.111,19045000000.0,4328000000.0,-69000000.0,0.0,33.991,1161000000.0
6,DPHIQ,MRY,2002-12-31,2002-12-31,2002-12-31,2021-06-10,-2591000000.0,19438000000.0,19307750000.0,7664000000.0,11774000000.0,1.432,2.509,-1087000000.0,1014000000.0,1014000000.0,24307000000.0,318000000.0,1.308,12.874,2930000000.0,846000000.0,2084000000.0,2930000000.0,0.0,1002000000.0,0.0,0.035,0.28,660000000.0,1662000000.0,0.06,1662000000.0,660000000.0,450000000.0,0.57,0.57,0.57,1401000000.0,2103250000.0,1401000000.0,7243168139.0,11.0,4.358,926000000.0,1.658,1.0,3334000000.0,0.121,1450000000.0,210000000.0,14044000000.0,14706500000.0,1962000000.0,0.0,0.0,0.0,18037000000.0,5860000000.0,12177000000.0,4495168139.0,272000000.0,0.0,-26000000.0,-436000000.0,-157000000.0,-630000000.0,-1067000000.0,0.0,2013000000.0,-44000000.0,318000000.0,318000000.0,318000000.0,0.0,0.0,0.012,2696000000.0,638000000.0,2896000000.0,0.491,3.209,14.136,14.123,5944000000.0,0.0,8.05,0.163,0.163,4016000000.0,1454000000.0,27641000000.0,27641000000.0,0.0,0.016,0.151,0.045,0.024,0.0,1469000000.0,1.0,558405980.0,558405980.0,,49.5,17988000000.0,4080000000.0,132000000.0,0.0,32.213,1804000000.0
7,DPHIQ,MRY,2001-12-31,2001-12-31,2001-12-31,2021-06-10,-830000000.0,18602000000.0,18741000000.0,7498000000.0,11104000000.0,1.392,4.127,-1057000000.0,757000000.0,757000000.0,23257000000.0,-396000000.0,1.282,7.046,3353000000.0,1270000000.0,2083000000.0,3353000000.0,0.0,1150000000.0,0.0,0.02,0.28,-347000000.0,803000000.0,0.031,803000000.0,-347000000.0,-569000000.0,-0.71,-0.71,-0.71,2312000000.0,3033000000.0,2312000000.0,10409797232.0,-30.0,12.964,303000000.0,0.541,1.0,2831000000.0,0.109,630000000.0,222000000.0,14718000000.0,14946000000.0,1621000000.0,0.0,0.0,0.0,16290000000.0,5850000000.0,10440000000.0,7652797232.0,-3000000.0,-276000000.0,6000000.0,163000000.0,-156000000.0,13000000.0,-1353000000.0,0.0,1360000000.0,-23000000.0,-396000000.0,-396000000.0,-396000000.0,0.0,0.0,-0.015,3156000000.0,-325000000.0,2779000000.0,-0.394,3.31,-19.325,-19.239,5724000000.0,0.0,13.66,0.293,0.293,4607000000.0,1343000000.0,26088000000.0,26088000000.0,0.0,-0.021,-0.131,-0.023,-0.013,0.0,1470000000.0,1.0,560234058.0,560234058.0,,46.566,17972000000.0,3471000000.0,-173000000.0,0.0,32.079,1648000000.0
8,DPHIQ,MRY,2000-12-31,2000-12-31,2000-12-31,2021-06-10,-463000000.0,18521000000.0,18761500000.0,8603000000.0,9918000000.0,1.553,6.728,-1272000000.0,760000000.0,760000000.0,24744000000.0,1062000000.0,1.378,3.918,3182000000.0,1559000000.0,1623000000.0,3182000000.0,0.0,936000000.0,0.0,0.025,0.28,1850000000.0,2786000000.0,0.096,2786000000.0,1850000000.0,1667000000.0,1.89,1.88,1.89,3766000000.0,3581750000.0,3766000000.0,8408623032.0,5.0,3.018,-1004000000.0,-1.794,1.0,4395000000.0,0.151,0.0,183000000.0,14700000000.0,14117500000.0,1707000000.0,0.0,0.0,0.0,14755000000.0,6243000000.0,8512000000.0,6297623032.0,-786000000.0,-897000000.0,-49000000.0,1410000000.0,-157000000.0,1094000000.0,-2054000000.0,0.0,268000000.0,-94000000.0,1062000000.0,1062000000.0,1062000000.0,0.0,0.0,0.036,2702000000.0,1693000000.0,2871000000.0,0.148,1.672,5.93,5.952,5718000000.0,0.0,11.25,0.216,0.216,5358000000.0,1869000000.0,29139000000.0,29139000000.0,0.0,0.057,0.297,0.131,0.063,0.0,1715000000.0,1.0,559788714.0,559788714.0,,52.054,18521000000.0,2612000000.0,605000000.0,0.0,33.086,2360000000.0
9,DPHIQ,MRY,1999-12-31,1999-12-31,1999-12-31,2021-06-10,-324000000.0,18350000000.0,18226750000.0,9811000000.0,8539000000.0,1.602,5.704,-1200000000.0,1546000000.0,1546000000.0,25035000000.0,1083000000.0,1.456,4.734,1757000000.0,117000000.0,1640000000.0,1757000000.0,0.0,856000000.0,0.0,0.013,0.21,1853000000.0,2709000000.0,0.093,2709000000.0,1853000000.0,1721000000.0,1.96,1.95,1.96,3200000000.0,3488250000.0,3200000000.0,9384750000.0,5.0,3.464,-2414000000.0,-4.303,1.0,4157000000.0,0.142,0.0,132000000.0,11824000000.0,13567500000.0,1749000000.0,0.0,0.0,0.0,15150000000.0,6737000000.0,8413000000.0,8835750000.0,551000000.0,0.0,1554000000.0,1403000000.0,-79000000.0,2878000000.0,-1055000000.0,0.0,-1214000000.0,-58000000.0,1083000000.0,1083000000.0,1083000000.0,0.0,0.0,0.037,2475000000.0,1682000000.0,3096000000.0,0.107,2.761,8.159,8.036,5106000000.0,0.0,15.75,0.303,0.303,5372000000.0,964000000.0,29192000000.0,29192000000.0,0.0,0.059,0.31,0.137,0.063,0.0,1619000000.0,1.0,561000000.0,561000000.0,,52.036,18350000000.0,3001000000.0,638000000.0,0.0,32.709,3074000000.0
10,DPHIQ,MRY,1998-12-31,1998-12-31,1998-12-31,2021-06-10,-68000000.0,15506000000.0,15266000000.0,6405000000.0,9101000000.0,1.866,0.016,-1381000000.0,995000000.0,995000000.0,26135000000.0,-93000000.0,1.579,1721.889,3500000000.0,359000000.0,3141000000.0,3500000000.0,0.0,1102000000.0,0.0,,0.0,11000000.0,1113000000.0,0.039,1113000000.0,11000000.0,-266000000.0,-0.2,-0.2,-0.2,9000000.0,-202000000.0,9000000.0,,,,-532000000.0,-0.942,1.0,2344000000.0,0.082,0.0,277000000.0,13954000000.0,13712500000.0,1770000000.0,5000000.0,5000000.0,0.0,15497000000.0,4057000000.0,11440000000.0,,6000000.0,0.0,0.0,0.0,0.0,384000000.0,-1216000000.0,0.0,849000000.0,-11000000.0,-93000000.0,-93000000.0,-93000000.0,0.0,0.0,-0.003,2565000000.0,-221000000.0,2260000000.0,0.0,,,,4965000000.0,0.0,,,,3213000000.0,0.0,28479000000.0,28479000000.0,0.0,-0.006,0.46,0.001,0.0,0.0,1463000000.0,1.0,565000000.0,565000000.0,,50.405,15506000000.0,3098000000.0,-173000000.0,0.0,27.444,2348000000.0
11,DPHIQ,MRY,1997-12-31,1997-12-31,1997-12-31,2021-06-10,-78000000.0,15026000000.0,15208000000.0,6378000000.0,8648000000.0,2.068,-0.731,-1383000000.0,989000000.0,989000000.0,27710000000.0,215000000.0,1.569,-37.383,3500000000.0,159000000.0,3341000000.0,3500000000.0,0.0,1970000000.0,0.0,,0.0,546000000.0,2516000000.0,0.08,2516000000.0,546000000.0,259000000.0,0.46,0.46,0.46,-413000000.0,254500000.0,-413000000.0,,,,1535000000.0,2.717,1.0,3737000000.0,0.119,0.0,287000000.0,13471000000.0,13817500000.0,1868000000.0,11000000.0,11000000.0,0.0,15439000000.0,4066000000.0,11373000000.0,,18000000.0,0.0,0.0,0.0,0.0,-1549000000.0,-1320000000.0,18000000.0,2918000000.0,-31000000.0,215000000.0,215000000.0,215000000.0,0.0,0.0,0.007,3385000000.0,352000000.0,2243000000.0,0.0,,,,4600000000.0,0.0,,,,3266000000.0,,31447000000.0,31447000000.0,0.0,0.014,0.845,0.04,0.017,0.0,1415000000.0,1.0,565000000.0,565000000.0,,55.658,15026000000.0,3190000000.0,44000000.0,0.0,26.595,2312000000.0
12,DPHIQ,MRY,1996-12-31,1996-12-31,1996-12-31,2021-06-10,5000000.0,15390000000.0,,6204000000.0,9186000000.0,,,-1177000000.0,971000000.0,971000000.0,27471000000.0,853000000.0,1.652,15.692,3500000000.0,148000000.0,3352000000.0,3500000000.0,0.0,843000000.0,0.0,,0.0,1388000000.0,2231000000.0,0.072,2231000000.0,1388000000.0,1112000000.0,1.83,1.83,1.83,922000000.0,,922000000.0,,,,1524000000.0,,1.0,3561000000.0,0.115,0.0,276000000.0,14164000000.0,,2013000000.0,29000000.0,29000000.0,0.0,14468000000.0,3755000000.0,10713000000.0,,15000000.0,-54000000.0,0.0,0.0,0.0,-1686000000.0,-995000000.0,15000000.0,2701000000.0,-5000000.0,853000000.0,853000000.0,853000000.0,0.0,0.0,0.027,2288000000.0,1273000000.0,2203000000.0,0.0,,,,5241000000.0,0.0,,,,2852000000.0,,31032000000.0,31032000000.0,0.0,,,,0.045,0.0,1445000000.0,1.0,,,,,15390000000.0,2735000000.0,259000000.0,0.0,,2449000000.0
13,DPHIQ,MRY,1995-12-31,1995-12-31,1995-12-31,2021-06-10,,,,,,,,-1155000000.0,,,27384000000.0,1307000000.0,,,,,,,,773000000.0,,,0.0,2239000000.0,3012000000.0,0.095,3012000000.0,2239000000.0,1946000000.0,2.81,2.81,2.81,,,,,,,215000000.0,,1.0,4277000000.0,0.135,,293000000.0,,,,,,,,,,,-28000000.0,-136000000.0,0.0,0.0,0.0,-263000000.0,-1141000000.0,-28000000.0,1370000000.0,6000000.0,1307000000.0,1307000000.0,1307000000.0,0.0,0.0,0.041,2139000000.0,2138000000.0,,0.0,,,,,0.0,,,,,,31661000000.0,31661000000.0,0.0,,,,0.071,0.0,1366000000.0,1.0,,,,,,,639000000.0,,,
0,DPHIQ,MRQ,2009-06-30,2009-06-30,2009-06-30,2021-06-10,-5030000000.0,9329000000.0,,5493000000.0,3836000000.0,,-25.5,-69000000.0,1150000000.0,1150000000.0,2686000000.0,-592000000.0,0.642,-1.639,4250000000.0,4250000000.0,0.0,4250000000.0,0.0,167000000.0,0.0,0.0,0.0,-410000000.0,-243000000.0,-0.088,-243000000.0,-410000000.0,-578000000.0,-1.07,-1.07,-1.07,-14398000000.0,,-14398000000.0,3184524611.0,1.0,0.584,-110000000.0,-0.195,1.0,89000000.0,0.032,0.0,168000000.0,3879000000.0,,1053000000.0,275000000.0,0.0,275000000.0,23599000000.0,8550000000.0,15049000000.0,39524611.0,173000000.0,12000000.0,0.0,86000000.0,0.0,57000000.0,128000000.0,45000000.0,-41000000.0,29000000.0,-603000000.0,-603000000.0,-603000000.0,28000000.0,11000000.0,-0.217,464000000.0,-375000000.0,1568000000.0,0.0,-0.003,0.01,0.01,3102000000.0,0.0,0.07,0.003,0.003,533000000.0,-12115000000.0,2775000000.0,2775000000.0,0.0,,,,,0.0,240000000.0,1.0,564637307.0,564637307.0,,4.915,9329000000.0,0.0,25000000.0,0.0,16.522,-3057000000.0
1,DPHIQ,MRQ,2009-03-31,2009-03-31,2009-03-31,2021-06-10,-5246000000.0,9414000000.0,,5478000000.0,3936000000.0,,-24.814,-158000000.0,1099000000.0,1099000000.0,2632000000.0,556000000.0,0.66,-1.662,4244000000.0,4244000000.0,0.0,4244000000.0,0.0,172000000.0,0.0,0.0,0.0,638000000.0,810000000.0,0.321,810000000.0,638000000.0,501000000.0,0.98,0.98,0.98,-14011000000.0,,-14011000000.0,2900878118.0,1.0,0.533,-377000000.0,-0.668,1.0,-107000000.0,-0.042,0.0,137000000.0,4256000000.0,,1130000000.0,280000000.0,0.0,280000000.0,23290000000.0,8303000000.0,14987000000.0,33878118.0,-309000000.0,4000000.0,0.0,100000000.0,0.0,97000000.0,-168000000.0,43000000.0,-219000000.0,-19000000.0,552000000.0,552000000.0,552000000.0,-31000000.0,4000000.0,0.219,-717000000.0,610000000.0,1567000000.0,0.0,-0.002,0.008,0.008,3214000000.0,0.0,0.06,0.002,0.002,695000000.0,-11512000000.0,2525000000.0,2525000000.0,0.0,,,,,0.0,255000000.0,1.0,564635299.0,564635299.0,,4.472,9414000000.0,0.0,-51000000.0,0.0,16.673,-2825000000.0
2,DPHIQ,MRQ,2008-12-31,2008-12-31,2008-12-31,2021-06-10,-5086000000.0,10306000000.0,,6257000000.0,4049000000.0,,-25.509,-26000000.0,1362000000.0,1362000000.0,3233000000.0,-1041000000.0,0.742,-1.706,4174000000.0,4174000000.0,0.0,4174000000.0,0.0,192000000.0,0.0,0.0,0.0,-828000000.0,-636000000.0,-0.199,-636000000.0,-828000000.0,-953000000.0,-1.85,-1.85,-1.85,-14403000000.0,,-14403000000.0,2410939059.0,1.0,0.54,-279000000.0,-0.494,1.0,-36000000.0,-0.011,0.0,125000000.0,4691000000.0,,1227000000.0,297000000.0,0.0,297000000.0,24572000000.0,8427000000.0,16145000000.0,16939059.0,-907000000.0,-107000000.0,0.0,-101000000.0,0.0,-179000000.0,-422000000.0,34000000.0,-253000000.0,-53000000.0,-1041000000.0,-1041000000.0,-1041000000.0,43000000.0,0.0,-0.326,717000000.0,-753000000.0,1703000000.0,0.0,-0.001,0.006,0.006,3299000000.0,0.0,0.03,0.001,0.001,799000000.0,-12064000000.0,3197000000.0,3197000000.0,0.0,,,,,0.0,342000000.0,1.0,564635299.0,564635299.0,,5.662,10306000000.0,0.0,88000000.0,0.0,18.252,-2170000000.0
3,DPHIQ,MRQ,2008-09-30,2008-09-30,2008-09-30,2021-06-10,-1019000000.0,13069000000.0,,8298000000.0,4771000000.0,,-16.462,-188000000.0,1977000000.0,1977000000.0,4117000000.0,5218000000.0,0.869,-2.391,4371000000.0,4314000000.0,57000000.0,4371000000.0,0.0,206000000.0,0.0,0.0,0.0,5316000000.0,5522000000.0,1.262,5522000000.0,5316000000.0,5223000000.0,9.24,9.24,9.24,-9295000000.0,,-9295000000.0,3344524471.0,1.0,0.782,900000000.0,1.594,1.0,260000000.0,0.059,239000000.0,93000000.0,5676000000.0,,1646000000.0,342000000.0,0.0,342000000.0,22225000000.0,9548000000.0,12677000000.0,39524471.0,812000000.0,1000000.0,0.0,-72000000.0,0.0,-102000000.0,-120000000.0,68000000.0,1088000000.0,-54000000.0,5218000000.0,5218000000.0,5218000000.0,-75000000.0,0.0,1.192,356000000.0,-96000000.0,2478000000.0,0.0,-0.004,0.011,0.011,3655000000.0,0.0,0.07,0.002,0.002,1105000000.0,-11023000000.0,4377000000.0,4377000000.0,0.0,,,,,0.0,377000000.0,1.0,564635299.0,564635299.0,,7.752,12830000000.0,0.0,5000000.0,0.0,22.723,-1250000000.0
4,DPHIQ,MRQ,2008-06-30,2008-06-30,2008-06-30,2021-06-10,-1086000000.0,13669000000.0,,8432000000.0,5237000000.0,,-25.843,-127000000.0,1175000000.0,1175000000.0,4452000000.0,-539000000.0,0.829,-1.928,4480000000.0,4421000000.0,59000000.0,4480000000.0,0.0,190000000.0,0.0,0.0,0.0,-443000000.0,-253000000.0,-0.052,-253000000.0,-443000000.0,-552000000.0,-0.98,-0.98,-0.98,-14580000000.0,,-14580000000.0,2828492322.0,-1.0,-1.636,-436000000.0,-0.773,1.0,394000000.0,0.081,256000000.0,109000000.0,6552000000.0,,1737000000.0,386000000.0,0.0,386000000.0,28104000000.0,10166000000.0,17938000000.0,39492322.0,-256000000.0,19000000.0,0.0,91000000.0,0.0,80000000.0,-43000000.0,55000000.0,-309000000.0,16000000.0,-551000000.0,-551000000.0,-551000000.0,28000000.0,12000000.0,-0.114,763000000.0,-369000000.0,2951000000.0,0.0,-0.003,-0.014,-0.014,3811000000.0,0.0,0.07,0.002,0.002,1108000000.0,-16241000000.0,4846000000.0,4846000000.0,0.0,,,,,0.0,356000000.0,1.0,564176022.0,564176022.0,,8.59,13413000000.0,0.0,-1000000.0,0.0,23.774,-1734000000.0
5,DPHIQ,MRQ,2008-03-31,2008-03-31,2008-03-31,2021-06-10,-1110000000.0,14204000000.0,,8793000000.0,5411000000.0,,-25.028,-234000000.0,1485000000.0,1485000000.0,4933000000.0,-577000000.0,0.879,-1.999,4274000000.0,4212000000.0,62000000.0,4274000000.0,0.0,222000000.0,0.0,0.0,0.0,-416000000.0,-194000000.0,-0.037,-194000000.0,-416000000.0,-526000000.0,-1.04,-1.04,-1.04,-14060000000.0,,-14060000000.0,2367471264.0,-1.0,-1.224,-524000000.0,-0.933,1.0,319000000.0,0.061,406000000.0,110000000.0,6588000000.0,,1844000000.0,387000000.0,0.0,387000000.0,28100000000.0,9999000000.0,18101000000.0,22471264.0,274000000.0,87000000.0,0.0,662000000.0,0.0,666000000.0,-154000000.0,62000000.0,-290000000.0,52000000.0,-589000000.0,-589000000.0,-589000000.0,58000000.0,12000000.0,-0.112,695000000.0,-376000000.0,2960000000.0,0.0,-0.002,-0.007,-0.007,3820000000.0,0.0,0.04,0.001,0.001,1226000000.0,-15690000000.0,5252000000.0,5252000000.0,0.0,,,,,0.0,364000000.0,1.0,561781590.0,561781590.0,,9.349,13798000000.0,0.0,63000000.0,0.0,24.561,-1206000000.0
6,DPHIQ,MRQ,2007-12-31,2007-12-31,2007-12-31,2021-06-10,-1233000000.0,13667000000.0,,8219000000.0,5448000000.0,,-23.981,-48000000.0,1209000000.0,1209000000.0,4995000000.0,-542000000.0,0.904,-2.002,3554000000.0,3495000000.0,59000000.0,3554000000.0,0.0,242000000.0,0.0,0.0,0.0,-1039000000.0,-797000000.0,-0.15,-797000000.0,-1039000000.0,-1180000000.0,-0.96,-0.96,-0.96,-13472000000.0,,-13472000000.0,19382649423.0,-7.0,-10.18,212000000.0,0.377,1.0,327000000.0,0.061,397000000.0,141000000.0,6523000000.0,,1808000000.0,387000000.0,0.0,387000000.0,26976000000.0,9092000000.0,17884000000.0,78649423.0,-345000000.0,-71000000.0,0.0,-548000000.0,0.0,-563000000.0,-80000000.0,41000000.0,260000000.0,38000000.0,-542000000.0,-542000000.0,-542000000.0,582000000.0,0.0,-0.102,750000000.0,-423000000.0,2904000000.0,0.0,-0.006,-0.026,-0.026,3863000000.0,0.0,0.14,0.004,0.004,1257000000.0,-14976000000.0,5322000000.0,5322000000.0,0.0,,,,,0.0,453000000.0,1.0,561781590.0,561781590.0,,9.473,13270000000.0,0.0,-638000000.0,0.0,23.621,-873000000.0
7,DPHIQ,MRQ,2007-09-30,2007-09-30,2007-09-30,2021-06-10,-1420000000.0,15441000000.0,,9422000000.0,6019000000.0,,-23.352,-115000000.0,1613000000.0,1613000000.0,5111000000.0,-1169000000.0,0.998,-2.161,20917000000.0,3966000000.0,16951000000.0,20917000000.0,0.0,215000000.0,0.0,0.0,0.0,-700000000.0,-485000000.0,-0.092,-485000000.0,-700000000.0,-1154000000.0,-2.08,-2.08,-2.08,-13119000000.0,,-13119000000.0,20565419531.0,-8.0,-12.034,-228000000.0,-0.406,1.0,168000000.0,0.032,434000000.0,454000000.0,24867000000.0,,2217000000.0,428000000.0,0.0,428000000.0,28351000000.0,9444000000.0,18907000000.0,258419531.0,-44000000.0,71000000.0,0.0,56000000.0,0.0,52000000.0,-21000000.0,55000000.0,-113000000.0,38000000.0,-1169000000.0,-1169000000.0,-1169000000.0,20000000.0,0.0,-0.221,831000000.0,-663000000.0,3083000000.0,0.0,-0.02,-0.077,-0.077,4289000000.0,0.0,0.46,0.013,0.013,4959000000.0,-14434000000.0,5279000000.0,5279000000.0,0.0,,,,,0.0,384000000.0,1.0,561781590.0,561781590.0,,9.397,15007000000.0,0.0,15000000.0,0.0,26.713,-22000000.0
8,DPHIQ,MRQ,2007-06-30,2007-06-30,2007-06-30,2021-06-10,-2691000000.0,15458000000.0,,9636000000.0,5822000000.0,,-23.543,-120000000.0,1648000000.0,1648000000.0,5654000000.0,-821000000.0,1.075,-2.153,21955000000.0,3877000000.0,18078000000.0,21955000000.0,0.0,224000000.0,0.0,0.0,0.0,-682000000.0,-458000000.0,-0.076,-458000000.0,-682000000.0,-766000000.0,-1.46,-1.46,-1.46,-13226000000.0,,-13226000000.0,21013422368.0,-6.0,-7.578,-142000000.0,-0.253,1.0,346000000.0,0.058,428000000.0,84000000.0,26374000000.0,,2136000000.0,436000000.0,0.0,436000000.0,28475000000.0,8963000000.0,19512000000.0,1331422368.0,0.0,0.0,0.0,104000000.0,0.0,78000000.0,-82000000.0,59000000.0,-22000000.0,26000000.0,-821000000.0,-821000000.0,-821000000.0,13000000.0,0.0,-0.137,1032000000.0,-686000000.0,3142000000.0,0.0,-0.101,-0.319,-0.319,4340000000.0,0.0,2.37,0.065,0.065,2110000000.0,-13265000000.0,6000000000.0,6000000000.0,0.0,,,,,0.0,394000000.0,1.0,561781590.0,561781590.0,,10.68,15030000000.0,0.0,55000000.0,0.0,26.754,673000000.0
9,DPHIQ,MRQ,2007-03-31,2007-03-31,2007-03-31,2021-06-10,-2856000000.0,15344000000.0,,9412000000.0,5932000000.0,,-22.382,-168000000.0,1634000000.0,1634000000.0,5306000000.0,-533000000.0,1.08,-2.204,21316000000.0,3741000000.0,17575000000.0,21316000000.0,0.0,233000000.0,0.0,0.0,0.0,-397000000.0,-164000000.0,-0.029,-164000000.0,-397000000.0,-487000000.0,-0.95,-0.95,-0.95,-12574000000.0,,-12574000000.0,3204166611.0,-1.0,-0.77,-582000000.0,-1.036,1.0,376000000.0,0.066,427000000.0,90000000.0,25888000000.0,,2174000000.0,429000000.0,0.0,429000000.0,27710000000.0,8711000000.0,18999000000.0,1629166611.0,-183000000.0,0.0,0.0,382000000.0,0.0,375000000.0,-156000000.0,36000000.0,-414000000.0,12000000.0,-533000000.0,-533000000.0,-533000000.0,142000000.0,0.0,-0.094,630000000.0,-254000000.0,3098000000.0,0.0,-0.13,-0.289,-0.289,4473000000.0,0.0,2.9,0.076,0.076,1996000000.0,-12444000000.0,5682000000.0,5682000000.0,0.0,,,,,0.0,364000000.0,1.0,561781590.0,561781590.0,,10.114,14917000000.0,0.0,46000000.0,0.0,26.553,701000000.0
10,DPHIQ,MRQ,2006-12-31,2006-12-31,2006-12-31,2021-06-10,-2885000000.0,15392000000.0,,9916000000.0,5476000000.0,,-21.459,16000000.0,1754000000.0,1754000000.0,2781000000.0,-853000000.0,1.18,-2.262,3342000000.0,3295000000.0,47000000.0,3342000000.0,0.0,150000000.0,0.0,0.0,0.0,-752000000.0,-602000000.0,-0.218,-602000000.0,-752000000.0,-860000000.0,-1.52,-1.52,-1.52,-12055000000.0,,-12055000000.0,19200005674.0,-4.0,-4.857,247000000.0,0.44,1.0,-20000000.0,-0.007,429000000.0,108000000.0,8147000000.0,,1924000000.0,409000000.0,0.0,409000000.0,27265000000.0,8404000000.0,18861000000.0,2146005674.0,190000000.0,-24000000.0,0.0,-84000000.0,0.0,-49000000.0,-39000000.0,43000000.0,231000000.0,47000000.0,-853000000.0,-853000000.0,-853000000.0,326000000.0,0.0,-0.309,333000000.0,-353000000.0,2585000000.0,0.0,-0.178,-0.393,-0.393,4066000000.0,0.0,3.82,0.094,0.094,1817000000.0,-11893000000.0,2761000000.0,2761000000.0,0.0,,,,,0.0,326000000.0,1.0,561781590.0,561781590.0,,4.915,14963000000.0,164000000.0,-7000000.0,0.0,26.635,1512000000.0
11,DPHIQ,MRQ,2006-09-30,2006-09-30,2006-09-30,2021-06-10,-1743000000.0,16691000000.0,,9852000000.0,6839000000.0,,-17.916,-171000000.0,1593000000.0,1593000000.0,6083000000.0,-1973000000.0,1.188,-2.639,20063000000.0,3102000000.0,16961000000.0,20063000000.0,0.0,262000000.0,0.0,0.0,0.0,-1811000000.0,-1549000000.0,-0.258,-1549000000.0,-1811000000.0,-1927000000.0,-3.51,-3.51,-3.51,-10065000000.0,,-10065000000.0,17952850544.0,-4.0,-4.363,-580000000.0,-1.032,1.0,-75000000.0,-0.012,839000000.0,116000000.0,26029000000.0,,2220000000.0,403000000.0,0.0,403000000.0,26562000000.0,8293000000.0,18269000000.0,898850544.0,-545000000.0,12000000.0,0.0,-35000000.0,0.0,-43000000.0,-112000000.0,46000000.0,-409000000.0,19000000.0,-1973000000.0,-1973000000.0,-1973000000.0,0.0,0.0,-0.328,1737000000.0,-1812000000.0,2761000000.0,0.0,-0.089,-0.165,-0.165,4898000000.0,0.0,1.6,0.039,0.039,2564000000.0,-11040000000.0,6008000000.0,6008000000.0,0.0,,,,,0.0,392000000.0,1.0,561781590.0,561781590.0,,10.695,15852000000.0,0.0,46000000.0,0.0,28.217,1559000000.0
12,DPHIQ,MRQ,2006-06-30,2006-06-30,2006-06-30,2021-06-10,-1567000000.0,17514000000.0,,10221000000.0,7293000000.0,,-14.11,-137000000.0,2105000000.0,2105000000.0,6543000000.0,-2275000000.0,1.282,-3.188,19159000000.0,3109000000.0,16050000000.0,19159000000.0,0.0,272000000.0,0.0,0.0,0.0,-2120000000.0,-1848000000.0,-0.264,-1848000000.0,-2120000000.0,-2224000000.0,-4.05,-4.05,-4.05,-7927000000.0,,-7927000000.0,4658028703.0,-1.0,-1.6,143000000.0,0.255,1.0,452000000.0,0.065,1120000000.0,104000000.0,25477000000.0,,2078000000.0,452000000.0,0.0,452000000.0,25270000000.0,7971000000.0,17299000000.0,955028703.0,119000000.0,12000000.0,0.0,15000000.0,0.0,13000000.0,-171000000.0,53000000.0,280000000.0,-3000000.0,-2275000000.0,-2275000000.0,-2275000000.0,0.0,0.0,-0.325,2584000000.0,-2132000000.0,2882000000.0,0.0,-0.12,-0.225,-0.224,4996000000.0,0.0,1.7,0.041,0.041,2223000000.0,-9067000000.0,6995000000.0,6995000000.0,0.0,,,,,0.0,387000000.0,1.0,561781590.0,561781590.0,,12.451,16394000000.0,185000000.0,51000000.0,0.0,29.182,2250000000.0
13,DPHIQ,MRQ,2006-03-31,2006-03-31,2006-03-31,2021-06-10,-2471000000.0,17319000000.0,,9787000000.0,7532000000.0,,-11.675,-245000000.0,1907000000.0,1907000000.0,6559000000.0,-363000000.0,1.359,-3.616,18571000000.0,3096000000.0,15475000000.0,18571000000.0,0.0,270000000.0,0.0,0.023,0.0,-224000000.0,46000000.0,0.007,46000000.0,-224000000.0,-323000000.0,-0.65,-0.65,-0.65,-6559000000.0,,-6559000000.0,4062540218.0,-2.0,-3.96,-338000000.0,-0.602,1.0,414000000.0,0.059,1308000000.0,99000000.0,25476000000.0,,1958000000.0,430000000.0,0.0,430000000.0,23717000000.0,7199000000.0,16518000000.0,359540218.0,-352000000.0,0.0,0.0,-34000000.0,0.0,-43000000.0,-232000000.0,31000000.0,-93000000.0,16000000.0,-363000000.0,-363000000.0,-363000000.0,0.0,0.0,-0.052,659000000.0,-245000000.0,2697000000.0,0.0,-0.055,-0.155,-0.155,5082000000.0,0.0,0.64,0.015,0.015,2286000000.0,-6792000000.0,6973000000.0,6973000000.0,0.0,,,,,0.0,376000000.0,1.0,561781590.0,561781590.0,,12.412,16011000000.0,187000000.0,40000000.0,0.0,28.5,2588000000.0
14,DPHIQ,MRQ,2005-12-31,2005-12-31,2005-12-31,2021-06-10,-2514000000.0,17023000000.0,,9554000000.0,7469000000.0,,-11.116,-220000000.0,2257000000.0,2257000000.0,2938000000.0,-828000000.0,1.404,-3.701,3390000000.0,3117000000.0,273000000.0,3390000000.0,0.0,98000000.0,0.0,0.155,0.0,-862000000.0,-764000000.0,-0.237,-764000000.0,-862000000.0,-956000000.0,-1.48,-1.48,-1.48,-6245000000.0,,-6245000000.0,3865916661.0,-2.0,-3.54,572000000.0,1.018,1.0,288000000.0,0.089,1308000000.0,94000000.0,10045000000.0,,1874000000.0,418000000.0,0.0,418000000.0,23111000000.0,6803000000.0,16308000000.0,162916661.0,598000000.0,0.0,0.0,220000000.0,0.0,212000000.0,-397000000.0,41000000.0,792000000.0,-9000000.0,-828000000.0,-828000000.0,-828000000.0,210000000.0,0.0,-0.257,967000000.0,-679000000.0,2494000000.0,0.0,-0.026,-0.069,-0.069,5108000000.0,0.0,0.29,0.007,0.007,1920000000.0,-6429000000.0,3226000000.0,3226000000.0,0.0,,,,,0.0,304000000.0,1.0,561781590.0,561781590.0,,5.742,15715000000.0,110000000.0,-128000000.0,0.0,27.974,2751000000.0
15,DPHIQ,MRQ,2005-09-30,2005-09-30,2005-09-30,2021-06-10,-2470000000.0,17210000000.0,,8976000000.0,8234000000.0,,-9.465,-231000000.0,1665000000.0,1665000000.0,6221000000.0,-788000000.0,0.774,-4.208,5368000000.0,5301000000.0,67000000.0,5368000000.0,0.0,331000000.0,0.0,0.042,0.0,-677000000.0,-346000000.0,-0.055,-346000000.0,-677000000.0,-780000000.0,-1.4,-1.4,-1.4,-5314000000.0,,-5314000000.0,4486507887.0,-2.0,-5.95,-1064000000.0,-1.895,1.0,62000000.0,0.01,1854000000.0,103000000.0,7460000000.0,,1879000000.0,0.0,0.0,0.0,22363000000.0,11599000000.0,10764000000.0,1549507887.0,678000000.0,245000000.0,0.0,1425000000.0,-8000000.0,1424000000.0,78000000.0,111000000.0,-833000000.0,9000000.0,-788000000.0,-788000000.0,-788000000.0,0.0,0.0,-0.125,755000000.0,-693000000.0,3212000000.0,0.0,-0.292,-0.241,-0.24,5358000000.0,0.0,2.76,0.057,0.057,2367000000.0,-5467000000.0,6283000000.0,6283000000.0,0.0,,,,,0.0,424000000.0,1.0,561415901.0,561415901.0,,11.191,15356000000.0,142000000.0,8000000.0,0.0,27.352,-2623000000.0
16,DPHIQ,MRQ,2005-06-30,2005-06-30,2005-06-30,2021-06-10,-2496000000.0,16511000000.0,,7951000000.0,8560000000.0,,-8.117,-319000000.0,988000000.0,988000000.0,6606000000.0,-338000000.0,1.033,-4.587,3925000000.0,971000000.0,2954000000.0,3925000000.0,0.0,289000000.0,0.0,0.04,0.015,-251000000.0,38000000.0,0.005,38000000.0,-251000000.0,-318000000.0,-0.6,-0.6,-0.6,-4557000000.0,,-4557000000.0,4881593974.0,-4.0,-23.357,-624000000.0,-1.111,1.0,417000000.0,0.059,1856000000.0,67000000.0,9897000000.0,,1869000000.0,0.0,0.0,0.0,20903000000.0,7695000000.0,13208000000.0,2610593974.0,-176000000.0,0.0,0.0,508000000.0,-17000000.0,439000000.0,-294000000.0,0.0,-305000000.0,-16000000.0,-338000000.0,-338000000.0,-338000000.0,0.0,0.0,-0.048,701000000.0,-284000000.0,3568000000.0,-0.025,-0.573,-0.453,-0.452,5721000000.0,0.0,4.65,0.095,0.095,4727000000.0,-4679000000.0,7023000000.0,7023000000.0,0.0,,,,,0.0,412000000.0,1.0,561418059.0,561418059.0,,12.509,14655000000.0,174000000.0,20000000.0,0.0,26.104,256000000.0
17,DPHIQ,MRQ,2005-03-31,2005-03-31,2005-03-31,2021-06-10,-2367000000.0,16998000000.0,,8316000000.0,8682000000.0,,-7.29,-193000000.0,1164000000.0,1164000000.0,6500000000.0,-403000000.0,1.076,-5.103,3435000000.0,965000000.0,2470000000.0,3435000000.0,0.0,292000000.0,0.0,0.054,0.03,-312000000.0,-20000000.0,-0.003,-20000000.0,-312000000.0,-366000000.0,-0.73,-0.73,-0.73,-4091000000.0,,-4091000000.0,4807140962.0,-5.0,19.152,336000000.0,0.599,1.0,362000000.0,0.053,1896000000.0,54000000.0,9645000000.0,,1982000000.0,0.0,0.0,0.0,20878000000.0,7728000000.0,13150000000.0,2514140962.0,200000000.0,0.0,0.0,-79000000.0,-39000000.0,-123000000.0,-181000000.0,0.0,529000000.0,-25000000.0,-403000000.0,-403000000.0,-403000000.0,0.0,0.0,-0.059,686000000.0,-324000000.0,3673000000.0,-0.041,-0.615,-0.476,-0.475,5778000000.0,0.0,4.48,0.09,0.09,4808000000.0,-4333000000.0,6862000000.0,6862000000.0,0.0,,,,,0.0,394000000.0,1.0,561192179.0,561192179.0,,12.228,15102000000.0,180000000.0,37000000.0,0.0,26.911,588000000.0
18,DPHIQ,MRQ,2004-12-31,2004-12-31,2004-12-31,2021-06-10,-2253000000.0,16559000000.0,,7716000000.0,8843000000.0,,-6.459,-298000000.0,964000000.0,964000000.0,6674000000.0,-4905000000.0,1.151,-5.513,2980000000.0,507000000.0,2473000000.0,2980000000.0,0.0,286000000.0,0.0,0.031,0.07,-712000000.0,-426000000.0,-0.061,-426000000.0,-712000000.0,-769000000.0,-8.75,-8.75,-8.75,-3625000000.0,,-3625000000.0,7354953455.0,-17.0,10.492,400000000.0,0.713,1.0,359000000.0,0.051,1922000000.0,57000000.0,9951000000.0,,1958000000.0,0.0,0.0,0.0,19986000000.0,6702000000.0,13284000000.0,5061953455.0,46000000.0,-44000000.0,0.0,-445000000.0,-39000000.0,-485000000.0,-220000000.0,65000000.0,698000000.0,53000000.0,-4905000000.0,-4905000000.0,-4905000000.0,0.0,0.0,-0.697,1086000000.0,-727000000.0,3504000000.0,-0.008,-1.396,-1.051,-1.05,5946000000.0,0.0,9.02,0.177,0.177,2908000000.0,-4047000000.0,7033000000.0,7033000000.0,0.0,,,,,0.0,428000000.0,1.0,561192179.0,561192179.0,,12.532,14637000000.0,120000000.0,4136000000.0,0.0,26.082,1014000000.0
19,DPHIQ,MRQ,2004-09-30,2004-09-30,2004-09-30,2021-06-10,-2111000000.0,21398000000.0,,8294000000.0,13104000000.0,,2.596,-217000000.0,918000000.0,918000000.0,6074000000.0,-119000000.0,1.16,13.559,3391000000.0,911000000.0,2480000000.0,3391000000.0,0.0,293000000.0,0.0,0.03,0.07,-94000000.0,199000000.0,0.03,199000000.0,-94000000.0,-152000000.0,-0.21,-0.21,-0.21,1457000000.0,,1457000000.0,7506475343.0,19.0,4.906,21000000.0,0.037,1.0,568000000.0,0.086,1999000000.0,58000000.0,14721000000.0,,1946000000.0,0.0,0.0,0.0,19756000000.0,7151000000.0,12605000000.0,5213475343.0,237000000.0,-17000000.0,0.0,244000000.0,-39000000.0,202000000.0,-213000000.0,0.0,238000000.0,10000000.0,-119000000.0,-119000000.0,-119000000.0,0.0,0.0,-0.018,676000000.0,-108000000.0,3408000000.0,-0.333,3.578,34.757,35.731,6109000000.0,0.0,9.29,0.181,0.181,4804000000.0,966000000.0,6642000000.0,6642000000.0,0.0,,,,,0.0,383000000.0,1.0,561192179.0,561192179.0,,11.836,19399000000.0,4479000000.0,-33000000.0,0.0,34.567,1143000000.0
20,DPHIQ,MRQ,2004-06-30,2004-06-30,2004-06-30,2021-06-10,-2183000000.0,20953000000.0,,7894000000.0,13059000000.0,,2.747,-185000000.0,681000000.0,681000000.0,6607000000.0,143000000.0,1.243,12.496,3143000000.0,660000000.0,2483000000.0,3143000000.0,0.0,283000000.0,0.0,0.026,0.07,215000000.0,498000000.0,0.066,498000000.0,215000000.0,160000000.0,0.25,0.25,0.25,1539000000.0,,1539000000.0,8587487590.0,165.0,7.045,364000000.0,0.65,1.0,935000000.0,0.124,2005000000.0,55000000.0,15059000000.0,,1894000000.0,0.0,0.0,0.0,19232000000.0,6351000000.0,12881000000.0,5984487590.0,-148000000.0,0.0,2000000.0,-459000000.0,-40000000.0,-514000000.0,-171000000.0,0.0,549000000.0,-12000000.0,143000000.0,143000000.0,143000000.0,0.0,0.0,0.019,725000000.0,210000000.0,3291000000.0,0.28,3.889,-176.014,-152.571,6147000000.0,0.0,10.68,0.208,0.208,4712000000.0,1124000000.0,7542000000.0,7542000000.0,0.0,,,,,0.0,410000000.0,1.0,560345280.0,560345280.0,,13.46,18948000000.0,4437000000.0,17000000.0,0.0,33.815,1543000000.0
21,DPHIQ,MRQ,2004-03-31,2004-03-31,2004-03-31,2021-06-10,-2144000000.0,21728000000.0,,8584000000.0,13144000000.0,,2.625,-214000000.0,829000000.0,829000000.0,6564000000.0,63000000.0,1.155,13.646,3600000000.0,1114000000.0,2486000000.0,3600000000.0,0.0,282000000.0,0.0,0.028,0.07,148000000.0,430000000.0,0.058,430000000.0,148000000.0,86000000.0,0.11,0.11,0.11,1471000000.0,,1471000000.0,7935547572.0,189.0,6.674,-174000000.0,-0.311,1.0,841000000.0,0.114,2005000000.0,62000000.0,15062000000.0,,1863000000.0,0.0,0.0,0.0,20074000000.0,7432000000.0,12642000000.0,5580547572.0,-64000000.0,0.0,0.0,153000000.0,-39000000.0,112000000.0,-214000000.0,0.0,40000000.0,-2000000.0,63000000.0,63000000.0,63000000.0,0.0,0.0,0.009,698000000.0,143000000.0,3308000000.0,0.636,3.794,-78.599,-76.615,6276000000.0,0.0,9.96,0.197,0.197,5231000000.0,1021000000.0,7405000000.0,7405000000.0,0.0,,,,,0.0,378000000.0,1.0,560295941.0,560295941.0,,13.216,19723000000.0,4411000000.0,23000000.0,0.0,35.201,1152000000.0
22,DPHIQ,MRQ,2003-12-31,2003-12-31,2003-12-31,2021-06-10,-2142000000.0,21066000000.0,,7870000000.0,13196000000.0,,2.581,-312000000.0,893000000.0,893000000.0,6786000000.0,63000000.0,1.173,13.452,3456000000.0,892000000.0,2564000000.0,3456000000.0,0.0,278000000.0,0.0,0.027,0.07,125000000.0,403000000.0,0.056,403000000.0,125000000.0,62000000.0,0.11,0.11,0.11,1446000000.0,,1446000000.0,7723621558.0,59.0,6.169,-60000000.0,-0.107,1.0,465000000.0,0.064,2021000000.0,63000000.0,14899000000.0,,1796000000.0,0.0,0.0,0.0,19452000000.0,6709000000.0,12743000000.0,5720621558.0,148000000.0,-39000000.0,0.0,288000000.0,-38000000.0,250000000.0,-382000000.0,0.0,252000000.0,28000000.0,63000000.0,63000000.0,63000000.0,0.0,0.0,0.009,367000000.0,98000000.0,3133000000.0,0.636,3.956,-572.062,-510.5,6399000000.0,0.0,10.21,0.204,0.204,4545000000.0,997000000.0,7251000000.0,7251000000.0,0.0,,,,,0.0,437000000.0,1.0,560295941.0,560295941.0,,12.941,19045000000.0,4328000000.0,-1000000.0,0.0,33.991,1161000000.0
23,DPHIQ,MRQ,2003-09-30,2003-09-30,2003-09-30,2021-06-10,-2417000000.0,19934000000.0,,7836000000.0,12098000000.0,,2.235,-262000000.0,731000000.0,731000000.0,5956000000.0,-303000000.0,1.296,14.922,2734000000.0,709000000.0,2025000000.0,2734000000.0,0.0,324000000.0,0.0,0.031,0.07,-436000000.0,-112000000.0,-0.017,-112000000.0,-436000000.0,-487000000.0,-0.54,-0.54,-0.54,1252000000.0,,1252000000.0,6969678266.0,42.0,5.531,-42000000.0,-0.075,1.0,602000000.0,0.092,739000000.0,51000000.0,15154000000.0,,1742000000.0,0.0,0.0,0.0,18682000000.0,6044000000.0,12638000000.0,5070678266.0,1000000.0,0.0,0.0,89000000.0,-40000000.0,34000000.0,-247000000.0,0.0,220000000.0,-6000000.0,-303000000.0,-303000000.0,-303000000.0,0.0,0.0,-0.046,1049000000.0,-447000000.0,3221000000.0,-0.13,4.05,230.485,226.25,5928000000.0,0.0,9.05,0.181,0.181,4721000000.0,1273000000.0,6558000000.0,6558000000.0,0.0,,,,,0.0,377000000.0,1.0,560295941.0,560295941.0,,11.705,19195000000.0,4391000000.0,-184000000.0,0.0,34.259,1792000000.0
24,DPHIQ,MRQ,2003-06-30,2003-06-30,2003-06-30,2021-06-10,-2405000000.0,19630000000.0,,7668000000.0,11962000000.0,,2.95,-240000000.0,730000000.0,730000000.0,6209000000.0,106000000.0,1.255,10.875,2629000000.0,1096000000.0,1533000000.0,2629000000.0,0.0,263000000.0,0.0,0.032,0.07,205000000.0,468000000.0,0.066,468000000.0,205000000.0,156000000.0,0.19,0.19,0.19,1653000000.0,,1653000000.0,6810220801.0,9.0,3.861,126000000.0,0.225,1.0,882000000.0,0.124,738000000.0,49000000.0,14683000000.0,,1833000000.0,0.0,0.0,0.0,17977000000.0,6108000000.0,11869000000.0,4835220801.0,-25000000.0,0.0,0.0,-148000000.0,-40000000.0,-189000000.0,-226000000.0,0.0,366000000.0,24000000.0,106000000.0,106000000.0,106000000.0,0.0,0.0,0.015,682000000.0,200000000.0,3265000000.0,0.368,2.925,12.758,12.691,6023000000.0,0.0,8.63,0.173,0.173,4434000000.0,1666000000.0,7091000000.0,7091000000.0,0.0,,,,,0.0,419000000.0,1.0,560280510.0,560280510.0,,12.656,18892000000.0,4141000000.0,50000000.0,0.0,33.719,1560000000.0
25,DPHIQ,MRQ,2003-03-31,2003-03-31,2003-03-31,2021-06-10,-2098000000.0,19401000000.0,,7656000000.0,11745000000.0,,2.574,-232000000.0,755000000.0,755000000.0,6321000000.0,124000000.0,1.313,12.473,2730000000.0,648000000.0,2082000000.0,2730000000.0,0.0,255000000.0,0.0,0.041,0.07,238000000.0,493000000.0,0.069,493000000.0,238000000.0,190000000.0,0.22,0.22,0.22,1440000000.0,,1440000000.0,5573215097.0,6.0,2.883,-200000000.0,-0.357,1.0,856000000.0,0.119,707000000.0,48000000.0,14837000000.0,,1765000000.0,0.0,0.0,0.0,17961000000.0,5832000000.0,12129000000.0,3821215097.0,-259000000.0,0.0,1000000.0,-42000000.0,-39000000.0,-91000000.0,-205000000.0,0.0,32000000.0,5000000.0,124000000.0,124000000.0,124000000.0,0.0,0.0,0.017,618000000.0,238000000.0,3202000000.0,0.318,2.654,7.751,7.761,5912000000.0,0.0,6.83,0.136,0.136,4470000000.0,1618000000.0,7177000000.0,7177000000.0,0.0,,,,,0.0,363000000.0,1.0,559475124.0,559475124.0,,12.828,18694000000.0,4145000000.0,66000000.0,0.0,33.413,1824000000.0
26,DPHIQ,MRQ,2002-12-31,2002-12-31,2002-12-31,2021-06-10,-2591000000.0,19438000000.0,,7664000000.0,11774000000.0,,2.509,-377000000.0,1014000000.0,1014000000.0,6391000000.0,95000000.0,1.308,12.874,2930000000.0,846000000.0,2084000000.0,2930000000.0,0.0,253000000.0,0.0,0.035,0.07,158000000.0,411000000.0,0.057,411000000.0,158000000.0,92000000.0,0.17,0.18,0.17,1401000000.0,,1401000000.0,7243168139.0,11.0,4.358,940000000.0,1.683,1.0,794000000.0,0.111,1450000000.0,66000000.0,14044000000.0,,1962000000.0,0.0,0.0,0.0,18037000000.0,5860000000.0,12177000000.0,4495168139.0,322000000.0,0.0,-4000000.0,-538000000.0,-40000000.0,-593000000.0,-415000000.0,0.0,1317000000.0,13000000.0,95000000.0,95000000.0,95000000.0,0.0,0.0,0.013,631000000.0,163000000.0,2896000000.0,0.412,3.209,14.136,14.123,5944000000.0,0.0,8.05,0.163,0.163,4016000000.0,1454000000.0,7185000000.0,7185000000.0,0.0,,,,,0.0,378000000.0,1.0,558405980.0,558405980.0,,12.867,17988000000.0,4080000000.0,-3000000.0,0.0,32.213,1804000000.0
27,DPHIQ,MRQ,2002-09-30,2002-09-30,2002-09-30,2021-06-10,-1441000000.0,19203000000.0,,8047000000.0,11156000000.0,,4.204,-249000000.0,707000000.0,707000000.0,5695000000.0,54000000.0,1.269,7.165,3455000000.0,1393000000.0,2062000000.0,3455000000.0,0.0,258000000.0,0.0,0.033,0.07,134000000.0,392000000.0,0.061,392000000.0,134000000.0,85000000.0,0.1,0.1,0.1,2352000000.0,,2352000000.0,7692512310.0,22.0,5.444,191000000.0,0.341,1.0,751000000.0,0.117,671000000.0,49000000.0,14940000000.0,,1711000000.0,0.0,0.0,0.0,16851000000.0,6340000000.0,10511000000.0,4783512310.0,-46000000.0,0.0,-10000000.0,-207000000.0,-39000000.0,-256000000.0,-229000000.0,0.0,440000000.0,-1000000.0,54000000.0,54000000.0,54000000.0,0.0,0.0,0.008,626000000.0,125000000.0,3101000000.0,0.7,2.034,72.477,71.25,5763000000.0,0.0,8.55,0.178,0.178,5134000000.0,1449000000.0,6446000000.0,6446000000.0,0.0,,,,,0.0,368000000.0,1.0,559475124.0,559475124.0,,11.522,18532000000.0,3449000000.0,31000000.0,0.0,33.124,1707000000.0
28,DPHIQ,MRQ,2002-06-30,2002-06-30,2002-06-30,2021-06-10,-1349000000.0,19560000000.0,,8402000000.0,11158000000.0,,4.348,-252000000.0,753000000.0,753000000.0,6332000000.0,220000000.0,1.244,7.02,3662000000.0,1598000000.0,2064000000.0,3662000000.0,0.0,247000000.0,0.0,0.021,0.07,390000000.0,637000000.0,0.087,637000000.0,390000000.0,343000000.0,0.39,0.39,0.39,2439000000.0,,2439000000.0,10009787362.0,32.0,7.259,-216000000.0,-0.385,1.0,990000000.0,0.135,674000000.0,47000000.0,15043000000.0,,1703000000.0,0.0,0.0,0.0,17121000000.0,6752000000.0,10369000000.0,7403787362.0,56000000.0,0.0,-21000000.0,359000000.0,-39000000.0,299000000.0,-230000000.0,0.0,36000000.0,-49000000.0,220000000.0,220000000.0,220000000.0,0.0,0.0,0.03,608000000.0,382000000.0,3337000000.0,0.179,3.036,194.837,188.571,5794000000.0,0.0,13.2,0.278,0.278,5424000000.0,1434000000.0,7322000000.0,7322000000.0,0.0,,,,,0.0,361000000.0,1.0,560892982.0,560892982.0,,13.054,18886000000.0,3423000000.0,123000000.0,0.0,33.671,1650000000.0
29,DPHIQ,MRQ,2002-03-31,2002-03-31,2002-03-31,2021-06-10,-1407000000.0,19030000000.0,,7948000000.0,11082000000.0,,3.964,-209000000.0,697000000.0,697000000.0,5889000000.0,-51000000.0,1.288,7.568,3303000000.0,1225000000.0,2078000000.0,3303000000.0,0.0,244000000.0,0.0,0.018,0.07,-22000000.0,222000000.0,0.033,222000000.0,-22000000.0,-70000000.0,-0.09,-0.09,-0.09,2221000000.0,,2221000000.0,11554256084.0,50.0,8.834,11000000.0,0.02,1.0,799000000.0,0.119,664000000.0,48000000.0,14799000000.0,,1593000000.0,0.0,0.0,0.0,16809000000.0,6173000000.0,10636000000.0,8958256084.0,-60000000.0,0.0,9000000.0,-50000000.0,-39000000.0,-80000000.0,-193000000.0,0.0,220000000.0,-7000000.0,-51000000.0,-51000000.0,-51000000.0,0.0,0.0,-0.008,831000000.0,-32000000.0,3042000000.0,-0.778,4.033,-497.681,-533.0,5646000000.0,0.0,15.99,0.341,0.341,5130000000.0,1253000000.0,6688000000.0,6688000000.0,0.0,,,,,0.0,362000000.0,1.0,560241156.0,560241156.0,,11.938,18366000000.0,3506000000.0,-19000000.0,0.0,32.782,1775000000.0
30,DPHIQ,MRQ,2001-12-31,2001-12-31,2001-12-31,2021-06-10,-830000000.0,18602000000.0,,7498000000.0,11104000000.0,,4.127,-323000000.0,757000000.0,757000000.0,5792000000.0,-157000000.0,1.282,7.046,3353000000.0,1270000000.0,2083000000.0,3353000000.0,0.0,319000000.0,0.0,0.02,0.07,-157000000.0,162000000.0,0.025,162000000.0,-157000000.0,-210000000.0,-0.28,-0.28,-0.28,2312000000.0,,2312000000.0,10409797232.0,-30.0,12.964,153000000.0,0.273,1.0,588000000.0,0.092,630000000.0,53000000.0,14718000000.0,,1621000000.0,0.0,0.0,0.0,16290000000.0,5850000000.0,10440000000.0,7652797232.0,-1000000.0,37000000.0,0.0,-161000000.0,-39000000.0,-200000000.0,-301000000.0,0.0,476000000.0,24000000.0,-157000000.0,-157000000.0,-157000000.0,0.0,0.0,-0.025,700000000.0,-112000000.0,2779000000.0,-0.25,3.31,-19.325,-19.239,5724000000.0,0.0,13.66,0.293,0.293,4607000000.0,1343000000.0,6380000000.0,6380000000.0,0.0,,,,,0.0,381000000.0,1.0,560234058.0,560234058.0,,11.388,17972000000.0,3471000000.0,-53000000.0,0.0,32.079,1648000000.0
31,DPHIQ,MRQ,2001-09-30,2001-09-30,2001-09-30,2021-06-10,-592000000.0,18933000000.0,,8738000000.0,10195000000.0,,5.87,-231000000.0,758000000.0,758000000.0,5540000000.0,26000000.0,1.352,4.76,3515000000.0,1423000000.0,2092000000.0,3515000000.0,0.0,260000000.0,0.0,0.024,0.07,98000000.0,358000000.0,0.057,358000000.0,98000000.0,41000000.0,0.05,0.05,0.05,3287000000.0,,3287000000.0,9278478112.0,56.0,7.447,3000000.0,0.005,1.0,689000000.0,0.111,0.0,57000000.0,15226000000.0,,1803000000.0,0.0,0.0,0.0,15646000000.0,6464000000.0,9182000000.0,6579478112.0,69000000.0,0.0,4000000.0,127000000.0,-39000000.0,92000000.0,-226000000.0,0.0,234000000.0,-31000000.0,26000000.0,26000000.0,26000000.0,0.0,0.0,0.004,608000000.0,81000000.0,3122000000.0,1.4,2.002,-168.705,-146.875,5712000000.0,0.0,11.75,0.247,0.247,5376000000.0,1513000000.0,6229000000.0,6229000000.0,0.0,,,,,0.0,348000000.0,1.0,559955584.0,559955584.0,,11.124,18933000000.0,2847000000.0,15000000.0,0.0,33.812,2274000000.0
32,DPHIQ,MRQ,2001-06-30,2001-06-30,2001-06-30,2021-06-10,-578000000.0,18874000000.0,,8807000000.0,10067000000.0,,5.914,-309000000.0,689000000.0,689000000.0,6024000000.0,164000000.0,1.356,4.7,3388000000.0,1278000000.0,2110000000.0,3388000000.0,0.0,254000000.0,0.0,0.018,0.07,312000000.0,566000000.0,0.082,566000000.0,312000000.0,256000000.0,0.29,0.29,0.29,3311000000.0,,3311000000.0,11583014343.0,34.0,8.327,45000000.0,0.08,1.0,920000000.0,0.132,0.0,56000000.0,15076000000.0,,1798000000.0,0.0,0.0,0.0,15563000000.0,6497000000.0,9066000000.0,8919014343.0,-15000000.0,-50000000.0,2000000.0,12000000.0,-39000000.0,-25000000.0,-406000000.0,0.0,354000000.0,62000000.0,164000000.0,164000000.0,164000000.0,0.0,0.0,0.024,617000000.0,303000000.0,3217000000.0,0.241,2.694,107.458,122.538,5683000000.0,0.0,15.93,0.33,0.33,5448000000.0,1526000000.0,6944000000.0,6944000000.0,0.0,,,,,0.0,363000000.0,1.0,559887906.0,559887906.0,,12.402,18874000000.0,2843000000.0,92000000.0,0.0,33.71,2310000000.0
33,DPHIQ,MRQ,2001-03-31,2001-03-31,2001-03-31,2021-06-10,-541000000.0,18555000000.0,,8492000000.0,10063000000.0,,5.756,-194000000.0,704000000.0,704000000.0,5901000000.0,-429000000.0,1.316,4.759,3368000000.0,1477000000.0,1891000000.0,3368000000.0,0.0,317000000.0,0.0,0.02,0.07,-600000000.0,-283000000.0,-0.043,-283000000.0,-600000000.0,-656000000.0,-0.77,-0.77,-0.77,3222000000.0,,3222000000.0,10354228381.0,14.0,5.847,102000000.0,0.182,1.0,634000000.0,0.097,0.0,56000000.0,14764000000.0,,1724000000.0,0.0,0.0,0.0,15333000000.0,6455000000.0,8878000000.0,7932228381.0,-56000000.0,-263000000.0,0.0,185000000.0,-39000000.0,146000000.0,-420000000.0,0.0,296000000.0,-78000000.0,-429000000.0,-429000000.0,-429000000.0,0.0,0.0,-0.066,1231000000.0,-597000000.0,2895000000.0,-0.091,2.462,23.126,24.017,5545000000.0,0.0,14.17,0.285,0.285,5156000000.0,1401000000.0,6535000000.0,6535000000.0,0.0,,,,,0.0,378000000.0,1.0,559790288.0,559790288.0,,11.674,18555000000.0,2839000000.0,-227000000.0,0.0,33.146,2037000000.0
34,DPHIQ,MRQ,2000-12-31,2000-12-31,2000-12-31,2021-06-10,-463000000.0,18521000000.0,,8603000000.0,9918000000.0,,6.728,-345000000.0,760000000.0,760000000.0,5919000000.0,200000000.0,1.378,3.918,3182000000.0,1559000000.0,1623000000.0,3182000000.0,0.0,250000000.0,0.0,0.025,0.07,355000000.0,605000000.0,0.088,605000000.0,355000000.0,299000000.0,0.35,0.35,0.35,3766000000.0,,3766000000.0,8408623032.0,5.0,3.018,-303000000.0,-0.541,1.0,990000000.0,0.143,0.0,56000000.0,14700000000.0,,1707000000.0,0.0,0.0,0.0,14755000000.0,6243000000.0,8512000000.0,6297623032.0,33000000.0,0.0,15000000.0,344000000.0,-39000000.0,305000000.0,-335000000.0,0.0,42000000.0,21000000.0,200000000.0,200000000.0,200000000.0,0.0,0.0,0.029,676000000.0,314000000.0,2871000000.0,0.2,1.672,5.93,5.952,5718000000.0,0.0,11.25,0.216,0.216,5358000000.0,1869000000.0,6909000000.0,6909000000.0,0.0,,,,,0.0,426000000.0,1.0,559788714.0,559788714.0,,12.342,18521000000.0,2612000000.0,99000000.0,0.0,33.086,2360000000.0
35,DPHIQ,MRQ,2000-09-30,2000-09-30,2000-09-30,2021-06-10,-485000000.0,18666000000.0,,9337000000.0,9329000000.0,,6.399,-328000000.0,727000000.0,727000000.0,5773000000.0,148000000.0,1.336,4.21,2838000000.0,1216000000.0,1622000000.0,2838000000.0,0.0,225000000.0,0.0,0.019,0.07,278000000.0,503000000.0,0.076,503000000.0,278000000.0,236000000.0,0.26,0.26,0.26,3583000000.0,,3583000000.0,10718310058.0,6.0,3.778,164000000.0,0.293,1.0,875000000.0,0.132,0.0,42000000.0,13788000000.0,,2009000000.0,0.0,0.0,0.0,15083000000.0,6989000000.0,8094000000.0,8469310058.0,-28000000.0,0.0,-2000000.0,-166000000.0,-39000000.0,-207000000.0,-246000000.0,0.0,492000000.0,-67000000.0,148000000.0,148000000.0,148000000.0,0.0,0.0,0.022,645000000.0,230000000.0,3173000000.0,0.269,2.364,7.488,7.562,5596000000.0,0.0,15.125,0.287,0.287,5736000000.0,1708000000.0,6648000000.0,6648000000.0,0.0,,,,,0.0,420000000.0,1.0,559954384.0,559954384.0,,11.872,18666000000.0,2781000000.0,88000000.0,0.0,33.335,2348000000.0
36,DPHIQ,MRQ,2000-06-30,2000-06-30,2000-06-30,2021-06-10,-418000000.0,18879000000.0,,9579000000.0,9300000000.0,,6.295,-324000000.0,755000000.0,755000000.0,6456000000.0,424000000.0,1.32,4.327,3004000000.0,1372000000.0,1632000000.0,3004000000.0,0.0,229000000.0,0.0,0.019,0.07,717000000.0,946000000.0,0.122,946000000.0,717000000.0,672000000.0,0.75,0.75,0.75,3544000000.0,,3544000000.0,10209687500.0,5.0,3.659,-70000000.0,-0.124,1.0,1322000000.0,0.17,0.0,45000000.0,13871000000.0,,1816000000.0,0.0,0.0,0.0,15335000000.0,7257000000.0,8078000000.0,8198687500.0,-161000000.0,0.0,-55000000.0,77000000.0,-40000000.0,-113000000.0,-273000000.0,0.0,254000000.0,-29000000.0,424000000.0,424000000.0,424000000.0,0.0,0.0,0.055,639000000.0,683000000.0,3314000000.0,0.093,2.313,7.327,7.355,5584000000.0,0.0,14.562,0.277,0.277,6039000000.0,1600000000.0,7778000000.0,7778000000.0,0.0,,,,,0.0,410000000.0,1.0,563000000.0,563000000.0,,13.815,18879000000.0,2812000000.0,248000000.0,0.0,33.533,2322000000.0
37,DPHIQ,MRQ,2000-03-31,2000-03-31,2000-03-31,2021-06-10,-343000000.0,18980000000.0,,9685000000.0,9295000000.0,,6.11,-275000000.0,916000000.0,916000000.0,6596000000.0,290000000.0,1.408,4.527,2927000000.0,1282000000.0,1645000000.0,2927000000.0,0.0,232000000.0,0.0,0.018,0.07,500000000.0,732000000.0,0.094,732000000.0,500000000.0,460000000.0,0.51,0.51,0.51,3434000000.0,,3434000000.0,9203000000.0,5.0,3.381,-795000000.0,-1.415,1.0,1208000000.0,0.155,0.0,40000000.0,14111000000.0,,1811000000.0,0.0,0.0,0.0,15546000000.0,6880000000.0,8666000000.0,8992000000.0,-630000000.0,-897000000.0,-7000000.0,1155000000.0,-39000000.0,1109000000.0,-1200000000.0,0.0,-520000000.0,-19000000.0,290000000.0,290000000.0,290000000.0,0.0,0.0,0.037,742000000.0,466000000.0,3362000000.0,0.137,2.619,8.257,8.29,5604000000.0,0.0,16.0,0.305,0.305,5861000000.0,1215000000.0,7804000000.0,7804000000.0,0.0,,,,,0.0,459000000.0,1.0,562000000.0,562000000.0,,13.886,18980000000.0,2886000000.0,170000000.0,0.0,33.772,2805000000.0
38,DPHIQ,MRQ,1999-12-31,1999-12-31,1999-12-31,2021-06-10,-324000000.0,18350000000.0,,9811000000.0,8539000000.0,,5.704,-392000000.0,1546000000.0,1546000000.0,6211000000.0,269000000.0,1.456,4.734,1757000000.0,117000000.0,1640000000.0,1757000000.0,0.0,210000000.0,0.0,0.013,0.07,446000000.0,656000000.0,0.09,656000000.0,446000000.0,408000000.0,0.48,0.47,0.48,3200000000.0,,3200000000.0,9384750000.0,5.0,3.464,322000000.0,0.574,1.0,1039000000.0,0.143,0.0,38000000.0,11824000000.0,,1749000000.0,0.0,0.0,0.0,15150000000.0,6737000000.0,8413000000.0,8835750000.0,329000000.0,0.0,0.0,-10000000.0,-39000000.0,-49000000.0,-298000000.0,0.0,714000000.0,-38000000.0,269000000.0,269000000.0,269000000.0,0.0,0.0,0.037,649000000.0,390000000.0,3096000000.0,0.146,2.761,8.159,8.036,5106000000.0,0.0,15.75,0.303,0.303,5372000000.0,964000000.0,7250000000.0,7250000000.0,0.0,,,,,0.0,439000000.0,1.0,561000000.0,561000000.0,,12.923,18350000000.0,3001000000.0,139000000.0,0.0,32.709,3074000000.0
39,DPHIQ,MRQ,1999-09-30,1999-09-30,1999-09-30,2021-06-10,-195000000.0,18244000000.0,,8944000000.0,9300000000.0,,6.57,-315000000.0,1217000000.0,1217000000.0,5980000000.0,136000000.0,1.877,3.915,1766000000.0,119000000.0,1647000000.0,1766000000.0,0.0,202000000.0,0.0,0.009,0.07,254000000.0,456000000.0,0.067,456000000.0,254000000.0,220000000.0,0.24,0.24,0.24,3712000000.0,,3712000000.0,9673312500.0,6.0,3.728,184000000.0,0.326,1.0,810000000.0,0.119,0.0,34000000.0,14029000000.0,,1601000000.0,41000000.0,41000000.0,0.0,14532000000.0,4764000000.0,9768000000.0,9075312500.0,-15000000.0,0.0,-67000000.0,-64000000.0,-40000000.0,-171000000.0,-335000000.0,0.0,499000000.0,-8000000.0,136000000.0,136000000.0,136000000.0,0.0,0.0,0.02,604000000.0,206000000.0,2908000000.0,0.292,2.445,10.061,9.561,4998000000.0,0.0,16.062,0.305,0.305,5763000000.0,735000000.0,6790000000.0,6790000000.0,0.0,,,,,0.0,402000000.0,1.0,565000000.0,565000000.0,,12.018,18244000000.0,3074000000.0,84000000.0,0.0,32.29,4180000000.0
40,DPHIQ,MRQ,1999-06-30,1999-06-30,1999-06-30,2021-06-10,-187000000.0,18234000000.0,,8957000000.0,9277000000.0,,6.531,-258000000.0,1232000000.0,1232000000.0,6453000000.0,394000000.0,1.89,3.941,1830000000.0,183000000.0,1647000000.0,1830000000.0,0.0,207000000.0,0.0,0.004,0.07,671000000.0,878000000.0,0.114,878000000.0,671000000.0,635000000.0,0.7,0.69,0.7,3690000000.0,,3690000000.0,11215500000.0,19.0,6.806,151000000.0,0.267,1.0,1230000000.0,0.16,0.0,36000000.0,14093000000.0,,1454000000.0,14000000.0,14000000.0,0.0,14544000000.0,4739000000.0,9805000000.0,10452500000.0,109000000.0,0.0,0.0,-50000000.0,0.0,-50000000.0,-256000000.0,0.0,409000000.0,6000000.0,394000000.0,394000000.0,394000000.0,0.0,0.0,0.051,601000000.0,629000000.0,2703000000.0,0.1,2.833,39.295,51.389,4919000000.0,0.0,18.5,0.361,0.361,5909000000.0,638000000.0,7683000000.0,7683000000.0,0.0,,,,,0.0,394000000.0,1.0,565000000.0,565000000.0,,13.598,18234000000.0,3142000000.0,241000000.0,0.0,32.273,4218000000.0
41,DPHIQ,MRQ,1999-03-31,1999-03-31,1999-03-31,2021-06-10,-172000000.0,18079000000.0,,8730000000.0,9349000000.0,,5.931,-235000000.0,1123000000.0,1123000000.0,6391000000.0,284000000.0,1.932,4.395,1886000000.0,219000000.0,1667000000.0,1886000000.0,0.0,237000000.0,0.0,0.0,0.0,482000000.0,719000000.0,0.096,719000000.0,482000000.0,458000000.0,0.55,0.55,0.55,3351000000.0,,3351000000.0,12533750000.0,157.0,10.282,-3071000000.0,-5.435,1.0,1078000000.0,0.144,0.0,24000000.0,14324000000.0,,1539000000.0,11000000.0,11000000.0,0.0,14728000000.0,4518000000.0,10210000000.0,10028750000.0,128000000.0,0.0,1621000000.0,1527000000.0,0.0,3148000000.0,-166000000.0,0.0,-2836000000.0,-18000000.0,284000000.0,284000000.0,284000000.0,0.0,0.0,0.038,621000000.0,457000000.0,2591000000.0,0.0,2.993,-222.861,-110.938,4907000000.0,0.0,17.75,0.354,0.354,5699000000.0,284000000.0,7469000000.0,7469000000.0,0.0,,,,,0.0,384000000.0,1.0,565000000.0,565000000.0,,13.219,18079000000.0,3294000000.0,174000000.0,0.0,31.998,4212000000.0
42,DPHIQ,MRQ,1998-12-31,1998-12-31,1998-12-31,2021-06-10,-68000000.0,15506000000.0,,6405000000.0,9101000000.0,,0.016,-509000000.0,995000000.0,995000000.0,6915000000.0,88000000.0,1.579,1721.889,3500000000.0,359000000.0,3141000000.0,3500000000.0,0.0,371000000.0,0.0,,0.0,171000000.0,542000000.0,0.069,542000000.0,171000000.0,93000000.0,0.19,0.19,0.19,9000000.0,,9000000.0,,,,391000000.0,0.692,1.0,885000000.0,0.113,0.0,78000000.0,13954000000.0,,1770000000.0,5000000.0,5000000.0,0.0,15497000000.0,4057000000.0,11440000000.0,,15000000.0,0.0,0.0,0.0,0.0,-357000000.0,-517000000.0,9000000.0,900000000.0,-11000000.0,88000000.0,88000000.0,88000000.0,0.0,0.0,0.011,822000000.0,63000000.0,2260000000.0,0.0,,,,4965000000.0,0.0,,,,3213000000.0,0.0,7800000000.0,7800000000.0,0.0,,,,,0.0,451000000.0,1.0,565000000.0,565000000.0,,13.805,15506000000.0,3098000000.0,5000000.0,0.0,27.444,2348000000.0
43,DPHIQ,MRQ,1998-09-30,1998-09-30,1998-09-30,2021-06-10,,,,,,,,-263000000.0,,,6151000000.0,-500000000.0,,,,,,,,248000000.0,,,0.0,-739000000.0,-491000000.0,-0.082,-491000000.0,-739000000.0,-807000000.0,-1.08,-1.08,-1.08,,,,,,,24000000.0,0.042,1.0,-136000000.0,-0.023,,68000000.0,,,,,,,,,,,-8000000.0,0.0,0.0,0.0,0.0,-257000000.0,-52000000.0,-8000000.0,287000000.0,14000000.0,-500000000.0,-500000000.0,-500000000.0,0.0,0.0,-0.083,593000000.0,-729000000.0,,0.0,,,,,0.0,,,,,,6015000000.0,6015000000.0,0.0,,,,,0.0,345000000.0,1.0,565000000.0,565000000.0,,10.646,,,-307000000.0,,,
44,DPHIQ,MRQ,1998-06-30,1998-06-30,1998-06-30,2021-06-10,,,,,,,,-312000000.0,,,6280000000.0,83000000.0,,,,,,,,283000000.0,,,0.0,166000000.0,449000000.0,0.064,449000000.0,166000000.0,99000000.0,0.18,0.18,0.18,,,,,,,-899000000.0,-1.591,1.0,761000000.0,0.108,,67000000.0,,,,,,,,,,,3000000.0,0.0,0.0,0.0,0.0,946000000.0,-349000000.0,3000000.0,-587000000.0,-7000000.0,83000000.0,83000000.0,83000000.0,0.0,0.0,0.012,650000000.0,111000000.0,,0.0,,,,,0.0,,,,,,7041000000.0,7041000000.0,0.0,,,,,0.0,367000000.0,1.0,565000000.0,565000000.0,,12.462,,,16000000.0,,,
45,DPHIQ,MRQ,1998-03-31,1998-03-31,1998-03-31,2021-06-10,,,,,,,,-297000000.0,,,6789000000.0,236000000.0,,,,,,,,200000000.0,,,0.0,413000000.0,613000000.0,0.08,613000000.0,413000000.0,349000000.0,0.51,0.51,0.51,,,,,,,-48000000.0,-0.085,1.0,834000000.0,0.109,,64000000.0,,,,,,,,,,,-4000000.0,0.0,0.0,0.0,0.0,52000000.0,-298000000.0,-4000000.0,249000000.0,-7000000.0,236000000.0,236000000.0,236000000.0,0.0,0.0,0.031,500000000.0,334000000.0,,0.0,,,,,0.0,,,,,,7623000000.0,7623000000.0,0.0,,,,,0.0,300000000.0,1.0,565000000.0,565000000.0,,13.492,,,113000000.0,,,
46,DPHIQ,MRQ,1997-12-31,1997-12-31,1997-12-31,2021-06-10,-78000000.0,15026000000.0,,6378000000.0,8648000000.0,,-0.731,,989000000.0,989000000.0,,,1.569,-37.383,3500000000.0,159000000.0,3341000000.0,3500000000.0,0.0,,0.0,,0.0,,,,,,,,,,-413000000.0,,-413000000.0,,,,,,1.0,,,0.0,,13471000000.0,,1868000000.0,11000000.0,11000000.0,0.0,15439000000.0,4066000000.0,11373000000.0,,,,,,,,,,,,,,,,,,,,2243000000.0,,,,,4600000000.0,,,,,3266000000.0,,,,,,,,,,,1.0,565000000.0,565000000.0,,,15026000000.0,3190000000.0,,0.0,26.595,2312000000.0
47,DPHIQ,MRQ,1996-12-31,1996-12-31,1996-12-31,2021-06-10,5000000.0,15390000000.0,,6204000000.0,9186000000.0,,,,971000000.0,971000000.0,,,1.652,15.692,3500000000.0,148000000.0,3352000000.0,3500000000.0,0.0,,0.0,,0.0,,,,,,,,,,922000000.0,,922000000.0,,,,,,1.0,,,0.0,,14164000000.0,,2013000000.0,29000000.0,29000000.0,0.0,14468000000.0,3755000000.0,10713000000.0,,,,,,,,,,,,,,,,,,,,2203000000.0,,,,,5241000000.0,,,,,2852000000.0,,,,,,,,,,,1.0,,,,,15390000000.0,2735000000.0,,0.0,,2449000000.0
0,DPHIQ,MRT,2009-06-30,2009-06-30,2009-06-30,2021-06-10,-5030000000.0,9329000000.0,10529500000.0,5493000000.0,3836000000.0,1.223,-25.5,-441000000.0,1150000000.0,1150000000.0,12668000000.0,4141000000.0,0.642,-1.639,4250000000.0,4250000000.0,0.0,4250000000.0,0.0,737000000.0,0.0,0.0,0.0,4716000000.0,5453000000.0,0.424,5453000000.0,4716000000.0,4193000000.0,7.3,7.3,7.3,-14398000000.0,-13026750000.0,-14398000000.0,3184524611.0,1.0,0.584,134000000.0,0.237,1.0,206000000.0,0.016,0.0,523000000.0,3879000000.0,4625500000.0,1053000000.0,275000000.0,0.0,275000000.0,23599000000.0,8550000000.0,15049000000.0,39524611.0,-231000000.0,-90000000.0,0.0,13000000.0,0.0,-127000000.0,-582000000.0,190000000.0,575000000.0,-97000000.0,4126000000.0,4126000000.0,4126000000.0,-35000000.0,15000000.0,0.32,820000000.0,-614000000.0,1568000000.0,0.0,-0.003,0.01,0.01,3102000000.0,0.0,0.07,0.003,0.003,533000000.0,-12115000000.0,12874000000.0,12874000000.0,0.0,0.392,-0.317,1.02,0.366,0.0,1214000000.0,1.0,564637307.0,564637307.0,,22.8,9329000000.0,0.0,67000000.0,0.0,16.522,-3057000000.0
1,DPHIQ,MRT,2009-03-31,2009-03-31,2009-03-31,2021-06-10,-5246000000.0,9414000000.0,11614500000.0,5478000000.0,3936000000.0,1.287,-24.814,-499000000.0,1099000000.0,1099000000.0,14434000000.0,4194000000.0,0.66,-1.662,4244000000.0,4244000000.0,0.0,4244000000.0,0.0,760000000.0,0.0,0.0,0.0,4683000000.0,5443000000.0,0.364,5443000000.0,4683000000.0,4219000000.0,7.39,7.39,7.39,-14011000000.0,-13072250000.0,-14011000000.0,2900878118.0,1.0,0.533,-192000000.0,-0.34,1.0,511000000.0,0.034,0.0,464000000.0,4256000000.0,5293750000.0,1130000000.0,280000000.0,0.0,280000000.0,23290000000.0,8303000000.0,14987000000.0,33878118.0,-660000000.0,-83000000.0,0.0,18000000.0,0.0,-104000000.0,-753000000.0,200000000.0,307000000.0,-110000000.0,4178000000.0,4178000000.0,4178000000.0,-35000000.0,16000000.0,0.28,1119000000.0,-608000000.0,1567000000.0,0.0,-0.002,0.008,0.008,3214000000.0,0.0,0.06,0.002,0.002,695000000.0,-11512000000.0,14945000000.0,14945000000.0,0.0,0.36,-0.32,0.885,0.313,0.0,1330000000.0,1.0,564635299.0,564635299.0,,26.468,9414000000.0,0.0,41000000.0,0.0,16.673,-2825000000.0
2,DPHIQ,MRT,2008-12-31,2008-12-31,2008-12-31,2021-06-10,-5086000000.0,10306000000.0,12812000000.0,6257000000.0,4049000000.0,1.41,-25.509,-581000000.0,1362000000.0,1362000000.0,17068000000.0,3037000000.0,0.742,-1.706,4174000000.0,4174000000.0,0.0,4174000000.0,0.0,827000000.0,0.0,0.0,0.0,3640000000.0,4467000000.0,0.247,4467000000.0,3640000000.0,3203000000.0,5.38,5.38,5.38,-14403000000.0,-13084500000.0,-14403000000.0,2410939059.0,1.0,0.54,-345000000.0,-0.611,1.0,992000000.0,0.055,0.0,437000000.0,4691000000.0,5876750000.0,1227000000.0,297000000.0,0.0,297000000.0,24572000000.0,8427000000.0,16145000000.0,16939059.0,-77000000.0,0.0,0.0,579000000.0,0.0,465000000.0,-739000000.0,219000000.0,236000000.0,-39000000.0,3037000000.0,3037000000.0,3037000000.0,19000000.0,0.0,0.168,2473000000.0,-1481000000.0,1703000000.0,0.0,-0.001,0.006,0.006,3299000000.0,0.0,0.03,0.001,0.001,799000000.0,-12064000000.0,18060000000.0,18060000000.0,0.0,0.237,-0.232,0.619,0.202,0.0,1460000000.0,1.0,564635299.0,564635299.0,,31.985,10306000000.0,0.0,166000000.0,0.0,18.252,-2170000000.0
3,DPHIQ,MRT,2008-09-30,2008-09-30,2008-09-30,2021-06-10,-1019000000.0,13069000000.0,13652250000.0,8298000000.0,4771000000.0,1.45,-16.462,-597000000.0,1977000000.0,1977000000.0,18497000000.0,3560000000.0,0.869,-2.391,4371000000.0,4314000000.0,57000000.0,4371000000.0,0.0,860000000.0,0.0,0.0,0.0,3418000000.0,4278000000.0,0.216,4278000000.0,3418000000.0,2965000000.0,6.26,6.26,6.26,-9295000000.0,-12851750000.0,-9295000000.0,3344524471.0,1.0,0.782,152000000.0,0.269,1.0,1300000000.0,0.066,239000000.0,453000000.0,5676000000.0,6334750000.0,1646000000.0,342000000.0,0.0,342000000.0,22225000000.0,9548000000.0,12677000000.0,39524471.0,485000000.0,36000000.0,0.0,133000000.0,0.0,81000000.0,-397000000.0,226000000.0,749000000.0,52000000.0,3536000000.0,3536000000.0,3536000000.0,593000000.0,24000000.0,0.179,2564000000.0,-1264000000.0,2478000000.0,0.0,-0.004,0.011,0.011,3655000000.0,0.0,0.07,0.002,0.002,1105000000.0,-11023000000.0,19797000000.0,19797000000.0,0.0,0.259,-0.275,0.54,0.173,0.0,1550000000.0,1.0,564635299.0,564635299.0,,35.062,12830000000.0,0.0,-571000000.0,0.0,22.723,-1250000000.0
4,DPHIQ,MRT,2008-06-30,2008-06-30,2008-06-30,2021-06-10,-1086000000.0,13669000000.0,14245250000.0,8432000000.0,5237000000.0,1.453,-25.843,-524000000.0,1175000000.0,1175000000.0,19491000000.0,-2827000000.0,0.829,-1.928,4480000000.0,4421000000.0,59000000.0,4480000000.0,0.0,869000000.0,0.0,0.0,0.0,-2598000000.0,-1729000000.0,-0.084,-1729000000.0,-2598000000.0,-3412000000.0,-5.06,-5.06,-5.06,-14580000000.0,-13807750000.0,-14580000000.0,2828492322.0,-1.0,-1.636,-976000000.0,-1.73,1.0,1208000000.0,0.058,256000000.0,814000000.0,6552000000.0,11132500000.0,1737000000.0,386000000.0,0.0,386000000.0,28104000000.0,10166000000.0,17938000000.0,39492322.0,-371000000.0,106000000.0,0.0,261000000.0,0.0,235000000.0,-298000000.0,213000000.0,-452000000.0,144000000.0,-2851000000.0,-2851000000.0,-2851000000.0,688000000.0,24000000.0,-0.138,3039000000.0,-1831000000.0,2951000000.0,0.0,-0.003,-0.014,-0.014,3811000000.0,0.0,0.07,0.002,0.002,1108000000.0,-16241000000.0,20699000000.0,20699000000.0,0.0,-0.2,0.206,-0.233,-0.126,0.0,1557000000.0,1.0,564176022.0,564176022.0,,36.689,13413000000.0,0.0,-561000000.0,0.0,23.774,-1734000000.0
5,DPHIQ,MRT,2008-03-31,2008-03-31,2008-03-31,2021-06-10,-1110000000.0,14204000000.0,14692500000.0,8793000000.0,5411000000.0,1.487,-25.028,-517000000.0,1485000000.0,1485000000.0,20693000000.0,-3109000000.0,0.879,-1.999,4274000000.0,4212000000.0,62000000.0,4274000000.0,0.0,903000000.0,0.0,0.0,0.0,-2837000000.0,-1934000000.0,-0.089,-1934000000.0,-2837000000.0,-3626000000.0,-5.54,-5.54,-5.54,-14060000000.0,-13469250000.0,-14060000000.0,2367471264.0,-1.0,-1.224,-682000000.0,-1.214,1.0,1160000000.0,0.053,406000000.0,789000000.0,6588000000.0,16088000000.0,1844000000.0,387000000.0,0.0,387000000.0,28100000000.0,9999000000.0,18101000000.0,22471264.0,-115000000.0,87000000.0,0.0,274000000.0,0.0,233000000.0,-337000000.0,217000000.0,-165000000.0,154000000.0,-3121000000.0,-3121000000.0,-3121000000.0,673000000.0,12000000.0,-0.143,3308000000.0,-2148000000.0,2960000000.0,0.0,-0.002,-0.007,-0.007,3820000000.0,0.0,0.04,0.001,0.001,1226000000.0,-15690000000.0,21853000000.0,21853000000.0,0.0,-0.212,0.232,-0.176,-0.13,0.0,1595000000.0,1.0,561781590.0,561781590.0,,38.899,13798000000.0,0.0,-505000000.0,0.0,24.561,-1206000000.0
6,DPHIQ,MRT,2007-12-31,2007-12-31,2007-12-31,2021-06-10,-1233000000.0,13667000000.0,14977500000.0,8219000000.0,5448000000.0,1.488,-23.981,-451000000.0,1209000000.0,1209000000.0,21066000000.0,-3065000000.0,0.904,-2.002,3554000000.0,3495000000.0,59000000.0,3554000000.0,0.0,914000000.0,0.0,0.0,0.0,-2818000000.0,-1904000000.0,-0.085,-1904000000.0,-2818000000.0,-3587000000.0,-5.45,-5.45,-5.45,-13472000000.0,-13097750000.0,-13472000000.0,19382649423.0,-7.0,-10.18,-740000000.0,-1.317,1.0,1217000000.0,0.055,397000000.0,769000000.0,6523000000.0,20913000000.0,1808000000.0,387000000.0,0.0,387000000.0,26976000000.0,9092000000.0,17884000000.0,78649423.0,-572000000.0,0.0,0.0,-6000000.0,0.0,-58000000.0,-339000000.0,191000000.0,-289000000.0,114000000.0,-3065000000.0,-3065000000.0,-3065000000.0,757000000.0,0.0,-0.138,3162000000.0,-1945000000.0,2904000000.0,0.0,-0.006,-0.026,-0.026,3863000000.0,0.0,0.14,0.004,0.004,1257000000.0,-14976000000.0,22283000000.0,22283000000.0,0.0,-0.205,0.234,-0.135,-0.126,0.0,1595000000.0,1.0,561781590.0,561781590.0,,39.665,13270000000.0,0.0,-522000000.0,0.0,23.621,-873000000.0
7,DPHIQ,MRT,2007-09-30,2007-09-30,2007-09-30,2021-06-10,-1420000000.0,15441000000.0,15408750000.0,9422000000.0,6019000000.0,1.28,-23.352,-387000000.0,1613000000.0,1613000000.0,18852000000.0,-3376000000.0,0.998,-2.161,20917000000.0,3966000000.0,16951000000.0,20917000000.0,0.0,822000000.0,0.0,0.0,0.0,-2531000000.0,-1709000000.0,-0.087,-1709000000.0,-2531000000.0,-3267000000.0,-6.01,-6.01,-6.01,-13119000000.0,-12743500000.0,-13119000000.0,20565419531.0,-8.0,-12.034,-705000000.0,-1.255,1.0,870000000.0,0.044,434000000.0,736000000.0,24867000000.0,21319000000.0,2217000000.0,428000000.0,0.0,428000000.0,28351000000.0,9444000000.0,18907000000.0,258419531.0,-37000000.0,47000000.0,0.0,458000000.0,0.0,456000000.0,-298000000.0,193000000.0,-318000000.0,123000000.0,-3376000000.0,-3376000000.0,-3376000000.0,501000000.0,0.0,-0.171,2826000000.0,-1956000000.0,3083000000.0,0.0,-0.02,-0.077,-0.077,4289000000.0,0.0,0.46,0.013,0.013,4959000000.0,-14434000000.0,19722000000.0,19722000000.0,0.0,-0.219,0.265,-0.119,-0.128,0.0,1468000000.0,1.0,561781590.0,561781590.0,,35.106,15007000000.0,0.0,109000000.0,0.0,26.713,-22000000.0
8,DPHIQ,MRT,2007-06-30,2007-06-30,2007-06-30,2021-06-10,-2691000000.0,15458000000.0,15721250000.0,9636000000.0,5822000000.0,1.301,-23.543,-443000000.0,1648000000.0,1648000000.0,19824000000.0,-4180000000.0,1.075,-2.153,21955000000.0,3877000000.0,18078000000.0,21955000000.0,0.0,869000000.0,0.0,0.0,0.0,-3642000000.0,-2773000000.0,-0.136,-2773000000.0,-3642000000.0,-4040000000.0,-7.44,-7.44,-7.44,-13226000000.0,-11980000000.0,-13226000000.0,21013422368.0,-6.0,-7.578,-1057000000.0,-1.882,1.0,627000000.0,0.031,428000000.0,398000000.0,26374000000.0,21609500000.0,2136000000.0,436000000.0,0.0,436000000.0,28475000000.0,8963000000.0,19512000000.0,1331422368.0,-538000000.0,-12000000.0,0.0,367000000.0,0.0,361000000.0,-389000000.0,184000000.0,-614000000.0,104000000.0,-4180000000.0,-4180000000.0,-4180000000.0,481000000.0,0.0,-0.204,3732000000.0,-3105000000.0,3142000000.0,0.0,-0.101,-0.319,-0.319,4340000000.0,0.0,2.37,0.065,0.065,2110000000.0,-13265000000.0,20451000000.0,20451000000.0,0.0,-0.266,0.349,-0.169,-0.178,0.0,1476000000.0,1.0,561781590.0,561781590.0,,36.404,15030000000.0,0.0,140000000.0,0.0,26.754,673000000.0
9,DPHIQ,MRT,2007-03-31,2007-03-31,2007-03-31,2021-06-10,-2856000000.0,15344000000.0,16235250000.0,9412000000.0,5932000000.0,1.321,-22.382,-460000000.0,1634000000.0,1634000000.0,20713000000.0,-5634000000.0,1.08,-2.204,21316000000.0,3741000000.0,17575000000.0,21316000000.0,0.0,917000000.0,0.0,0.0,0.0,-5080000000.0,-4163000000.0,-0.194,-4163000000.0,-5080000000.0,-5498000000.0,-10.03,-10.03,-10.03,-12574000000.0,-10655250000.0,-12574000000.0,3204166611.0,-1.0,-0.77,-772000000.0,-1.374,1.0,733000000.0,0.034,427000000.0,418000000.0,25888000000.0,21385250000.0,2174000000.0,429000000.0,0.0,429000000.0,27710000000.0,8711000000.0,18999000000.0,1629166611.0,-419000000.0,0.0,0.0,278000000.0,0.0,296000000.0,-478000000.0,178000000.0,-312000000.0,75000000.0,-5634000000.0,-5634000000.0,-5634000000.0,468000000.0,0.0,-0.263,5284000000.0,-4551000000.0,3098000000.0,0.0,-0.13,-0.289,-0.289,4473000000.0,0.0,2.9,0.076,0.076,1996000000.0,-12444000000.0,21446000000.0,21446000000.0,0.0,-0.347,0.529,-0.238,-0.237,0.0,1469000000.0,1.0,561781590.0,561781590.0,,38.175,14917000000.0,0.0,136000000.0,0.0,26.553,701000000.0
10,DPHIQ,MRT,2006-12-31,2006-12-31,2006-12-31,2021-06-10,-2885000000.0,15392000000.0,16729000000.0,9916000000.0,5476000000.0,1.359,-21.459,-537000000.0,1754000000.0,1754000000.0,21966000000.0,-5464000000.0,1.18,-2.262,3342000000.0,3295000000.0,47000000.0,3342000000.0,0.0,954000000.0,0.0,0.0,0.0,-4907000000.0,-3953000000.0,-0.174,-3953000000.0,-4907000000.0,-5334000000.0,-9.73,-9.73,-9.73,-12055000000.0,-9151500000.0,-12055000000.0,19200005674.0,-4.0,-4.857,-528000000.0,-0.94,1.0,771000000.0,0.034,429000000.0,427000000.0,8147000000.0,21282250000.0,1924000000.0,409000000.0,0.0,409000000.0,27265000000.0,8404000000.0,18861000000.0,2146005674.0,-588000000.0,0.0,0.0,-138000000.0,0.0,-122000000.0,-554000000.0,173000000.0,9000000.0,79000000.0,-5464000000.0,-5464000000.0,-5464000000.0,326000000.0,0.0,-0.24,5313000000.0,-4542000000.0,2585000000.0,0.0,-0.178,-0.393,-0.393,4066000000.0,0.0,3.82,0.094,0.094,1817000000.0,-11893000000.0,22737000000.0,22737000000.0,0.0,-0.327,0.597,-0.231,-0.216,0.0,1481000000.0,1.0,561781590.0,561781590.0,,40.473,14963000000.0,164000000.0,130000000.0,0.0,26.635,1512000000.0
11,DPHIQ,MRT,2006-09-30,2006-09-30,2006-09-30,2021-06-10,-1743000000.0,16691000000.0,17136750000.0,9852000000.0,6839000000.0,1.354,-17.916,-773000000.0,1593000000.0,1593000000.0,22123000000.0,-5439000000.0,1.188,-2.639,20063000000.0,3102000000.0,16961000000.0,20063000000.0,0.0,902000000.0,0.0,0.0,0.0,-5017000000.0,-4115000000.0,-0.177,-4115000000.0,-5017000000.0,-5430000000.0,-9.69,-9.69,-9.69,-10065000000.0,-7699000000.0,-10065000000.0,17952850544.0,-4.0,-4.363,-203000000.0,-0.361,1.0,1079000000.0,0.047,839000000.0,413000000.0,26029000000.0,21756750000.0,2220000000.0,403000000.0,0.0,403000000.0,26562000000.0,8293000000.0,18269000000.0,898850544.0,-180000000.0,24000000.0,0.0,166000000.0,0.0,139000000.0,-912000000.0,171000000.0,570000000.0,23000000.0,-5439000000.0,-5439000000.0,-5439000000.0,210000000.0,0.0,-0.234,5947000000.0,-4868000000.0,2761000000.0,0.0,-0.089,-0.165,-0.165,4898000000.0,0.0,1.6,0.039,0.039,2564000000.0,-11040000000.0,23202000000.0,23202000000.0,0.0,-0.317,0.706,-0.231,-0.216,0.0,1459000000.0,1.0,561781590.0,561781590.0,,41.301,15852000000.0,0.0,9000000.0,0.0,28.217,1559000000.0
12,DPHIQ,MRT,2006-06-30,2006-06-30,2006-06-30,2021-06-10,-1567000000.0,17514000000.0,17266500000.0,10221000000.0,7293000000.0,1.36,-14.11,-833000000.0,2105000000.0,2105000000.0,22261000000.0,-4254000000.0,1.282,-3.188,19159000000.0,3109000000.0,16050000000.0,19159000000.0,0.0,971000000.0,0.0,0.0,0.0,-3883000000.0,-2912000000.0,-0.124,-2912000000.0,-3883000000.0,-4283000000.0,-7.58,-7.58,-7.58,-7927000000.0,-6511250000.0,-7927000000.0,4658028703.0,-1.0,-1.6,-687000000.0,-1.223,1.0,1216000000.0,0.052,1120000000.0,400000000.0,25477000000.0,17114500000.0,2078000000.0,452000000.0,0.0,452000000.0,25270000000.0,7971000000.0,17299000000.0,955028703.0,1043000000.0,257000000.0,0.0,1626000000.0,-8000000.0,1606000000.0,-722000000.0,236000000.0,146000000.0,13000000.0,-4254000000.0,-4254000000.0,-4254000000.0,210000000.0,0.0,-0.181,4965000000.0,-3749000000.0,2882000000.0,0.0,-0.12,-0.225,-0.224,4996000000.0,0.0,1.7,0.041,0.041,2223000000.0,-9067000000.0,23477000000.0,23477000000.0,0.0,-0.246,0.653,-0.227,-0.165,0.0,1491000000.0,1.0,561781590.0,561781590.0,,41.79,16394000000.0,185000000.0,-29000000.0,0.0,29.182,2250000000.0
13,DPHIQ,MRT,2006-03-31,2006-03-31,2006-03-31,2021-06-10,-2471000000.0,17319000000.0,17015750000.0,9787000000.0,7532000000.0,1.381,-11.675,-1015000000.0,1907000000.0,1907000000.0,22324000000.0,-2317000000.0,1.359,-3.616,18571000000.0,3096000000.0,15475000000.0,18571000000.0,0.0,988000000.0,0.0,0.023,0.015,-2014000000.0,-1026000000.0,-0.044,-1026000000.0,-2014000000.0,-2377000000.0,-4.13,-4.13,-4.13,-6559000000.0,-5668750000.0,-6559000000.0,4062540218.0,-2.0,-3.96,-1454000000.0,-2.588,1.0,1181000000.0,0.05,1308000000.0,363000000.0,25476000000.0,13219500000.0,1958000000.0,430000000.0,0.0,430000000.0,23717000000.0,7199000000.0,16518000000.0,359540218.0,748000000.0,245000000.0,0.0,2119000000.0,-25000000.0,2032000000.0,-845000000.0,183000000.0,-439000000.0,0.0,-2317000000.0,-2317000000.0,-2317000000.0,210000000.0,0.0,-0.099,3082000000.0,-1901000000.0,2697000000.0,-0.004,-0.055,-0.155,-0.155,5082000000.0,0.0,0.64,0.015,0.015,2286000000.0,-6792000000.0,23505000000.0,23505000000.0,0.0,-0.136,0.409,-0.152,-0.086,0.0,1516000000.0,1.0,561781590.0,561781590.0,,41.84,16011000000.0,187000000.0,-60000000.0,0.0,28.5,2588000000.0
14,DPHIQ,MRT,2005-12-31,2005-12-31,2005-12-31,2021-06-10,-2514000000.0,17023000000.0,16935500000.0,9554000000.0,7469000000.0,1.381,-11.116,-963000000.0,2257000000.0,2257000000.0,22265000000.0,-2357000000.0,1.404,-3.701,3390000000.0,3117000000.0,273000000.0,3390000000.0,0.0,1010000000.0,0.0,0.155,0.045,-2102000000.0,-1092000000.0,-0.047,-1092000000.0,-2102000000.0,-2420000000.0,-4.21,-4.21,-4.21,-6245000000.0,-5051750000.0,-6245000000.0,3865916661.0,-2.0,-3.54,-780000000.0,-1.388,1.0,1129000000.0,0.048,1308000000.0,318000000.0,10045000000.0,9261750000.0,1874000000.0,418000000.0,0.0,418000000.0,23111000000.0,6803000000.0,16308000000.0,162916661.0,1300000000.0,245000000.0,0.0,2074000000.0,-64000000.0,1952000000.0,-794000000.0,152000000.0,183000000.0,-41000000.0,-2357000000.0,-2357000000.0,-2357000000.0,210000000.0,0.0,-0.101,3109000000.0,-1980000000.0,2494000000.0,-0.011,-0.026,-0.069,-0.069,5108000000.0,0.0,0.29,0.007,0.007,1920000000.0,-6429000000.0,23394000000.0,23394000000.0,0.0,-0.139,0.467,-0.227,-0.09,0.0,1534000000.0,1.0,561781590.0,561781590.0,,41.643,15715000000.0,110000000.0,-63000000.0,0.0,27.974,2751000000.0
15,DPHIQ,MRT,2005-09-30,2005-09-30,2005-09-30,2021-06-10,-2470000000.0,17210000000.0,16819500000.0,8976000000.0,8234000000.0,1.617,-9.465,-1041000000.0,1665000000.0,1665000000.0,26001000000.0,-6434000000.0,0.774,-4.208,5368000000.0,5301000000.0,67000000.0,5368000000.0,0.0,1198000000.0,0.0,0.042,0.115,-1952000000.0,-754000000.0,-0.028,-754000000.0,-1952000000.0,-2233000000.0,-11.48,-11.48,-11.48,-5314000000.0,-4396750000.0,-5314000000.0,4486507887.0,-2.0,-5.95,-952000000.0,-1.696,1.0,1200000000.0,0.044,1854000000.0,281000000.0,7460000000.0,9238250000.0,1879000000.0,0.0,0.0,0.0,22363000000.0,11599000000.0,10764000000.0,1549507887.0,748000000.0,201000000.0,0.0,1409000000.0,-103000000.0,1255000000.0,-617000000.0,176000000.0,89000000.0,21000000.0,-6434000000.0,-6434000000.0,-6434000000.0,0.0,0.0,-0.237,3228000000.0,-2028000000.0,3212000000.0,-0.01,-0.292,-0.241,-0.24,5358000000.0,0.0,2.76,0.057,0.057,2367000000.0,-5467000000.0,27201000000.0,27201000000.0,0.0,-0.383,1.463,-0.211,-0.072,0.0,1658000000.0,1.0,561415901.0,561415901.0,,48.451,15356000000.0,142000000.0,4201000000.0,0.0,27.352,-2623000000.0
16,DPHIQ,MRT,2005-06-30,2005-06-30,2005-06-30,2021-06-10,-2496000000.0,16511000000.0,17866500000.0,7951000000.0,8560000000.0,1.543,-8.117,-1027000000.0,988000000.0,988000000.0,25854000000.0,-5765000000.0,1.033,-4.587,3925000000.0,971000000.0,2954000000.0,3925000000.0,0.0,1160000000.0,0.0,0.04,0.185,-1369000000.0,-209000000.0,-0.008,-209000000.0,-1369000000.0,-1605000000.0,-10.29,-10.29,-10.29,-4557000000.0,-2704000000.0,-4557000000.0,4881593974.0,-4.0,-23.357,133000000.0,0.237,1.0,1706000000.0,0.062,1856000000.0,236000000.0,9897000000.0,11053500000.0,1869000000.0,0.0,0.0,0.0,20903000000.0,7695000000.0,13208000000.0,2610593974.0,307000000.0,-61000000.0,0.0,228000000.0,-134000000.0,33000000.0,-908000000.0,65000000.0,1160000000.0,22000000.0,-5765000000.0,-5765000000.0,-5765000000.0,0.0,0.0,-0.209,3149000000.0,-1443000000.0,3568000000.0,-0.018,-0.573,-0.453,-0.452,5721000000.0,0.0,4.65,0.095,0.095,4727000000.0,-4679000000.0,27560000000.0,27560000000.0,0.0,-0.323,2.132,-0.124,-0.05,0.0,1617000000.0,1.0,561418059.0,561418059.0,,49.09,14655000000.0,174000000.0,4160000000.0,0.0,26.104,256000000.0
17,DPHIQ,MRT,2005-03-31,2005-03-31,2005-03-31,2021-06-10,-2367000000.0,16998000000.0,18977000000.0,8316000000.0,8682000000.0,1.48,-7.29,-893000000.0,1164000000.0,1164000000.0,25855000000.0,-5284000000.0,1.076,-5.103,3435000000.0,965000000.0,2470000000.0,3435000000.0,0.0,1154000000.0,0.0,0.054,0.24,-903000000.0,251000000.0,0.009,251000000.0,-903000000.0,-1127000000.0,-9.44,-9.44,-9.44,-4091000000.0,-1180000000.0,-4091000000.0,4807140962.0,-5.0,19.152,1121000000.0,1.998,1.0,2224000000.0,0.079,1896000000.0,224000000.0,9645000000.0,12344000000.0,1982000000.0,0.0,0.0,0.0,20878000000.0,7728000000.0,13150000000.0,2514140962.0,335000000.0,-61000000.0,2000000.0,-739000000.0,-157000000.0,-920000000.0,-785000000.0,65000000.0,2014000000.0,26000000.0,-5284000000.0,-5284000000.0,-5284000000.0,0.0,0.0,-0.188,3173000000.0,-949000000.0,3673000000.0,-0.025,-0.615,-0.476,-0.475,5778000000.0,0.0,4.48,0.09,0.09,4808000000.0,-4333000000.0,28079000000.0,28079000000.0,0.0,-0.278,4.478,-0.073,-0.032,0.0,1615000000.0,1.0,561192179.0,561192179.0,,50.035,15102000000.0,180000000.0,4157000000.0,0.0,26.911,588000000.0
18,DPHIQ,MRT,2004-12-31,2004-12-31,2004-12-31,2021-06-10,-2253000000.0,16559000000.0,20159500000.0,7716000000.0,8843000000.0,1.42,-6.459,-914000000.0,964000000.0,964000000.0,25989000000.0,-4818000000.0,1.151,-5.513,2980000000.0,507000000.0,2473000000.0,2980000000.0,0.0,1144000000.0,0.0,0.031,0.28,-443000000.0,701000000.0,0.024,701000000.0,-443000000.0,-675000000.0,-8.59,-8.59,-8.59,-3625000000.0,210500000.0,-3625000000.0,7354953455.0,-17.0,10.492,611000000.0,1.089,1.0,2633000000.0,0.092,1922000000.0,232000000.0,9951000000.0,13698250000.0,1958000000.0,0.0,0.0,0.0,19986000000.0,6702000000.0,13284000000.0,5061953455.0,71000000.0,-61000000.0,2000000.0,-507000000.0,-157000000.0,-685000000.0,-818000000.0,65000000.0,1525000000.0,49000000.0,-4818000000.0,-4818000000.0,-4818000000.0,0.0,0.0,-0.168,3115000000.0,-482000000.0,3504000000.0,-0.033,-1.396,-1.051,-1.05,5946000000.0,0.0,9.02,0.177,0.177,2908000000.0,-4047000000.0,28622000000.0,28622000000.0,0.0,-0.239,-22.888,-0.032,-0.015,0.0,1599000000.0,1.0,561192179.0,561192179.0,,51.002,14637000000.0,120000000.0,4143000000.0,0.0,26.082,1014000000.0
19,DPHIQ,MRT,2004-09-30,2004-09-30,2004-09-30,2021-06-10,-2111000000.0,21398000000.0,21286250000.0,8294000000.0,13104000000.0,1.355,2.596,-928000000.0,918000000.0,918000000.0,26031000000.0,150000000.0,1.16,13.559,3391000000.0,911000000.0,2480000000.0,3391000000.0,0.0,1136000000.0,0.0,0.03,0.28,394000000.0,1530000000.0,0.053,1530000000.0,394000000.0,156000000.0,0.26,0.26,0.26,1457000000.0,1478250000.0,1457000000.0,7506475343.0,19.0,4.906,151000000.0,0.269,1.0,2809000000.0,0.097,1999000000.0,238000000.0,14721000000.0,14935250000.0,1946000000.0,0.0,0.0,0.0,19756000000.0,7151000000.0,12605000000.0,5213475343.0,173000000.0,-56000000.0,2000000.0,226000000.0,-156000000.0,50000000.0,-980000000.0,0.0,1079000000.0,24000000.0,150000000.0,150000000.0,150000000.0,0.0,0.0,0.005,2466000000.0,343000000.0,3408000000.0,1.077,3.578,34.757,35.731,6109000000.0,0.0,9.29,0.181,0.181,4804000000.0,966000000.0,28840000000.0,28840000000.0,0.0,0.007,0.101,0.026,0.014,0.0,1608000000.0,1.0,561192179.0,561192179.0,,51.391,19399000000.0,4479000000.0,6000000.0,0.0,34.567,1143000000.0
20,DPHIQ,MRT,2004-06-30,2004-06-30,2004-06-30,2021-06-10,-2183000000.0,20953000000.0,20920250000.0,7894000000.0,13059000000.0,1.375,2.747,-973000000.0,681000000.0,681000000.0,25913000000.0,-34000000.0,1.243,12.496,3143000000.0,660000000.0,2483000000.0,3143000000.0,0.0,1167000000.0,0.0,0.026,0.28,52000000.0,1219000000.0,0.042,1219000000.0,52000000.0,-179000000.0,-0.07,-0.07,-0.07,1539000000.0,1427000000.0,1539000000.0,8587487590.0,165.0,7.045,88000000.0,0.157,1.0,2843000000.0,0.099,2005000000.0,231000000.0,15059000000.0,15043500000.0,1894000000.0,0.0,0.0,0.0,19232000000.0,6351000000.0,12881000000.0,5984487590.0,-63000000.0,-39000000.0,2000000.0,71000000.0,-157000000.0,-118000000.0,-1014000000.0,0.0,1061000000.0,8000000.0,-34000000.0,-34000000.0,-34000000.0,0.0,0.0,-0.001,2839000000.0,4000000.0,3291000000.0,-4.0,3.889,-176.014,-152.571,6147000000.0,0.0,10.68,0.208,0.208,4712000000.0,1124000000.0,28756000000.0,28756000000.0,0.0,-0.002,-0.024,0.003,0.002,0.0,1602000000.0,1.0,560345280.0,560345280.0,,51.318,18948000000.0,4437000000.0,-145000000.0,0.0,33.815,1543000000.0
21,DPHIQ,MRT,2004-03-31,2004-03-31,2004-03-31,2021-06-10,-2144000000.0,21728000000.0,20589500000.0,8584000000.0,13144000000.0,1.375,2.625,-1028000000.0,829000000.0,829000000.0,25515000000.0,-71000000.0,1.155,13.646,3600000000.0,1114000000.0,2486000000.0,3600000000.0,0.0,1147000000.0,0.0,0.028,0.28,42000000.0,1189000000.0,0.042,1189000000.0,42000000.0,-183000000.0,-0.13,-0.13,-0.13,1471000000.0,1455500000.0,1471000000.0,7935547572.0,189.0,6.674,-150000000.0,-0.268,1.0,2790000000.0,0.099,2005000000.0,225000000.0,15062000000.0,14949500000.0,1863000000.0,0.0,0.0,0.0,20074000000.0,7432000000.0,12642000000.0,5580547572.0,60000000.0,-39000000.0,0.0,382000000.0,-157000000.0,207000000.0,-1069000000.0,0.0,878000000.0,44000000.0,-71000000.0,-71000000.0,-71000000.0,0.0,0.0,-0.003,2796000000.0,-6000000.0,3308000000.0,-2.154,3.794,-78.599,-76.615,6276000000.0,0.0,9.96,0.197,0.197,5231000000.0,1021000000.0,28305000000.0,28305000000.0,0.0,-0.003,-0.049,0.003,0.001,0.0,1611000000.0,1.0,560295941.0,560295941.0,,50.518,19723000000.0,4411000000.0,-112000000.0,0.0,35.201,1152000000.0
22,DPHIQ,MRT,2003-12-31,2003-12-31,2003-12-31,2021-06-10,-2142000000.0,21066000000.0,20007750000.0,7870000000.0,13196000000.0,1.403,2.581,-1046000000.0,893000000.0,893000000.0,25272000000.0,-10000000.0,1.173,13.452,3456000000.0,892000000.0,2564000000.0,3456000000.0,0.0,1120000000.0,0.0,0.027,0.28,132000000.0,1252000000.0,0.045,1252000000.0,132000000.0,-79000000.0,-0.02,-0.02,-0.02,1446000000.0,1447750000.0,1446000000.0,7723621558.0,59.0,6.169,-176000000.0,-0.314,1.0,2805000000.0,0.1,2021000000.0,211000000.0,14899000000.0,14893250000.0,1796000000.0,0.0,0.0,0.0,19452000000.0,6709000000.0,12743000000.0,5720621558.0,-135000000.0,-39000000.0,1000000.0,187000000.0,-157000000.0,4000000.0,-1060000000.0,0.0,870000000.0,51000000.0,-10000000.0,-10000000.0,-10000000.0,0.0,0.0,0.0,2716000000.0,89000000.0,3133000000.0,-14.0,3.956,-572.062,-510.5,6399000000.0,0.0,10.21,0.204,0.204,4545000000.0,997000000.0,28077000000.0,28077000000.0,0.0,0.0,-0.007,0.009,0.005,0.0,1596000000.0,1.0,560295941.0,560295941.0,,50.111,19045000000.0,4328000000.0,-69000000.0,0.0,33.991,1161000000.0
23,DPHIQ,MRT,2003-09-30,2003-09-30,2003-09-30,2021-06-10,-2417000000.0,19934000000.0,19600750000.0,7836000000.0,12098000000.0,1.429,2.235,-1111000000.0,731000000.0,731000000.0,24877000000.0,22000000.0,1.296,14.922,2734000000.0,709000000.0,2025000000.0,2734000000.0,0.0,1095000000.0,0.0,0.031,0.28,165000000.0,1260000000.0,0.045,1260000000.0,165000000.0,-49000000.0,0.04,0.05,0.04,1252000000.0,1436500000.0,1252000000.0,6969678266.0,42.0,5.531,824000000.0,1.471,1.0,3134000000.0,0.112,739000000.0,214000000.0,15154000000.0,14679500000.0,1742000000.0,0.0,0.0,0.0,18682000000.0,6044000000.0,12638000000.0,5070678266.0,39000000.0,0.0,-3000000.0,-639000000.0,-159000000.0,-839000000.0,-1093000000.0,0.0,1935000000.0,36000000.0,22000000.0,22000000.0,22000000.0,0.0,0.0,0.001,2980000000.0,154000000.0,3221000000.0,7.0,4.05,230.485,226.25,5928000000.0,0.0,9.05,0.181,0.181,4721000000.0,1273000000.0,28011000000.0,28011000000.0,0.0,0.001,0.015,0.011,0.006,0.0,1537000000.0,1.0,560295941.0,560295941.0,,49.993,19195000000.0,4391000000.0,-71000000.0,0.0,34.259,1792000000.0
24,DPHIQ,MRT,2003-06-30,2003-06-30,2003-06-30,2021-06-10,-2405000000.0,19630000000.0,19418000000.0,7668000000.0,11962000000.0,1.437,2.95,-1098000000.0,730000000.0,730000000.0,24616000000.0,379000000.0,1.255,10.875,2629000000.0,1096000000.0,1533000000.0,2629000000.0,0.0,1029000000.0,0.0,0.032,0.28,735000000.0,1764000000.0,0.063,1764000000.0,735000000.0,523000000.0,0.68,0.69,0.68,1653000000.0,1711500000.0,1653000000.0,6810220801.0,9.0,3.861,1057000000.0,1.887,1.0,3283000000.0,0.118,738000000.0,212000000.0,14683000000.0,14626000000.0,1833000000.0,0.0,0.0,0.0,17977000000.0,6108000000.0,11869000000.0,4835220801.0,-8000000.0,0.0,-13000000.0,-935000000.0,-158000000.0,-1129000000.0,-1075000000.0,0.0,2155000000.0,41000000.0,379000000.0,379000000.0,379000000.0,0.0,0.0,0.014,2557000000.0,726000000.0,3265000000.0,0.412,2.925,12.758,12.691,6023000000.0,0.0,8.63,0.173,0.173,4434000000.0,1666000000.0,27899000000.0,27899000000.0,0.0,0.02,0.221,0.05,0.026,0.0,1528000000.0,1.0,560280510.0,560280510.0,,49.795,18892000000.0,4141000000.0,144000000.0,0.0,33.719,1560000000.0
25,DPHIQ,MRT,2003-03-31,2003-03-31,2003-03-31,2021-06-10,-2098000000.0,19401000000.0,19400500000.0,7656000000.0,11745000000.0,1.45,2.574,-1110000000.0,755000000.0,755000000.0,24739000000.0,493000000.0,1.313,12.473,2730000000.0,648000000.0,2082000000.0,2730000000.0,0.0,1013000000.0,0.0,0.041,0.28,920000000.0,1933000000.0,0.069,1933000000.0,920000000.0,710000000.0,0.88,0.89,0.88,1440000000.0,1908000000.0,1440000000.0,5573215097.0,6.0,2.883,715000000.0,1.278,1.0,3391000000.0,0.121,707000000.0,210000000.0,14837000000.0,14716000000.0,1765000000.0,0.0,0.0,0.0,17961000000.0,5832000000.0,12129000000.0,3821215097.0,73000000.0,0.0,-34000000.0,-428000000.0,-157000000.0,-641000000.0,-1079000000.0,0.0,1825000000.0,-32000000.0,493000000.0,493000000.0,493000000.0,0.0,0.0,0.018,2483000000.0,908000000.0,3202000000.0,0.318,2.654,7.751,7.761,5912000000.0,0.0,6.83,0.136,0.136,4470000000.0,1618000000.0,28130000000.0,28130000000.0,0.0,0.025,0.258,0.063,0.033,0.0,1470000000.0,1.0,559475124.0,559475124.0,,50.279,18694000000.0,4145000000.0,217000000.0,0.0,33.413,1824000000.0
26,DPHIQ,MRT,2002-12-31,2002-12-31,2002-12-31,2021-06-10,-2591000000.0,19438000000.0,19307750000.0,7664000000.0,11774000000.0,1.432,2.509,-1087000000.0,1014000000.0,1014000000.0,24307000000.0,318000000.0,1.308,12.874,2930000000.0,846000000.0,2084000000.0,2930000000.0,0.0,1002000000.0,0.0,0.035,0.28,660000000.0,1662000000.0,0.06,1662000000.0,660000000.0,450000000.0,0.57,0.57,0.57,1401000000.0,2103250000.0,1401000000.0,7243168139.0,11.0,4.358,926000000.0,1.658,1.0,3334000000.0,0.121,1450000000.0,210000000.0,14044000000.0,14706500000.0,1962000000.0,0.0,0.0,0.0,18037000000.0,5860000000.0,12177000000.0,4495168139.0,272000000.0,0.0,-26000000.0,-436000000.0,-157000000.0,-630000000.0,-1067000000.0,0.0,2013000000.0,-44000000.0,318000000.0,318000000.0,318000000.0,0.0,0.0,0.012,2696000000.0,638000000.0,2896000000.0,0.491,3.209,14.136,14.123,5944000000.0,0.0,8.05,0.163,0.163,4016000000.0,1454000000.0,27641000000.0,27641000000.0,0.0,0.016,0.151,0.045,0.024,0.0,1469000000.0,1.0,558405980.0,558405980.0,,49.5,17988000000.0,4080000000.0,132000000.0,0.0,32.213,1804000000.0
27,DPHIQ,MRT,2002-09-30,2002-09-30,2002-09-30,2021-06-10,-1441000000.0,19203000000.0,19098750000.0,8047000000.0,11156000000.0,1.405,4.204,-1033000000.0,707000000.0,707000000.0,23708000000.0,66000000.0,1.269,7.165,3455000000.0,1393000000.0,2062000000.0,3455000000.0,0.0,1068000000.0,0.0,0.033,0.28,345000000.0,1413000000.0,0.053,1413000000.0,345000000.0,148000000.0,0.12,0.12,0.12,2352000000.0,2331000000.0,2352000000.0,7692512310.0,22.0,5.444,139000000.0,0.248,1.0,3128000000.0,0.117,671000000.0,197000000.0,14940000000.0,14875000000.0,1711000000.0,0.0,0.0,0.0,16851000000.0,6340000000.0,10511000000.0,4783512310.0,-51000000.0,37000000.0,-22000000.0,-59000000.0,-156000000.0,-237000000.0,-953000000.0,0.0,1172000000.0,-33000000.0,66000000.0,66000000.0,66000000.0,0.0,0.0,0.002,2765000000.0,363000000.0,3101000000.0,2.333,2.034,72.477,71.25,5763000000.0,0.0,8.55,0.178,0.178,5134000000.0,1449000000.0,26836000000.0,26836000000.0,0.0,0.003,0.028,0.023,0.013,0.0,1472000000.0,1.0,559475124.0,559475124.0,,47.966,18532000000.0,3449000000.0,82000000.0,0.0,33.124,1707000000.0
28,DPHIQ,MRT,2002-06-30,2002-06-30,2002-06-30,2021-06-10,-1349000000.0,19560000000.0,19031250000.0,8402000000.0,11158000000.0,1.399,4.348,-1015000000.0,753000000.0,753000000.0,23553000000.0,38000000.0,1.244,7.02,3662000000.0,1598000000.0,2064000000.0,3662000000.0,0.0,1070000000.0,0.0,0.021,0.28,309000000.0,1379000000.0,0.052,1379000000.0,309000000.0,104000000.0,0.07,0.07,0.07,2439000000.0,2564750000.0,2439000000.0,10009787362.0,32.0,7.259,-49000000.0,-0.087,1.0,3066000000.0,0.115,674000000.0,205000000.0,15043000000.0,14946500000.0,1703000000.0,0.0,0.0,0.0,17121000000.0,6752000000.0,10369000000.0,7403787362.0,64000000.0,37000000.0,-8000000.0,275000000.0,-156000000.0,111000000.0,-950000000.0,0.0,966000000.0,-63000000.0,38000000.0,38000000.0,38000000.0,0.0,0.0,0.001,2747000000.0,319000000.0,3337000000.0,4.0,3.036,194.837,188.571,5794000000.0,0.0,13.2,0.278,0.278,5424000000.0,1434000000.0,26619000000.0,26619000000.0,0.0,0.002,0.015,0.021,0.012,0.0,1452000000.0,1.0,560892982.0,560892982.0,,47.458,18886000000.0,3423000000.0,66000000.0,0.0,33.671,1650000000.0
29,DPHIQ,MRT,2002-03-31,2002-03-31,2002-03-31,2021-06-10,-1407000000.0,19030000000.0,18859750000.0,7948000000.0,11082000000.0,1.391,3.964,-1072000000.0,697000000.0,697000000.0,23245000000.0,-18000000.0,1.288,7.568,3303000000.0,1225000000.0,2078000000.0,3303000000.0,0.0,1077000000.0,0.0,0.018,0.28,231000000.0,1308000000.0,0.05,1308000000.0,231000000.0,17000000.0,-0.03,-0.03,-0.03,2221000000.0,2782750000.0,2221000000.0,11554256084.0,50.0,8.834,212000000.0,0.378,1.0,2996000000.0,0.114,664000000.0,214000000.0,14799000000.0,14954750000.0,1593000000.0,0.0,0.0,0.0,16809000000.0,6173000000.0,10636000000.0,8958256084.0,-7000000.0,-13000000.0,15000000.0,-72000000.0,-156000000.0,-213000000.0,-1126000000.0,0.0,1284000000.0,48000000.0,-18000000.0,-18000000.0,-18000000.0,0.0,0.0,-0.001,2756000000.0,240000000.0,3042000000.0,-9.333,4.033,-497.681,-533.0,5646000000.0,0.0,15.99,0.341,0.341,5130000000.0,1253000000.0,26241000000.0,26241000000.0,0.0,-0.001,-0.006,0.015,0.009,0.0,1454000000.0,1.0,560241156.0,560241156.0,,46.839,18366000000.0,3506000000.0,35000000.0,0.0,32.782,1775000000.0
30,DPHIQ,MRT,2001-12-31,2001-12-31,2001-12-31,2021-06-10,-830000000.0,18602000000.0,18741000000.0,7498000000.0,11104000000.0,1.392,4.127,-1057000000.0,757000000.0,757000000.0,23257000000.0,-396000000.0,1.282,7.046,3353000000.0,1270000000.0,2083000000.0,3353000000.0,0.0,1150000000.0,0.0,0.02,0.28,-347000000.0,803000000.0,0.031,803000000.0,-347000000.0,-569000000.0,-0.71,-0.71,-0.71,2312000000.0,3033000000.0,2312000000.0,10409797232.0,-30.0,12.964,303000000.0,0.541,1.0,2831000000.0,0.109,630000000.0,222000000.0,14718000000.0,14946000000.0,1621000000.0,0.0,0.0,0.0,16290000000.0,5850000000.0,10440000000.0,7652797232.0,-3000000.0,-276000000.0,6000000.0,163000000.0,-156000000.0,13000000.0,-1353000000.0,0.0,1360000000.0,-23000000.0,-396000000.0,-396000000.0,-396000000.0,0.0,0.0,-0.015,3156000000.0,-325000000.0,2779000000.0,-0.394,3.31,-19.325,-19.239,5724000000.0,0.0,13.66,0.293,0.293,4607000000.0,1343000000.0,26088000000.0,26088000000.0,0.0,-0.021,-0.131,-0.023,-0.013,0.0,1470000000.0,1.0,560234058.0,560234058.0,,46.566,17972000000.0,3471000000.0,-173000000.0,0.0,32.079,1648000000.0
31,DPHIQ,MRT,2001-09-30,2001-09-30,2001-09-30,2021-06-10,-592000000.0,18933000000.0,18720750000.0,8738000000.0,10195000000.0,1.422,5.87,-1079000000.0,758000000.0,758000000.0,23384000000.0,-39000000.0,1.352,4.76,3515000000.0,1423000000.0,2092000000.0,3515000000.0,0.0,1081000000.0,0.0,0.024,0.28,165000000.0,1246000000.0,0.047,1246000000.0,165000000.0,-60000000.0,-0.08,-0.08,-0.08,3287000000.0,3396500000.0,3287000000.0,9278478112.0,56.0,7.447,-153000000.0,-0.273,1.0,3233000000.0,0.121,0.0,225000000.0,15226000000.0,14941500000.0,1803000000.0,0.0,0.0,0.0,15646000000.0,6464000000.0,9182000000.0,6579478112.0,31000000.0,-313000000.0,21000000.0,668000000.0,-156000000.0,518000000.0,-1387000000.0,0.0,926000000.0,-26000000.0,-39000000.0,-39000000.0,-39000000.0,0.0,0.0,-0.001,3132000000.0,101000000.0,3122000000.0,-3.5,2.002,-168.705,-146.875,5712000000.0,0.0,11.75,0.247,0.247,5376000000.0,1513000000.0,26617000000.0,26617000000.0,0.0,-0.002,-0.011,0.011,0.006,0.0,1515000000.0,1.0,559955584.0,559955584.0,,47.534,18933000000.0,2847000000.0,-21000000.0,0.0,33.812,2274000000.0
32,DPHIQ,MRT,2001-06-30,2001-06-30,2001-06-30,2021-06-10,-578000000.0,18874000000.0,18654000000.0,8807000000.0,10067000000.0,1.449,5.914,-1176000000.0,689000000.0,689000000.0,23617000000.0,83000000.0,1.356,4.7,3388000000.0,1278000000.0,2110000000.0,3388000000.0,0.0,1046000000.0,0.0,0.018,0.28,345000000.0,1391000000.0,0.051,1391000000.0,345000000.0,135000000.0,0.13,0.13,0.13,3311000000.0,3470500000.0,3311000000.0,11583014343.0,34.0,8.327,8000000.0,0.014,1.0,3419000000.0,0.126,0.0,210000000.0,15076000000.0,14582000000.0,1798000000.0,0.0,0.0,0.0,15563000000.0,6497000000.0,9066000000.0,8919014343.0,-66000000.0,-313000000.0,15000000.0,375000000.0,-156000000.0,219000000.0,-1407000000.0,0.0,1184000000.0,-62000000.0,83000000.0,83000000.0,83000000.0,0.0,0.0,0.003,3169000000.0,250000000.0,3217000000.0,2.154,2.694,107.458,122.538,5683000000.0,0.0,15.93,0.33,0.33,5448000000.0,1526000000.0,27036000000.0,27036000000.0,0.0,0.004,0.024,0.024,0.013,0.0,1587000000.0,1.0,559887906.0,559887906.0,,48.288,18874000000.0,2843000000.0,52000000.0,0.0,33.71,2310000000.0
33,DPHIQ,MRT,2001-03-31,2001-03-31,2001-03-31,2021-06-10,-541000000.0,18555000000.0,18655250000.0,8492000000.0,10063000000.0,1.494,5.756,-1191000000.0,704000000.0,704000000.0,24049000000.0,343000000.0,1.316,4.759,3368000000.0,1477000000.0,1891000000.0,3368000000.0,0.0,1021000000.0,0.0,0.02,0.28,750000000.0,1771000000.0,0.064,1771000000.0,750000000.0,551000000.0,0.59,0.59,0.59,3222000000.0,3528750000.0,3222000000.0,10354228381.0,14.0,5.847,-107000000.0,-0.191,1.0,3821000000.0,0.137,0.0,199000000.0,14764000000.0,14280750000.0,1724000000.0,0.0,0.0,0.0,15333000000.0,6455000000.0,8878000000.0,7932228381.0,-212000000.0,-263000000.0,-42000000.0,440000000.0,-157000000.0,131000000.0,-1274000000.0,0.0,1084000000.0,-153000000.0,343000000.0,343000000.0,343000000.0,0.0,0.0,0.012,3191000000.0,630000000.0,2895000000.0,0.475,2.462,23.126,24.017,5545000000.0,0.0,14.17,0.285,0.285,5156000000.0,1401000000.0,27870000000.0,27870000000.0,0.0,0.018,0.097,0.053,0.027,0.0,1634000000.0,1.0,559790288.0,559790288.0,,49.787,18555000000.0,2839000000.0,208000000.0,0.0,33.146,2037000000.0
34,DPHIQ,MRT,2000-12-31,2000-12-31,2000-12-31,2021-06-10,-463000000.0,18521000000.0,18761500000.0,8603000000.0,9918000000.0,1.553,6.728,-1272000000.0,760000000.0,760000000.0,24744000000.0,1062000000.0,1.378,3.918,3182000000.0,1559000000.0,1623000000.0,3182000000.0,0.0,936000000.0,0.0,0.025,0.28,1850000000.0,2786000000.0,0.096,2786000000.0,1850000000.0,1667000000.0,1.89,1.88,1.89,3766000000.0,3581750000.0,3766000000.0,8408623032.0,5.0,3.018,-1004000000.0,-1.794,1.0,4395000000.0,0.151,0.0,183000000.0,14700000000.0,14117500000.0,1707000000.0,0.0,0.0,0.0,14755000000.0,6243000000.0,8512000000.0,6297623032.0,-786000000.0,-897000000.0,-49000000.0,1410000000.0,-157000000.0,1094000000.0,-2054000000.0,0.0,268000000.0,-94000000.0,1062000000.0,1062000000.0,1062000000.0,0.0,0.0,0.036,2702000000.0,1693000000.0,2871000000.0,0.148,1.672,5.93,5.952,5718000000.0,0.0,11.25,0.216,0.216,5358000000.0,1869000000.0,29139000000.0,29139000000.0,0.0,0.057,0.297,0.131,0.063,0.0,1715000000.0,1.0,559788714.0,559788714.0,,52.054,18521000000.0,2612000000.0,605000000.0,0.0,33.086,2360000000.0
35,DPHIQ,MRT,2000-09-30,2000-09-30,2000-09-30,2021-06-10,-485000000.0,18666000000.0,18718750000.0,9337000000.0,9329000000.0,1.575,6.399,-1319000000.0,727000000.0,727000000.0,25036000000.0,1131000000.0,1.336,4.21,2838000000.0,1216000000.0,1622000000.0,2838000000.0,0.0,896000000.0,0.0,0.019,0.28,1941000000.0,2837000000.0,0.096,2837000000.0,1941000000.0,1776000000.0,2.0,1.99,2.0,3583000000.0,3440250000.0,3583000000.0,10718310058.0,6.0,3.778,-379000000.0,-0.677,1.0,4444000000.0,0.151,0.0,165000000.0,13788000000.0,13398500000.0,2009000000.0,0.0,0.0,0.0,15083000000.0,6989000000.0,8094000000.0,8469310058.0,-490000000.0,-897000000.0,-64000000.0,1056000000.0,-157000000.0,740000000.0,-2017000000.0,0.0,940000000.0,-153000000.0,1131000000.0,1131000000.0,1131000000.0,0.0,0.0,0.038,2675000000.0,1769000000.0,3173000000.0,0.14,2.364,7.488,7.562,5596000000.0,0.0,15.125,0.287,0.287,5736000000.0,1708000000.0,29480000000.0,29480000000.0,0.0,0.06,0.329,0.145,0.066,0.0,1728000000.0,1.0,559954384.0,559954384.0,,52.647,18666000000.0,2781000000.0,645000000.0,0.0,33.335,2348000000.0
36,DPHIQ,MRT,2000-06-30,2000-06-30,2000-06-30,2021-06-10,-418000000.0,18879000000.0,18613250000.0,9579000000.0,9300000000.0,1.591,6.295,-1306000000.0,755000000.0,755000000.0,25243000000.0,1119000000.0,1.32,4.327,3004000000.0,1372000000.0,1632000000.0,3004000000.0,0.0,873000000.0,0.0,0.019,0.28,1917000000.0,2790000000.0,0.094,2790000000.0,1917000000.0,1760000000.0,1.98,1.97,1.98,3544000000.0,3472500000.0,3544000000.0,10209687500.0,5.0,3.659,-359000000.0,-0.638,1.0,4379000000.0,0.148,0.0,157000000.0,13871000000.0,13458750000.0,1816000000.0,0.0,0.0,0.0,15335000000.0,7257000000.0,8078000000.0,8198687500.0,-477000000.0,-897000000.0,-129000000.0,1158000000.0,-158000000.0,776000000.0,-2106000000.0,0.0,947000000.0,-94000000.0,1119000000.0,1119000000.0,1119000000.0,0.0,0.0,0.038,2634000000.0,1745000000.0,3314000000.0,0.141,2.313,7.327,7.355,5584000000.0,0.0,14.562,0.277,0.277,6039000000.0,1600000000.0,29622000000.0,29622000000.0,0.0,0.06,0.322,0.142,0.065,0.0,1710000000.0,1.0,563000000.0,563000000.0,,52.615,18879000000.0,2812000000.0,641000000.0,0.0,33.533,2322000000.0
37,DPHIQ,MRT,2000-03-31,2000-03-31,2000-03-31,2021-06-10,-343000000.0,18980000000.0,18452000000.0,9685000000.0,9295000000.0,1.6,6.11,-1240000000.0,916000000.0,916000000.0,25240000000.0,1089000000.0,1.408,4.527,2927000000.0,1282000000.0,1645000000.0,2927000000.0,0.0,851000000.0,0.0,0.018,0.28,1871000000.0,2722000000.0,0.092,2722000000.0,1871000000.0,1723000000.0,1.93,1.91,1.93,3434000000.0,3509000000.0,3434000000.0,9203000000.0,5.0,3.381,-138000000.0,-0.246,1.0,4287000000.0,0.145,0.0,148000000.0,14111000000.0,13514250000.0,1811000000.0,0.0,0.0,0.0,15546000000.0,6880000000.0,8666000000.0,8992000000.0,-207000000.0,-897000000.0,-74000000.0,1031000000.0,-118000000.0,839000000.0,-2089000000.0,0.0,1102000000.0,-59000000.0,1089000000.0,1089000000.0,1089000000.0,0.0,0.0,0.037,2596000000.0,1691000000.0,3362000000.0,0.145,2.619,8.257,8.29,5604000000.0,0.0,16.0,0.305,0.305,5861000000.0,1215000000.0,29527000000.0,29527000000.0,0.0,0.059,0.31,0.138,0.063,0.0,1694000000.0,1.0,562000000.0,562000000.0,,52.539,18980000000.0,2886000000.0,634000000.0,0.0,33.772,2805000000.0
38,DPHIQ,MRT,1999-12-31,1999-12-31,1999-12-31,2021-06-10,-324000000.0,18350000000.0,18226750000.0,9811000000.0,8539000000.0,1.602,5.704,-1200000000.0,1546000000.0,1546000000.0,25035000000.0,1083000000.0,1.456,4.734,1757000000.0,117000000.0,1640000000.0,1757000000.0,0.0,856000000.0,0.0,0.013,0.21,1853000000.0,2709000000.0,0.093,2709000000.0,1853000000.0,1721000000.0,1.96,1.95,1.96,3200000000.0,3488250000.0,3200000000.0,9384750000.0,5.0,3.464,-2414000000.0,-4.303,1.0,4157000000.0,0.142,0.0,132000000.0,11824000000.0,13567500000.0,1749000000.0,0.0,0.0,0.0,15150000000.0,6737000000.0,8413000000.0,8835750000.0,551000000.0,0.0,1554000000.0,1403000000.0,-79000000.0,2878000000.0,-1055000000.0,0.0,-1214000000.0,-58000000.0,1083000000.0,1083000000.0,1083000000.0,0.0,0.0,0.037,2475000000.0,1682000000.0,3096000000.0,0.107,2.761,8.159,8.036,5106000000.0,0.0,15.75,0.303,0.303,5372000000.0,964000000.0,29192000000.0,29192000000.0,0.0,0.059,0.31,0.137,0.063,0.0,1619000000.0,1.0,561000000.0,561000000.0,,52.036,18350000000.0,3001000000.0,638000000.0,0.0,32.709,3074000000.0
39,DPHIQ,MRT,1999-09-30,1999-09-30,1999-09-30,2021-06-10,-195000000.0,18244000000.0,17515750000.0,8944000000.0,9300000000.0,1.698,6.57,-1317000000.0,1217000000.0,1217000000.0,25739000000.0,902000000.0,1.877,3.915,1766000000.0,119000000.0,1647000000.0,1766000000.0,0.0,1017000000.0,0.0,0.009,0.14,1578000000.0,2595000000.0,0.087,2595000000.0,1578000000.0,1406000000.0,1.68,1.67,1.68,3712000000.0,2690500000.0,3712000000.0,9673312500.0,6.0,3.728,-2345000000.0,-4.15,1.0,4003000000.0,0.135,0.0,172000000.0,14029000000.0,14100000000.0,1601000000.0,41000000.0,41000000.0,0.0,14532000000.0,4764000000.0,9768000000.0,9075312500.0,237000000.0,0.0,1554000000.0,1413000000.0,-40000000.0,2570000000.0,-1274000000.0,9000000.0,-1028000000.0,-31000000.0,902000000.0,902000000.0,902000000.0,0.0,0.0,0.03,2648000000.0,1355000000.0,2908000000.0,0.083,2.445,10.061,9.561,4998000000.0,0.0,16.062,0.305,0.305,5763000000.0,735000000.0,29742000000.0,29742000000.0,0.0,0.051,0.335,0.112,0.053,0.0,1631000000.0,1.0,565000000.0,565000000.0,,52.641,18244000000.0,3074000000.0,504000000.0,0.0,32.29,4180000000.0
40,DPHIQ,MRT,1999-06-30,1999-06-30,1999-06-30,2021-06-10,-187000000.0,18234000000.0,,8957000000.0,9277000000.0,,6.531,-1265000000.0,1232000000.0,1232000000.0,25910000000.0,266000000.0,1.89,3.941,1830000000.0,183000000.0,1647000000.0,1830000000.0,0.0,1063000000.0,0.0,0.004,0.07,585000000.0,1648000000.0,0.057,1648000000.0,585000000.0,379000000.0,0.36,0.35,0.36,3690000000.0,,3690000000.0,11215500000.0,19.0,6.806,-2505000000.0,-4.434,1.0,3057000000.0,0.106,0.0,206000000.0,14093000000.0,,1454000000.0,14000000.0,14000000.0,0.0,14544000000.0,4739000000.0,9805000000.0,10452500000.0,244000000.0,0.0,1621000000.0,1477000000.0,0.0,2484000000.0,-991000000.0,1000000.0,-1240000000.0,-9000000.0,266000000.0,266000000.0,266000000.0,0.0,0.0,0.009,2637000000.0,420000000.0,2703000000.0,0.194,2.833,39.295,51.389,4919000000.0,0.0,18.5,0.361,0.361,5909000000.0,638000000.0,28967000000.0,28967000000.0,0.0,,,,0.02,0.0,1574000000.0,1.0,565000000.0,565000000.0,,51.269,18234000000.0,3142000000.0,113000000.0,0.0,32.273,4218000000.0
41,DPHIQ,MRT,1999-03-31,1999-03-31,1999-03-31,2021-06-10,-172000000.0,18079000000.0,,8730000000.0,9349000000.0,,5.931,-1319000000.0,1123000000.0,1123000000.0,25737000000.0,-45000000.0,1.932,4.395,1886000000.0,219000000.0,1667000000.0,1886000000.0,0.0,1139000000.0,0.0,0.0,0.0,80000000.0,1219000000.0,0.043,1219000000.0,80000000.0,-157000000.0,-0.16,-0.16,-0.16,3351000000.0,,3351000000.0,12533750000.0,157.0,10.282,-3555000000.0,-6.292,1.0,2588000000.0,0.091,0.0,237000000.0,14324000000.0,,1539000000.0,11000000.0,11000000.0,0.0,14728000000.0,4518000000.0,10210000000.0,10028750000.0,138000000.0,0.0,1621000000.0,1527000000.0,0.0,3480000000.0,-1084000000.0,4000000.0,-2236000000.0,-22000000.0,-45000000.0,-45000000.0,-45000000.0,0.0,0.0,-0.002,2686000000.0,-98000000.0,2591000000.0,0.0,2.993,-222.861,-110.938,4907000000.0,0.0,17.75,0.354,0.354,5699000000.0,284000000.0,28325000000.0,28325000000.0,0.0,,,,0.003,0.0,1547000000.0,1.0,565000000.0,565000000.0,,50.133,18079000000.0,3294000000.0,-112000000.0,0.0,31.998,4212000000.0
42,DPHIQ,MRT,1998-12-31,1998-12-31,1998-12-31,2021-06-10,-68000000.0,15506000000.0,15266000000.0,6405000000.0,9101000000.0,1.866,0.016,-1381000000.0,995000000.0,995000000.0,26135000000.0,-93000000.0,1.579,1721.889,3500000000.0,359000000.0,3141000000.0,3500000000.0,0.0,1102000000.0,0.0,,0.0,11000000.0,1113000000.0,0.039,1113000000.0,11000000.0,-266000000.0,-0.2,-0.2,-0.2,9000000.0,-202000000.0,9000000.0,,,,-532000000.0,-0.942,1.0,2344000000.0,0.082,0.0,277000000.0,13954000000.0,13712500000.0,1770000000.0,5000000.0,5000000.0,0.0,15497000000.0,4057000000.0,11440000000.0,,6000000.0,0.0,0.0,0.0,0.0,384000000.0,-1216000000.0,0.0,849000000.0,-11000000.0,-93000000.0,-93000000.0,-93000000.0,0.0,0.0,-0.003,2565000000.0,-221000000.0,2260000000.0,0.0,,,,4965000000.0,0.0,,,,3213000000.0,0.0,28479000000.0,28479000000.0,0.0,-0.006,0.46,0.001,0.0,0.0,1463000000.0,1.0,565000000.0,565000000.0,,50.405,15506000000.0,3098000000.0,-173000000.0,0.0,27.444,2348000000.0
43,DPHIQ,MRT,1998-09-30,1998-09-30,1998-09-30,2021-06-10,,,,,,,,,,,,,,,,,,,,,,,0.0,,,,,,,,,,,,,,,,,,1.0,,,,,,,,,,,,,,,,,,,,,,,,,,,,,,,,,,,,,,,,,,,,,,,,,,,,,,1.0,565000000.0,565000000.0,,,,,,,,
44,DPHIQ,MRT,1998-06-30,1998-06-30,1998-06-30,2021-06-10,,,,,,,,,,,,,,,,,,,,,,,0.0,,,,,,,,,,,,,,,,,,1.0,,,,,,,,,,,,,,,,,,,,,,,,,,,,,,,,,,,,,,,,,,,,,,,,,,,,,,1.0,565000000.0,565000000.0,,,,,,,,
45,DPHIQ,MRT,1998-03-31,1998-03-31,1998-03-31,2021-06-10,,,,,,,,,,,,,,,,,,,,,,,0.0,,,,,,,,,,,,,,,,,,1.0,,,,,,,,,,,,,,,,,,,,,,,,,,,,,,,,,,,,,,,,,,,,,,,,,,,,,,1.0,565000000.0,565000000.0,,,,,,,,
46,DPHIQ,MRT,1997-12-31,1997-12-31,1997-12-31,2021-06-10,-78000000.0,15026000000.0,15208000000.0,6378000000.0,8648000000.0,2.068,-0.731,-1383000000.0,989000000.0,989000000.0,27710000000.0,215000000.0,1.569,-37.383,3500000000.0,159000000.0,3341000000.0,3500000000.0,0.0,1970000000.0,0.0,,0.0,546000000.0,2516000000.0,0.08,2516000000.0,546000000.0,259000000.0,0.46,0.46,0.46,-413000000.0,254500000.0,-413000000.0,,,,1535000000.0,2.717,1.0,3737000000.0,0.119,0.0,287000000.0,13471000000.0,13817500000.0,1868000000.0,11000000.0,11000000.0,0.0,15439000000.0,4066000000.0,11373000000.0,,18000000.0,0.0,0.0,0.0,0.0,-1549000000.0,-1320000000.0,18000000.0,2918000000.0,-31000000.0,215000000.0,215000000.0,215000000.0,0.0,0.0,0.007,3385000000.0,352000000.0,2243000000.0,0.0,,,,4600000000.0,0.0,,,,3266000000.0,,31447000000.0,31447000000.0,0.0,0.014,0.845,0.04,0.017,0.0,1415000000.0,1.0,565000000.0,565000000.0,,55.658,15026000000.0,3190000000.0,44000000.0,0.0,26.595,2312000000.0
47,DPHIQ,MRT,1996-12-31,1996-12-31,1996-12-31,2021-06-10,5000000.0,15390000000.0,,6204000000.0,9186000000.0,,,-1177000000.0,971000000.0,971000000.0,27471000000.0,853000000.0,1.652,15.692,3500000000.0,148000000.0,3352000000.0,3500000000.0,0.0,843000000.0,0.0,,0.0,1388000000.0,2231000000.0,0.072,2231000000.0,1388000000.0,1112000000.0,1.83,1.83,1.83,922000000.0,,922000000.0,,,,1524000000.0,,1.0,3561000000.0,0.115,0.0,276000000.0,14164000000.0,,2013000000.0,29000000.0,29000000.0,0.0,14468000000.0,3755000000.0,10713000000.0,,15000000.0,-54000000.0,0.0,0.0,0.0,-1686000000.0,-995000000.0,15000000.0,2701000000.0,-5000000.0,853000000.0,853000000.0,853000000.0,0.0,0.0,0.027,2288000000.0,1273000000.0,2203000000.0,0.0,,,,5241000000.0,0.0,,,,2852000000.0,,31032000000.0,31032000000.0,0.0,,,,0.045,0.0,1445000000.0,1.0,,,,,15390000000.0,2735000000.0,259000000.0,0.0,,2449000000.0
48,DPHIQ,MRT,1995-12-31,1995-12-31,1995-12-31,2021-06-10,,,,,,,,-1155000000.0,,,27384000000.0,1307000000.0,,,,,,,,773000000.0,,,0.0,2239000000.0,3012000000.0,0.095,3012000000.0,2239000000.0,1946000000.0,2.81,2.81,2.81,,,,,,,215000000.0,,1.0,4277000000.0,0.135,,293000000.0,,,,,,,,,,,-28000000.0,-136000000.0,0.0,0.0,0.0,-263000000.0,-1141000000.0,-28000000.0,1370000000.0,6000000.0,1307000000.0,1307000000.0,1307000000.0,0.0,0.0,0.041,2139000000.0,2138000000.0,,0.0,,,,,0.0,,,,,,31661000000.0,31661000000.0,0.0,,,,0.071,0.0,1366000000.0,1.0,,,,,,,639000000.0,,,
