None,ticker,dimension,calendardate,datekey,reportperiod,lastupdated,accoci,assets,assetsavg,assetsc,assetsnc,assetturnover,bvps,capex,cashneq,cashnequsd,cor,consolinc,currentratio,de,debt,debtc,debtnc,debtusd,deferredrev,depamor,deposits,divyield,dps,ebit,ebitda,ebitdamargin,ebitdausd,ebitusd,ebt,eps,epsdil,epsusd,equity,equityavg,equityusd,ev,evebit,evebitda,fcf,fcfps,fxusd,gp,grossmargin,intangibles,intexp,invcap,invcapavg,inventory,investments,investmentsc,investmentsnc,liabilities,liabilitiesc,liabilitiesnc,marketcap,ncf,ncfbus,ncfcommon,ncfdebt,ncfdiv,ncff,ncfi,ncfinv,ncfo,ncfx,netinc,netinccmn,netinccmnusd,netincdis,netincnci,netmargin,opex,opinc,payables,payoutratio,pb,pe,pe1,ppnenet,prefdivis,price,ps,ps1,receivables,retearn,revenue,revenueusd,rnd,roa,roe,roic,ros,sbcomp,sgna,sharefactor,sharesbas,shareswa,shareswadil,sps,tangibles,taxassets,taxexp,taxliabilities,tbvps,workingcapital
0,SHLDQ,MRY,2017-12-31,2018-02-03,2018-02-03,2021-08-25,0.0,7273000000.0,8234250000.0,3823000000.0,3450000000.0,2.028,-34.693,1029000000.0,336000000.0,336000000.0,13175000000.0,-383000000.0,0.777,-2.952,4379000000.0,1883000000.0,2496000000.0,4379000000.0,1180000000.0,332000000.0,0.0,0.0,0.0,-442000000.0,-110000000.0,-0.007,-110000000.0,-442000000.0,-981000000.0,-3.57,-3.57,-3.57,-3726000000.0,-3731250000.0,-3726000000.0,4548892237.0,-10.0,-41.354,-813000000.0,-7.57,1.0,3527000000.0,0.211,1437000000.0,539000000.0,4957000000.0,5725250000.0,2798000000.0,0.0,0.0,0.0,10999000000.0,4922000000.0,6077000000.0,252892237.0,50000000.0,572000000.0,0.0,-2000000.0,0.0,-2000000.0,1894000000.0,293000000.0,-1842000000.0,0.0,-383000000.0,-383000000.0,-383000000.0,0.0,0.0,-0.023,3957000000.0,-430000000.0,576000000.0,0.0,-0.068,-0.66,-0.658,1729000000.0,0.0,2.35,0.015,0.015,343000000.0,-5895000000.0,16702000000.0,16702000000.0,0.0,-0.047,0.103,-0.077,-0.026,0.0,5131000000.0,1.0,107613718.0,107400000,107400000.0,155.512,5836000000.0,0.0,-598000000.0,373000000.0,54.339,-1099000000.0
1,SHLDQ,MRY,2016-12-31,2017-01-28,2017-01-28,2021-08-25,-1552000000.0,9362000000.0,10504000000.0,4996000000.0,4366000000.0,2.108,-35.772,244000000.0,286000000.0,286000000.0,17452000000.0,-2221000000.0,1.067,-3.448,4398000000.0,590000000.0,3808000000.0,4398000000.0,748000000.0,375000000.0,0.0,0.0,0.0,-1991000000.0,-1616000000.0,-0.073,-1616000000.0,-1991000000.0,-2395000000.0,-20.78,-20.78,-20.78,-3824000000.0,-3063000000.0,-3824000000.0,4999186730.0,-3.0,-3.094,-1137000000.0,-10.636,1.0,4686000000.0,0.212,1790000000.0,404000000.0,7003000000.0,7284000000.0,3959000000.0,0.0,0.0,0.0,13186000000.0,4681000000.0,8505000000.0,794186730.0,48000000.0,0.0,0.0,1185000000.0,0.0,1185000000.0,244000000.0,0.0,-1381000000.0,0.0,-2221000000.0,-2221000000.0,-2221000000.0,0.0,0.0,-0.1,6664000000.0,-1978000000.0,1048000000.0,0.0,-0.208,-0.358,-0.357,2240000000.0,0.0,7.42,0.036,0.036,466000000.0,-5512000000.0,22138000000.0,22138000000.0,0.0,-0.211,0.725,-0.273,-0.09,0.0,6109000000.0,1.0,107033252.0,106900000,106900000.0,207.091,7572000000.0,0.0,-174000000.0,1082000000.0,70.833,315000000.0
2,SHLDQ,MRY,2015-12-31,2016-01-30,2016-01-30,2021-08-25,-1918000000.0,11337000000.0,12632250000.0,6045000000.0,5292000000.0,1.991,-18.415,2519000000.0,238000000.0,238000000.0,19336000000.0,-1128000000.0,1.112,-6.772,3140000000.0,868000000.0,2272000000.0,3140000000.0,787000000.0,422000000.0,0.0,0.0,0.0,-1063000000.0,-641000000.0,-0.025,-641000000.0,-1063000000.0,-1386000000.0,-10.59,-10.59,-10.59,-1963000000.0,-1336000000.0,-1963000000.0,4559381737.0,-4.0,-7.113,352000000.0,3.302,1.0,5810000000.0,0.231,2178000000.0,323000000.0,6623000000.0,7570000000.0,5172000000.0,0.0,0.0,0.0,13293000000.0,5438000000.0,7855000000.0,1808381737.0,-12000000.0,0.0,0.0,-364000000.0,0.0,-364000000.0,2519000000.0,0.0,-2167000000.0,0.0,-1129000000.0,-1129000000.0,-1129000000.0,0.0,1000000.0,-0.045,6810000000.0,-1000000000.0,1574000000.0,0.0,-0.921,-1.602,-1.601,2631000000.0,0.0,16.95,0.072,0.072,419000000.0,-3291000000.0,25146000000.0,25146000000.0,0.0,-0.089,0.845,-0.14,-0.042,0.0,6857000000.0,1.0,106689188.0,106600000,106600000.0,235.891,9159000000.0,0.0,-257000000.0,1177000000.0,85.919,607000000.0
3,SHLDQ,MRY,2014-12-31,2015-01-31,2015-01-31,2021-08-25,-2030000000.0,13185000000.0,15430500000.0,5863000000.0,7322000000.0,2.022,-8.946,154000000.0,250000000.0,250000000.0,24049000000.0,-1810000000.0,1.048,-14.858,3776000000.0,689000000.0,3087000000.0,3776000000.0,818000000.0,581000000.0,0.0,0.0,0.0,-1244000000.0,-663000000.0,-0.021,-663000000.0,-1244000000.0,-1557000000.0,-15.82,-15.82,-15.82,-951000000.0,389000000.0,-951000000.0,8005205232.0,-6.0,-12.074,-1233000000.0,-11.599,1.0,7149000000.0,0.229,2366000000.0,313000000.0,8750000000.0,9131000000.0,4943000000.0,0.0,0.0,0.0,14130000000.0,5595000000.0,8535000000.0,3391205232.0,-778000000.0,-207000000.0,0.0,-199000000.0,0.0,285000000.0,327000000.0,380000000.0,-1387000000.0,-3000000.0,-1682000000.0,-1682000000.0,-1682000000.0,0.0,-128000000.0,-0.054,8657000000.0,-1508000000.0,1621000000.0,0.0,-3.566,-2.016,-2.013,4449000000.0,0.0,31.84,0.109,0.108,429000000.0,-2162000000.0,31198000000.0,31198000000.0,0.0,-0.109,-4.324,-0.136,-0.04,0.0,8220000000.0,1.0,106507702.0,106300000,106300000.0,293.49,10819000000.0,0.0,125000000.0,1575000000.0,101.778,268000000.0
4,SHLDQ,MRY,2013-12-31,2014-02-01,2014-02-01,2021-08-25,-1117000000.0,18261000000.0,19286000000.0,8959000000.0,9302000000.0,1.876,16.39,666000000.0,1038000000.0,1038000000.0,27433000000.0,-1116000000.0,1.095,9.246,4249000000.0,1415000000.0,2834000000.0,4249000000.0,900000000.0,732000000.0,0.0,0.0,0.0,-967000000.0,-235000000.0,-0.006,-235000000.0,-967000000.0,-1221000000.0,-12.87,-12.87,-12.87,1739000000.0,2452750000.0,1739000000.0,7959638836.0,-8.0,-33.871,-443000000.0,-4.175,1.0,8755000000.0,0.242,3229000000.0,254000000.0,10058000000.0,10541000000.0,7034000000.0,0.0,0.0,0.0,16078000000.0,8185000000.0,7893000000.0,3871638836.0,419000000.0,0.0,0.0,1135000000.0,0.0,902000000.0,664000000.0,-2000000.0,-1109000000.0,-38000000.0,-1365000000.0,-1365000000.0,-1365000000.0,0.0,249000000.0,-0.038,9682000000.0,-927000000.0,2496000000.0,0.0,2.226,-2.836,-2.826,5394000000.0,0.0,36.37,0.107,0.107,553000000.0,-480000000.0,36188000000.0,36188000000.0,0.0,-0.071,-0.557,-0.092,-0.027,0.0,9384000000.0,1.0,106451439.0,106100000,106100000.0,341.074,15032000000.0,0.0,144000000.0,1956000000.0,141.678,774000000.0
5,SHLDQ,MRY,2012-12-31,2013-02-02,2013-02-02,2021-08-25,-1459000000.0,19340000000.0,20983000000.0,9265000000.0,10075000000.0,1.899,26.015,154000000.0,618000000.0,618000000.0,29340000000.0,-1054000000.0,1.101,5.869,3120000000.0,1177000000.0,1943000000.0,3120000000.0,931000000.0,830000000.0,0.0,0.0,0.0,-619000000.0,211000000.0,0.005,211000000.0,-619000000.0,-886000000.0,-8.78,-8.78,-8.78,2755000000.0,3932500000.0,2755000000.0,8431539087.0,-14.0,39.96,-149000000.0,-1.407,1.0,10514000000.0,0.264,3260000000.0,267000000.0,10168000000.0,10706250000.0,7558000000.0,0.0,0.0,0.0,16168000000.0,8414000000.0,7754000000.0,5060539087.0,-138000000.0,0.0,0.0,-414000000.0,0.0,-27000000.0,191000000.0,37000000.0,-303000000.0,1000000.0,-930000000.0,-930000000.0,-930000000.0,0.0,-124000000.0,-0.023,11352000000.0,-838000000.0,2761000000.0,0.0,1.837,-5.441,-5.416,6053000000.0,0.0,47.55,0.127,0.126,635000000.0,885000000.0,39854000000.0,39854000000.0,0.0,-0.044,-0.236,-0.058,-0.016,0.0,10660000000.0,1.0,106425638.0,105900000,105900000.0,376.336,16080000000.0,0.0,44000000.0,1817000000.0,151.841,851000000.0
6,SHLDQ,MRY,2011-12-31,2012-01-28,2012-01-28,2021-08-25,-1609000000.0,21381000000.0,23902000000.0,10244000000.0,11137000000.0,1.739,40.084,-360000000.0,754000000.0,754000000.0,30966000000.0,-3147000000.0,1.112,3.98,3493000000.0,1405000000.0,2088000000.0,3493000000.0,964000000.0,853000000.0,0.0,0.0,0.0,-1482000000.0,-629000000.0,-0.015,-629000000.0,-1482000000.0,-1771000000.0,-29.4,-29.4,-29.4,4281000000.0,7136250000.0,4281000000.0,8629136149.0,-6.0,-13.719,-635000000.0,-5.946,1.0,10601000000.0,0.255,3778000000.0,289000000.0,11130000000.0,12779500000.0,8407000000.0,0.0,0.0,0.0,17040000000.0,9212000000.0,7828000000.0,4709136149.0,-612000000.0,0.0,-183000000.0,273000000.0,0.0,-28000000.0,-309000000.0,8000000.0,-275000000.0,0.0,-3140000000.0,-3140000000.0,-3140000000.0,27000000.0,-7000000.0,-0.076,12102000000.0,-1501000000.0,2912000000.0,0.0,1.1,-1.5,-1.499,6577000000.0,0.0,44.06,0.113,0.113,695000000.0,1865000000.0,41567000000.0,41567000000.0,0.0,-0.131,-0.44,-0.116,-0.036,0.0,10664000000.0,1.0,106880076.0,106800000,106800000.0,389.204,17603000000.0,0.0,1369000000.0,1855000000.0,164.822,1032000000.0
7,SHLDQ,MRY,2010-12-31,2011-01-29,2011-01-29,2021-08-25,-779000000.0,24360000000.0,25163750000.0,11560000000.0,12800000000.0,1.695,76.332,-391000000.0,1374000000.0,1374000000.0,31000000000.0,150000000.0,1.337,1.85,3193000000.0,849000000.0,2344000000.0,3193000000.0,976000000.0,869000000.0,0.0,0.0,0.0,453000000.0,1322000000.0,0.031,1322000000.0,453000000.0,160000000.0,1.19,1.19,1.19,8511000000.0,8612750000.0,8511000000.0,11600555246.0,26.0,8.775,-268000000.0,-2.404,1.0,11664000000.0,0.273,4385000000.0,293000000.0,13151000000.0,12866250000.0,8951000000.0,0.0,0.0,0.0,15746000000.0,8643000000.0,7103000000.0,8369555246.0,-321000000.0,0.0,-394000000.0,1002000000.0,0.0,-95000000.0,-406000000.0,0.0,123000000.0,57000000.0,133000000.0,133000000.0,133000000.0,0.0,17000000.0,0.003,11227000000.0,437000000.0,3046000000.0,0.0,0.983,62.929,63.933,7102000000.0,0.0,76.08,0.196,0.199,689000000.0,4930000000.0,42664000000.0,42664000000.0,0.0,0.005,0.015,0.035,0.011,0.0,10425000000.0,1.0,110009927.0,111500000,111700000.0,382.637,19975000000.0,0.0,27000000.0,711000000.0,179.148,2917000000.0
8,SHLDQ,MRY,2009-12-31,2010-01-30,2010-01-30,2021-08-25,-721000000.0,24808000000.0,25872750000.0,11438000000.0,13370000000.0,1.676,77.216,-327000000.0,1700000000.0,1700000000.0,31374000000.0,297000000.0,1.302,1.69,2505000000.0,807000000.0,1698000000.0,2505000000.0,1012000000.0,894000000.0,0.0,0.0,0.0,594000000.0,1488000000.0,0.034,1488000000.0,594000000.0,346000000.0,1.99,1.99,1.99,9096000000.0,9449500000.0,9096000000.0,13056336859.0,22.0,8.774,1180000000.0,10.017,1.0,11986000000.0,0.276,4600000000.0,248000000.0,12227000000.0,13375750000.0,8705000000.0,0.0,0.0,0.0,15373000000.0,8786000000.0,6587000000.0,10780336859.0,516000000.0,0.0,-411000000.0,-517000000.0,0.0,-951000000.0,-172000000.0,0.0,1507000000.0,132000000.0,235000000.0,235000000.0,235000000.0,0.0,62000000.0,0.005,11319000000.0,667000000.0,3335000000.0,0.0,1.185,45.874,46.874,7709000000.0,0.0,93.28,0.249,0.253,652000000.0,4797000000.0,43360000000.0,43360000000.0,0.0,0.009,0.025,0.044,0.014,0.0,10499000000.0,1.0,115569649.0,117800000,117900000.0,368.081,20208000000.0,30000000.0,111000000.0,534000000.0,171.545,2652000000.0
9,SHLDQ,MRY,2008-12-31,2009-01-31,2009-01-31,2021-08-25,-612000000.0,25342000000.0,26855750000.0,11416000000.0,13926000000.0,1.742,73.858,-411000000.0,1297000000.0,1297000000.0,34118000000.0,99000000.0,1.341,1.668,2919000000.0,787000000.0,2132000000.0,2919000000.0,1069000000.0,981000000.0,0.0,0.0,0.0,410000000.0,1391000000.0,0.03,1391000000.0,410000000.0,138000000.0,0.42,0.42,0.42,9380000000.0,10243750000.0,9380000000.0,8368715320.0,20.0,6.016,581000000.0,4.575,1.0,12652000000.0,0.271,4675000000.0,272000000.0,13777000000.0,14217750000.0,8795000000.0,0.0,0.0,0.0,15643000000.0,8512000000.0,7131000000.0,5059715320.0,-449000000.0,-37000000.0,-678000000.0,35000000.0,0.0,-643000000.0,-637000000.0,0.0,992000000.0,-161000000.0,53000000.0,53000000.0,53000000.0,0.0,46000000.0,0.001,12350000000.0,302000000.0,3006000000.0,0.0,0.539,95.466,97.429,8091000000.0,0.0,40.92,0.108,0.111,839000000.0,4562000000.0,46770000000.0,46770000000.0,0.0,0.002,0.005,0.029,0.009,0.0,11060000000.0,1.0,123648957.0,127000000,127000000.0,368.268,20667000000.0,27000000.0,85000000.0,424000000.0,162.732,2904000000.0
10,SHLDQ,MRY,2007-12-31,2008-02-02,2008-02-02,2021-08-25,69000000.0,27397000000.0,28908000000.0,12802000000.0,14595000000.0,1.754,73.718,-475000000.0,1622000000.0,1622000000.0,36638000000.0,902000000.0,1.339,1.568,3010000000.0,404000000.0,2606000000.0,3010000000.0,1121000000.0,1049000000.0,0.0,0.0,0.0,1662000000.0,2711000000.0,0.053,2711000000.0,1662000000.0,1376000000.0,5.71,5.7,5.71,10667000000.0,11493250000.0,10667000000.0,17449409315.0,10.0,6.437,1072000000.0,7.408,1.0,14065000000.0,0.277,5039000000.0,286000000.0,14184000000.0,14919500000.0,9963000000.0,0.0,0.0,0.0,16730000000.0,9562000000.0,7168000000.0,14907409315.0,-2217000000.0,0.0,-2926000000.0,-513000000.0,0.0,-3439000000.0,-437000000.0,68000000.0,1547000000.0,112000000.0,826000000.0,826000000.0,826000000.0,0.0,76000000.0,0.016,12479000000.0,1586000000.0,3487000000.0,0.0,1.398,18.048,18.968,8863000000.0,0.0,108.31,0.294,0.309,744000000.0,4509000000.0,50703000000.0,50703000000.0,0.0,0.029,0.072,0.111,0.033,0.0,11468000000.0,1.0,137636500.0,144700000,144800000.0,350.401,22358000000.0,35000000.0,550000000.0,579000000.0,154.513,3240000000.0
11,SHLDQ,MRY,2006-12-31,2007-02-03,2007-02-03,2021-08-25,59000000.0,29906000000.0,30081750000.0,15267000000.0,14639000000.0,1.762,81.658,-367000000.0,3839000000.0,3839000000.0,37824000000.0,1492000000.0,1.54,1.354,3548000000.0,705000000.0,2843000000.0,3548000000.0,1073000000.0,1143000000.0,0.0,0.0,0.0,2760000000.0,3903000000.0,0.074,3903000000.0,2760000000.0,2425000000.0,9.59,9.58,9.59,12706000000.0,11828750000.0,12706000000.0,28696583146.0,10.0,7.352,1061000000.0,6.819,1.0,15192000000.0,0.287,5129000000.0,335000000.0,14574000000.0,15096500000.0,9896000000.0,0.0,0.0,0.0,17200000000.0,9912000000.0,7288000000.0,27260583146.0,-500000000.0,-283000000.0,-816000000.0,-436000000.0,0.0,-1252000000.0,-660000000.0,-10000000.0,1428000000.0,-16000000.0,1492000000.0,1492000000.0,1492000000.0,0.0,0.0,0.028,12663000000.0,2529000000.0,3312000000.0,0.0,2.145,18.271,18.47,9113000000.0,0.0,177.13,0.514,0.52,851000000.0,3689000000.0,53016000000.0,53016000000.0,0.0,0.05,0.126,0.183,0.052,0.0,11574000000.0,1.0,153901559.0,155600000,155700000.0,340.72,24777000000.0,311000000.0,933000000.0,927000000.0,159.235,5355000000.0
12,SHLDQ,MRY,2005-12-31,2006-01-28,2006-01-28,2021-08-25,-205000000.0,30573000000.0,30745250000.0,15207000000.0,15366000000.0,1.609,76.138,-392000000.0,4440000000.0,4440000000.0,35743000000.0,857000000.0,1.469,1.633,4016000000.0,748000000.0,3268000000.0,4016000000.0,1047000000.0,942000000.0,0.0,0.0,0.0,1900000000.0,2842000000.0,0.057,2842000000.0,1900000000.0,1572000000.0,5.62,5.58,5.62,11611000000.0,11254500000.0,11611000000.0,22968875016.0,12.0,8.082,1801000000.0,11.81,1.0,13712000000.0,0.277,5132000000.0,328000000.0,14667000000.0,16552250000.0,9068000000.0,0.0,0.0,0.0,18962000000.0,10350000000.0,8612000000.0,19830875016.0,904000000.0,1024000000.0,-488000000.0,-843000000.0,0.0,-1953000000.0,632000000.0,0.0,2193000000.0,32000000.0,857000000.0,857000000.0,857000000.0,0.0,0.0,0.017,11906000000.0,1806000000.0,3458000000.0,0.0,1.708,23.14,21.92,9823000000.0,0.0,123.19,0.401,0.38,811000000.0,2198000000.0,49455000000.0,49455000000.0,0.0,0.028,0.076,0.115,0.038,0.0,10892000000.0,1.0,160977961.0,152500000,153600000.0,324.295,25441000000.0,516000000.0,715000000.0,1180000000.0,166.826,4857000000.0
13,SHLDQ,MRY,2004-12-31,2005-01-26,2005-01-26,2021-08-25,-77000000.0,8651000000.0,7308750000.0,7541000000.0,1110000000.0,2.715,50.045,332000000.0,3435000000.0,3435000000.0,14942000000.0,1106000000.0,3.624,0.936,411000000.0,45000000.0,366000000.0,411000000.0,13000000.0,27000000.0,0.0,0.0,0.0,1921000000.0,1948000000.0,0.098,1948000000.0,1921000000.0,1775000000.0,12.39,11.0,12.39,4469000000.0,3098000000.0,4469000000.0,6186449011.0,3.0,3.176,1400000000.0,15.677,1.0,4901000000.0,0.247,0.0,146000000.0,3546000000.0,2955250000.0,3281000000.0,0.0,0.0,0.0,4182000000.0,2081000000.0,2101000000.0,8055449011.0,1347000000.0,0.0,0.0,-53000000.0,0.0,-53000000.0,332000000.0,0.0,1068000000.0,0.0,1106000000.0,1106000000.0,1106000000.0,0.0,0.0,0.056,3080000000.0,1821000000.0,927000000.0,0.0,1.803,7.283,7.291,315000000.0,0.0,90.33,0.406,0.407,646000000.0,1340000000.0,19843000000.0,19843000000.0,0.0,0.151,0.357,0.65,0.097,0.0,3999000000.0,1.0,89178003.0,89300000,101400000.0,222.206,8651000000.0,759000000.0,669000000.0,391000000.0,96.876,5460000000.0
14,SHLDQ,MRY,2003-12-31,2003-04-30,2003-04-30,2021-08-25,0.0,6660000000.0,11077000000.0,6554000000.0,106000000.0,2.65,3.444,-223000000.0,1232000000.0,1232000000.0,24842000000.0,-3219000000.0,2.372,2.819,826000000.0,8000000.0,818000000.0,826000000.0,0.0,737000000.0,0.0,,0.0,-3088000000.0,-2351000000.0,-0.08,-2351000000.0,-3088000000.0,-3243000000.0,-6.36,-6.36,-6.36,1744000000.0,1014750000.0,1744000000.0,,,,-135000000.0,-0.267,1.0,4510000000.0,0.154,0.0,155000000.0,3491000000.0,14677500000.0,4431000000.0,0.0,0.0,0.0,4916000000.0,2763000000.0,2153000000.0,,-632000000.0,0.0,0.0,-497000000.0,0.0,-497000000.0,-223000000.0,0.0,88000000.0,0.0,-3219000000.0,-3219000000.0,-3219000000.0,448000000.0,0.0,-0.11,7184000000.0,-2674000000.0,1160000000.0,0.0,,,,10000000.0,0.0,,,,382000000.0,,29352000000.0,29352000000.0,0.0,-0.291,-3.172,-0.21,-0.105,0.0,6242000000.0,1.0,89677509.0,506400000,506400000.0,57.962,6660000000.0,0.0,-24000000.0,274000000.0,13.152,3791000000.0
15,SHLDQ,MRY,2002-12-31,2002-05-01,2002-05-01,2021-08-25,0.0,13872000000.0,,7681000000.0,6191000000.0,,2.541,-223000000.0,1829000000.0,1829000000.0,24842000000.0,-3219000000.0,3.007,9.779,8499000000.0,0.0,8499000000.0,8499000000.0,0.0,737000000.0,0.0,,0.0,-3064000000.0,-2327000000.0,-0.079,-2327000000.0,-3064000000.0,-3219000000.0,-5.47,-5.47,-5.47,1287000000.0,,1287000000.0,,,,-135000000.0,-0.267,1.0,4510000000.0,0.154,0.0,155000000.0,17988000000.0,,5255000000.0,0.0,0.0,0.0,12585000000.0,2554000000.0,10031000000.0,,-632000000.0,0.0,0.0,-497000000.0,0.0,-497000000.0,-223000000.0,0.0,88000000.0,0.0,-3219000000.0,-3219000000.0,-3219000000.0,424000000.0,0.0,-0.11,7184000000.0,-2674000000.0,1658000000.0,0.0,,,,5972000000.0,0.0,,,,316000000.0,-410000000.0,29352000000.0,29352000000.0,0.0,,,,-0.104,0.0,6242000000.0,1.0,,506400000,506400000.0,57.962,13872000000.0,0.0,0.0,237000000.0,27.393,5127000000.0
16,SHLDQ,MRY,2001-12-31,2001-04-30,2001-04-30,2021-08-25,,,,,,,,-1343000000.0,,,28193000000.0,-2446000000.0,,,,,,,,824000000.0,,,0.0,-2102000000.0,-1278000000.0,-0.037,-1278000000.0,-2102000000.0,-2446000000.0,-4.81,-4.81,-4.81,,,,,,,-464000000.0,-0.939,1.0,5987000000.0,0.175,,344000000.0,,,,,,,,,,,844000000.0,-45000000.0,56000000.0,1369000000.0,0.0,1353000000.0,-1388000000.0,0.0,879000000.0,0.0,-2446000000.0,-2446000000.0,-2446000000.0,69000000.0,0.0,-0.072,7950000000.0,-1963000000.0,,0.0,,,,,0.0,,,,,,34180000000.0,34180000000.0,0.0,,,,-0.061,0.0,7177000000.0,1.0,,494100000,494100000.0,69.176,,,0.0,,,
0,SHLDQ,MRQ,2018-09-30,2018-11-03,2018-11-03,2021-08-25,0.0,6677000000.0,,3795000000.0,2882000000.0,,-48.725,67000000.0,807000000.0,807000000.0,2315000000.0,-950000000.0,1.101,-2.257,8357000000.0,1559000000.0,6798000000.0,8357000000.0,1428000000.0,65000000.0,0.0,,0.0,-812000000.0,-747000000.0,-0.272,-747000000.0,-812000000.0,-990000000.0,-8.72,-8.72,-8.72,-5311000000.0,,-5311000000.0,,,,-20000000.0,-0.183,1.0,427000000.0,0.156,1130000000.0,178000000.0,9649000000.0,,2324000000.0,0.0,0.0,0.0,11988000000.0,3448000000.0,8540000000.0,,366000000.0,0.0,0.0,386000000.0,0.0,386000000.0,67000000.0,0.0,-87000000.0,0.0,-950000000.0,-950000000.0,-950000000.0,0.0,0.0,-0.346,1212000000.0,-785000000.0,102000000.0,0.0,,,,1495000000.0,0.0,,,,354000000.0,,2742000000.0,2742000000.0,0.0,,,,,0.0,856000000.0,1.0,108992750.0,109000000,109000000.0,25.156,5547000000.0,0.0,-40000000.0,260000000.0,50.89,347000000.0
1,SHLDQ,MRQ,2018-06-30,2018-08-04,2018-08-04,2021-08-25,0.0,6937000000.0,,3868000000.0,3069000000.0,,-40.571,140000000.0,441000000.0,441000000.0,2480000000.0,-508000000.0,0.904,-2.576,5301000000.0,1450000000.0,3851000000.0,5301000000.0,1505000000.0,66000000.0,0.0,0.0,0.0,-339000000.0,-273000000.0,-0.086,-273000000.0,-339000000.0,-527000000.0,-4.68,-4.68,-4.68,-4402000000.0,,-4402000000.0,5260377056.0,-4.0,-5.749,254000000.0,2.341,1.0,702000000.0,0.221,1359000000.0,188000000.0,6161000000.0,,2714000000.0,0.0,0.0,0.0,11339000000.0,4277000000.0,7062000000.0,200377056.0,-25000000.0,0.0,0.0,-279000000.0,0.0,-279000000.0,140000000.0,0.0,114000000.0,0.0,-508000000.0,-508000000.0,-508000000.0,0.0,0.0,-0.16,904000000.0,-202000000.0,487000000.0,0.0,-0.046,-0.153,-0.153,1444000000.0,0.0,1.85,0.014,0.014,327000000.0,,3182000000.0,3182000000.0,0.0,,,,,0.0,864000000.0,1.0,108311922.0,108500000,108500000.0,29.327,5578000000.0,0.0,-19000000.0,333000000.0,51.41,-409000000.0
2,SHLDQ,MRQ,2018-03-31,2018-05-05,2018-05-05,2021-08-25,0.0,7283000000.0,,3954000000.0,3329000000.0,,-38.083,150000000.0,466000000.0,466000000.0,2286000000.0,-424000000.0,0.803,-2.771,5526000000.0,2136000000.0,3390000000.0,5526000000.0,616000000.0,67000000.0,0.0,0.0,0.0,-249000000.0,-182000000.0,-0.063,-182000000.0,-249000000.0,-415000000.0,-3.93,-3.93,-3.93,-4113000000.0,,-4113000000.0,4399259453.0,-4.0,-6.508,-1000000000.0,-9.259,1.0,605000000.0,0.209,1429000000.0,166000000.0,5993000000.0,,2838000000.0,0.0,0.0,0.0,11396000000.0,4921000000.0,6475000000.0,356259453.0,130000000.0,0.0,0.0,1130000000.0,0.0,1130000000.0,150000000.0,0.0,-1150000000.0,0.0,-424000000.0,-424000000.0,-424000000.0,0.0,0.0,-0.147,822000000.0,-217000000.0,494000000.0,0.0,-0.087,-0.34,-0.339,1626000000.0,0.0,3.3,0.024,0.024,345000000.0,,2891000000.0,2891000000.0,0.0,,,,,0.0,906000000.0,1.0,107957410.0,108000000,108000000.0,26.769,5854000000.0,0.0,9000000.0,329000000.0,54.204,-967000000.0
3,SHLDQ,MRQ,2017-12-31,2018-02-03,2018-02-03,2021-08-25,0.0,7273000000.0,,3823000000.0,3450000000.0,,-34.596,221000000.0,336000000.0,336000000.0,3452000000.0,182000000.0,0.777,-2.952,4379000000.0,1883000000.0,2496000000.0,4379000000.0,1180000000.0,73000000.0,0.0,0.0,0.0,-205000000.0,-132000000.0,-0.03,-132000000.0,-205000000.0,-357000000.0,1.7,1.7,1.7,-3726000000.0,,-3726000000.0,4548892237.0,-10.0,-41.354,280000000.0,2.6,1.0,924000000.0,0.211,1437000000.0,152000000.0,4957000000.0,,2798000000.0,0.0,0.0,0.0,10999000000.0,4922000000.0,6077000000.0,252892237.0,-18000000.0,0.0,0.0,-298000000.0,0.0,-298000000.0,221000000.0,0.0,59000000.0,0.0,182000000.0,182000000.0,182000000.0,0.0,0.0,0.042,1131000000.0,-207000000.0,576000000.0,0.0,-0.068,-0.66,-0.658,1729000000.0,0.0,2.35,0.015,0.015,343000000.0,-5895000000.0,4376000000.0,4376000000.0,0.0,,,,,0.0,1156000000.0,1.0,107613718.0,107700000,107700000.0,40.631,5836000000.0,0.0,-539000000.0,373000000.0,54.188,-1099000000.0
4,SHLDQ,MRQ,2017-09-30,2017-10-28,2017-10-28,2021-08-25,0.0,8210000000.0,,4548000000.0,3662000000.0,,-37.302,280000000.0,354000000.0,354000000.0,2871000000.0,-556000000.0,0.804,-3.047,4650000000.0,2371000000.0,2279000000.0,4650000000.0,1239000000.0,89000000.0,0.0,0.0,0.0,-417000000.0,-328000000.0,-0.092,-328000000.0,-417000000.0,-553000000.0,-5.17,-5.17,-5.17,-4010000000.0,,-4010000000.0,4408811067.0,-5.0,-7.575,-483000000.0,-4.493,1.0,704000000.0,0.197,1513000000.0,136000000.0,5337000000.0,,3452000000.0,0.0,0.0,0.0,12220000000.0,5656000000.0,6564000000.0,617811067.0,-88000000.0,0.0,0.0,395000000.0,0.0,395000000.0,280000000.0,0.0,-763000000.0,0.0,-556000000.0,-556000000.0,-556000000.0,0.0,0.0,-0.156,873000000.0,-169000000.0,772000000.0,0.0,-0.154,-0.529,-0.528,1855000000.0,0.0,5.75,0.034,0.034,378000000.0,,3575000000.0,3575000000.0,0.0,,,,,0.0,1091000000.0,1.0,107445403.0,107500000,107500000.0,33.256,6697000000.0,0.0,3000000.0,924000000.0,62.298,-1108000000.0
5,SHLDQ,MRQ,2017-06-30,2017-07-29,2017-07-29,2021-08-25,0.0,8367000000.0,,4579000000.0,3788000000.0,,-34.073,357000000.0,442000000.0,442000000.0,3306000000.0,-250000000.0,0.921,-3.289,4233000000.0,1598000000.0,2635000000.0,4233000000.0,1297000000.0,83000000.0,0.0,0.0,0.0,-117000000.0,-34000000.0,-0.008,-34000000.0,-117000000.0,-240000000.0,-2.33,-2.33,-2.33,-3656000000.0,,-3656000000.0,5187915909.0,-4.0,-6.526,99000000.0,0.923,1.0,972000000.0,0.227,1518000000.0,123000000.0,5666000000.0,,3433000000.0,0.0,0.0,0.0,12023000000.0,4974000000.0,7049000000.0,987915909.0,178000000.0,0.0,0.0,-214000000.0,0.0,-214000000.0,650000000.0,293000000.0,-258000000.0,0.0,-250000000.0,-250000000.0,-250000000.0,0.0,0.0,-0.058,831000000.0,141000000.0,670000000.0,0.0,-0.27,-0.726,-0.725,1969000000.0,0.0,9.21,0.051,0.051,370000000.0,,4278000000.0,4278000000.0,0.0,,,,,0.0,1123000000.0,1.0,107265571.0,107300000,107300000.0,39.87,6849000000.0,0.0,10000000.0,945000000.0,63.83,-395000000.0
6,SHLDQ,MRQ,2017-03-31,2017-04-29,2017-04-29,2021-08-25,0.0,9087000000.0,,4954000000.0,4133000000.0,,-32.957,171000000.0,264000000.0,264000000.0,3268000000.0,245000000.0,1.027,-3.572,4464000000.0,1135000000.0,3329000000.0,4464000000.0,725000000.0,87000000.0,0.0,0.0,0.0,301000000.0,388000000.0,0.092,388000000.0,301000000.0,173000000.0,2.29,2.29,2.29,-3533000000.0,,-3533000000.0,5207083608.0,-4.0,-5.47,-709000000.0,-6.614,1.0,931000000.0,0.222,1520000000.0,128000000.0,6941000000.0,,3884000000.0,0.0,0.0,0.0,12620000000.0,4826000000.0,7794000000.0,1095083608.0,-22000000.0,572000000.0,0.0,115000000.0,0.0,115000000.0,743000000.0,0.0,-880000000.0,0.0,245000000.0,245000000.0,245000000.0,0.0,0.0,0.058,582000000.0,349000000.0,961000000.0,0.0,-0.31,-0.728,-0.726,2130000000.0,0.0,10.22,0.052,0.052,479000000.0,,4199000000.0,4199000000.0,0.0,,,,,0.0,1221000000.0,1.0,107151038.0,107200000,107200000.0,39.17,7567000000.0,0.0,-72000000.0,940000000.0,70.588,128000000.0
7,SHLDQ,MRQ,2016-12-31,2017-01-28,2017-01-28,2021-08-25,-1552000000.0,9362000000.0,,4996000000.0,4366000000.0,,-35.772,85000000.0,286000000.0,286000000.0,4765000000.0,-607000000.0,1.067,-3.448,4398000000.0,590000000.0,3808000000.0,4398000000.0,748000000.0,97000000.0,0.0,0.0,0.0,-705000000.0,-608000000.0,-0.1,-608000000.0,-705000000.0,-820000000.0,-5.68,-5.68,-5.68,-3824000000.0,,-3824000000.0,4999186730.0,-3.0,-3.094,112000000.0,1.048,1.0,1287000000.0,0.213,1790000000.0,115000000.0,7003000000.0,,3959000000.0,0.0,0.0,0.0,13186000000.0,4681000000.0,8505000000.0,794186730.0,28000000.0,0.0,0.0,-84000000.0,0.0,-84000000.0,85000000.0,0.0,27000000.0,0.0,-607000000.0,-607000000.0,-607000000.0,0.0,0.0,-0.1,2004000000.0,-717000000.0,1048000000.0,0.0,-0.208,-0.358,-0.357,2240000000.0,0.0,7.42,0.036,0.036,466000000.0,-5512000000.0,6052000000.0,6052000000.0,0.0,,,,,0.0,1579000000.0,1.0,107033252.0,106900000,106900000.0,56.614,7572000000.0,0.0,-213000000.0,1082000000.0,70.833,315000000.0
8,SHLDQ,MRQ,2016-09-30,2016-10-29,2016-10-29,2021-08-25,0.0,10865000000.0,,5966000000.0,4899000000.0,,-31.542,20000000.0,258000000.0,258000000.0,4067000000.0,-748000000.0,1.041,-4.219,4463000000.0,1212000000.0,3251000000.0,4463000000.0,759000000.0,91000000.0,0.0,0.0,0.0,-632000000.0,-541000000.0,-0.108,-541000000.0,-632000000.0,-737000000.0,-6.99,-6.99,-6.99,-3375000000.0,,-3375000000.0,4652575710.0,-3.0,-3.123,-748000000.0,-6.991,1.0,962000000.0,0.191,2173000000.0,105000000.0,7167000000.0,,5032000000.0,0.0,0.0,0.0,14240000000.0,5730000000.0,8510000000.0,1213575710.0,-18000000.0,0.0,0.0,730000000.0,0.0,730000000.0,20000000.0,0.0,-768000000.0,0.0,-748000000.0,-748000000.0,-748000000.0,0.0,0.0,-0.149,1586000000.0,-624000000.0,1556000000.0,0.0,-0.36,-0.553,-0.553,2392000000.0,0.0,11.35,0.052,0.052,372000000.0,,5029000000.0,5029000000.0,0.0,,,,,0.0,1543000000.0,1.0,106922970.0,107000000,107000000.0,47.0,8692000000.0,0.0,11000000.0,1245000000.0,81.234,236000000.0
9,SHLDQ,MRQ,2016-06-30,2016-07-30,2016-07-30,2021-08-25,0.0,10614000000.0,,5625000000.0,4989000000.0,,-25.192,141000000.0,276000000.0,276000000.0,4403000000.0,-395000000.0,1.136,-4.941,3715000000.0,714000000.0,3001000000.0,3715000000.0,775000000.0,92000000.0,0.0,0.0,0.0,-283000000.0,-191000000.0,-0.034,-191000000.0,-283000000.0,-382000000.0,-3.7,-3.7,-3.7,-2693000000.0,,-2693000000.0,5282267682.0,-3.0,-4.326,223000000.0,2.086,1.0,1260000000.0,0.222,2175000000.0,99000000.0,6925000000.0,,4684000000.0,0.0,0.0,0.0,13307000000.0,4953000000.0,8354000000.0,1646267682.0,-10000000.0,0.0,0.0,-233000000.0,0.0,-233000000.0,141000000.0,0.0,82000000.0,0.0,-395000000.0,-395000000.0,-395000000.0,0.0,0.0,-0.07,1529000000.0,-269000000.0,1345000000.0,0.0,-0.611,-0.866,-0.865,2465000000.0,0.0,15.41,0.068,0.068,390000000.0,,5663000000.0,5663000000.0,0.0,,,,,0.0,1484000000.0,1.0,106831128.0,106900000,106900000.0,52.975,8439000000.0,0.0,13000000.0,1209000000.0,78.943,672000000.0
10,SHLDQ,MRQ,2016-03-31,2016-04-30,2016-04-30,2021-08-25,0.0,11175000000.0,,6120000000.0,5055000000.0,,-22.097,-2000000.0,286000000.0,286000000.0,4217000000.0,-471000000.0,1.332,-5.735,3922000000.0,446000000.0,3476000000.0,3922000000.0,773000000.0,95000000.0,0.0,0.0,0.0,-371000000.0,-276000000.0,-0.051,-276000000.0,-371000000.0,-456000000.0,-4.41,-4.41,-4.41,-2360000000.0,,-2360000000.0,4650324395.0,-4.0,-5.51,-724000000.0,-6.779,1.0,1177000000.0,0.218,2176000000.0,85000000.0,8041000000.0,,5028000000.0,0.0,0.0,0.0,13535000000.0,4594000000.0,8941000000.0,1748324395.0,48000000.0,0.0,0.0,772000000.0,0.0,772000000.0,-2000000.0,0.0,-722000000.0,0.0,-471000000.0,-471000000.0,-471000000.0,0.0,0.0,-0.087,1545000000.0,-368000000.0,1337000000.0,0.0,-0.741,-1.348,-1.347,2520000000.0,0.0,16.375,0.071,0.071,437000000.0,,5394000000.0,5394000000.0,0.0,,,,,0.0,1503000000.0,1.0,106767902.0,106800000,106800000.0,50.506,8999000000.0,0.0,15000000.0,1193000000.0,84.26,1526000000.0
11,SHLDQ,MRQ,2015-12-31,2016-01-30,2016-01-30,2021-08-25,-1918000000.0,11337000000.0,,6045000000.0,5292000000.0,,-18.363,-37000000.0,238000000.0,238000000.0,5708000000.0,-580000000.0,1.112,-6.772,3140000000.0,868000000.0,2272000000.0,3140000000.0,787000000.0,92000000.0,0.0,0.0,0.0,-574000000.0,-482000000.0,-0.066,-482000000.0,-574000000.0,-648000000.0,-5.44,-5.44,-5.44,-1963000000.0,,-1963000000.0,4559381737.0,-4.0,-7.113,-150000000.0,-1.403,1.0,1595000000.0,0.218,2178000000.0,74000000.0,6623000000.0,,5172000000.0,0.0,0.0,0.0,13293000000.0,5438000000.0,7855000000.0,1808381737.0,-56000000.0,0.0,0.0,94000000.0,0.0,94000000.0,-37000000.0,0.0,-113000000.0,0.0,-580000000.0,-580000000.0,-580000000.0,0.0,0.0,-0.079,2134000000.0,-539000000.0,1574000000.0,0.0,-0.921,-1.602,-1.601,2631000000.0,0.0,16.95,0.072,0.072,419000000.0,-3291000000.0,7303000000.0,7303000000.0,0.0,,,,,0.0,1852000000.0,1.0,106689188.0,106900000,106900000.0,68.316,9159000000.0,0.0,-68000000.0,1177000000.0,85.678,607000000.0
12,SHLDQ,MRQ,2015-09-30,2015-10-31,2015-10-31,2021-08-25,0.0,12756000000.0,,7219000000.0,5537000000.0,,-12.129,-36000000.0,294000000.0,294000000.0,4488000000.0,-453000000.0,1.184,-10.865,3032000000.0,757000000.0,2275000000.0,3032000000.0,793000000.0,94000000.0,0.0,0.0,0.0,-366000000.0,-272000000.0,-0.047,-272000000.0,-366000000.0,-440000000.0,-4.26,-4.26,-4.26,-1293000000.0,,-1293000000.0,3981168784.0,-6.0,-24.424,-1258000000.0,-11.801,1.0,1262000000.0,0.219,2359000000.0,74000000.0,7039000000.0,,6208000000.0,0.0,0.0,0.0,14049000000.0,6096000000.0,7953000000.0,2492168784.0,-1525000000.0,0.0,0.0,-267000000.0,0.0,-267000000.0,-36000000.0,0.0,-1222000000.0,0.0,-454000000.0,-454000000.0,-454000000.0,0.0,1000000.0,-0.079,1644000000.0,-382000000.0,2295000000.0,0.0,-1.927,-3.52,-3.514,2668000000.0,0.0,23.37,0.096,0.096,475000000.0,,5750000000.0,5750000000.0,0.0,,,,,0.0,1630000000.0,1.0,106639657.0,106600000,106600000.0,53.94,10397000000.0,0.0,14000000.0,1283000000.0,97.533,1123000000.0
13,SHLDQ,MRQ,2015-06-30,2015-08-01,2015-08-01,2021-08-25,0.0,13167000000.0,,7577000000.0,5590000000.0,,-8.507,2528000000.0,1819000000.0,1819000000.0,4776000000.0,208000000.0,1.511,-15.533,3289000000.0,76000000.0,3213000000.0,3289000000.0,802000000.0,114000000.0,0.0,0.0,0.0,72000000.0,186000000.0,0.03,186000000.0,72000000.0,-13000000.0,1.95,1.84,1.95,-906000000.0,,-906000000.0,6325276548.0,-11.0,-117.135,2231000000.0,20.948,1.0,1435000000.0,0.231,2360000000.0,85000000.0,7264000000.0,,5028000000.0,0.0,0.0,0.0,14073000000.0,5013000000.0,9060000000.0,2297276548.0,1533000000.0,0.0,0.0,-698000000.0,0.0,-698000000.0,2528000000.0,0.0,-297000000.0,0.0,208000000.0,208000000.0,208000000.0,0.0,0.0,0.033,1336000000.0,99000000.0,1704000000.0,0.0,-2.536,-2.864,-2.858,2732000000.0,0.0,21.55,0.084,0.084,460000000.0,,6211000000.0,6211000000.0,0.0,,,,,0.0,1694000000.0,1.0,106602160.0,106500000,113300000.0,58.319,10807000000.0,0.0,-221000000.0,1324000000.0,101.474,2564000000.0
14,SHLDQ,MRQ,2015-03-31,2015-05-02,2015-05-02,2021-08-25,0.0,13269000000.0,,6063000000.0,7206000000.0,,-11.099,64000000.0,286000000.0,286000000.0,4364000000.0,-303000000.0,1.091,-12.226,4293000000.0,787000000.0,3506000000.0,4293000000.0,804000000.0,122000000.0,0.0,0.0,0.0,-195000000.0,-73000000.0,-0.012,-73000000.0,-195000000.0,-285000000.0,-2.85,-2.85,-2.85,-1182000000.0,,-1182000000.0,7867587003.0,-7.0,-14.125,-471000000.0,-4.423,1.0,1518000000.0,0.258,2363000000.0,90000000.0,9354000000.0,,5054000000.0,0.0,0.0,0.0,14451000000.0,5559000000.0,8892000000.0,4317587003.0,36000000.0,0.0,0.0,507000000.0,0.0,507000000.0,64000000.0,0.0,-535000000.0,0.0,-303000000.0,-303000000.0,-303000000.0,0.0,0.0,-0.052,1696000000.0,-178000000.0,1685000000.0,0.0,-3.653,-2.727,-2.723,4351000000.0,0.0,40.52,0.148,0.148,474000000.0,,5882000000.0,5882000000.0,0.0,,,,,0.0,1681000000.0,1.0,106554467.0,106500000,106500000.0,55.23,10906000000.0,0.0,18000000.0,1569000000.0,102.404,504000000.0
15,SHLDQ,MRQ,2014-12-31,2015-01-31,2015-01-31,2021-08-25,-2030000000.0,13185000000.0,,5863000000.0,7322000000.0,,-8.946,40000000.0,250000000.0,250000000.0,6121000000.0,-159000000.0,1.048,-14.858,3776000000.0,689000000.0,3087000000.0,3776000000.0,818000000.0,126000000.0,0.0,0.0,0.0,-130000000.0,-4000000.0,0.0,-4000000.0,-130000000.0,-222000000.0,-1.49,-1.49,-1.49,-951000000.0,,-951000000.0,8005205232.0,-6.0,-12.074,595000000.0,5.597,1.0,1978000000.0,0.244,2366000000.0,92000000.0,8750000000.0,,4943000000.0,0.0,0.0,0.0,14130000000.0,5595000000.0,8535000000.0,3391205232.0,-76000000.0,0.0,0.0,-882000000.0,0.0,-882000000.0,251000000.0,211000000.0,555000000.0,0.0,-159000000.0,-159000000.0,-159000000.0,0.0,0.0,-0.02,2107000000.0,-129000000.0,1621000000.0,0.0,-3.566,-2.016,-2.013,4449000000.0,0.0,31.84,0.109,0.108,429000000.0,-2162000000.0,8099000000.0,8099000000.0,0.0,,,,,0.0,2002000000.0,1.0,106507702.0,106300000,106300000.0,76.19,10819000000.0,0.0,-63000000.0,1575000000.0,101.778,268000000.0
16,SHLDQ,MRQ,2014-09-30,2014-11-01,2014-11-01,2021-08-25,0.0,15169000000.0,,7591000000.0,7578000000.0,,1.184,76000000.0,326000000.0,326000000.0,5606000000.0,-628000000.0,0.902,119.389,4940000000.0,2171000000.0,2769000000.0,4940000000.0,825000000.0,148000000.0,0.0,0.0,0.0,-311000000.0,-163000000.0,-0.023,-163000000.0,-311000000.0,-389000000.0,-5.15,-5.15,-5.15,126000000.0,,126000000.0,7183011005.0,-6.0,-11.119,-1119000000.0,-10.517,1.0,1601000000.0,0.222,2373000000.0,78000000.0,8996000000.0,,6464000000.0,0.0,0.0,0.0,15043000000.0,8414000000.0,6629000000.0,3718011005.0,-503000000.0,-207000000.0,0.0,664000000.0,0.0,664000000.0,38000000.0,169000000.0,-1195000000.0,-10000000.0,-548000000.0,-548000000.0,-548000000.0,0.0,-80000000.0,-0.076,2091000000.0,-490000000.0,2431000000.0,0.0,29.508,-1.977,-1.972,4561000000.0,0.0,34.92,0.11,0.11,546000000.0,,7207000000.0,7207000000.0,0.0,,,,,0.0,2011000000.0,1.0,106472251.0,106400000,106400000.0,67.735,12796000000.0,0.0,159000000.0,1597000000.0,120.263,-823000000.0
17,SHLDQ,MRQ,2014-06-30,2014-08-02,2014-08-02,2021-08-25,0.0,16438000000.0,,8157000000.0,8281000000.0,,8.645,31000000.0,839000000.0,839000000.0,6271000000.0,-581000000.0,0.997,16.887,4304000000.0,1489000000.0,2815000000.0,4304000000.0,889000000.0,152000000.0,0.0,0.0,0.0,-469000000.0,-317000000.0,-0.04,-317000000.0,-469000000.0,-541000000.0,-5.39,-5.39,-5.39,919000000.0,,919000000.0,7254007134.0,-5.0,-9.336,-156000000.0,-1.468,1.0,1742000000.0,0.217,2571000000.0,72000000.0,9154000000.0,,6383000000.0,0.0,0.0,0.0,15519000000.0,8178000000.0,7341000000.0,3967007134.0,-2000000.0,0.0,0.0,152000000.0,0.0,152000000.0,31000000.0,0.0,-187000000.0,2000000.0,-573000000.0,-573000000.0,-573000000.0,0.0,-8000000.0,-0.072,2256000000.0,-514000000.0,2506000000.0,0.0,4.317,-2.125,-2.119,5091000000.0,0.0,37.27,0.114,0.114,516000000.0,,8013000000.0,8013000000.0,0.0,,,,,0.0,2118000000.0,1.0,106439687.0,106300000,106300000.0,75.381,13867000000.0,0.0,32000000.0,1718000000.0,130.452,-21000000.0
18,SHLDQ,MRQ,2014-03-31,2014-05-03,2014-05-03,2021-08-25,0.0,16930000000.0,,8527000000.0,8403000000.0,,13.766,7000000.0,842000000.0,842000000.0,6051000000.0,-442000000.0,1.064,10.58,4129000000.0,1308000000.0,2821000000.0,4129000000.0,889000000.0,155000000.0,0.0,0.0,0.0,-334000000.0,-179000000.0,-0.023,-179000000.0,-334000000.0,-405000000.0,-3.79,-3.79,-3.79,1462000000.0,,1462000000.0,7896631293.0,-7.0,-20.891,-553000000.0,-5.207,1.0,1828000000.0,0.232,2581000000.0,71000000.0,9624000000.0,,6726000000.0,0.0,0.0,0.0,15468000000.0,8012000000.0,7456000000.0,4685631293.0,-197000000.0,0.0,0.0,-133000000.0,0.0,351000000.0,7000000.0,0.0,-560000000.0,5000000.0,-402000000.0,-402000000.0,-402000000.0,0.0,-40000000.0,-0.051,2203000000.0,-375000000.0,2612000000.0,0.0,3.205,-3.149,-3.138,5190000000.0,0.0,44.02,0.132,0.131,562000000.0,,7879000000.0,7879000000.0,0.0,,,,,0.0,2089000000.0,1.0,106443237.0,106200000,106200000.0,74.19,14349000000.0,0.0,-3000000.0,1719000000.0,135.113,515000000.0
19,SHLDQ,MRQ,2013-12-31,2014-02-01,2014-02-01,2021-08-25,-1117000000.0,18261000000.0,,8959000000.0,9302000000.0,,16.39,567000000.0,1038000000.0,1038000000.0,8111000000.0,-150000000.0,1.095,9.246,4249000000.0,1415000000.0,2834000000.0,4249000000.0,900000000.0,173000000.0,0.0,0.0,0.0,-160000000.0,13000000.0,0.001,13000000.0,-160000000.0,-233000000.0,-3.38,-3.38,-3.38,1739000000.0,,1739000000.0,7959638836.0,-8.0,-33.871,1130000000.0,10.65,1.0,2482000000.0,0.234,3229000000.0,73000000.0,10058000000.0,,7034000000.0,0.0,0.0,0.0,16078000000.0,8185000000.0,7893000000.0,3871638836.0,429000000.0,0.0,0.0,-437000000.0,0.0,-670000000.0,564000000.0,-2000000.0,563000000.0,-28000000.0,-358000000.0,-358000000.0,-358000000.0,0.0,208000000.0,-0.034,2614000000.0,-132000000.0,2496000000.0,0.0,2.226,-2.836,-2.826,5394000000.0,0.0,36.37,0.107,0.107,553000000.0,-480000000.0,10593000000.0,10593000000.0,0.0,,,,,0.0,2613000000.0,1.0,106451439.0,106100000,106100000.0,99.84,15032000000.0,0.0,125000000.0,1956000000.0,141.678,774000000.0
20,SHLDQ,MRQ,2013-09-30,2013-11-02,2013-11-02,2021-08-25,0.0,20209000000.0,,10528000000.0,9681000000.0,,21.932,-72000000.0,607000000.0,607000000.0,6341000000.0,-547000000.0,1.088,7.685,4695000000.0,1833000000.0,2862000000.0,4695000000.0,912000000.0,181000000.0,0.0,0.0,0.0,-475000000.0,-294000000.0,-0.036,-294000000.0,-475000000.0,-536000000.0,-5.03,-5.03,-5.03,2327000000.0,,2327000000.0,9254351000.0,-7.0,-19.565,-1029000000.0,-9.698,1.0,1931000000.0,0.233,3237000000.0,61000000.0,11385000000.0,,8912000000.0,0.0,0.0,0.0,17882000000.0,9675000000.0,8207000000.0,6193351000.0,-72000000.0,0.0,0.0,954000000.0,0.0,954000000.0,-70000000.0,1000000.0,-957000000.0,1000000.0,-534000000.0,-534000000.0,-534000000.0,0.0,-13000000.0,-0.065,2428000000.0,-497000000.0,3517000000.0,0.0,2.662,-4.14,-4.123,5682000000.0,0.0,58.17,0.164,0.163,541000000.0,,8272000000.0,8272000000.0,0.0,,,,,0.0,2262000000.0,1.0,106469847.0,106100000,106100000.0,77.964,16972000000.0,0.0,-2000000.0,1822000000.0,159.962,853000000.0
21,SHLDQ,MRQ,2013-06-30,2013-08-03,2013-08-03,2021-08-25,0.0,19278000000.0,,9500000000.0,9778000000.0,,26.616,226000000.0,681000000.0,681000000.0,6685000000.0,-127000000.0,1.06,5.826,3742000000.0,1831000000.0,1911000000.0,3742000000.0,925000000.0,187000000.0,0.0,0.0,0.0,-105000000.0,82000000.0,0.009,82000000.0,-105000000.0,-164000000.0,-1.83,-1.83,-1.83,2824000000.0,,2824000000.0,8177244652.0,-7.0,-21.13,224000000.0,2.111,1.0,2186000000.0,0.246,3243000000.0,59000000.0,10136000000.0,,7708000000.0,0.0,0.0,0.0,16454000000.0,8960000000.0,7494000000.0,4903244652.0,200000000.0,0.0,0.0,-15000000.0,0.0,-15000000.0,226000000.0,0.0,-2000000.0,-9000000.0,-194000000.0,-194000000.0,-194000000.0,0.0,67000000.0,-0.022,2237000000.0,-51000000.0,2903000000.0,0.0,1.736,-3.358,-3.344,5786000000.0,0.0,46.08,0.128,0.127,641000000.0,,8871000000.0,8871000000.0,0.0,,,,,0.0,2291000000.0,1.0,106407219.0,106100000,106100000.0,83.61,16035000000.0,0.0,30000000.0,1829000000.0,151.131,540000000.0
22,SHLDQ,MRQ,2013-03-31,2013-05-04,2013-05-04,2021-08-25,0.0,19396000000.0,,9451000000.0,9945000000.0,,27.557,-55000000.0,481000000.0,481000000.0,6296000000.0,-292000000.0,1.07,5.64,3755000000.0,1826000000.0,1929000000.0,3755000000.0,922000000.0,191000000.0,0.0,0.0,0.0,-227000000.0,-36000000.0,-0.004,-36000000.0,-227000000.0,-288000000.0,-2.63,-2.63,-2.63,2921000000.0,,2921000000.0,7975568498.0,-7.0,-22.853,-768000000.0,-7.245,1.0,2156000000.0,0.255,3250000000.0,61000000.0,10585000000.0,,7900000000.0,0.0,0.0,0.0,16475000000.0,8835000000.0,7640000000.0,5473568498.0,-138000000.0,0.0,0.0,633000000.0,0.0,633000000.0,-56000000.0,-1000000.0,-713000000.0,-2000000.0,-279000000.0,-279000000.0,-279000000.0,0.0,-13000000.0,-0.033,2403000000.0,-247000000.0,2862000000.0,0.0,1.874,-3.915,-3.898,5910000000.0,0.0,51.45,0.14,0.14,608000000.0,,8452000000.0,8452000000.0,0.0,,,,,0.0,2218000000.0,1.0,106386171.0,106000000,106000000.0,79.736,16146000000.0,0.0,-9000000.0,1788000000.0,152.321,616000000.0
23,SHLDQ,MRQ,2012-12-31,2013-02-02,2013-02-02,2021-08-25,-1459000000.0,19340000000.0,,9265000000.0,10075000000.0,,26.015,-100000000.0,618000000.0,618000000.0,9097000000.0,-617000000.0,1.101,5.869,3120000000.0,1177000000.0,1943000000.0,3120000000.0,931000000.0,205000000.0,0.0,0.0,0.0,-430000000.0,-225000000.0,-0.018,-225000000.0,-430000000.0,-498000000.0,-4.62,-4.62,-4.62,2755000000.0,,2755000000.0,8431539087.0,-14.0,39.96,878000000.0,8.291,1.0,3163000000.0,0.258,3260000000.0,68000000.0,10168000000.0,,7558000000.0,0.0,0.0,0.0,16168000000.0,8414000000.0,7754000000.0,5060539087.0,-13000000.0,0.0,0.0,-882000000.0,0.0,-932000000.0,-59000000.0,41000000.0,978000000.0,0.0,-489000000.0,-489000000.0,-489000000.0,0.0,-128000000.0,-0.04,3785000000.0,-622000000.0,2761000000.0,0.0,1.837,-5.441,-5.416,6053000000.0,0.0,47.55,0.127,0.126,635000000.0,885000000.0,12260000000.0,12260000000.0,0.0,,,,,0.0,3282000000.0,1.0,106425638.0,105900000,105900000.0,115.77,16080000000.0,0.0,-9000000.0,1817000000.0,151.841,851000000.0
24,SHLDQ,MRQ,2012-09-30,2012-10-27,2012-10-27,2021-08-25,0.0,21802000000.0,,11278000000.0,10524000000.0,,36.837,-41000000.0,633000000.0,633000000.0,6604000000.0,-498000000.0,1.056,4.589,4004000000.0,2044000000.0,1960000000.0,4004000000.0,940000000.0,211000000.0,0.0,0.0,0.0,-419000000.0,-208000000.0,-0.023,-208000000.0,-419000000.0,-487000000.0,-4.7,-4.7,-4.7,3901000000.0,,3901000000.0,9661476547.0,-11.0,-197.173,-1250000000.0,-11.804,1.0,2253000000.0,0.254,3568000000.0,68000000.0,10930000000.0,,9567000000.0,0.0,0.0,0.0,17901000000.0,10675000000.0,7226000000.0,7099476547.0,-108000000.0,0.0,0.0,696000000.0,0.0,1143000000.0,-44000000.0,-3000000.0,-1209000000.0,2000000.0,-498000000.0,-498000000.0,-498000000.0,0.0,0.0,-0.056,2681000000.0,-428000000.0,3851000000.0,0.0,1.82,-2.496,-2.5,6174000000.0,0.0,66.69,0.177,0.176,665000000.0,,8857000000.0,8857000000.0,0.0,,,,,0.0,2496000000.0,1.0,106454889.0,105900000,105900000.0,83.636,18234000000.0,0.0,11000000.0,1891000000.0,172.181,603000000.0
25,SHLDQ,MRQ,2012-06-30,2012-07-28,2012-07-28,2021-08-25,0.0,21183000000.0,,10345000000.0,10838000000.0,,42.455,-71000000.0,738000000.0,738000000.0,6936000000.0,-133000000.0,1.128,3.712,3300000000.0,1330000000.0,1970000000.0,3300000000.0,962000000.0,212000000.0,0.0,0.0,0.0,-92000000.0,120000000.0,0.013,120000000.0,-92000000.0,-157000000.0,-1.25,-1.25,-1.25,4496000000.0,,4496000000.0,7963790390.0,-9.0,-109.093,-84000000.0,-0.793,1.0,2531000000.0,0.267,3748000000.0,65000000.0,10825000000.0,,8653000000.0,0.0,0.0,0.0,16687000000.0,9172000000.0,7515000000.0,5518790390.0,-47000000.0,0.0,0.0,54000000.0,0.0,47000000.0,-73000000.0,-2000000.0,-13000000.0,-8000000.0,-132000000.0,-132000000.0,-132000000.0,0.0,-1000000.0,-0.014,2634000000.0,-103000000.0,3088000000.0,0.0,1.227,-1.995,-2.0,6341000000.0,0.0,51.85,0.136,0.135,569000000.0,,9467000000.0,9467000000.0,0.0,,,,,0.0,2437000000.0,1.0,106437616.0,105900000,105900000.0,89.396,17435000000.0,0.0,-25000000.0,1889000000.0,164.636,1173000000.0
26,SHLDQ,MRQ,2012-03-31,2012-04-28,2012-04-28,2021-08-25,0.0,21607000000.0,,10628000000.0,10979000000.0,,43.229,366000000.0,784000000.0,784000000.0,6703000000.0,194000000.0,1.132,3.72,3229000000.0,1254000000.0,1975000000.0,3229000000.0,961000000.0,202000000.0,0.0,0.0,0.0,322000000.0,524000000.0,0.057,524000000.0,322000000.0,256000000.0,1.78,1.78,1.78,4578000000.0,,4578000000.0,8519920682.0,-9.0,-58.758,307000000.0,2.899,1.0,2567000000.0,0.277,3763000000.0,66000000.0,10902000000.0,,8817000000.0,0.0,0.0,0.0,17029000000.0,9387000000.0,7642000000.0,5780920682.0,30000000.0,0.0,0.0,-282000000.0,0.0,-285000000.0,367000000.0,1000000.0,-59000000.0,7000000.0,189000000.0,189000000.0,189000000.0,0.0,5000000.0,0.02,2252000000.0,315000000.0,3258000000.0,0.0,1.263,-2.079,-2.086,6436000000.0,0.0,54.33,0.14,0.139,644000000.0,,9270000000.0,9270000000.0,0.0,,,,,0.0,2445000000.0,1.0,106403841.0,105900000,106100000.0,87.535,17844000000.0,0.0,67000000.0,1896000000.0,168.499,1241000000.0
27,SHLDQ,MRQ,2011-12-31,2012-01-28,2012-01-28,2021-08-25,-1609000000.0,21381000000.0,,10244000000.0,11137000000.0,,40.311,-89000000.0,754000000.0,754000000.0,9422000000.0,-2404000000.0,1.112,3.98,3493000000.0,1405000000.0,2088000000.0,3493000000.0,964000000.0,212000000.0,0.0,0.0,0.0,-697000000.0,-485000000.0,-0.039,-485000000.0,-697000000.0,-770000000.0,-22.51,-22.51,-22.51,4281000000.0,,4281000000.0,8629136149.0,-6.0,-13.719,944000000.0,8.889,1.0,3062000000.0,0.245,3778000000.0,73000000.0,11130000000.0,,8407000000.0,0.0,0.0,0.0,17040000000.0,9212000000.0,7828000000.0,4709136149.0,156000000.0,0.0,-20000000.0,-741000000.0,0.0,-818000000.0,-56000000.0,1000000.0,1033000000.0,-3000000.0,-2403000000.0,-2403000000.0,-2403000000.0,17000000.0,-1000000.0,-0.192,3753000000.0,-691000000.0,2912000000.0,0.0,1.1,-1.5,-1.499,6577000000.0,0.0,44.06,0.113,0.113,695000000.0,1865000000.0,12484000000.0,12484000000.0,0.0,,,,,0.0,2921000000.0,1.0,106880076.0,106200000,106200000.0,117.552,17603000000.0,0.0,1633000000.0,1855000000.0,165.753,1032000000.0
28,SHLDQ,MRQ,2011-09-30,2011-10-29,2011-10-29,2021-08-25,0.0,25606000000.0,,13036000000.0,12570000000.0,,72.451,-120000000.0,599000000.0,599000000.0,7011000000.0,-425000000.0,1.147,2.319,4232000000.0,2159000000.0,2073000000.0,4232000000.0,948000000.0,210000000.0,0.0,0.0,0.0,-442000000.0,-232000000.0,-0.025,-232000000.0,-442000000.0,-512000000.0,-3.95,-3.95,-3.95,7716000000.0,,7716000000.0,11372115075.0,-74.0,16.339,-966000000.0,-9.07,1.0,2394000000.0,0.255,4342000000.0,70000000.0,13528000000.0,,10941000000.0,0.0,0.0,0.0,17890000000.0,11369000000.0,6521000000.0,8412115075.0,-56000000.0,0.0,-9000000.0,920000000.0,0.0,892000000.0,-91000000.0,7000000.0,-846000000.0,-11000000.0,-421000000.0,-421000000.0,-421000000.0,11000000.0,-4000000.0,-0.045,2841000000.0,-447000000.0,4471000000.0,0.0,1.09,-23.174,-22.104,6796000000.0,0.0,78.69,0.202,0.202,653000000.0,,9405000000.0,9405000000.0,0.0,,,,,0.0,2635000000.0,1.0,106901958.0,106500000,106500000.0,88.31,21264000000.0,0.0,-91000000.0,716000000.0,199.662,1667000000.0
29,SHLDQ,MRQ,2011-06-30,2011-07-30,2011-07-30,2021-08-25,0.0,23891000000.0,,11327000000.0,12564000000.0,,76.311,-46000000.0,668000000.0,668000000.0,7537000000.0,-144000000.0,1.265,1.931,3317000000.0,1214000000.0,2103000000.0,3317000000.0,963000000.0,220000000.0,0.0,0.0,0.0,-172000000.0,48000000.0,0.005,48000000.0,-172000000.0,-243000000.0,-1.37,-1.37,-1.37,8150000000.0,,8150000000.0,10227080639.0,10227.0,11.906,-241000000.0,-2.257,1.0,2601000000.0,0.257,4356000000.0,71000000.0,13232000000.0,,9262000000.0,0.0,0.0,0.0,15741000000.0,8952000000.0,6789000000.0,7576080639.0,-293000000.0,0.0,-53000000.0,40000000.0,0.0,-51000000.0,-44000000.0,11000000.0,-195000000.0,-3000000.0,-146000000.0,-146000000.0,-146000000.0,-6000000.0,2000000.0,-0.014,2792000000.0,-191000000.0,3270000000.0,0.0,0.93,-47.351,-43.818,6895000000.0,0.0,69.67,0.181,0.178,781000000.0,,10138000000.0,10138000000.0,0.0,,,,,0.0,2601000000.0,1.0,108742366.0,106800000,106800000.0,94.925,19535000000.0,0.0,-97000000.0,633000000.0,182.912,2375000000.0
30,SHLDQ,MRQ,2011-03-31,2011-04-30,2011-04-30,2021-08-25,0.0,24730000000.0,,12034000000.0,12696000000.0,,77.904,-105000000.0,968000000.0,968000000.0,6996000000.0,-174000000.0,1.272,1.945,3297000000.0,1162000000.0,2135000000.0,3297000000.0,965000000.0,211000000.0,0.0,0.0,0.0,-171000000.0,40000000.0,0.004,40000000.0,-171000000.0,-246000000.0,-1.58,-1.58,-1.58,8398000000.0,,8398000000.0,11490581205.0,62.0,11.017,-372000000.0,-3.451,1.0,2544000000.0,0.267,4371000000.0,75000000.0,13228000000.0,,9698000000.0,0.0,0.0,0.0,16332000000.0,9460000000.0,6872000000.0,9348581205.0,-419000000.0,0.0,-101000000.0,54000000.0,0.0,-51000000.0,-118000000.0,-11000000.0,-267000000.0,17000000.0,-170000000.0,-170000000.0,-170000000.0,0.0,-4000000.0,-0.018,2716000000.0,-172000000.0,3770000000.0,0.0,1.113,-176.388,-150.825,7020000000.0,0.0,85.97,0.222,0.22,652000000.0,,9540000000.0,9540000000.0,0.0,,,,,0.0,2507000000.0,1.0,108742366.0,107800000,107800000.0,88.497,20359000000.0,0.0,-76000000.0,637000000.0,188.859,2574000000.0
31,SHLDQ,MRQ,2010-12-31,2011-01-29,2011-01-29,2021-08-25,-779000000.0,24360000000.0,,11560000000.0,12800000000.0,,78.011,-96000000.0,1374000000.0,1374000000.0,9028000000.0,382000000.0,1.337,1.85,3193000000.0,849000000.0,2344000000.0,3193000000.0,976000000.0,208000000.0,0.0,0.0,0.0,632000000.0,840000000.0,0.067,840000000.0,632000000.0,552000000.0,3.34,3.34,3.34,8511000000.0,,8511000000.0,11600555246.0,26.0,8.775,1199000000.0,10.99,1.0,3454000000.0,0.277,4385000000.0,80000000.0,13151000000.0,,8951000000.0,0.0,0.0,0.0,15746000000.0,8643000000.0,7103000000.0,8369555246.0,578000000.0,0.0,-77000000.0,-476000000.0,0.0,-627000000.0,-110000000.0,1000000.0,1295000000.0,20000000.0,374000000.0,374000000.0,374000000.0,0.0,8000000.0,0.03,2828000000.0,626000000.0,3046000000.0,0.0,0.983,62.929,63.933,7102000000.0,0.0,76.08,0.196,0.199,689000000.0,4930000000.0,12482000000.0,12482000000.0,0.0,,,,,0.0,2634000000.0,1.0,110009927.0,109100000,109900000.0,114.409,19975000000.0,0.0,178000000.0,711000000.0,183.089,2917000000.0
32,SHLDQ,MRQ,2010-09-30,2010-10-30,2010-10-30,2021-08-25,0.0,26045000000.0,,13123000000.0,12922000000.0,,76.233,-143000000.0,806000000.0,806000000.0,7121000000.0,-215000000.0,1.229,2.109,4037000000.0,1467000000.0,2570000000.0,4037000000.0,983000000.0,219000000.0,0.0,0.0,0.0,-288000000.0,-69000000.0,-0.007,-69000000.0,-288000000.0,-365000000.0,-1.98,-1.98,-1.98,8378000000.0,,8378000000.0,9951458156.0,20.0,7.175,-1125000000.0,-10.237,1.0,2557000000.0,0.264,4548000000.0,77000000.0,14046000000.0,,11226000000.0,0.0,0.0,0.0,17667000000.0,10682000000.0,6985000000.0,7964458156.0,-403000000.0,0.0,-44000000.0,813000000.0,0.0,734000000.0,-153000000.0,-10000000.0,-982000000.0,-2000000.0,-218000000.0,-218000000.0,-218000000.0,0.0,3000000.0,-0.023,2849000000.0,-292000000.0,4616000000.0,0.0,0.951,42.14,49.986,7448000000.0,0.0,71.98,0.186,0.185,688000000.0,,9678000000.0,9678000000.0,0.0,,,,,0.0,2630000000.0,1.0,110648210.0,109900000,109900000.0,88.062,21497000000.0,25000000.0,-147000000.0,524000000.0,195.605,2441000000.0
33,SHLDQ,MRQ,2010-06-30,2010-07-31,2010-07-31,2021-08-25,0.0,24833000000.0,,11761000000.0,13072000000.0,,76.545,-65000000.0,1199000000.0,1199000000.0,7635000000.0,-34000000.0,1.167,1.881,3186000000.0,1808000000.0,1378000000.0,3186000000.0,997000000.0,221000000.0,0.0,0.0,0.0,11000000.0,232000000.0,0.022,232000000.0,11000000.0,-58000000.0,-0.35,-0.35,-0.35,8619000000.0,,8619000000.0,9641418408.0,14.0,6.184,-173000000.0,-1.536,1.0,2823000000.0,0.27,4565000000.0,69000000.0,12177000000.0,,9430000000.0,0.0,0.0,0.0,16214000000.0,10078000000.0,6136000000.0,8155418408.0,-551000000.0,0.0,-272000000.0,-63000000.0,0.0,-369000000.0,-48000000.0,17000000.0,-108000000.0,-26000000.0,-39000000.0,-39000000.0,-39000000.0,0.0,5000000.0,-0.004,2818000000.0,5000000.0,3673000000.0,0.0,0.946,29.126,30.472,7485000000.0,0.0,71.0,0.189,0.185,754000000.0,,10458000000.0,10458000000.0,0.0,,,,,0.0,2606000000.0,1.0,114865048.0,112600000,112600000.0,92.877,20268000000.0,28000000.0,-19000000.0,551000000.0,180.0,1683000000.0
34,SHLDQ,MRQ,2010-03-31,2010-05-01,2010-05-01,2021-08-25,0.0,25417000000.0,,12205000000.0,13212000000.0,,78.037,-87000000.0,1763000000.0,1763000000.0,7216000000.0,17000000.0,1.193,1.842,3249000000.0,1858000000.0,1391000000.0,3249000000.0,1002000000.0,221000000.0,0.0,0.0,0.0,98000000.0,319000000.0,0.032,319000000.0,98000000.0,31000000.0,0.14,0.14,0.14,8943000000.0,,8943000000.0,14694180887.0,25.0,9.982,-169000000.0,-1.475,1.0,2830000000.0,0.282,4583000000.0,67000000.0,12091000000.0,,9316000000.0,0.0,0.0,0.0,16474000000.0,10229000000.0,6245000000.0,13889180887.0,55000000.0,0.0,-1000000.0,728000000.0,0.0,167000000.0,-95000000.0,-8000000.0,-82000000.0,65000000.0,16000000.0,16000000.0,16000000.0,0.0,1000000.0,0.002,2732000000.0,98000000.0,3734000000.0,0.0,1.553,61.73,63.995,7591000000.0,0.0,120.95,0.32,0.32,716000000.0,,10046000000.0,10046000000.0,0.0,,,,,0.0,2555000000.0,1.0,114834071.0,114600000,114700000.0,87.661,20834000000.0,28000000.0,15000000.0,525000000.0,181.798,1976000000.0
35,SHLDQ,MRQ,2009-12-31,2010-01-30,2010-01-30,2021-08-25,-721000000.0,24808000000.0,,11438000000.0,13370000000.0,,80.07,-125000000.0,1700000000.0,1700000000.0,9017000000.0,461000000.0,1.302,1.69,2505000000.0,807000000.0,1698000000.0,2505000000.0,1012000000.0,216000000.0,0.0,0.0,0.0,689000000.0,905000000.0,0.072,905000000.0,689000000.0,635000000.0,3.63,3.63,3.63,9096000000.0,,9096000000.0,13056336859.0,22.0,8.774,1489000000.0,13.107,1.0,3547000000.0,0.282,4600000000.0,54000000.0,12227000000.0,,8705000000.0,0.0,0.0,0.0,15373000000.0,8786000000.0,6587000000.0,10780336859.0,221000000.0,0.0,-53000000.0,-1279000000.0,0.0,-1348000000.0,-76000000.0,-106000000.0,1614000000.0,31000000.0,430000000.0,430000000.0,430000000.0,0.0,31000000.0,0.034,2844000000.0,703000000.0,3335000000.0,0.0,1.185,45.874,46.874,7709000000.0,0.0,93.28,0.249,0.253,652000000.0,4797000000.0,12564000000.0,12564000000.0,0.0,,,,,0.0,2632000000.0,1.0,115569649.0,113600000,114000000.0,110.599,20208000000.0,30000000.0,205000000.0,534000000.0,177.887,2652000000.0
36,SHLDQ,MRQ,2009-09-30,2009-10-31,2009-10-31,2021-08-25,0.0,27175000000.0,,13571000000.0,13604000000.0,,79.769,-90000000.0,1527000000.0,1527000000.0,7419000000.0,-112000000.0,1.205,1.914,3803000000.0,1972000000.0,1831000000.0,3803000000.0,1016000000.0,224000000.0,0.0,0.0,0.0,-121000000.0,103000000.0,0.01,103000000.0,-121000000.0,-193000000.0,-1.09,-1.09,-1.09,9325000000.0,,9325000000.0,10009516360.0,34.0,8.279,-125000000.0,-1.069,1.0,2771000000.0,0.272,4617000000.0,72000000.0,13568000000.0,,10805000000.0,0.0,0.0,0.0,17850000000.0,11266000000.0,6584000000.0,8062516360.0,279000000.0,0.0,-224000000.0,572000000.0,0.0,348000000.0,-45000000.0,45000000.0,-35000000.0,11000000.0,-127000000.0,-127000000.0,-127000000.0,0.0,15000000.0,-0.012,2877000000.0,-106000000.0,4495000000.0,0.0,0.865,-1612.503,-399.176,7758000000.0,0.0,67.86,0.183,0.18,844000000.0,,10190000000.0,10190000000.0,0.0,,,,,0.0,2664000000.0,1.0,118811028.0,116900000,116900000.0,87.169,22558000000.0,29000000.0,-66000000.0,512000000.0,192.968,2305000000.0
37,SHLDQ,MRQ,2009-06-30,2009-08-01,2009-08-01,2021-08-25,0.0,25760000000.0,,11987000000.0,13773000000.0,,80.999,-42000000.0,1292000000.0,1292000000.0,7756000000.0,-86000000.0,1.297,1.67,3239000000.0,1298000000.0,1941000000.0,3239000000.0,1029000000.0,228000000.0,0.0,0.0,0.0,-83000000.0,145000000.0,0.014,145000000.0,-83000000.0,-146000000.0,-0.79,-0.79,-0.79,9647000000.0,,9647000000.0,9751775882.0,36.0,8.073,-24000000.0,-0.202,1.0,2795000000.0,0.265,4636000000.0,63000000.0,13827000000.0,,9377000000.0,0.0,0.0,0.0,16113000000.0,9244000000.0,6869000000.0,7956775882.0,48000000.0,0.0,-94000000.0,79000000.0,0.0,-15000000.0,-23000000.0,19000000.0,18000000.0,68000000.0,-94000000.0,-94000000.0,-94000000.0,0.0,8000000.0,-0.009,2853000000.0,-58000000.0,3361000000.0,0.0,0.825,-331.532,-276.417,7867000000.0,0.0,66.34,0.179,0.177,896000000.0,,10551000000.0,10551000000.0,0.0,,,,,0.0,2630000000.0,1.0,119939341.0,119100000,119100000.0,88.589,21124000000.0,32000000.0,-52000000.0,468000000.0,177.364,2743000000.0
38,SHLDQ,MRQ,2009-03-31,2009-05-02,2009-05-02,2021-08-25,0.0,25748000000.0,,11993000000.0,13755000000.0,,80.546,-70000000.0,1249000000.0,1249000000.0,7182000000.0,34000000.0,1.332,1.646,3044000000.0,930000000.0,2114000000.0,3044000000.0,1056000000.0,226000000.0,0.0,0.0,0.0,109000000.0,335000000.0,0.033,335000000.0,109000000.0,50000000.0,0.22,0.21,0.22,9730000000.0,,9730000000.0,8956471946.0,17.0,5.987,-160000000.0,-1.325,1.0,2873000000.0,0.286,4656000000.0,59000000.0,13881000000.0,,9462000000.0,0.0,0.0,0.0,16018000000.0,9006000000.0,7012000000.0,7334471946.0,-32000000.0,0.0,-40000000.0,111000000.0,0.0,64000000.0,-28000000.0,42000000.0,-90000000.0,22000000.0,26000000.0,26000000.0,26000000.0,0.0,8000000.0,0.003,2745000000.0,128000000.0,3467000000.0,0.0,0.754,54.329,57.4,7959000000.0,0.0,60.27,0.16,0.159,813000000.0,,10055000000.0,10055000000.0,0.0,,,,,0.0,2573000000.0,1.0,121693578.0,120800000,121000000.0,83.237,21092000000.0,28000000.0,24000000.0,427000000.0,174.603,2987000000.0
39,SHLDQ,MRQ,2008-12-31,2009-01-31,2009-01-31,2021-08-25,-612000000.0,25342000000.0,,11416000000.0,13926000000.0,,76.571,-98000000.0,1297000000.0,1297000000.0,9627000000.0,161000000.0,1.341,1.668,2919000000.0,787000000.0,2132000000.0,2919000000.0,1069000000.0,236000000.0,0.0,0.0,0.0,390000000.0,626000000.0,0.047,626000000.0,390000000.0,320000000.0,1.49,1.49,1.49,9380000000.0,,9380000000.0,8368715320.0,20.0,6.016,1858000000.0,15.167,1.0,3653000000.0,0.275,4675000000.0,70000000.0,13777000000.0,,8795000000.0,0.0,0.0,0.0,15643000000.0,8512000000.0,7131000000.0,5059715320.0,1000000.0,-16000000.0,-120000000.0,-1532000000.0,0.0,-1652000000.0,-290000000.0,13000000.0,1956000000.0,-13000000.0,190000000.0,190000000.0,190000000.0,0.0,-29000000.0,0.014,3328000000.0,325000000.0,3006000000.0,0.0,0.539,95.466,97.429,8091000000.0,0.0,40.92,0.108,0.111,839000000.0,4562000000.0,13280000000.0,13280000000.0,0.0,,,,,0.0,2820000000.0,1.0,123648957.0,122500000,122500000.0,108.408,20667000000.0,27000000.0,130000000.0,424000000.0,168.71,2904000000.0
40,SHLDQ,MRQ,2008-09-30,2008-11-01,2008-11-01,2021-08-25,0.0,27954000000.0,,14347000000.0,13607000000.0,,81.084,-111000000.0,1172000000.0,1172000000.0,7806000000.0,-111000000.0,1.229,1.747,4481000000.0,2306000000.0,2175000000.0,4481000000.0,1074000000.0,250000000.0,0.0,0.0,0.0,-148000000.0,102000000.0,0.01,102000000.0,-148000000.0,-219000000.0,-1.16,-1.16,-1.16,10176000000.0,,10176000000.0,9379281954.0,12.0,5.17,-1073000000.0,-8.55,1.0,2854000000.0,0.268,4960000000.0,71000000.0,14629000000.0,,11364000000.0,0.0,0.0,0.0,17778000000.0,11674000000.0,6104000000.0,7299281954.0,-362000000.0,-21000000.0,-81000000.0,934000000.0,0.0,853000000.0,-132000000.0,0.0,-962000000.0,-121000000.0,-146000000.0,-146000000.0,-146000000.0,0.0,35000000.0,-0.014,3056000000.0,-202000000.0,4414000000.0,0.0,0.717,25.257,30.073,8265000000.0,0.0,57.74,0.15,0.149,1195000000.0,4372000000.0,10660000000.0,10660000000.0,0.0,,,,,0.0,2731000000.0,1.0,126416383.0,125500000,125500000.0,84.94,22994000000.0,23000000.0,-73000000.0,525000000.0,183.219,2673000000.0
41,SHLDQ,MRQ,2008-06-30,2008-08-02,2008-08-02,2021-08-25,0.0,26789000000.0,,12805000000.0,13984000000.0,,81.7,-68000000.0,1534000000.0,1534000000.0,8640000000.0,85000000.0,1.297,1.546,3614000000.0,1364000000.0,2250000000.0,3614000000.0,1106000000.0,247000000.0,0.0,0.0,0.0,186000000.0,433000000.0,0.037,433000000.0,186000000.0,121000000.0,0.5,0.5,0.5,10523000000.0,,10523000000.0,12504266367.0,12.0,6.148,447000000.0,3.47,1.0,3122000000.0,0.265,4982000000.0,65000000.0,14014000000.0,,9754000000.0,0.0,0.0,0.0,16266000000.0,9873000000.0,6393000000.0,10409266367.0,121000000.0,0.0,-437000000.0,118000000.0,0.0,-319000000.0,-68000000.0,0.0,515000000.0,-7000000.0,65000000.0,65000000.0,65000000.0,0.0,20000000.0,0.006,2935000000.0,187000000.0,3494000000.0,0.0,0.989,23.711,25.354,8568000000.0,0.0,78.85,0.21,0.205,1020000000.0,4518000000.0,11762000000.0,11762000000.0,0.0,,,,,0.0,2694000000.0,1.0,132013524.0,128800000,128800000.0,91.32,21807000000.0,29000000.0,56000000.0,569000000.0,169.309,2932000000.0
42,SHLDQ,MRQ,2008-03-31,2008-05-03,2008-05-03,2021-08-25,0.0,27338000000.0,,13133000000.0,14205000000.0,,82.733,-134000000.0,1413000000.0,1413000000.0,8045000000.0,-36000000.0,1.317,1.509,3508000000.0,1219000000.0,2289000000.0,3508000000.0,1110000000.0,248000000.0,0.0,0.0,0.0,-18000000.0,230000000.0,0.021,230000000.0,-18000000.0,-84000000.0,-0.43,-0.43,-0.43,10896000000.0,,10896000000.0,15048786634.0,13.0,6.733,-651000000.0,-4.943,1.0,3023000000.0,0.273,5011000000.0,66000000.0,14451000000.0,,10309000000.0,0.0,0.0,0.0,16442000000.0,9971000000.0,6471000000.0,13660786634.0,-209000000.0,0.0,-40000000.0,515000000.0,0.0,475000000.0,-147000000.0,-13000000.0,-517000000.0,-20000000.0,-56000000.0,-56000000.0,-56000000.0,0.0,20000000.0,-0.005,3031000000.0,-8000000.0,3681000000.0,0.0,1.254,24.974,27.452,8698000000.0,0.0,103.22,0.273,0.272,943000000.0,4453000000.0,11068000000.0,11068000000.0,0.0,,,,,0.0,2815000000.0,1.0,132346315.0,131700000,131700000.0,84.039,22327000000.0,34000000.0,-28000000.0,537000000.0,169.529,3162000000.0
43,SHLDQ,MRQ,2007-12-31,2008-02-02,2008-02-02,2021-08-25,69000000.0,27397000000.0,,12802000000.0,14595000000.0,,79.486,-119000000.0,1622000000.0,1622000000.0,10900000000.0,502000000.0,1.339,1.568,3010000000.0,404000000.0,2606000000.0,3010000000.0,1121000000.0,270000000.0,0.0,0.0,0.0,779000000.0,1049000000.0,0.07,1049000000.0,779000000.0,704000000.0,3.01,3.0,3.01,10667000000.0,,10667000000.0,17449409315.0,10.0,6.437,1708000000.0,12.727,1.0,4174000000.0,0.277,5039000000.0,75000000.0,14184000000.0,,9963000000.0,0.0,0.0,0.0,16730000000.0,9562000000.0,7168000000.0,14907409315.0,87000000.0,0.0,-554000000.0,-915000000.0,0.0,-1557000000.0,-149000000.0,0.0,1827000000.0,-34000000.0,426000000.0,426000000.0,426000000.0,0.0,76000000.0,0.028,3380000000.0,794000000.0,3487000000.0,0.0,1.398,18.048,18.968,8863000000.0,0.0,108.31,0.294,0.309,744000000.0,4509000000.0,15074000000.0,15074000000.0,0.0,,,,,0.0,3138000000.0,1.0,137636500.0,134200000,134600000.0,112.325,22358000000.0,35000000.0,278000000.0,579000000.0,166.602,3240000000.0
44,SHLDQ,MRQ,2007-09-30,2007-11-03,2007-11-03,2021-08-25,74000000.0,29780000000.0,,15370000000.0,14410000000.0,,76.791,-121000000.0,1535000000.0,1535000000.0,8432000000.0,4000000.0,1.34,1.772,4036000000.0,1379000000.0,2657000000.0,4036000000.0,1128000000.0,255000000.0,0.0,0.0,0.0,67000000.0,322000000.0,0.028,322000000.0,67000000.0,0.0,0.03,0.03,0.03,10743000000.0,,10743000000.0,19522958147.0,9.0,5.812,-913000000.0,-6.526,1.0,3190000000.0,0.274,5061000000.0,67000000.0,15749000000.0,,12128000000.0,0.0,0.0,0.0,19037000000.0,11471000000.0,7566000000.0,18877958147.0,-1099000000.0,0.0,-1082000000.0,709000000.0,0.0,-285000000.0,-105000000.0,16000000.0,-792000000.0,83000000.0,4000000.0,4000000.0,4000000.0,0.0,0.0,0.0,3139000000.0,51000000.0,4512000000.0,0.0,1.757,15.448,16.666,8873000000.0,0.0,132.16,0.364,0.356,977000000.0,4084000000.0,11622000000.0,11622000000.0,0.0,,,,,0.0,2884000000.0,1.0,142841693.0,139900000,139900000.0,83.074,24719000000.0,242000000.0,-4000000.0,621000000.0,176.69,3899000000.0
45,SHLDQ,MRQ,2007-06-30,2007-08-04,2007-08-04,2021-08-25,76000000.0,28583000000.0,,14216000000.0,14367000000.0,,77.082,-142000000.0,2634000000.0,2634000000.0,8869000000.0,173000000.0,1.484,1.459,3277000000.0,631000000.0,2646000000.0,3277000000.0,1118000000.0,262000000.0,0.0,0.0,0.0,372000000.0,634000000.0,0.052,634000000.0,372000000.0,301000000.0,1.15,1.15,1.15,11624000000.0,,11624000000.0,20152920386.0,8.0,5.419,564000000.0,3.74,1.0,3391000000.0,0.277,5105000000.0,71000000.0,14540000000.0,,10158000000.0,0.0,0.0,0.0,16959000000.0,9581000000.0,7378000000.0,20064920386.0,-872000000.0,0.0,-1289000000.0,-260000000.0,0.0,-1549000000.0,-65000000.0,77000000.0,706000000.0,36000000.0,173000000.0,173000000.0,173000000.0,0.0,0.0,0.014,3059000000.0,332000000.0,3448000000.0,0.0,1.726,14.19,14.349,8842000000.0,0.0,131.58,0.384,0.38,751000000.0,4080000000.0,12260000000.0,12260000000.0,0.0,,,,,0.0,2802000000.0,1.0,152492175.0,150800000,150900000.0,81.3,23478000000.0,240000000.0,128000000.0,610000000.0,155.69,4635000000.0
46,SHLDQ,MRQ,2007-03-31,2007-05-05,2007-05-05,2021-08-25,79000000.0,29872000000.0,,15419000000.0,14453000000.0,,84.129,-93000000.0,3506000000.0,3506000000.0,8437000000.0,223000000.0,1.614,1.309,3517000000.0,836000000.0,2681000000.0,3517000000.0,1093000000.0,262000000.0,0.0,0.0,0.0,444000000.0,706000000.0,0.06,706000000.0,444000000.0,371000000.0,1.45,1.45,1.45,12939000000.0,,12939000000.0,27236938989.0,10.0,6.915,-287000000.0,-1.866,1.0,3310000000.0,0.282,5127000000.0,73000000.0,15205000000.0,,10349000000.0,0.0,0.0,0.0,16933000000.0,9551000000.0,7382000000.0,27648938989.0,-333000000.0,0.0,-1000000.0,-47000000.0,0.0,-48000000.0,-118000000.0,-25000000.0,-194000000.0,27000000.0,223000000.0,223000000.0,223000000.0,0.0,0.0,0.019,2901000000.0,409000000.0,3587000000.0,0.0,2.137,18.012,18.158,8943000000.0,0.0,179.76,0.524,0.524,840000000.0,3908000000.0,11747000000.0,11747000000.0,0.0,,,,,0.0,2644000000.0,1.0,153810297.0,153800000,153900000.0,76.378,24745000000.0,293000000.0,148000000.0,570000000.0,160.891,5868000000.0
47,SHLDQ,MRQ,2006-12-31,2007-02-03,2007-02-03,2021-08-25,59000000.0,29906000000.0,,15267000000.0,14639000000.0,,82.775,-127000000.0,3839000000.0,3839000000.0,11444000000.0,822000000.0,1.54,1.354,3548000000.0,705000000.0,2843000000.0,3548000000.0,1073000000.0,300000000.0,0.0,0.0,0.0,1397000000.0,1697000000.0,0.104,1697000000.0,1397000000.0,1317000000.0,5.3,5.29,5.3,12706000000.0,,12706000000.0,28696583146.0,10.0,7.352,1831000000.0,11.928,1.0,4848000000.0,0.298,5129000000.0,80000000.0,14574000000.0,,9896000000.0,0.0,0.0,0.0,17200000000.0,9912000000.0,7288000000.0,27260583146.0,1844000000.0,-1000000.0,-15000000.0,55000000.0,0.0,40000000.0,-116000000.0,12000000.0,1958000000.0,-38000000.0,822000000.0,822000000.0,822000000.0,0.0,0.0,0.05,3443000000.0,1405000000.0,3312000000.0,0.0,2.145,18.271,18.47,9113000000.0,0.0,177.13,0.514,0.52,851000000.0,3689000000.0,16292000000.0,16292000000.0,0.0,,,,,0.0,3192000000.0,1.0,153901559.0,153500000,153900000.0,106.137,24777000000.0,311000000.0,495000000.0,927000000.0,161.414,5355000000.0
48,SHLDQ,MRQ,2006-09-30,2006-10-28,2006-10-28,2021-08-25,-184000000.0,30469000000.0,,15415000000.0,15054000000.0,,75.285,-124000000.0,2096000000.0,2096000000.0,8557000000.0,196000000.0,1.403,1.621,3532000000.0,618000000.0,2914000000.0,3532000000.0,1078000000.0,278000000.0,0.0,0.0,0.0,404000000.0,682000000.0,0.057,682000000.0,404000000.0,315000000.0,1.27,1.27,1.27,11624000000.0,,11624000000.0,27334192281.0,10.0,7.25,-1044000000.0,-6.762,1.0,3384000000.0,0.283,5347000000.0,89000000.0,15569000000.0,,11508000000.0,0.0,0.0,0.0,18845000000.0,10989000000.0,7856000000.0,27254192281.0,-1594000000.0,-4000000.0,-292000000.0,-230000000.0,0.0,-522000000.0,-150000000.0,-22000000.0,-920000000.0,-2000000.0,196000000.0,196000000.0,196000000.0,0.0,0.0,0.016,3108000000.0,276000000.0,4195000000.0,0.0,2.345,20.694,20.791,9247000000.0,0.0,176.93,0.513,0.514,909000000.0,2868000000.0,11941000000.0,11941000000.0,0.0,,,,,0.0,2834000000.0,1.0,154039407.0,154400000,154400000.0,77.338,25122000000.0,519000000.0,119000000.0,1027000000.0,162.707,4426000000.0
49,SHLDQ,MRQ,2006-06-30,2006-07-29,2006-07-29,2021-08-25,-181000000.0,30061000000.0,,14865000000.0,15196000000.0,,74.239,-66000000.0,3690000000.0,3690000000.0,9158000000.0,294000000.0,1.502,1.589,3770000000.0,295000000.0,3475000000.0,3770000000.0,1082000000.0,276000000.0,0.0,0.0,0.0,578000000.0,854000000.0,0.067,854000000.0,578000000.0,495000000.0,1.88,1.88,1.88,11611000000.0,,11611000000.0,22285126204.0,9.0,6.324,670000000.0,4.284,1.0,3627000000.0,0.284,5339000000.0,83000000.0,14907000000.0,,9455000000.0,0.0,0.0,0.0,18450000000.0,9895000000.0,8555000000.0,21608126204.0,508000000.0,-1000000.0,-96000000.0,-92000000.0,0.0,-188000000.0,-67000000.0,0.0,736000000.0,27000000.0,294000000.0,294000000.0,294000000.0,0.0,0.0,0.023,3110000000.0,517000000.0,3274000000.0,0.0,1.861,18.328,18.199,9395000000.0,0.0,138.13,0.405,0.405,803000000.0,2672000000.0,12785000000.0,12785000000.0,0.0,,,,,0.0,2827000000.0,1.0,156433260.0,156400000,156500000.0,81.746,24722000000.0,547000000.0,201000000.0,1213000000.0,158.069,4970000000.0
50,SHLDQ,MRQ,2006-03-31,2006-04-29,2006-04-29,2021-08-25,-213000000.0,29891000000.0,,14573000000.0,15318000000.0,,71.987,-50000000.0,3182000000.0,3182000000.0,8665000000.0,180000000.0,1.46,1.628,3859000000.0,349000000.0,3510000000.0,3859000000.0,1053000000.0,289000000.0,0.0,0.0,0.0,381000000.0,670000000.0,0.056,670000000.0,381000000.0,298000000.0,1.14,1.14,1.14,11374000000.0,,11374000000.0,22422405521.0,10.0,6.824,-396000000.0,-2.506,1.0,3333000000.0,0.278,5250000000.0,83000000.0,15336000000.0,,9581000000.0,0.0,0.0,0.0,18517000000.0,9982000000.0,8535000000.0,22846405521.0,-1258000000.0,-277000000.0,-413000000.0,-169000000.0,0.0,-582000000.0,-327000000.0,0.0,-346000000.0,-3000000.0,180000000.0,180000000.0,180000000.0,0.0,0.0,0.015,3002000000.0,331000000.0,3634000000.0,0.0,2.009,21.842,21.478,9490000000.0,0.0,143.69,0.425,0.422,811000000.0,2378000000.0,11998000000.0,11998000000.0,0.0,,,,,0.0,2721000000.0,1.0,158997881.0,158000000,158000000.0,75.937,24641000000.0,590000000.0,118000000.0,1073000000.0,155.956,4591000000.0
51,SHLDQ,MRQ,2005-12-31,2006-01-28,2006-01-28,2021-08-25,-205000000.0,30573000000.0,,15207000000.0,15366000000.0,,72.298,-155000000.0,4440000000.0,4440000000.0,11746000000.0,647000000.0,1.469,1.633,4016000000.0,748000000.0,3268000000.0,4016000000.0,1047000000.0,292000000.0,0.0,0.0,0.0,1272000000.0,1564000000.0,0.095,1564000000.0,1272000000.0,1179000000.0,4.22,4.19,4.22,11611000000.0,,11611000000.0,22968875016.0,12.0,8.082,1952000000.0,12.154,1.0,4671000000.0,0.285,5132000000.0,93000000.0,14667000000.0,,9068000000.0,0.0,0.0,0.0,18962000000.0,10350000000.0,8612000000.0,19830875016.0,3137000000.0,2043000000.0,-153000000.0,-31000000.0,0.0,-894000000.0,1888000000.0,0.0,2107000000.0,36000000.0,647000000.0,647000000.0,647000000.0,0.0,0.0,0.039,3459000000.0,1212000000.0,3458000000.0,0.0,1.708,23.14,21.92,9823000000.0,0.0,123.19,0.401,0.38,811000000.0,2198000000.0,16417000000.0,16417000000.0,0.0,,,,,0.0,3174000000.0,1.0,160977961.0,160600000,160200000.0,102.223,25441000000.0,516000000.0,532000000.0,1180000000.0,158.412,4857000000.0
52,SHLDQ,MRQ,2005-09-30,2005-10-29,2005-10-29,2021-08-25,-75000000.0,30994000000.0,,15275000000.0,15719000000.0,,66.942,-76000000.0,1202000000.0,1202000000.0,8795000000.0,58000000.0,1.357,1.832,4060000000.0,796000000.0,3264000000.0,4060000000.0,1073000000.0,263000000.0,0.0,0.0,0.0,173000000.0,436000000.0,0.036,436000000.0,173000000.0,86000000.0,0.35,0.35,0.35,10945000000.0,,10945000000.0,21479291660.0,19.0,11.854,-358000000.0,-2.19,1.0,3407000000.0,0.279,5379000000.0,87000000.0,17218000000.0,,10750000000.0,0.0,0.0,0.0,20049000000.0,11255000000.0,8794000000.0,19361291660.0,-936000000.0,0.0,-433000000.0,-146000000.0,0.0,-579000000.0,-76000000.0,0.0,-282000000.0,1000000.0,58000000.0,58000000.0,58000000.0,0.0,0.0,0.005,3288000000.0,119000000.0,4314000000.0,0.0,1.769,37.305,24.778,9944000000.0,0.0,117.45,0.497,0.493,698000000.0,1550000000.0,12202000000.0,12202000000.0,0.0,,,,,0.0,2981000000.0,1.0,164847098.0,163500000,163600000.0,74.63,25615000000.0,438000000.0,28000000.0,1281000000.0,156.667,4020000000.0
53,SHLDQ,MRQ,2005-06-30,2005-07-30,2005-07-30,2021-08-25,-90000000.0,30518000000.0,,13999000000.0,16519000000.0,,68.532,-105000000.0,2138000000.0,2138000000.0,9541000000.0,161000000.0,1.465,1.7,4155000000.0,822000000.0,3333000000.0,4155000000.0,1019000000.0,280000000.0,0.0,0.0,0.0,336000000.0,616000000.0,0.047,616000000.0,336000000.0,264000000.0,0.98,0.98,0.98,11301000000.0,,11301000000.0,28332045031.0,15.0,12.356,528000000.0,3.202,1.0,3651000000.0,0.277,5950000000.0,72000000.0,17028000000.0,,8953000000.0,0.0,0.0,0.0,19217000000.0,9557000000.0,9660000000.0,25495045031.0,256000000.0,2000000.0,1000000.0,-308000000.0,0.0,-265000000.0,-103000000.0,0.0,633000000.0,-9000000.0,161000000.0,161000000.0,161000000.0,0.0,0.0,0.012,3312000000.0,339000000.0,3460000000.0,0.0,2.256,25.168,14.612,10084000000.0,0.0,154.6,0.817,0.817,1822000000.0,1492000000.0,13192000000.0,13192000000.0,0.0,,,,,0.0,3009000000.0,1.0,164909735.0,164900000,165100000.0,80.0,24568000000.0,625000000.0,103000000.0,1136000000.0,148.987,4442000000.0
54,SHLDQ,MRQ,2005-03-31,2005-04-30,2005-04-30,2021-08-25,-73000000.0,30896000000.0,,14202000000.0,16694000000.0,,91.484,-56000000.0,1882000000.0,1882000000.0,5655000000.0,-9000000.0,1.389,1.768,4432000000.0,994000000.0,3438000000.0,4432000000.0,1103000000.0,107000000.0,0.0,0.0,0.0,85000000.0,192000000.0,0.025,192000000.0,85000000.0,43000000.0,-0.07,-0.07,-0.07,11161000000.0,,11161000000.0,10070630251.0,6.0,5.135,-321000000.0,-2.631,1.0,1971000000.0,0.258,5923000000.0,42000000.0,17296000000.0,,9476000000.0,0.0,0.0,0.0,19735000000.0,10227000000.0,9508000000.0,12840630251.0,-1553000000.0,-1021000000.0,97000000.0,-358000000.0,0.0,-215000000.0,-1077000000.0,0.0,-265000000.0,4000000.0,-9000000.0,-9000000.0,-9000000.0,0.0,0.0,-0.001,1803000000.0,168000000.0,3660000000.0,0.0,1.15,12.764,11.947,10141000000.0,0.0,135.24,0.563,0.724,1689000000.0,1331000000.0,7626000000.0,7626000000.0,0.0,,,,,0.0,1715000000.0,1.0,94946985.0,122000000,124800000.0,62.508,24973000000.0,574000000.0,52000000.0,1172000000.0,204.697,3975000000.0
55,SHLDQ,MRQ,2004-12-31,2005-01-26,2005-01-26,2021-08-25,-77000000.0,8651000000.0,,7541000000.0,1110000000.0,,50.213,-13000000.0,3435000000.0,3435000000.0,4422000000.0,309000000.0,3.624,0.936,411000000.0,45000000.0,366000000.0,411000000.0,13000000.0,13000000.0,0.0,0.0,0.0,555000000.0,568000000.0,0.095,568000000.0,555000000.0,495000000.0,3.48,3.07,3.48,4469000000.0,,4469000000.0,6186449011.0,3.0,3.176,884000000.0,9.933,1.0,1528000000.0,0.257,0.0,60000000.0,3546000000.0,,3281000000.0,0.0,0.0,0.0,4182000000.0,2081000000.0,2101000000.0,8055449011.0,871000000.0,0.0,0.0,-13000000.0,0.0,-13000000.0,-13000000.0,0.0,897000000.0,0.0,309000000.0,309000000.0,309000000.0,0.0,0.0,0.052,1069000000.0,459000000.0,927000000.0,0.0,1.803,7.283,7.291,315000000.0,0.0,90.33,0.406,0.407,646000000.0,1340000000.0,5950000000.0,5950000000.0,0.0,,,,,0.0,1078000000.0,1.0,89178003.0,89000000,101400000.0,66.854,8651000000.0,759000000.0,186000000.0,391000000.0,97.202,5460000000.0
56,SHLDQ,MRQ,2004-09-30,2004-10-27,2004-10-27,2021-08-25,0.0,7665000000.0,,7315000000.0,350000000.0,,34.439,316000000.0,2564000000.0,2564000000.0,3324000000.0,552000000.0,3.156,1.495,416000000.0,48000000.0,368000000.0,416000000.0,10000000.0,6000000.0,0.0,0.0,0.0,911000000.0,917000000.0,0.207,917000000.0,911000000.0,886000000.0,6.19,5.45,6.19,3072000000.0,,3072000000.0,6392133642.0,3.0,3.413,-24000000.0,-0.269,1.0,1102000000.0,0.249,0.0,25000000.0,3199000000.0,,3902000000.0,0.0,0.0,0.0,4593000000.0,2318000000.0,2275000000.0,8260133642.0,-62000000.0,0.0,0.0,-38000000.0,0.0,-38000000.0,316000000.0,0.0,-340000000.0,0.0,552000000.0,552000000.0,552000000.0,0.0,0.0,0.125,192000000.0,910000000.0,1107000000.0,0.0,2.689,7.8,7.717,288000000.0,0.0,92.14,0.407,0.405,649000000.0,1031000000.0,4426000000.0,4426000000.0,0.0,,,,,0.0,994000000.0,1.0,89647641.0,89200000,101600000.0,49.619,7665000000.0,0.0,334000000.0,354000000.0,85.93,4997000000.0
57,SHLDQ,MRQ,2004-06-30,2004-07-28,2004-07-28,2021-08-25,0.0,6616000000.0,,6179000000.0,437000000.0,,28.503,18000000.0,2626000000.0,2626000000.0,3607000000.0,154000000.0,3.059,1.593,466000000.0,51000000.0,415000000.0,466000000.0,6000000.0,4000000.0,0.0,0.0,0.0,280000000.0,284000000.0,0.059,284000000.0,280000000.0,247000000.0,1.72,1.54,1.72,2551000000.0,,2551000000.0,5217264958.0,6.0,5.44,399000000.0,4.458,1.0,1190000000.0,0.248,0.0,33000000.0,2436000000.0,,3212000000.0,0.0,0.0,0.0,4065000000.0,2020000000.0,2045000000.0,6650264958.0,398000000.0,0.0,0.0,-1000000.0,0.0,-1000000.0,18000000.0,0.0,381000000.0,0.0,154000000.0,154000000.0,154000000.0,0.0,0.0,0.032,910000000.0,280000000.0,847000000.0,0.0,2.607,13.884,13.638,240000000.0,0.0,74.19,0.317,0.317,225000000.0,479000000.0,4797000000.0,4797000000.0,0.0,,,,,0.0,983000000.0,1.0,89638293.0,89500000,101500000.0,53.598,6616000000.0,114000000.0,93000000.0,464000000.0,73.922,4159000000.0
58,SHLDQ,MRQ,2004-03-31,2004-04-28,2004-04-28,2021-08-25,0.0,6303000000.0,,6043000000.0,260000000.0,,25.698,11000000.0,2228000000.0,2228000000.0,3545000000.0,91000000.0,3.142,1.74,488000000.0,51000000.0,437000000.0,488000000.0,11000000.0,4000000.0,0.0,0.0,0.0,175000000.0,179000000.0,0.039,179000000.0,175000000.0,147000000.0,1.02,0.94,1.02,2300000000.0,,2300000000.0,2782860602.0,4.0,3.881,141000000.0,1.575,1.0,1082000000.0,0.234,0.0,28000000.0,2640000000.0,,3394000000.0,0.0,0.0,0.0,4003000000.0,1923000000.0,2080000000.0,4047860602.0,140000000.0,0.0,0.0,-1000000.0,0.0,-1000000.0,11000000.0,0.0,130000000.0,0.0,91000000.0,91000000.0,91000000.0,0.0,0.0,0.02,910000000.0,172000000.0,851000000.0,0.0,1.76,12.769,12.441,190000000.0,0.0,45.16,0.147,0.147,237000000.0,325000000.0,4627000000.0,4627000000.0,0.0,,,,,0.0,945000000.0,1.0,89633760.0,89500000,100300000.0,51.698,6303000000.0,36000000.0,56000000.0,388000000.0,70.425,4120000000.0
59,SHLDQ,MRQ,2003-12-31,2004-01-28,2004-01-28,2021-08-25,1000000.0,6074000000.0,,5811000000.0,263000000.0,,24.654,42000000.0,2088000000.0,2088000000.0,4969000000.0,262000000.0,3.272,1.75,796000000.0,4000000.0,792000000.0,796000000.0,0.0,-2000000.0,0.0,0.0,0.0,495000000.0,493000000.0,0.076,493000000.0,495000000.0,426000000.0,3.01,2.91,3.01,2209000000.0,,2209000000.0,2403562424.0,-2.0,-2.535,1174000000.0,13.103,1.0,1477000000.0,0.229,0.0,69000000.0,3006000000.0,,3238000000.0,0.0,0.0,0.0,3865000000.0,1776000000.0,2089000000.0,2518562424.0,1147000000.0,0.0,-1000000.0,-26000000.0,0.0,-27000000.0,42000000.0,0.0,1132000000.0,0.0,262000000.0,262000000.0,262000000.0,0.0,0.0,0.041,973000000.0,504000000.0,820000000.0,0.0,1.14,-1.731,-36.026,153000000.0,0.0,28.1,0.078,0.078,301000000.0,234000000.0,6446000000.0,6446000000.0,0.0,,,,,0.0,1060000000.0,1.0,89628556.0,89600000,100700000.0,71.942,6074000000.0,33000000.0,164000000.0,281000000.0,67.79,4035000000.0
60,SHLDQ,MRQ,2003-09-30,2003-10-29,2003-10-29,2021-08-25,0.0,6117000000.0,,5897000000.0,220000000.0,,19.308,15000000.0,941000000.0,941000000.0,3925000000.0,-28000000.0,2.599,2.536,790000000.0,25000000.0,765000000.0,790000000.0,0.0,13000000.0,0.0,0.0,0.0,-10000000.0,3000000.0,0.001,3000000.0,-10000000.0,-42000000.0,-0.31,-0.31,-0.31,1730000000.0,,1730000000.0,2144137975.0,-1.0,-1.036,-209000000.0,-2.333,1.0,1167000000.0,0.229,0.0,32000000.0,3697000000.0,,4404000000.0,0.0,0.0,0.0,4387000000.0,2269000000.0,2118000000.0,2492137975.0,-259000000.0,0.0,-3000000.0,-47000000.0,0.0,-50000000.0,15000000.0,0.0,-224000000.0,0.0,-28000000.0,-28000000.0,-28000000.0,0.0,0.0,-0.005,1178000000.0,-11000000.0,1203000000.0,0.0,1.441,-0.966,-5.127,115000000.0,0.0,27.79,0.078,0.078,348000000.0,-36000000.0,5092000000.0,5092000000.0,0.0,,,,,0.0,1179000000.0,1.0,89677509.0,89600000,89600000.0,56.83,6117000000.0,0.0,-14000000.0,295000000.0,68.27,3628000000.0
61,SHLDQ,MRQ,2003-06-30,2003-07-30,2003-07-30,2021-08-25,0.0,5955000000.0,,5822000000.0,133000000.0,,19.353,17000000.0,1200000000.0,1200000000.0,8838000000.0,-8000000.0,2.786,2.43,808000000.0,22000000.0,786000000.0,808000000.0,0.0,10000000.0,0.0,0.0,0.0,32000000.0,42000000.0,0.004,42000000.0,32000000.0,-20000000.0,-0.09,-0.09,-0.09,1736000000.0,,1736000000.0,1313156852.0,0.0,-0.586,-155000000.0,-1.728,1.0,2466000000.0,0.218,0.0,52000000.0,3473000000.0,,4063000000.0,0.0,0.0,0.0,4219000000.0,2090000000.0,2129000000.0,2014156852.0,-32000000.0,0.0,140000000.0,-4000000.0,0.0,123000000.0,17000000.0,0.0,-172000000.0,0.0,-8000000.0,-8000000.0,-8000000.0,0.0,0.0,-0.001,2448000000.0,18000000.0,1083000000.0,0.0,1.16,-0.686,-3.826,43000000.0,0.0,22.46,0.06,0.06,305000000.0,-8000000.0,11304000000.0,11304000000.0,0.0,,,,,0.0,2450000000.0,1.0,89677509.0,89700000,89700000.0,126.02,5955000000.0,0.0,-12000000.0,333000000.0,66.388,3732000000.0
62,SHLDQ,MRQ,2003-03-31,2003-04-30,2003-04-30,2021-08-25,0.0,6660000000.0,,6554000000.0,106000000.0,,3.444,-142000000.0,1232000000.0,1232000000.0,8815000000.0,-1681000000.0,2.372,2.819,826000000.0,8000000.0,818000000.0,826000000.0,0.0,183000000.0,0.0,,0.0,-1669000000.0,-1486000000.0,-0.156,-1486000000.0,-1669000000.0,-1698000000.0,-3.39,-3.39,-3.39,1744000000.0,,1744000000.0,,,,1191000000.0,2.352,1.0,714000000.0,0.075,0.0,29000000.0,3491000000.0,,4431000000.0,0.0,0.0,0.0,4916000000.0,2763000000.0,2153000000.0,,197000000.0,0.0,0.0,-1006000000.0,0.0,-1006000000.0,-142000000.0,0.0,1333000000.0,0.0,-1681000000.0,-1681000000.0,-1681000000.0,430000000.0,0.0,-0.176,1958000000.0,-1244000000.0,1160000000.0,0.0,,,,10000000.0,0.0,,,,382000000.0,,9529000000.0,9529000000.0,0.0,,,,,0.0,1838000000.0,1.0,89677509.0,506400000,506400000.0,18.817,6660000000.0,0.0,-17000000.0,274000000.0,13.152,3791000000.0
63,SHLDQ,MRQ,2002-12-31,2003-01-29,2003-01-29,2021-08-25,-907000000.0,11238000000.0,,6102000000.0,5136000000.0,,-0.576,60000000.0,613000000.0,613000000.0,4762000000.0,-862000000.0,2.878,-38.336,8592000000.0,0.0,8592000000.0,8592000000.0,0.0,177000000.0,0.0,,0.0,-805000000.0,-628000000.0,-0.102,-628000000.0,-805000000.0,-862000000.0,-1.63,-1.63,-1.63,-301000000.0,,-301000000.0,,,,636000000.0,1.217,1.0,1419000000.0,0.23,0.0,57000000.0,17097000000.0,,4825000000.0,0.0,0.0,0.0,11539000000.0,2120000000.0,9419000000.0,,619000000.0,0.0,0.0,-17000000.0,0.0,-17000000.0,60000000.0,0.0,576000000.0,0.0,-862000000.0,-862000000.0,-862000000.0,4000000.0,0.0,-0.139,2227000000.0,-808000000.0,1248000000.0,0.0,,,,4892000000.0,0.0,,,,473000000.0,-1835000000.0,6181000000.0,6181000000.0,0.0,,,,,0.0,1421000000.0,1.0,,522700000,522700000.0,11.825,11238000000.0,0.0,0.0,162000000.0,21.5,3982000000.0
64,SHLDQ,MRQ,2002-09-30,2002-10-30,2002-10-30,2021-08-25,0.0,13392000000.0,,7398000000.0,5994000000.0,,2.237,-77000000.0,381000000.0,381000000.0,5353000000.0,-383000000.0,2.622,10.915,9237000000.0,0.0,9237000000.0,9237000000.0,0.0,183000000.0,0.0,,0.0,-353000000.0,-170000000.0,-0.026,-170000000.0,-353000000.0,-390000000.0,-0.76,-0.76,-0.76,1124000000.0,,1124000000.0,,,,-1166000000.0,-2.32,1.0,1106000000.0,0.171,0.0,37000000.0,19426000000.0,,6330000000.0,0.0,0.0,0.0,12268000000.0,2822000000.0,9446000000.0,,-622000000.0,0.0,0.0,544000000.0,0.0,544000000.0,-77000000.0,0.0,-1089000000.0,0.0,-383000000.0,-383000000.0,-383000000.0,21000000.0,0.0,-0.059,1446000000.0,-340000000.0,1825000000.0,0.0,,,,5764000000.0,0.0,,,,0.0,-1088000000.0,6459000000.0,6459000000.0,0.0,,,,,0.0,1448000000.0,1.0,,502500000,502500000.0,12.854,13392000000.0,0.0,-7000000.0,306000000.0,26.651,4576000000.0
65,SHLDQ,MRQ,2002-06-30,2002-07-31,2002-07-31,2021-08-25,0.0,13018000000.0,,6905000000.0,6113000000.0,,2.968,-64000000.0,1003000000.0,1003000000.0,5912000000.0,-293000000.0,2.957,7.725,9016000000.0,0.0,9016000000.0,9016000000.0,0.0,194000000.0,0.0,,0.0,-261000000.0,-67000000.0,-0.009,-67000000.0,-261000000.0,-293000000.0,-0.58,-0.58,-0.58,1492000000.0,,1492000000.0,,,,-796000000.0,-1.583,1.0,1271000000.0,0.177,0.0,32000000.0,18696000000.0,,5284000000.0,0.0,0.0,0.0,11526000000.0,2335000000.0,9191000000.0,,-826000000.0,0.0,0.0,-18000000.0,0.0,-18000000.0,-64000000.0,0.0,-732000000.0,0.0,-293000000.0,-293000000.0,-293000000.0,-7000000.0,0.0,-0.041,1553000000.0,-282000000.0,1438000000.0,0.0,,,,5866000000.0,0.0,,,,0.0,-705000000.0,7183000000.0,7183000000.0,0.0,,,,,0.0,1535000000.0,1.0,,502700000,502700000.0,14.289,13018000000.0,0.0,0.0,244000000.0,25.896,4570000000.0
66,SHLDQ,MRQ,2002-03-31,2002-05-01,2002-05-01,2021-08-25,0.0,13872000000.0,,7681000000.0,6191000000.0,,2.559,-52000000.0,1829000000.0,1829000000.0,6519000000.0,-1442000000.0,3.007,9.779,8499000000.0,0.0,8499000000.0,8499000000.0,0.0,181000000.0,0.0,,0.0,-1421000000.0,-1240000000.0,-0.173,-1240000000.0,-1421000000.0,-1454000000.0,-2.87,-2.87,-2.87,1287000000.0,,1287000000.0,,,,968000000.0,1.925,1.0,662000000.0,0.092,0.0,33000000.0,17988000000.0,,5255000000.0,0.0,0.0,0.0,12585000000.0,2554000000.0,10031000000.0,,584000000.0,0.0,0.0,-396000000.0,0.0,-396000000.0,-52000000.0,0.0,1020000000.0,0.0,-1442000000.0,-1442000000.0,-1442000000.0,167000000.0,0.0,-0.201,1921000000.0,-1259000000.0,1658000000.0,0.0,,,,5972000000.0,0.0,,,,316000000.0,-410000000.0,7181000000.0,7181000000.0,0.0,,,,,0.0,1670000000.0,1.0,,502900000,502900000.0,14.279,13872000000.0,0.0,-12000000.0,237000000.0,27.584,5127000000.0
0,SHLDQ,MRT,2018-09-30,2018-11-03,2018-11-03,2021-08-25,0.0,6677000000.0,7042500000.0,3795000000.0,2882000000.0,1.873,-48.725,578000000.0,807000000.0,807000000.0,10533000000.0,-1700000000.0,1.101,-2.257,8357000000.0,1559000000.0,6798000000.0,8357000000.0,1428000000.0,271000000.0,0.0,,0.0,-1605000000.0,-1334000000.0,-0.101,-1334000000.0,-1605000000.0,-2289000000.0,-15.63,-15.63,-15.63,-5311000000.0,-4388000000.0,-5311000000.0,,,,-486000000.0,-4.459,1.0,2658000000.0,0.202,1130000000.0,684000000.0,9649000000.0,6690000000.0,2324000000.0,0.0,0.0,0.0,11988000000.0,3448000000.0,8540000000.0,,453000000.0,0.0,0.0,939000000.0,0.0,939000000.0,578000000.0,0.0,-1064000000.0,0.0,-1700000000.0,-1700000000.0,-1700000000.0,0.0,0.0,-0.129,4069000000.0,-1411000000.0,102000000.0,0.0,,,,1495000000.0,0.0,,,,354000000.0,,13191000000.0,13191000000.0,0.0,-0.241,0.387,-0.24,-0.122,0.0,3782000000.0,1.0,108992750.0,109000000,109000000.0,121.018,5547000000.0,0.0,-589000000.0,260000000.0,50.89,347000000.0
1,SHLDQ,MRT,2018-06-30,2018-08-04,2018-08-04,2021-08-25,0.0,6937000000.0,7425750000.0,3868000000.0,3069000000.0,1.889,-40.571,791000000.0,441000000.0,441000000.0,11089000000.0,-1306000000.0,0.904,-2.576,5301000000.0,1450000000.0,3851000000.0,5301000000.0,1505000000.0,295000000.0,0.0,0.0,0.0,-1210000000.0,-915000000.0,-0.065,-915000000.0,-1210000000.0,-1852000000.0,-12.08,-12.08,-12.08,-4402000000.0,-4062750000.0,-4402000000.0,5260377056.0,-4.0,-5.749,-949000000.0,-8.747,1.0,2935000000.0,0.209,1359000000.0,642000000.0,6161000000.0,5612000000.0,2714000000.0,0.0,0.0,0.0,11339000000.0,4277000000.0,7062000000.0,200377056.0,-1000000.0,0.0,0.0,948000000.0,0.0,948000000.0,791000000.0,0.0,-1740000000.0,0.0,-1306000000.0,-1306000000.0,-1306000000.0,0.0,0.0,-0.093,3730000000.0,-795000000.0,487000000.0,0.0,-0.046,-0.153,-0.153,1444000000.0,0.0,1.85,0.014,0.014,327000000.0,,14024000000.0,14024000000.0,0.0,-0.176,0.321,-0.216,-0.086,0.0,4017000000.0,1.0,108311922.0,108500000,108500000.0,129.253,5578000000.0,0.0,-546000000.0,333000000.0,51.41,-409000000.0
2,SHLDQ,MRT,2018-03-31,2018-05-05,2018-05-05,2021-08-25,0.0,7283000000.0,7783250000.0,3954000000.0,3329000000.0,1.943,-38.083,1008000000.0,466000000.0,466000000.0,11915000000.0,-1048000000.0,0.803,-2.771,5526000000.0,2136000000.0,3390000000.0,5526000000.0,616000000.0,312000000.0,0.0,0.0,0.0,-988000000.0,-676000000.0,-0.045,-676000000.0,-988000000.0,-1565000000.0,-9.73,-9.73,-9.73,-4113000000.0,-3876250000.0,-4113000000.0,4399259453.0,-4.0,-6.508,-1104000000.0,-10.222,1.0,3205000000.0,0.212,1429000000.0,577000000.0,5993000000.0,5488250000.0,2838000000.0,0.0,0.0,0.0,11396000000.0,4921000000.0,6475000000.0,356259453.0,202000000.0,0.0,0.0,1013000000.0,0.0,1013000000.0,1301000000.0,293000000.0,-2112000000.0,0.0,-1048000000.0,-1048000000.0,-1048000000.0,0.0,0.0,-0.069,3657000000.0,-452000000.0,494000000.0,0.0,-0.087,-0.34,-0.339,1626000000.0,0.0,3.3,0.024,0.024,345000000.0,,15120000000.0,15120000000.0,0.0,-0.135,0.27,-0.18,-0.065,0.0,4276000000.0,1.0,107957410.0,108000000,108000000.0,140.0,5854000000.0,0.0,-517000000.0,329000000.0,54.204,-967000000.0
3,SHLDQ,MRT,2017-12-31,2018-02-03,2018-02-03,2021-08-25,0.0,7273000000.0,8234250000.0,3823000000.0,3450000000.0,2.028,-34.693,1029000000.0,336000000.0,336000000.0,13175000000.0,-383000000.0,0.777,-2.952,4379000000.0,1883000000.0,2496000000.0,4379000000.0,1180000000.0,332000000.0,0.0,0.0,0.0,-442000000.0,-110000000.0,-0.007,-110000000.0,-442000000.0,-981000000.0,-3.57,-3.57,-3.57,-3726000000.0,-3731250000.0,-3726000000.0,4548892237.0,-10.0,-41.354,-813000000.0,-7.57,1.0,3527000000.0,0.211,1437000000.0,539000000.0,4957000000.0,5725250000.0,2798000000.0,0.0,0.0,0.0,10999000000.0,4922000000.0,6077000000.0,252892237.0,50000000.0,572000000.0,0.0,-2000000.0,0.0,-2000000.0,1894000000.0,293000000.0,-1842000000.0,0.0,-383000000.0,-383000000.0,-383000000.0,0.0,0.0,-0.023,3957000000.0,-430000000.0,576000000.0,0.0,-0.068,-0.66,-0.658,1729000000.0,0.0,2.35,0.015,0.015,343000000.0,-5895000000.0,16702000000.0,16702000000.0,0.0,-0.047,0.103,-0.077,-0.026,0.0,5131000000.0,1.0,107613718.0,107400000,107400000.0,155.512,5836000000.0,0.0,-598000000.0,373000000.0,54.339,-1099000000.0
4,SHLDQ,MRT,2017-09-30,2017-10-28,2017-10-28,2021-08-25,0.0,8210000000.0,8756500000.0,4548000000.0,3662000000.0,2.067,-37.302,893000000.0,354000000.0,354000000.0,14210000000.0,-1168000000.0,0.804,-3.047,4650000000.0,2371000000.0,2279000000.0,4650000000.0,1239000000.0,356000000.0,0.0,0.0,0.0,-938000000.0,-582000000.0,-0.032,-582000000.0,-938000000.0,-1440000000.0,-10.89,-10.89,-10.89,-4010000000.0,-3755750000.0,-4010000000.0,4408811067.0,-5.0,-7.575,-981000000.0,-9.126,1.0,3894000000.0,0.215,1513000000.0,502000000.0,5337000000.0,6236750000.0,3452000000.0,0.0,0.0,0.0,12220000000.0,5656000000.0,6564000000.0,617811067.0,96000000.0,572000000.0,0.0,212000000.0,0.0,212000000.0,1758000000.0,293000000.0,-1874000000.0,0.0,-1168000000.0,-1168000000.0,-1168000000.0,0.0,0.0,-0.065,4290000000.0,-396000000.0,772000000.0,0.0,-0.154,-0.529,-0.528,1855000000.0,0.0,5.75,0.034,0.034,378000000.0,,18104000000.0,18104000000.0,0.0,-0.133,0.311,-0.15,-0.052,0.0,5014000000.0,1.0,107445403.0,107500000,107500000.0,168.409,6697000000.0,0.0,-272000000.0,924000000.0,62.298,-1108000000.0
5,SHLDQ,MRT,2017-06-30,2017-07-29,2017-07-29,2021-08-25,0.0,8367000000.0,9420250000.0,4579000000.0,3788000000.0,2.076,-34.073,633000000.0,442000000.0,442000000.0,15406000000.0,-1360000000.0,0.921,-3.289,4233000000.0,1598000000.0,2635000000.0,4233000000.0,1297000000.0,358000000.0,0.0,0.0,0.0,-1153000000.0,-795000000.0,-0.041,-795000000.0,-1153000000.0,-1624000000.0,-12.71,-12.71,-12.71,-3656000000.0,-3597000000.0,-3656000000.0,5187915909.0,-4.0,-6.526,-1246000000.0,-11.612,1.0,4152000000.0,0.212,1518000000.0,471000000.0,5666000000.0,6694250000.0,3433000000.0,0.0,0.0,0.0,12023000000.0,4974000000.0,7049000000.0,987915909.0,166000000.0,572000000.0,0.0,547000000.0,0.0,547000000.0,1498000000.0,293000000.0,-1879000000.0,0.0,-1360000000.0,-1360000000.0,-1360000000.0,0.0,0.0,-0.07,5003000000.0,-851000000.0,670000000.0,0.0,-0.27,-0.726,-0.725,1969000000.0,0.0,9.21,0.051,0.051,370000000.0,,19558000000.0,19558000000.0,0.0,-0.144,0.378,-0.172,-0.059,0.0,5466000000.0,1.0,107265571.0,107300000,107300000.0,182.274,6849000000.0,0.0,-264000000.0,945000000.0,63.83,-395000000.0
6,SHLDQ,MRT,2017-03-31,2017-04-29,2017-04-29,2021-08-25,0.0,9087000000.0,9982000000.0,4954000000.0,4133000000.0,2.098,-32.957,417000000.0,264000000.0,264000000.0,16503000000.0,-1505000000.0,1.027,-3.572,4464000000.0,1135000000.0,3329000000.0,4464000000.0,725000000.0,367000000.0,0.0,0.0,0.0,-1319000000.0,-952000000.0,-0.045,-952000000.0,-1319000000.0,-1766000000.0,-14.08,-14.08,-14.08,-3533000000.0,-3356250000.0,-3533000000.0,5207083608.0,-4.0,-5.47,-1122000000.0,-10.466,1.0,4440000000.0,0.212,1520000000.0,447000000.0,6941000000.0,7009000000.0,3884000000.0,0.0,0.0,0.0,12620000000.0,4826000000.0,7794000000.0,1095083608.0,-22000000.0,572000000.0,0.0,528000000.0,0.0,528000000.0,989000000.0,0.0,-1539000000.0,0.0,-1505000000.0,-1505000000.0,-1505000000.0,0.0,0.0,-0.072,5701000000.0,-1261000000.0,961000000.0,0.0,-0.31,-0.728,-0.726,2130000000.0,0.0,10.22,0.052,0.052,479000000.0,,20943000000.0,20943000000.0,0.0,-0.151,0.448,-0.188,-0.063,0.0,5827000000.0,1.0,107151038.0,107200000,107200000.0,195.364,7567000000.0,0.0,-261000000.0,940000000.0,70.588,128000000.0
7,SHLDQ,MRT,2016-12-31,2017-01-28,2017-01-28,2021-08-25,-1552000000.0,9362000000.0,10504000000.0,4996000000.0,4366000000.0,2.108,-35.772,244000000.0,286000000.0,286000000.0,17452000000.0,-2221000000.0,1.067,-3.448,4398000000.0,590000000.0,3808000000.0,4398000000.0,748000000.0,375000000.0,0.0,0.0,0.0,-1991000000.0,-1616000000.0,-0.073,-1616000000.0,-1991000000.0,-2395000000.0,-20.78,-20.78,-20.78,-3824000000.0,-3063000000.0,-3824000000.0,4999186730.0,-3.0,-3.094,-1137000000.0,-10.636,1.0,4686000000.0,0.212,1790000000.0,404000000.0,7003000000.0,7284000000.0,3959000000.0,0.0,0.0,0.0,13186000000.0,4681000000.0,8505000000.0,794186730.0,48000000.0,0.0,0.0,1185000000.0,0.0,1185000000.0,244000000.0,0.0,-1381000000.0,0.0,-2221000000.0,-2221000000.0,-2221000000.0,0.0,0.0,-0.1,6664000000.0,-1978000000.0,1048000000.0,0.0,-0.208,-0.358,-0.357,2240000000.0,0.0,7.42,0.036,0.036,466000000.0,-5512000000.0,22138000000.0,22138000000.0,0.0,-0.211,0.725,-0.273,-0.09,0.0,6109000000.0,1.0,107033252.0,106900000,106900000.0,207.091,7572000000.0,0.0,-174000000.0,1082000000.0,70.833,315000000.0
8,SHLDQ,MRT,2016-09-30,2016-10-29,2016-10-29,2021-08-25,0.0,10865000000.0,10997750000.0,5966000000.0,4899000000.0,2.127,-31.542,122000000.0,258000000.0,258000000.0,18395000000.0,-2194000000.0,1.041,-4.219,4463000000.0,1212000000.0,3251000000.0,4463000000.0,759000000.0,370000000.0,0.0,0.0,0.0,-1860000000.0,-1490000000.0,-0.064,-1490000000.0,-1860000000.0,-2223000000.0,-20.54,-20.54,-20.54,-3375000000.0,-2597750000.0,-3375000000.0,4652575710.0,-3.0,-3.123,-1399000000.0,-13.075,1.0,4994000000.0,0.214,2173000000.0,363000000.0,7167000000.0,7189000000.0,5032000000.0,0.0,0.0,0.0,14240000000.0,5730000000.0,8510000000.0,1213575710.0,-36000000.0,0.0,0.0,1363000000.0,0.0,1363000000.0,122000000.0,0.0,-1521000000.0,0.0,-2194000000.0,-2194000000.0,-2194000000.0,0.0,0.0,-0.094,6794000000.0,-1800000000.0,1556000000.0,0.0,-0.36,-0.553,-0.553,2392000000.0,0.0,11.35,0.052,0.052,372000000.0,,23389000000.0,23389000000.0,0.0,-0.199,0.845,-0.259,-0.08,0.0,6382000000.0,1.0,106922970.0,107000000,107000000.0,218.589,8692000000.0,0.0,-29000000.0,1245000000.0,81.234,236000000.0
9,SHLDQ,MRT,2016-06-30,2016-07-30,2016-07-30,2021-08-25,0.0,10614000000.0,11470500000.0,5625000000.0,4989000000.0,2.102,-25.192,66000000.0,276000000.0,276000000.0,18816000000.0,-1899000000.0,1.136,-4.941,3715000000.0,714000000.0,3001000000.0,3715000000.0,775000000.0,373000000.0,0.0,0.0,0.0,-1594000000.0,-1221000000.0,-0.051,-1221000000.0,-1594000000.0,-1926000000.0,-17.81,-17.81,-17.81,-2693000000.0,-2077250000.0,-2693000000.0,5282267682.0,-3.0,-4.326,-1909000000.0,-17.858,1.0,5294000000.0,0.22,2175000000.0,332000000.0,6925000000.0,7157000000.0,4684000000.0,0.0,0.0,0.0,13307000000.0,4953000000.0,8354000000.0,1646267682.0,-1543000000.0,0.0,0.0,366000000.0,0.0,366000000.0,66000000.0,0.0,-1975000000.0,0.0,-1900000000.0,-1900000000.0,-1900000000.0,0.0,1000000.0,-0.079,6852000000.0,-1558000000.0,1345000000.0,0.0,-0.611,-0.866,-0.865,2465000000.0,0.0,15.41,0.068,0.068,390000000.0,,24110000000.0,24110000000.0,0.0,-0.166,0.915,-0.223,-0.066,0.0,6469000000.0,1.0,106831128.0,106900000,106900000.0,225.538,8439000000.0,0.0,-26000000.0,1209000000.0,78.943,672000000.0
10,SHLDQ,MRT,2016-03-31,2016-04-30,2016-04-30,2021-08-25,0.0,11175000000.0,12108750000.0,6120000000.0,5055000000.0,2.036,-22.097,2453000000.0,286000000.0,286000000.0,19189000000.0,-1296000000.0,1.332,-5.735,3922000000.0,446000000.0,3476000000.0,3922000000.0,773000000.0,395000000.0,0.0,0.0,0.0,-1239000000.0,-844000000.0,-0.034,-844000000.0,-1239000000.0,-1557000000.0,-12.16,-12.27,-12.16,-2360000000.0,-1630500000.0,-2360000000.0,4650324395.0,-4.0,-5.51,99000000.0,0.927,1.0,5469000000.0,0.222,2176000000.0,318000000.0,8041000000.0,7241750000.0,5028000000.0,0.0,0.0,0.0,13535000000.0,4594000000.0,8941000000.0,1748324395.0,0.0,0.0,0.0,-99000000.0,0.0,-99000000.0,2453000000.0,0.0,-2354000000.0,0.0,-1297000000.0,-1297000000.0,-1297000000.0,0.0,1000000.0,-0.053,6659000000.0,-1190000000.0,1337000000.0,0.0,-0.741,-1.348,-1.347,2520000000.0,0.0,16.375,0.071,0.071,437000000.0,,24658000000.0,24658000000.0,0.0,-0.107,0.795,-0.171,-0.05,0.0,6679000000.0,1.0,106767902.0,106800000,106800000.0,230.88,8999000000.0,0.0,-260000000.0,1193000000.0,84.26,1526000000.0
11,SHLDQ,MRT,2015-12-31,2016-01-30,2016-01-30,2021-08-25,-1918000000.0,11337000000.0,12632250000.0,6045000000.0,5292000000.0,1.991,-18.415,2519000000.0,238000000.0,238000000.0,19336000000.0,-1128000000.0,1.112,-6.772,3140000000.0,868000000.0,2272000000.0,3140000000.0,787000000.0,422000000.0,0.0,0.0,0.0,-1063000000.0,-641000000.0,-0.025,-641000000.0,-1063000000.0,-1386000000.0,-10.59,-10.59,-10.59,-1963000000.0,-1336000000.0,-1963000000.0,4559381737.0,-4.0,-7.113,352000000.0,3.302,1.0,5810000000.0,0.231,2178000000.0,323000000.0,6623000000.0,7570000000.0,5172000000.0,0.0,0.0,0.0,13293000000.0,5438000000.0,7855000000.0,1808381737.0,-12000000.0,0.0,0.0,-364000000.0,0.0,-364000000.0,2519000000.0,0.0,-2167000000.0,0.0,-1129000000.0,-1129000000.0,-1129000000.0,0.0,1000000.0,-0.045,6810000000.0,-1000000000.0,1574000000.0,0.0,-0.921,-1.602,-1.601,2631000000.0,0.0,16.95,0.072,0.072,419000000.0,-3291000000.0,25146000000.0,25146000000.0,0.0,-0.089,0.845,-0.14,-0.042,0.0,6857000000.0,1.0,106689188.0,106600000,106600000.0,235.891,9159000000.0,0.0,-257000000.0,1177000000.0,85.919,607000000.0
12,SHLDQ,MRT,2015-09-30,2015-10-31,2015-10-31,2021-08-25,0.0,12756000000.0,13094250000.0,7219000000.0,5537000000.0,1.981,-12.129,2596000000.0,294000000.0,294000000.0,19749000000.0,-707000000.0,1.184,-10.865,3032000000.0,757000000.0,2275000000.0,3032000000.0,793000000.0,456000000.0,0.0,0.0,0.0,-619000000.0,-163000000.0,-0.006,-163000000.0,-619000000.0,-960000000.0,-6.65,-6.76,-6.65,-1293000000.0,-1083000000.0,-1293000000.0,3981168784.0,-6.0,-24.424,1097000000.0,10.291,1.0,6193000000.0,0.239,2359000000.0,341000000.0,7039000000.0,8101750000.0,6208000000.0,0.0,0.0,0.0,14049000000.0,6096000000.0,7953000000.0,2492168784.0,-32000000.0,0.0,0.0,-1340000000.0,0.0,-1340000000.0,2807000000.0,211000000.0,-1499000000.0,0.0,-708000000.0,-708000000.0,-708000000.0,0.0,1000000.0,-0.027,6783000000.0,-590000000.0,2295000000.0,0.0,-1.927,-3.52,-3.514,2668000000.0,0.0,23.37,0.096,0.096,475000000.0,,25942000000.0,25942000000.0,0.0,-0.054,0.654,-0.076,-0.024,0.0,7007000000.0,1.0,106639657.0,106600000,106600000.0,243.358,10397000000.0,0.0,-252000000.0,1283000000.0,97.533,1123000000.0
13,SHLDQ,MRT,2015-06-30,2015-08-01,2015-08-01,2021-08-25,0.0,13167000000.0,13697500000.0,7577000000.0,5590000000.0,2.0,-8.507,2708000000.0,1819000000.0,1819000000.0,20867000000.0,-882000000.0,1.511,-15.533,3289000000.0,76000000.0,3213000000.0,3289000000.0,802000000.0,510000000.0,0.0,0.0,0.0,-564000000.0,-54000000.0,-0.002,-54000000.0,-564000000.0,-909000000.0,-7.54,-7.65,-7.54,-906000000.0,-728250000.0,-906000000.0,6325276548.0,-11.0,-117.135,1236000000.0,11.606,1.0,6532000000.0,0.238,2360000000.0,345000000.0,7264000000.0,8591000000.0,5028000000.0,0.0,0.0,0.0,14073000000.0,5013000000.0,9060000000.0,2297276548.0,990000000.0,-207000000.0,0.0,-409000000.0,0.0,-409000000.0,2881000000.0,380000000.0,-1472000000.0,-10000000.0,-802000000.0,-802000000.0,-802000000.0,0.0,-80000000.0,-0.029,7230000000.0,-698000000.0,1704000000.0,0.0,-2.536,-2.864,-2.858,2732000000.0,0.0,21.55,0.084,0.084,460000000.0,,27399000000.0,27399000000.0,0.0,-0.059,1.101,-0.066,-0.021,0.0,7388000000.0,1.0,106602160.0,106500000,113300000.0,257.268,10807000000.0,0.0,-107000000.0,1324000000.0,101.474,2564000000.0
14,SHLDQ,MRT,2015-03-31,2015-05-02,2015-05-02,2021-08-25,0.0,13269000000.0,14515250000.0,6063000000.0,7206000000.0,2.012,-11.099,211000000.0,286000000.0,286000000.0,22362000000.0,-1671000000.0,1.091,-12.226,4293000000.0,787000000.0,3506000000.0,4293000000.0,804000000.0,548000000.0,0.0,0.0,0.0,-1105000000.0,-557000000.0,-0.019,-557000000.0,-1105000000.0,-1437000000.0,-14.88,-14.88,-14.88,-1182000000.0,-272000000.0,-1182000000.0,7867587003.0,-7.0,-14.125,-1151000000.0,-10.808,1.0,6839000000.0,0.234,2363000000.0,332000000.0,9354000000.0,9063500000.0,5054000000.0,0.0,0.0,0.0,14451000000.0,5559000000.0,8892000000.0,4317587003.0,-545000000.0,-207000000.0,0.0,441000000.0,0.0,441000000.0,384000000.0,380000000.0,-1362000000.0,-8000000.0,-1583000000.0,-1583000000.0,-1583000000.0,0.0,-88000000.0,-0.054,8150000000.0,-1311000000.0,1685000000.0,0.0,-3.653,-2.727,-2.723,4351000000.0,0.0,40.52,0.148,0.148,474000000.0,,29201000000.0,29201000000.0,0.0,-0.109,5.82,-0.122,-0.038,0.0,7812000000.0,1.0,106554467.0,106500000,106500000.0,274.188,10906000000.0,0.0,146000000.0,1569000000.0,102.404,504000000.0
15,SHLDQ,MRT,2014-12-31,2015-01-31,2015-01-31,2021-08-25,-2030000000.0,13185000000.0,15430500000.0,5863000000.0,7322000000.0,2.022,-8.946,154000000.0,250000000.0,250000000.0,24049000000.0,-1810000000.0,1.048,-14.858,3776000000.0,689000000.0,3087000000.0,3776000000.0,818000000.0,581000000.0,0.0,0.0,0.0,-1244000000.0,-663000000.0,-0.021,-663000000.0,-1244000000.0,-1557000000.0,-15.82,-15.82,-15.82,-951000000.0,389000000.0,-951000000.0,8005205232.0,-6.0,-12.074,-1233000000.0,-11.599,1.0,7149000000.0,0.229,2366000000.0,313000000.0,8750000000.0,9131000000.0,4943000000.0,0.0,0.0,0.0,14130000000.0,5595000000.0,8535000000.0,3391205232.0,-778000000.0,-207000000.0,0.0,-199000000.0,0.0,285000000.0,327000000.0,380000000.0,-1387000000.0,-3000000.0,-1682000000.0,-1682000000.0,-1682000000.0,0.0,-128000000.0,-0.054,8657000000.0,-1508000000.0,1621000000.0,0.0,-3.566,-2.016,-2.013,4449000000.0,0.0,31.84,0.109,0.108,429000000.0,-2162000000.0,31198000000.0,31198000000.0,0.0,-0.109,-4.324,-0.136,-0.04,0.0,8220000000.0,1.0,106507702.0,106300000,106300000.0,293.49,10819000000.0,0.0,125000000.0,1575000000.0,101.778,268000000.0
16,SHLDQ,MRT,2014-09-30,2014-11-01,2014-11-01,2021-08-25,0.0,15169000000.0,16699500000.0,7591000000.0,7578000000.0,2.018,1.184,681000000.0,326000000.0,326000000.0,26039000000.0,-1801000000.0,0.902,119.389,4940000000.0,2171000000.0,2769000000.0,4940000000.0,825000000.0,628000000.0,0.0,0.0,0.0,-1274000000.0,-646000000.0,-0.019,-646000000.0,-1274000000.0,-1568000000.0,-17.71,-17.71,-17.71,126000000.0,1061500000.0,126000000.0,7183011005.0,-6.0,-11.119,-698000000.0,-6.56,1.0,7653000000.0,0.227,2373000000.0,294000000.0,8996000000.0,9458000000.0,6464000000.0,0.0,0.0,0.0,15043000000.0,8414000000.0,6629000000.0,3718011005.0,-273000000.0,-207000000.0,0.0,246000000.0,0.0,497000000.0,640000000.0,167000000.0,-1379000000.0,-31000000.0,-1881000000.0,-1881000000.0,-1881000000.0,0.0,80000000.0,-0.056,9164000000.0,-1511000000.0,2431000000.0,0.0,29.508,-1.977,-1.972,4561000000.0,0.0,34.92,0.11,0.11,546000000.0,,33692000000.0,33692000000.0,0.0,-0.113,-1.772,-0.135,-0.038,0.0,8831000000.0,1.0,106472251.0,106400000,106400000.0,316.654,12796000000.0,0.0,313000000.0,1597000000.0,120.263,-823000000.0
17,SHLDQ,MRT,2014-06-30,2014-08-02,2014-08-02,2021-08-25,0.0,16438000000.0,17959500000.0,8157000000.0,8281000000.0,1.935,8.645,533000000.0,839000000.0,839000000.0,26774000000.0,-1720000000.0,0.997,16.887,4304000000.0,1489000000.0,2815000000.0,4304000000.0,889000000.0,661000000.0,0.0,0.0,0.0,-1438000000.0,-777000000.0,-0.022,-777000000.0,-1438000000.0,-1715000000.0,-17.59,-17.59,-17.59,919000000.0,1611750000.0,919000000.0,7254007134.0,-5.0,-9.336,-608000000.0,-5.72,1.0,7983000000.0,0.23,2571000000.0,277000000.0,9154000000.0,10055250000.0,6383000000.0,0.0,0.0,0.0,15519000000.0,8178000000.0,7341000000.0,3967007134.0,158000000.0,0.0,0.0,536000000.0,0.0,787000000.0,532000000.0,-1000000.0,-1141000000.0,-20000000.0,-1867000000.0,-1867000000.0,-1867000000.0,0.0,147000000.0,-0.054,9501000000.0,-1518000000.0,2506000000.0,0.0,4.317,-2.125,-2.119,5091000000.0,0.0,37.27,0.114,0.114,516000000.0,,34757000000.0,34757000000.0,0.0,-0.104,-1.158,-0.143,-0.041,0.0,9082000000.0,1.0,106439687.0,106300000,106300000.0,326.971,13867000000.0,0.0,152000000.0,1718000000.0,130.452,-21000000.0
18,SHLDQ,MRT,2014-03-31,2014-05-03,2014-05-03,2021-08-25,0.0,16930000000.0,18669500000.0,8527000000.0,8403000000.0,1.908,13.766,728000000.0,842000000.0,842000000.0,27188000000.0,-1266000000.0,1.064,10.58,4129000000.0,1308000000.0,2821000000.0,4129000000.0,889000000.0,696000000.0,0.0,0.0,0.0,-1074000000.0,-378000000.0,-0.011,-378000000.0,-1074000000.0,-1338000000.0,-14.03,-14.03,-14.03,1462000000.0,2088000000.0,1462000000.0,7896631293.0,-7.0,-20.891,-228000000.0,-2.147,1.0,8427000000.0,0.237,2581000000.0,264000000.0,9624000000.0,10300750000.0,6726000000.0,0.0,0.0,0.0,15468000000.0,8012000000.0,7456000000.0,4685631293.0,360000000.0,0.0,0.0,369000000.0,0.0,620000000.0,727000000.0,-1000000.0,-956000000.0,-31000000.0,-1488000000.0,-1488000000.0,-1488000000.0,0.0,222000000.0,-0.042,9482000000.0,-1055000000.0,2612000000.0,0.0,3.205,-3.149,-3.138,5190000000.0,0.0,44.02,0.132,0.131,562000000.0,,35615000000.0,35615000000.0,0.0,-0.08,-0.713,-0.104,-0.03,0.0,9255000000.0,1.0,106443237.0,106200000,106200000.0,335.358,14349000000.0,0.0,150000000.0,1719000000.0,135.113,515000000.0
19,SHLDQ,MRT,2013-12-31,2014-02-01,2014-02-01,2021-08-25,-1117000000.0,18261000000.0,19286000000.0,8959000000.0,9302000000.0,1.876,16.39,666000000.0,1038000000.0,1038000000.0,27433000000.0,-1116000000.0,1.095,9.246,4249000000.0,1415000000.0,2834000000.0,4249000000.0,900000000.0,732000000.0,0.0,0.0,0.0,-967000000.0,-235000000.0,-0.006,-235000000.0,-967000000.0,-1221000000.0,-12.87,-12.87,-12.87,1739000000.0,2452750000.0,1739000000.0,7959638836.0,-8.0,-33.871,-443000000.0,-4.175,1.0,8755000000.0,0.242,3229000000.0,254000000.0,10058000000.0,10541000000.0,7034000000.0,0.0,0.0,0.0,16078000000.0,8185000000.0,7893000000.0,3871638836.0,419000000.0,0.0,0.0,1135000000.0,0.0,902000000.0,664000000.0,-2000000.0,-1109000000.0,-38000000.0,-1365000000.0,-1365000000.0,-1365000000.0,0.0,249000000.0,-0.038,9682000000.0,-927000000.0,2496000000.0,0.0,2.226,-2.836,-2.826,5394000000.0,0.0,36.37,0.107,0.107,553000000.0,-480000000.0,36188000000.0,36188000000.0,0.0,-0.071,-0.557,-0.092,-0.027,0.0,9384000000.0,1.0,106451439.0,106100000,106100000.0,341.074,15032000000.0,0.0,144000000.0,1956000000.0,141.678,774000000.0
20,SHLDQ,MRT,2013-09-30,2013-11-02,2013-11-02,2021-08-25,0.0,20209000000.0,19555750000.0,10528000000.0,9681000000.0,1.936,21.932,-1000000.0,607000000.0,607000000.0,28419000000.0,-1583000000.0,1.088,7.685,4695000000.0,1833000000.0,2862000000.0,4695000000.0,912000000.0,764000000.0,0.0,0.0,0.0,-1237000000.0,-473000000.0,-0.012,-473000000.0,-1237000000.0,-1486000000.0,-14.11,-14.11,-14.11,2327000000.0,2706750000.0,2327000000.0,9254351000.0,-7.0,-19.565,-695000000.0,-6.55,1.0,9436000000.0,0.249,3237000000.0,249000000.0,11385000000.0,10568500000.0,8912000000.0,0.0,0.0,0.0,17882000000.0,9675000000.0,8207000000.0,6193351000.0,-23000000.0,0.0,0.0,690000000.0,0.0,640000000.0,41000000.0,41000000.0,-694000000.0,-10000000.0,-1496000000.0,-1496000000.0,-1496000000.0,0.0,-87000000.0,-0.04,10853000000.0,-1417000000.0,3517000000.0,0.0,2.662,-4.14,-4.123,5682000000.0,0.0,58.17,0.164,0.163,541000000.0,,37855000000.0,37855000000.0,0.0,-0.076,-0.553,-0.117,-0.033,0.0,10053000000.0,1.0,106469847.0,106100000,106100000.0,356.786,16972000000.0,0.0,10000000.0,1822000000.0,159.962,853000000.0
21,SHLDQ,MRT,2013-06-30,2013-08-03,2013-08-03,2021-08-25,0.0,19278000000.0,19954000000.0,9500000000.0,9778000000.0,1.926,26.616,30000000.0,681000000.0,681000000.0,28682000000.0,-1534000000.0,1.06,5.826,3742000000.0,1831000000.0,1911000000.0,3742000000.0,925000000.0,794000000.0,0.0,0.0,0.0,-1181000000.0,-387000000.0,-0.01,-387000000.0,-1181000000.0,-1437000000.0,-13.78,-13.78,-13.78,2824000000.0,3100250000.0,2824000000.0,8177244652.0,-7.0,-21.13,-916000000.0,-8.633,1.0,9758000000.0,0.254,3243000000.0,256000000.0,10136000000.0,10454750000.0,7708000000.0,0.0,0.0,0.0,16454000000.0,8960000000.0,7494000000.0,4903244652.0,-59000000.0,0.0,0.0,432000000.0,0.0,829000000.0,67000000.0,37000000.0,-946000000.0,-9000000.0,-1460000000.0,-1460000000.0,-1460000000.0,0.0,-74000000.0,-0.038,11106000000.0,-1348000000.0,2903000000.0,0.0,1.736,-3.358,-3.344,5786000000.0,0.0,46.08,0.128,0.127,641000000.0,,38440000000.0,38440000000.0,0.0,-0.073,-0.471,-0.113,-0.031,0.0,10287000000.0,1.0,106407219.0,106100000,106100000.0,362.3,16035000000.0,0.0,23000000.0,1829000000.0,151.131,540000000.0
22,SHLDQ,MRT,2013-03-31,2013-05-04,2013-05-04,2021-08-25,0.0,19396000000.0,20430250000.0,9451000000.0,9945000000.0,1.911,27.557,-267000000.0,481000000.0,481000000.0,28933000000.0,-1540000000.0,1.07,5.64,3755000000.0,1826000000.0,1929000000.0,3755000000.0,922000000.0,819000000.0,0.0,0.0,0.0,-1168000000.0,-349000000.0,-0.009,-349000000.0,-1168000000.0,-1430000000.0,-13.2,-13.2,-13.2,2921000000.0,3518250000.0,2921000000.0,7975568498.0,-7.0,-22.853,-1224000000.0,-11.547,1.0,10103000000.0,0.259,3250000000.0,262000000.0,10585000000.0,10627000000.0,7900000000.0,0.0,0.0,0.0,16475000000.0,8835000000.0,7640000000.0,5473568498.0,-306000000.0,0.0,0.0,501000000.0,0.0,891000000.0,-232000000.0,35000000.0,-957000000.0,-8000000.0,-1398000000.0,-1398000000.0,-1398000000.0,0.0,-142000000.0,-0.036,11503000000.0,-1400000000.0,2862000000.0,0.0,1.874,-3.915,-3.898,5910000000.0,0.0,51.45,0.14,0.14,608000000.0,,39036000000.0,39036000000.0,0.0,-0.068,-0.397,-0.11,-0.03,0.0,10433000000.0,1.0,106386171.0,106000000,106000000.0,368.264,16146000000.0,0.0,-32000000.0,1788000000.0,152.321,616000000.0
23,SHLDQ,MRT,2012-12-31,2013-02-02,2013-02-02,2021-08-25,-1459000000.0,19340000000.0,20983000000.0,9265000000.0,10075000000.0,1.899,26.015,154000000.0,618000000.0,618000000.0,29340000000.0,-1054000000.0,1.101,5.869,3120000000.0,1177000000.0,1943000000.0,3120000000.0,931000000.0,830000000.0,0.0,0.0,0.0,-619000000.0,211000000.0,0.005,211000000.0,-619000000.0,-886000000.0,-8.78,-8.78,-8.78,2755000000.0,3932500000.0,2755000000.0,8431539087.0,-14.0,39.96,-149000000.0,-1.407,1.0,10514000000.0,0.264,3260000000.0,267000000.0,10168000000.0,10706250000.0,7558000000.0,0.0,0.0,0.0,16168000000.0,8414000000.0,7754000000.0,5060539087.0,-138000000.0,0.0,0.0,-414000000.0,0.0,-27000000.0,191000000.0,37000000.0,-303000000.0,1000000.0,-930000000.0,-930000000.0,-930000000.0,0.0,-124000000.0,-0.023,11352000000.0,-838000000.0,2761000000.0,0.0,1.837,-5.441,-5.416,6053000000.0,0.0,47.55,0.127,0.126,635000000.0,885000000.0,39854000000.0,39854000000.0,0.0,-0.044,-0.236,-0.058,-0.016,0.0,10660000000.0,1.0,106425638.0,105900000,105900000.0,376.336,16080000000.0,0.0,44000000.0,1817000000.0,151.841,851000000.0
24,SHLDQ,MRT,2012-09-30,2012-10-27,2012-10-27,2021-08-25,0.0,21802000000.0,21493250000.0,11278000000.0,10524000000.0,1.865,36.837,165000000.0,633000000.0,633000000.0,29665000000.0,-2841000000.0,1.056,4.589,4004000000.0,2044000000.0,1960000000.0,4004000000.0,940000000.0,837000000.0,0.0,0.0,0.0,-886000000.0,-49000000.0,-0.001,-49000000.0,-886000000.0,-1158000000.0,-26.68,-26.68,-26.68,3901000000.0,4314000000.0,3901000000.0,9661476547.0,-11.0,-197.173,-83000000.0,-0.784,1.0,10413000000.0,0.26,3568000000.0,272000000.0,10930000000.0,10946750000.0,9567000000.0,0.0,0.0,0.0,17901000000.0,10675000000.0,7226000000.0,7099476547.0,31000000.0,0.0,-20000000.0,-273000000.0,0.0,87000000.0,194000000.0,-3000000.0,-248000000.0,-2000000.0,-2844000000.0,-2844000000.0,-2844000000.0,17000000.0,3000000.0,-0.071,11320000000.0,-907000000.0,3851000000.0,0.0,1.82,-2.496,-2.5,6174000000.0,0.0,66.69,0.177,0.176,665000000.0,,40078000000.0,40078000000.0,0.0,-0.132,-0.659,-0.081,-0.022,0.0,10299000000.0,1.0,106454889.0,105900000,105900000.0,378.451,18234000000.0,0.0,1686000000.0,1891000000.0,172.181,603000000.0
25,SHLDQ,MRT,2012-06-30,2012-07-28,2012-07-28,2021-08-25,0.0,21183000000.0,22444250000.0,10345000000.0,10838000000.0,1.81,42.455,86000000.0,738000000.0,738000000.0,30072000000.0,-2768000000.0,1.128,3.712,3300000000.0,1330000000.0,1970000000.0,3300000000.0,962000000.0,836000000.0,0.0,0.0,0.0,-909000000.0,-73000000.0,-0.002,-73000000.0,-909000000.0,-1183000000.0,-25.93,-25.93,-25.93,4496000000.0,5267750000.0,4496000000.0,7963790390.0,-9.0,-109.093,201000000.0,1.898,1.0,10554000000.0,0.26,3748000000.0,274000000.0,10825000000.0,11596250000.0,8653000000.0,0.0,0.0,0.0,16687000000.0,9172000000.0,7515000000.0,5518790390.0,83000000.0,0.0,-29000000.0,-49000000.0,0.0,-164000000.0,147000000.0,7000000.0,115000000.0,-15000000.0,-2767000000.0,-2767000000.0,-2767000000.0,28000000.0,-1000000.0,-0.068,11480000000.0,-926000000.0,3088000000.0,0.0,1.227,-1.995,-2.0,6341000000.0,0.0,51.85,0.136,0.135,569000000.0,,40626000000.0,40626000000.0,0.0,-0.123,-0.525,-0.078,-0.022,0.0,10438000000.0,1.0,106437616.0,105900000,105900000.0,383.626,17435000000.0,0.0,1584000000.0,1889000000.0,164.636,1173000000.0
26,SHLDQ,MRT,2012-03-31,2012-04-28,2012-04-28,2021-08-25,0.0,21607000000.0,23121250000.0,10628000000.0,10979000000.0,1.786,43.229,111000000.0,784000000.0,784000000.0,30673000000.0,-2779000000.0,1.132,3.72,3229000000.0,1254000000.0,1975000000.0,3229000000.0,961000000.0,844000000.0,0.0,0.0,0.0,-989000000.0,-145000000.0,-0.004,-145000000.0,-989000000.0,-1269000000.0,-26.05,-26.05,-26.05,4578000000.0,6181250000.0,4578000000.0,8519920682.0,-9.0,-58.758,44000000.0,0.415,1.0,10624000000.0,0.257,3763000000.0,280000000.0,10902000000.0,12198000000.0,8817000000.0,0.0,0.0,0.0,17029000000.0,9387000000.0,7642000000.0,5780920682.0,-163000000.0,0.0,-82000000.0,-63000000.0,0.0,-262000000.0,176000000.0,20000000.0,-67000000.0,-10000000.0,-2781000000.0,-2781000000.0,-2781000000.0,22000000.0,2000000.0,-0.067,11638000000.0,-1014000000.0,3258000000.0,0.0,1.263,-2.079,-2.086,6436000000.0,0.0,54.33,0.14,0.139,644000000.0,,41297000000.0,41297000000.0,0.0,-0.12,-0.45,-0.081,-0.024,0.0,10602000000.0,1.0,106403841.0,105900000,106100000.0,389.962,17844000000.0,0.0,1512000000.0,1896000000.0,168.499,1241000000.0
27,SHLDQ,MRT,2011-12-31,2012-01-28,2012-01-28,2021-08-25,-1609000000.0,21381000000.0,23902000000.0,10244000000.0,11137000000.0,1.739,40.084,-360000000.0,754000000.0,754000000.0,30966000000.0,-3147000000.0,1.112,3.98,3493000000.0,1405000000.0,2088000000.0,3493000000.0,964000000.0,853000000.0,0.0,0.0,0.0,-1482000000.0,-629000000.0,-0.015,-629000000.0,-1482000000.0,-1771000000.0,-29.4,-29.4,-29.4,4281000000.0,7136250000.0,4281000000.0,8629136149.0,-6.0,-13.719,-635000000.0,-5.946,1.0,10601000000.0,0.255,3778000000.0,289000000.0,11130000000.0,12779500000.0,8407000000.0,0.0,0.0,0.0,17040000000.0,9212000000.0,7828000000.0,4709136149.0,-612000000.0,0.0,-183000000.0,273000000.0,0.0,-28000000.0,-309000000.0,8000000.0,-275000000.0,0.0,-3140000000.0,-3140000000.0,-3140000000.0,27000000.0,-7000000.0,-0.076,12102000000.0,-1501000000.0,2912000000.0,0.0,1.1,-1.5,-1.499,6577000000.0,0.0,44.06,0.113,0.113,695000000.0,1865000000.0,41567000000.0,41567000000.0,0.0,-0.131,-0.44,-0.116,-0.036,0.0,10664000000.0,1.0,106880076.0,106800000,106800000.0,389.204,17603000000.0,0.0,1369000000.0,1855000000.0,164.822,1032000000.0
28,SHLDQ,MRT,2011-09-30,2011-10-29,2011-10-29,2021-08-25,0.0,25606000000.0,24646750000.0,13036000000.0,12570000000.0,1.686,72.451,-367000000.0,599000000.0,599000000.0,30572000000.0,-361000000.0,1.147,2.319,4232000000.0,2159000000.0,2073000000.0,4232000000.0,948000000.0,849000000.0,0.0,0.0,0.0,-153000000.0,696000000.0,0.017,696000000.0,-153000000.0,-449000000.0,-3.56,-3.56,-3.56,7716000000.0,8193750000.0,7716000000.0,11372115075.0,-74.0,16.339,-380000000.0,-3.568,1.0,10993000000.0,0.264,4342000000.0,296000000.0,13528000000.0,13284750000.0,10941000000.0,0.0,0.0,0.0,17890000000.0,11369000000.0,6521000000.0,8412115075.0,-190000000.0,0.0,-240000000.0,538000000.0,0.0,163000000.0,-363000000.0,8000000.0,-13000000.0,23000000.0,-363000000.0,-363000000.0,-363000000.0,5000000.0,2000000.0,-0.009,11177000000.0,-184000000.0,4471000000.0,0.0,1.09,-23.174,-22.104,6796000000.0,0.0,78.69,0.202,0.202,653000000.0,,41565000000.0,41565000000.0,0.0,-0.015,-0.044,-0.012,-0.004,0.0,10377000000.0,1.0,106901958.0,106500000,106500000.0,390.282,21264000000.0,0.0,-86000000.0,716000000.0,199.662,1667000000.0
29,SHLDQ,MRT,2011-06-30,2011-07-30,2011-07-30,2021-08-25,0.0,23891000000.0,24756500000.0,11327000000.0,12564000000.0,1.69,76.311,-390000000.0,668000000.0,668000000.0,30682000000.0,-151000000.0,1.265,1.931,3317000000.0,1214000000.0,2103000000.0,3317000000.0,963000000.0,858000000.0,0.0,0.0,0.0,1000000.0,859000000.0,0.021,859000000.0,1000000.0,-302000000.0,-1.59,-1.59,-1.59,8150000000.0,8359250000.0,8150000000.0,10227080639.0,10227.0,11.906,-539000000.0,-5.047,1.0,11156000000.0,0.267,4356000000.0,303000000.0,13232000000.0,13414250000.0,9262000000.0,0.0,0.0,0.0,15741000000.0,8952000000.0,6789000000.0,7576080639.0,-537000000.0,0.0,-275000000.0,431000000.0,0.0,5000000.0,-425000000.0,-9000000.0,-149000000.0,32000000.0,-160000000.0,-160000000.0,-160000000.0,-6000000.0,9000000.0,-0.004,11185000000.0,-29000000.0,3270000000.0,0.0,0.93,-47.351,-43.818,6895000000.0,0.0,69.67,0.181,0.178,781000000.0,,41838000000.0,41838000000.0,0.0,-0.006,-0.019,0.0,0.0,0.0,10372000000.0,1.0,108742366.0,106800000,106800000.0,391.742,19535000000.0,0.0,-142000000.0,633000000.0,182.912,2375000000.0
30,SHLDQ,MRT,2011-03-31,2011-04-30,2011-04-30,2021-08-25,0.0,24730000000.0,24992000000.0,12034000000.0,12696000000.0,1.687,77.904,-409000000.0,968000000.0,968000000.0,30780000000.0,-41000000.0,1.272,1.945,3297000000.0,1162000000.0,2135000000.0,3297000000.0,965000000.0,859000000.0,0.0,0.0,0.0,184000000.0,1043000000.0,0.025,1043000000.0,184000000.0,-117000000.0,-0.57,-0.57,-0.57,8398000000.0,8476500000.0,8398000000.0,11490581205.0,62.0,11.017,-471000000.0,-4.369,1.0,11378000000.0,0.27,4371000000.0,301000000.0,13228000000.0,13150500000.0,9698000000.0,0.0,0.0,0.0,16332000000.0,9460000000.0,6872000000.0,9348581205.0,-795000000.0,0.0,-494000000.0,328000000.0,0.0,-313000000.0,-429000000.0,-3000000.0,-62000000.0,9000000.0,-53000000.0,-53000000.0,-53000000.0,0.0,12000000.0,-0.001,11211000000.0,167000000.0,3770000000.0,0.0,1.113,-176.388,-150.825,7020000000.0,0.0,85.97,0.222,0.22,652000000.0,,42158000000.0,42158000000.0,0.0,-0.002,-0.006,0.014,0.004,0.0,10377000000.0,1.0,108742366.0,107800000,107800000.0,391.076,20359000000.0,0.0,-64000000.0,637000000.0,188.859,2574000000.0
31,SHLDQ,MRT,2010-12-31,2011-01-29,2011-01-29,2021-08-25,-779000000.0,24360000000.0,25163750000.0,11560000000.0,12800000000.0,1.695,76.332,-391000000.0,1374000000.0,1374000000.0,31000000000.0,150000000.0,1.337,1.85,3193000000.0,849000000.0,2344000000.0,3193000000.0,976000000.0,869000000.0,0.0,0.0,0.0,453000000.0,1322000000.0,0.031,1322000000.0,453000000.0,160000000.0,1.19,1.19,1.19,8511000000.0,8612750000.0,8511000000.0,11600555246.0,26.0,8.775,-268000000.0,-2.404,1.0,11664000000.0,0.273,4385000000.0,293000000.0,13151000000.0,12866250000.0,8951000000.0,0.0,0.0,0.0,15746000000.0,8643000000.0,7103000000.0,8369555246.0,-321000000.0,0.0,-394000000.0,1002000000.0,0.0,-95000000.0,-406000000.0,0.0,123000000.0,57000000.0,133000000.0,133000000.0,133000000.0,0.0,17000000.0,0.003,11227000000.0,437000000.0,3046000000.0,0.0,0.983,62.929,63.933,7102000000.0,0.0,76.08,0.196,0.199,689000000.0,4930000000.0,42664000000.0,42664000000.0,0.0,0.005,0.015,0.035,0.011,0.0,10425000000.0,1.0,110009927.0,111500000,111700000.0,382.637,19975000000.0,0.0,27000000.0,711000000.0,179.148,2917000000.0
32,SHLDQ,MRT,2010-09-30,2010-10-30,2010-10-30,2021-08-25,0.0,26045000000.0,25275750000.0,13123000000.0,12922000000.0,1.691,76.233,-420000000.0,806000000.0,806000000.0,30989000000.0,229000000.0,1.229,2.109,4037000000.0,1467000000.0,2570000000.0,4037000000.0,983000000.0,877000000.0,0.0,0.0,0.0,510000000.0,1387000000.0,0.032,1387000000.0,510000000.0,243000000.0,1.44,1.44,1.44,8378000000.0,8759000000.0,8378000000.0,9951458156.0,20.0,7.175,22000000.0,0.2,1.0,11757000000.0,0.275,4548000000.0,267000000.0,14046000000.0,12635250000.0,11226000000.0,0.0,0.0,0.0,17667000000.0,10682000000.0,6985000000.0,7964458156.0,-678000000.0,0.0,-370000000.0,199000000.0,0.0,-816000000.0,-372000000.0,-107000000.0,442000000.0,68000000.0,189000000.0,189000000.0,189000000.0,0.0,40000000.0,0.004,11243000000.0,514000000.0,4616000000.0,0.0,0.951,42.14,49.986,7448000000.0,0.0,71.98,0.186,0.185,688000000.0,,42746000000.0,42746000000.0,0.0,0.007,0.022,0.04,0.012,0.0,10423000000.0,1.0,110648210.0,109900000,109900000.0,388.954,21497000000.0,25000000.0,54000000.0,524000000.0,195.605,2441000000.0
33,SHLDQ,MRT,2010-06-30,2010-07-31,2010-07-31,2021-08-25,0.0,24833000000.0,25558250000.0,11761000000.0,13072000000.0,1.693,76.545,-367000000.0,1199000000.0,1199000000.0,31287000000.0,332000000.0,1.167,1.881,3186000000.0,1808000000.0,1378000000.0,3186000000.0,997000000.0,882000000.0,0.0,0.0,0.0,677000000.0,1559000000.0,0.036,1559000000.0,677000000.0,415000000.0,2.33,2.33,2.33,8619000000.0,8995750000.0,8619000000.0,9641418408.0,14.0,6.184,1022000000.0,9.076,1.0,11971000000.0,0.277,4565000000.0,262000000.0,12177000000.0,12515750000.0,9430000000.0,0.0,0.0,0.0,16214000000.0,10078000000.0,6136000000.0,8155418408.0,4000000.0,0.0,-550000000.0,-42000000.0,0.0,-1202000000.0,-264000000.0,-52000000.0,1389000000.0,81000000.0,280000000.0,280000000.0,280000000.0,0.0,52000000.0,0.006,11271000000.0,700000000.0,3673000000.0,0.0,0.946,29.126,30.472,7485000000.0,0.0,71.0,0.189,0.185,754000000.0,,43258000000.0,43258000000.0,0.0,0.011,0.031,0.054,0.016,0.0,10457000000.0,1.0,114865048.0,112600000,112600000.0,384.174,20268000000.0,28000000.0,135000000.0,551000000.0,180.0,1683000000.0
34,SHLDQ,MRT,2010-03-31,2010-05-01,2010-05-01,2021-08-25,0.0,25417000000.0,25790000000.0,12205000000.0,13212000000.0,1.681,78.037,-344000000.0,1763000000.0,1763000000.0,31408000000.0,280000000.0,1.193,1.842,3249000000.0,1858000000.0,1391000000.0,3249000000.0,1002000000.0,889000000.0,0.0,0.0,0.0,583000000.0,1472000000.0,0.034,1472000000.0,583000000.0,327000000.0,1.89,1.89,1.89,8943000000.0,9252750000.0,8943000000.0,14694180887.0,25.0,9.982,1171000000.0,10.218,1.0,11943000000.0,0.275,4583000000.0,256000000.0,12091000000.0,12928250000.0,9316000000.0,0.0,0.0,0.0,16474000000.0,10229000000.0,6245000000.0,13889180887.0,603000000.0,0.0,-372000000.0,100000000.0,0.0,-848000000.0,-239000000.0,-50000000.0,1515000000.0,175000000.0,225000000.0,225000000.0,225000000.0,0.0,55000000.0,0.005,11306000000.0,637000000.0,3734000000.0,0.0,1.553,61.73,63.995,7591000000.0,0.0,120.95,0.32,0.32,716000000.0,,43351000000.0,43351000000.0,0.0,0.009,0.024,0.045,0.013,0.0,10481000000.0,1.0,114834071.0,114600000,114700000.0,378.281,20834000000.0,28000000.0,102000000.0,525000000.0,181.798,1976000000.0
35,SHLDQ,MRT,2009-12-31,2010-01-30,2010-01-30,2021-08-25,-721000000.0,24808000000.0,25872750000.0,11438000000.0,13370000000.0,1.676,77.216,-327000000.0,1700000000.0,1700000000.0,31374000000.0,297000000.0,1.302,1.69,2505000000.0,807000000.0,1698000000.0,2505000000.0,1012000000.0,894000000.0,0.0,0.0,0.0,594000000.0,1488000000.0,0.034,1488000000.0,594000000.0,346000000.0,1.99,1.99,1.99,9096000000.0,9449500000.0,9096000000.0,13056336859.0,22.0,8.774,1180000000.0,10.017,1.0,11986000000.0,0.276,4600000000.0,248000000.0,12227000000.0,13375750000.0,8705000000.0,0.0,0.0,0.0,15373000000.0,8786000000.0,6587000000.0,10780336859.0,516000000.0,0.0,-411000000.0,-517000000.0,0.0,-951000000.0,-172000000.0,0.0,1507000000.0,132000000.0,235000000.0,235000000.0,235000000.0,0.0,62000000.0,0.005,11319000000.0,667000000.0,3335000000.0,0.0,1.185,45.874,46.874,7709000000.0,0.0,93.28,0.249,0.253,652000000.0,4797000000.0,43360000000.0,43360000000.0,0.0,0.009,0.025,0.044,0.014,0.0,10499000000.0,1.0,115569649.0,117800000,117900000.0,368.081,20208000000.0,30000000.0,111000000.0,534000000.0,171.545,2652000000.0
36,SHLDQ,MRT,2009-09-30,2009-10-31,2009-10-31,2021-08-25,0.0,27175000000.0,26006250000.0,13571000000.0,13604000000.0,1.695,79.769,-300000000.0,1527000000.0,1527000000.0,31984000000.0,-3000000.0,1.205,1.914,3803000000.0,1972000000.0,1831000000.0,3803000000.0,1016000000.0,914000000.0,0.0,0.0,0.0,295000000.0,1209000000.0,0.027,1209000000.0,295000000.0,31000000.0,-0.17,-0.18,-0.17,9325000000.0,9520500000.0,9325000000.0,10009516360.0,34.0,8.279,1549000000.0,13.251,1.0,12092000000.0,0.274,4617000000.0,264000000.0,13568000000.0,13763250000.0,10805000000.0,0.0,0.0,0.0,17850000000.0,11266000000.0,6584000000.0,8062516360.0,296000000.0,-16000000.0,-478000000.0,-770000000.0,0.0,-1255000000.0,-386000000.0,119000000.0,1849000000.0,88000000.0,-5000000.0,-5000000.0,-5000000.0,0.0,2000000.0,0.0,11803000000.0,289000000.0,4495000000.0,0.0,0.865,-1612.503,-399.176,7758000000.0,0.0,67.86,0.183,0.18,844000000.0,,44076000000.0,44076000000.0,0.0,0.0,-0.001,0.021,0.007,0.0,10687000000.0,1.0,118811028.0,116900000,116900000.0,377.04,22558000000.0,29000000.0,36000000.0,512000000.0,192.968,2305000000.0
37,SHLDQ,MRT,2009-06-30,2009-08-01,2009-08-01,2021-08-25,0.0,25760000000.0,26201000000.0,11987000000.0,13773000000.0,1.7,80.999,-321000000.0,1292000000.0,1292000000.0,32371000000.0,-2000000.0,1.297,1.67,3239000000.0,1298000000.0,1941000000.0,3239000000.0,1029000000.0,940000000.0,0.0,0.0,0.0,268000000.0,1208000000.0,0.027,1208000000.0,268000000.0,5000000.0,-0.24,-0.25,-0.24,9647000000.0,9733250000.0,9647000000.0,9751775882.0,36.0,8.073,601000000.0,5.046,1.0,12175000000.0,0.273,4636000000.0,263000000.0,13827000000.0,14028500000.0,9377000000.0,0.0,0.0,0.0,16113000000.0,9244000000.0,6869000000.0,7956775882.0,-345000000.0,-37000000.0,-335000000.0,-408000000.0,0.0,-750000000.0,-473000000.0,74000000.0,922000000.0,-44000000.0,-24000000.0,-24000000.0,-24000000.0,0.0,22000000.0,-0.001,11982000000.0,193000000.0,3361000000.0,0.0,0.825,-331.532,-276.417,7867000000.0,0.0,66.34,0.179,0.177,896000000.0,,44546000000.0,44546000000.0,0.0,-0.001,-0.002,0.019,0.006,0.0,10754000000.0,1.0,119939341.0,119100000,119100000.0,374.022,21124000000.0,32000000.0,29000000.0,468000000.0,177.364,2743000000.0
38,SHLDQ,MRT,2009-03-31,2009-05-02,2009-05-02,2021-08-25,0.0,25748000000.0,26458250000.0,11993000000.0,13755000000.0,1.729,80.546,-347000000.0,1249000000.0,1249000000.0,33255000000.0,169000000.0,1.332,1.646,3044000000.0,930000000.0,2114000000.0,3044000000.0,1056000000.0,959000000.0,0.0,0.0,0.0,537000000.0,1496000000.0,0.033,1496000000.0,537000000.0,272000000.0,1.05,1.04,1.05,9730000000.0,9952250000.0,9730000000.0,8956471946.0,17.0,5.987,1072000000.0,8.874,1.0,12502000000.0,0.273,4656000000.0,265000000.0,13881000000.0,14075250000.0,9462000000.0,0.0,0.0,0.0,16018000000.0,9006000000.0,7012000000.0,7334471946.0,-272000000.0,-37000000.0,-678000000.0,-369000000.0,0.0,-1054000000.0,-518000000.0,55000000.0,1419000000.0,-119000000.0,135000000.0,135000000.0,135000000.0,0.0,34000000.0,0.003,12064000000.0,438000000.0,3467000000.0,0.0,0.754,54.329,57.4,7959000000.0,0.0,60.27,0.16,0.159,813000000.0,,45757000000.0,45757000000.0,0.0,0.005,0.014,0.038,0.012,0.0,10818000000.0,1.0,121693578.0,120800000,121000000.0,378.783,21092000000.0,28000000.0,137000000.0,427000000.0,174.603,2987000000.0
39,SHLDQ,MRT,2008-12-31,2009-01-31,2009-01-31,2021-08-25,-612000000.0,25342000000.0,26855750000.0,11416000000.0,13926000000.0,1.742,73.858,-411000000.0,1297000000.0,1297000000.0,34118000000.0,99000000.0,1.341,1.668,2919000000.0,787000000.0,2132000000.0,2919000000.0,1069000000.0,981000000.0,0.0,0.0,0.0,410000000.0,1391000000.0,0.03,1391000000.0,410000000.0,138000000.0,0.42,0.42,0.42,9380000000.0,10243750000.0,9380000000.0,8368715320.0,20.0,6.016,581000000.0,4.575,1.0,12652000000.0,0.271,4675000000.0,272000000.0,13777000000.0,14217750000.0,8795000000.0,0.0,0.0,0.0,15643000000.0,8512000000.0,7131000000.0,5059715320.0,-449000000.0,-37000000.0,-678000000.0,35000000.0,0.0,-643000000.0,-637000000.0,0.0,992000000.0,-161000000.0,53000000.0,53000000.0,53000000.0,0.0,46000000.0,0.001,12350000000.0,302000000.0,3006000000.0,0.0,0.539,95.466,97.429,8091000000.0,0.0,40.92,0.108,0.111,839000000.0,4562000000.0,46770000000.0,46770000000.0,0.0,0.002,0.005,0.029,0.009,0.0,11060000000.0,1.0,123648957.0,127000000,127000000.0,368.268,20667000000.0,27000000.0,85000000.0,424000000.0,162.732,2904000000.0
40,SHLDQ,MRT,2008-09-30,2008-11-01,2008-11-01,2021-08-25,0.0,27954000000.0,27369500000.0,14347000000.0,13607000000.0,1.774,81.084,-432000000.0,1172000000.0,1172000000.0,35391000000.0,440000000.0,1.229,1.747,4481000000.0,2306000000.0,2175000000.0,4481000000.0,1074000000.0,1015000000.0,0.0,0.0,0.0,799000000.0,1814000000.0,0.037,1814000000.0,799000000.0,522000000.0,1.92,1.91,1.92,10176000000.0,10565500000.0,10176000000.0,9379281954.0,12.0,5.17,431000000.0,3.434,1.0,13173000000.0,0.271,4960000000.0,277000000.0,14629000000.0,14319500000.0,11364000000.0,0.0,0.0,0.0,17778000000.0,11674000000.0,6104000000.0,7299281954.0,-363000000.0,-21000000.0,-1112000000.0,652000000.0,0.0,-548000000.0,-496000000.0,-13000000.0,863000000.0,-182000000.0,289000000.0,289000000.0,289000000.0,0.0,151000000.0,0.006,12402000000.0,771000000.0,4414000000.0,0.0,0.717,25.257,30.073,8265000000.0,0.0,57.74,0.15,0.149,1195000000.0,4372000000.0,48564000000.0,48564000000.0,0.0,0.011,0.027,0.056,0.016,0.0,11378000000.0,1.0,126416383.0,125500000,125500000.0,386.964,22994000000.0,23000000.0,233000000.0,525000000.0,183.219,2673000000.0
41,SHLDQ,MRT,2008-06-30,2008-08-02,2008-08-02,2021-08-25,0.0,26789000000.0,27826000000.0,12805000000.0,13984000000.0,1.78,81.7,-442000000.0,1534000000.0,1534000000.0,36017000000.0,555000000.0,1.297,1.546,3614000000.0,1364000000.0,2250000000.0,3614000000.0,1106000000.0,1020000000.0,0.0,0.0,0.0,1014000000.0,2034000000.0,0.041,2034000000.0,1014000000.0,741000000.0,3.11,3.1,3.11,10523000000.0,10707250000.0,10523000000.0,12504266367.0,12.0,6.148,591000000.0,4.589,1.0,13509000000.0,0.273,4982000000.0,273000000.0,14014000000.0,14599500000.0,9754000000.0,0.0,0.0,0.0,16266000000.0,9873000000.0,6393000000.0,10409266367.0,-1100000000.0,0.0,-2113000000.0,427000000.0,0.0,-1686000000.0,-469000000.0,3000000.0,1033000000.0,22000000.0,439000000.0,439000000.0,439000000.0,0.0,116000000.0,0.009,12485000000.0,1024000000.0,3494000000.0,0.0,0.989,23.711,25.354,8568000000.0,0.0,78.85,0.21,0.205,1020000000.0,4518000000.0,49526000000.0,49526000000.0,0.0,0.016,0.041,0.069,0.02,0.0,11531000000.0,1.0,132013524.0,128800000,128800000.0,384.519,21807000000.0,29000000.0,302000000.0,569000000.0,169.309,2932000000.0
42,SHLDQ,MRT,2008-03-31,2008-05-03,2008-05-03,2021-08-25,0.0,27338000000.0,28274500000.0,13133000000.0,14205000000.0,1.769,82.733,-516000000.0,1413000000.0,1413000000.0,36246000000.0,643000000.0,1.317,1.509,3508000000.0,1219000000.0,2289000000.0,3508000000.0,1110000000.0,1035000000.0,0.0,0.0,0.0,1200000000.0,2235000000.0,0.045,2235000000.0,1200000000.0,921000000.0,3.76,3.75,3.76,10896000000.0,10982500000.0,10896000000.0,15048786634.0,13.0,6.733,708000000.0,5.376,1.0,13778000000.0,0.275,5011000000.0,279000000.0,14451000000.0,14731000000.0,10309000000.0,0.0,0.0,0.0,16442000000.0,9971000000.0,6471000000.0,13660786634.0,-2093000000.0,0.0,-2965000000.0,49000000.0,0.0,-2916000000.0,-466000000.0,80000000.0,1224000000.0,65000000.0,547000000.0,547000000.0,547000000.0,0.0,96000000.0,0.011,12609000000.0,1169000000.0,3681000000.0,0.0,1.254,24.974,27.452,8698000000.0,0.0,103.22,0.273,0.272,943000000.0,4453000000.0,50024000000.0,50024000000.0,0.0,0.019,0.05,0.081,0.024,0.0,11639000000.0,1.0,132346315.0,131700000,131700000.0,379.833,22327000000.0,34000000.0,374000000.0,537000000.0,169.529,3162000000.0
43,SHLDQ,MRT,2007-12-31,2008-02-02,2008-02-02,2021-08-25,69000000.0,27397000000.0,28908000000.0,12802000000.0,14595000000.0,1.754,73.718,-475000000.0,1622000000.0,1622000000.0,36638000000.0,902000000.0,1.339,1.568,3010000000.0,404000000.0,2606000000.0,3010000000.0,1121000000.0,1049000000.0,0.0,0.0,0.0,1662000000.0,2711000000.0,0.053,2711000000.0,1662000000.0,1376000000.0,5.71,5.7,5.71,10667000000.0,11493250000.0,10667000000.0,17449409315.0,10.0,6.437,1072000000.0,7.408,1.0,14065000000.0,0.277,5039000000.0,286000000.0,14184000000.0,14919500000.0,9963000000.0,0.0,0.0,0.0,16730000000.0,9562000000.0,7168000000.0,14907409315.0,-2217000000.0,0.0,-2926000000.0,-513000000.0,0.0,-3439000000.0,-437000000.0,68000000.0,1547000000.0,112000000.0,826000000.0,826000000.0,826000000.0,0.0,76000000.0,0.016,12479000000.0,1586000000.0,3487000000.0,0.0,1.398,18.048,18.968,8863000000.0,0.0,108.31,0.294,0.309,744000000.0,4509000000.0,50703000000.0,50703000000.0,0.0,0.029,0.072,0.111,0.033,0.0,11468000000.0,1.0,137636500.0,144700000,144800000.0,350.401,22358000000.0,35000000.0,550000000.0,579000000.0,154.513,3240000000.0
44,SHLDQ,MRT,2007-09-30,2007-11-03,2007-11-03,2021-08-25,74000000.0,29780000000.0,29535250000.0,15370000000.0,14410000000.0,1.758,76.791,-483000000.0,1535000000.0,1535000000.0,37182000000.0,1222000000.0,1.34,1.772,4036000000.0,1379000000.0,2657000000.0,4036000000.0,1128000000.0,1079000000.0,0.0,0.0,0.0,2280000000.0,3359000000.0,0.065,3359000000.0,2280000000.0,1989000000.0,7.93,7.92,7.93,10743000000.0,12003000000.0,10743000000.0,19522958147.0,9.0,5.812,1195000000.0,8.542,1.0,14739000000.0,0.284,5061000000.0,291000000.0,15749000000.0,15017000000.0,12128000000.0,0.0,0.0,0.0,19037000000.0,11471000000.0,7566000000.0,18877958147.0,-460000000.0,-1000000.0,-2387000000.0,457000000.0,0.0,-1842000000.0,-404000000.0,80000000.0,1678000000.0,108000000.0,1222000000.0,1222000000.0,1222000000.0,0.0,0.0,0.024,12542000000.0,2197000000.0,4512000000.0,0.0,1.757,15.448,16.666,8873000000.0,0.0,132.16,0.364,0.356,977000000.0,4084000000.0,51921000000.0,51921000000.0,0.0,0.041,0.102,0.152,0.044,0.0,11522000000.0,1.0,142841693.0,139900000,139900000.0,371.129,24719000000.0,242000000.0,767000000.0,621000000.0,176.69,3899000000.0
45,SHLDQ,MRT,2007-06-30,2007-08-04,2007-08-04,2021-08-25,76000000.0,28583000000.0,29707500000.0,14216000000.0,14367000000.0,1.758,77.082,-486000000.0,2634000000.0,2634000000.0,37307000000.0,1414000000.0,1.484,1.459,3277000000.0,631000000.0,2646000000.0,3277000000.0,1118000000.0,1102000000.0,0.0,0.0,0.0,2617000000.0,3719000000.0,0.071,3719000000.0,2617000000.0,2304000000.0,9.17,9.16,9.17,11624000000.0,12223250000.0,11624000000.0,20152920386.0,8.0,5.419,1064000000.0,7.056,1.0,14933000000.0,0.286,5105000000.0,313000000.0,14540000000.0,14972000000.0,10158000000.0,0.0,0.0,0.0,16959000000.0,9581000000.0,7378000000.0,20064920386.0,-955000000.0,-5000000.0,-1597000000.0,-482000000.0,0.0,-2079000000.0,-449000000.0,42000000.0,1550000000.0,23000000.0,1414000000.0,1414000000.0,1414000000.0,0.0,0.0,0.027,12511000000.0,2422000000.0,3448000000.0,0.0,1.726,14.19,14.349,8842000000.0,0.0,131.58,0.384,0.38,751000000.0,4080000000.0,52240000000.0,52240000000.0,0.0,0.048,0.116,0.175,0.05,0.0,11472000000.0,1.0,152492175.0,150800000,150900000.0,346.419,23478000000.0,240000000.0,890000000.0,610000000.0,155.69,4635000000.0
46,SHLDQ,MRT,2007-03-31,2007-05-05,2007-05-05,2021-08-25,79000000.0,29872000000.0,30077000000.0,15419000000.0,14453000000.0,1.754,84.129,-410000000.0,3506000000.0,3506000000.0,37596000000.0,1535000000.0,1.614,1.309,3517000000.0,836000000.0,2681000000.0,3517000000.0,1093000000.0,1116000000.0,0.0,0.0,0.0,2823000000.0,3939000000.0,0.075,3939000000.0,2823000000.0,2498000000.0,9.9,9.89,9.9,12939000000.0,12220000000.0,12939000000.0,27236938989.0,10.0,6.915,1170000000.0,7.607,1.0,15169000000.0,0.287,5127000000.0,325000000.0,15205000000.0,15063750000.0,10349000000.0,0.0,0.0,0.0,16933000000.0,9551000000.0,7382000000.0,27648938989.0,425000000.0,-6000000.0,-404000000.0,-314000000.0,0.0,-718000000.0,-451000000.0,-35000000.0,1580000000.0,14000000.0,1535000000.0,1535000000.0,1535000000.0,0.0,0.0,0.029,12562000000.0,2607000000.0,3587000000.0,0.0,2.137,18.012,18.158,8943000000.0,0.0,179.76,0.524,0.524,840000000.0,3908000000.0,52765000000.0,52765000000.0,0.0,0.051,0.126,0.187,0.054,0.0,11497000000.0,1.0,153810297.0,153800000,153900000.0,343.075,24745000000.0,293000000.0,963000000.0,570000000.0,160.891,5868000000.0
47,SHLDQ,MRT,2006-12-31,2007-02-03,2007-02-03,2021-08-25,59000000.0,29906000000.0,30081750000.0,15267000000.0,14639000000.0,1.762,81.658,-367000000.0,3839000000.0,3839000000.0,37824000000.0,1492000000.0,1.54,1.354,3548000000.0,705000000.0,2843000000.0,3548000000.0,1073000000.0,1143000000.0,0.0,0.0,0.0,2760000000.0,3903000000.0,0.074,3903000000.0,2760000000.0,2425000000.0,9.59,9.58,9.59,12706000000.0,11828750000.0,12706000000.0,28696583146.0,10.0,7.352,1061000000.0,6.819,1.0,15192000000.0,0.287,5129000000.0,335000000.0,14574000000.0,15096500000.0,9896000000.0,0.0,0.0,0.0,17200000000.0,9912000000.0,7288000000.0,27260583146.0,-500000000.0,-283000000.0,-816000000.0,-436000000.0,0.0,-1252000000.0,-660000000.0,-10000000.0,1428000000.0,-16000000.0,1492000000.0,1492000000.0,1492000000.0,0.0,0.0,0.028,12663000000.0,2529000000.0,3312000000.0,0.0,2.145,18.271,18.47,9113000000.0,0.0,177.13,0.514,0.52,851000000.0,3689000000.0,53016000000.0,53016000000.0,0.0,0.05,0.126,0.183,0.052,0.0,11574000000.0,1.0,153901559.0,155600000,155700000.0,340.72,24777000000.0,311000000.0,933000000.0,927000000.0,159.235,5355000000.0
48,SHLDQ,MRT,2006-09-30,2006-10-28,2006-10-28,2021-08-25,-184000000.0,30469000000.0,30248500000.0,15415000000.0,15054000000.0,1.757,75.285,-395000000.0,2096000000.0,2096000000.0,38126000000.0,1317000000.0,1.403,1.621,3532000000.0,618000000.0,2914000000.0,3532000000.0,1078000000.0,1135000000.0,0.0,0.0,0.0,2635000000.0,3770000000.0,0.071,3770000000.0,2635000000.0,2287000000.0,8.51,8.48,8.51,11624000000.0,11555000000.0,11624000000.0,27334192281.0,10.0,7.25,1182000000.0,7.655,1.0,15015000000.0,0.283,5347000000.0,348000000.0,15569000000.0,15119750000.0,11508000000.0,0.0,0.0,0.0,18845000000.0,10989000000.0,7856000000.0,27254192281.0,793000000.0,1761000000.0,-954000000.0,-522000000.0,0.0,-2186000000.0,1344000000.0,-22000000.0,1577000000.0,58000000.0,1317000000.0,1317000000.0,1317000000.0,0.0,0.0,0.025,12679000000.0,2336000000.0,4195000000.0,0.0,2.345,20.694,20.791,9247000000.0,0.0,176.93,0.513,0.514,909000000.0,2868000000.0,53141000000.0,53141000000.0,0.0,0.044,0.114,0.174,0.05,0.0,11556000000.0,1.0,154039407.0,154400000,154400000.0,344.177,25122000000.0,519000000.0,970000000.0,1027000000.0,162.707,4426000000.0
49,SHLDQ,MRT,2006-06-30,2006-07-29,2006-07-29,2021-08-25,-181000000.0,30061000000.0,30379750000.0,14865000000.0,15196000000.0,1.758,74.239,-347000000.0,3690000000.0,3690000000.0,38364000000.0,1179000000.0,1.502,1.589,3770000000.0,295000000.0,3475000000.0,3770000000.0,1082000000.0,1120000000.0,0.0,0.0,0.0,2404000000.0,3524000000.0,0.066,3524000000.0,2404000000.0,2058000000.0,7.59,7.56,7.59,11611000000.0,11385250000.0,11611000000.0,22285126204.0,9.0,6.324,1868000000.0,11.944,1.0,15038000000.0,0.282,5339000000.0,346000000.0,14907000000.0,15532000000.0,9455000000.0,0.0,0.0,0.0,18450000000.0,9895000000.0,8555000000.0,21608126204.0,1451000000.0,1765000000.0,-1095000000.0,-438000000.0,0.0,-2243000000.0,1418000000.0,0.0,2215000000.0,61000000.0,1179000000.0,1179000000.0,1179000000.0,0.0,0.0,0.022,12859000000.0,2179000000.0,3274000000.0,0.0,1.861,18.328,18.199,9395000000.0,0.0,138.13,0.405,0.405,803000000.0,2672000000.0,53402000000.0,53402000000.0,0.0,0.039,0.104,0.155,0.045,0.0,11703000000.0,1.0,156433260.0,156400000,156500000.0,341.445,24722000000.0,547000000.0,879000000.0,1213000000.0,158.069,4970000000.0
50,SHLDQ,MRT,2006-03-31,2006-04-29,2006-04-29,2021-08-25,-213000000.0,29891000000.0,30494000000.0,14573000000.0,15318000000.0,1.765,71.987,-386000000.0,3182000000.0,3182000000.0,38747000000.0,1046000000.0,1.46,1.628,3859000000.0,349000000.0,3510000000.0,3859000000.0,1053000000.0,1124000000.0,0.0,0.0,0.0,2162000000.0,3286000000.0,0.061,3286000000.0,2162000000.0,1827000000.0,6.69,6.66,6.69,11374000000.0,11307750000.0,11374000000.0,22422405521.0,10.0,6.824,1726000000.0,10.924,1.0,15062000000.0,0.28,5250000000.0,335000000.0,15336000000.0,16062250000.0,9581000000.0,0.0,0.0,0.0,18517000000.0,9982000000.0,8535000000.0,22846405521.0,1199000000.0,1768000000.0,-998000000.0,-654000000.0,0.0,-2320000000.0,1382000000.0,0.0,2112000000.0,25000000.0,1046000000.0,1046000000.0,1046000000.0,0.0,0.0,0.019,13061000000.0,2001000000.0,3634000000.0,0.0,2.009,21.842,21.478,9490000000.0,0.0,143.69,0.425,0.422,811000000.0,2378000000.0,53809000000.0,53809000000.0,0.0,0.034,0.093,0.135,0.04,0.0,11885000000.0,1.0,158997881.0,158000000,158000000.0,340.563,24641000000.0,590000000.0,781000000.0,1073000000.0,155.956,4591000000.0
51,SHLDQ,MRT,2005-12-31,2006-01-28,2006-01-28,2021-08-25,-205000000.0,30573000000.0,30745250000.0,15207000000.0,15366000000.0,1.609,76.138,-392000000.0,4440000000.0,4440000000.0,35743000000.0,857000000.0,1.469,1.633,4016000000.0,748000000.0,3268000000.0,4016000000.0,1047000000.0,942000000.0,0.0,0.0,0.0,1900000000.0,2842000000.0,0.057,2842000000.0,1900000000.0,1572000000.0,5.62,5.58,5.62,11611000000.0,11254500000.0,11611000000.0,22968875016.0,12.0,8.082,1801000000.0,11.81,1.0,13712000000.0,0.277,5132000000.0,328000000.0,14667000000.0,16552250000.0,9068000000.0,0.0,0.0,0.0,18962000000.0,10350000000.0,8612000000.0,19830875016.0,904000000.0,1024000000.0,-488000000.0,-843000000.0,0.0,-1953000000.0,632000000.0,0.0,2193000000.0,32000000.0,857000000.0,857000000.0,857000000.0,0.0,0.0,0.017,11906000000.0,1806000000.0,3458000000.0,0.0,1.708,23.14,21.92,9823000000.0,0.0,123.19,0.401,0.38,811000000.0,2198000000.0,49455000000.0,49455000000.0,0.0,0.028,0.076,0.115,0.038,0.0,10892000000.0,1.0,160977961.0,152500000,153600000.0,324.295,25441000000.0,516000000.0,715000000.0,1180000000.0,166.826,4857000000.0
52,SHLDQ,MRT,2005-09-30,2005-10-29,2005-10-29,2021-08-25,-75000000.0,30994000000.0,25264750000.0,15275000000.0,15719000000.0,1.542,66.942,-250000000.0,1202000000.0,1202000000.0,28413000000.0,519000000.0,1.357,1.832,4060000000.0,796000000.0,3264000000.0,4060000000.0,1073000000.0,663000000.0,0.0,0.0,0.0,1149000000.0,1812000000.0,0.046,1812000000.0,1149000000.0,888000000.0,4.74,4.33,4.74,10945000000.0,9469000000.0,10945000000.0,21479291660.0,19.0,11.854,733000000.0,4.483,1.0,10557000000.0,0.271,5379000000.0,261000000.0,17218000000.0,13772000000.0,10750000000.0,0.0,0.0,0.0,20049000000.0,11255000000.0,8794000000.0,19361291660.0,-1362000000.0,-1019000000.0,-335000000.0,-825000000.0,0.0,-1072000000.0,-1269000000.0,0.0,983000000.0,-4000000.0,519000000.0,519000000.0,519000000.0,0.0,0.0,0.013,9472000000.0,1085000000.0,4314000000.0,0.0,1.769,37.305,24.778,9944000000.0,0.0,117.45,0.497,0.493,698000000.0,1550000000.0,38970000000.0,38970000000.0,0.0,0.021,0.055,0.083,0.029,0.0,8783000000.0,1.0,164847098.0,163500000,163600000.0,238.349,25615000000.0,438000000.0,369000000.0,1281000000.0,156.667,4020000000.0
53,SHLDQ,MRT,2005-06-30,2005-07-30,2005-07-30,2021-08-25,-90000000.0,30518000000.0,19432500000.0,13999000000.0,16519000000.0,1.605,68.532,142000000.0,2138000000.0,2138000000.0,22942000000.0,1013000000.0,1.465,1.7,4155000000.0,822000000.0,3333000000.0,4155000000.0,1019000000.0,406000000.0,0.0,0.0,0.0,1887000000.0,2293000000.0,0.074,2293000000.0,1887000000.0,1688000000.0,10.58,9.43,10.58,11301000000.0,7500750000.0,11301000000.0,28332045031.0,15.0,12.356,1067000000.0,6.471,1.0,8252000000.0,0.265,5950000000.0,199000000.0,17028000000.0,10267250000.0,8953000000.0,0.0,0.0,0.0,19217000000.0,9557000000.0,9660000000.0,25495045031.0,-488000000.0,-1019000000.0,98000000.0,-717000000.0,0.0,-531000000.0,-877000000.0,0.0,925000000.0,-5000000.0,1013000000.0,1013000000.0,1013000000.0,0.0,0.0,0.032,6376000000.0,1876000000.0,3460000000.0,0.0,2.256,25.168,14.612,10084000000.0,0.0,154.6,0.817,0.817,1822000000.0,1492000000.0,31194000000.0,31194000000.0,0.0,0.052,0.135,0.184,0.06,0.0,6796000000.0,1.0,164909735.0,164900000,165100000.0,189.169,24568000000.0,625000000.0,675000000.0,1136000000.0,148.987,4442000000.0
54,SHLDQ,MRT,2005-03-31,2005-04-30,2005-04-30,2021-08-25,-73000000.0,30896000000.0,13457000000.0,14202000000.0,16694000000.0,1.694,91.484,265000000.0,1882000000.0,1882000000.0,17008000000.0,1006000000.0,1.389,1.768,4432000000.0,994000000.0,3438000000.0,4432000000.0,1103000000.0,130000000.0,0.0,0.0,0.0,1831000000.0,1961000000.0,0.086,1961000000.0,1831000000.0,1671000000.0,11.32,9.99,11.32,11161000000.0,5313250000.0,11161000000.0,10070630251.0,6.0,5.135,938000000.0,7.689,1.0,5791000000.0,0.254,5923000000.0,160000000.0,17296000000.0,6619250000.0,9476000000.0,0.0,0.0,0.0,19735000000.0,10227000000.0,9508000000.0,12840630251.0,-346000000.0,-1021000000.0,97000000.0,-410000000.0,0.0,-267000000.0,-756000000.0,0.0,673000000.0,4000000.0,1006000000.0,1006000000.0,1006000000.0,0.0,0.0,0.044,3974000000.0,1817000000.0,3660000000.0,0.0,1.15,12.764,11.947,10141000000.0,0.0,135.24,0.563,0.724,1689000000.0,1331000000.0,22799000000.0,22799000000.0,0.0,0.075,0.189,0.277,0.08,0.0,4770000000.0,1.0,94946985.0,122000000,124800000.0,186.877,24973000000.0,574000000.0,665000000.0,1172000000.0,204.697,3975000000.0
55,SHLDQ,MRT,2004-12-31,2005-01-26,2005-01-26,2021-08-25,-77000000.0,8651000000.0,7308750000.0,7541000000.0,1110000000.0,2.715,50.045,332000000.0,3435000000.0,3435000000.0,14942000000.0,1106000000.0,3.624,0.936,411000000.0,45000000.0,366000000.0,411000000.0,13000000.0,27000000.0,0.0,0.0,0.0,1921000000.0,1948000000.0,0.098,1948000000.0,1921000000.0,1775000000.0,12.39,11.0,12.39,4469000000.0,3098000000.0,4469000000.0,6186449011.0,3.0,3.176,1400000000.0,15.677,1.0,4901000000.0,0.247,0.0,146000000.0,3546000000.0,2955250000.0,3281000000.0,0.0,0.0,0.0,4182000000.0,2081000000.0,2101000000.0,8055449011.0,1347000000.0,0.0,0.0,-53000000.0,0.0,-53000000.0,332000000.0,0.0,1068000000.0,0.0,1106000000.0,1106000000.0,1106000000.0,0.0,0.0,0.056,3080000000.0,1821000000.0,927000000.0,0.0,1.803,7.283,7.291,315000000.0,0.0,90.33,0.406,0.407,646000000.0,1340000000.0,19843000000.0,19843000000.0,0.0,0.151,0.357,0.65,0.097,0.0,3999000000.0,1.0,89178003.0,89300000,101400000.0,222.206,8651000000.0,759000000.0,669000000.0,391000000.0,96.876,5460000000.0
56,SHLDQ,MRT,2004-09-30,2004-10-27,2004-10-27,2021-08-25,0.0,7665000000.0,6664500000.0,7315000000.0,350000000.0,3.045,34.439,387000000.0,2564000000.0,2564000000.0,15445000000.0,1059000000.0,3.156,1.495,416000000.0,48000000.0,368000000.0,416000000.0,10000000.0,12000000.0,0.0,0.0,0.0,1861000000.0,1873000000.0,0.092,1873000000.0,1861000000.0,1706000000.0,11.94,10.84,11.94,3072000000.0,2533000000.0,3072000000.0,6392133642.0,3.0,3.413,1690000000.0,18.946,1.0,4851000000.0,0.239,0.0,155000000.0,3199000000.0,2820250000.0,3902000000.0,0.0,0.0,0.0,4593000000.0,2318000000.0,2275000000.0,8260133642.0,1623000000.0,0.0,-1000000.0,-66000000.0,0.0,-67000000.0,387000000.0,0.0,1303000000.0,0.0,1059000000.0,1059000000.0,1059000000.0,0.0,0.0,0.052,2985000000.0,1866000000.0,1107000000.0,0.0,2.689,7.8,7.717,288000000.0,0.0,92.14,0.407,0.405,649000000.0,1031000000.0,20296000000.0,20296000000.0,0.0,0.159,0.418,0.66,0.092,0.0,3982000000.0,1.0,89647641.0,89200000,101600000.0,227.534,7665000000.0,0.0,647000000.0,354000000.0,85.93,4997000000.0
57,SHLDQ,MRT,2004-06-30,2004-07-28,2004-07-28,2021-08-25,0.0,6616000000.0,6277500000.0,6179000000.0,437000000.0,3.339,28.503,86000000.0,2626000000.0,2626000000.0,16046000000.0,479000000.0,3.059,1.593,466000000.0,51000000.0,415000000.0,466000000.0,6000000.0,19000000.0,0.0,0.0,0.0,940000000.0,959000000.0,0.046,959000000.0,940000000.0,778000000.0,5.44,5.08,5.44,2551000000.0,2197500000.0,2551000000.0,5217264958.0,6.0,5.44,1505000000.0,16.816,1.0,4916000000.0,0.235,0.0,162000000.0,2436000000.0,2944750000.0,3212000000.0,0.0,0.0,0.0,4065000000.0,2020000000.0,2045000000.0,6650264958.0,1426000000.0,0.0,-4000000.0,-75000000.0,0.0,-79000000.0,86000000.0,0.0,1419000000.0,0.0,479000000.0,479000000.0,479000000.0,0.0,0.0,0.023,3971000000.0,945000000.0,847000000.0,0.0,2.607,13.884,13.638,240000000.0,0.0,74.19,0.317,0.317,225000000.0,479000000.0,20962000000.0,20962000000.0,0.0,0.076,0.218,0.319,0.045,0.0,4167000000.0,1.0,89638293.0,89500000,101500000.0,234.212,6616000000.0,114000000.0,299000000.0,464000000.0,73.922,4159000000.0
58,SHLDQ,MRT,2004-03-31,2004-04-28,2004-04-28,2021-08-25,0.0,6303000000.0,6112250000.0,6043000000.0,260000000.0,4.494,25.698,85000000.0,2228000000.0,2228000000.0,21277000000.0,317000000.0,3.142,1.74,488000000.0,51000000.0,437000000.0,488000000.0,11000000.0,25000000.0,0.0,0.0,0.0,692000000.0,717000000.0,0.026,717000000.0,692000000.0,511000000.0,3.63,3.45,3.63,2300000000.0,1993750000.0,2300000000.0,2782860602.0,4.0,3.881,951000000.0,10.626,1.0,6192000000.0,0.225,0.0,181000000.0,2640000000.0,3204000000.0,3394000000.0,0.0,0.0,0.0,4003000000.0,1923000000.0,2080000000.0,4047860602.0,996000000.0,0.0,136000000.0,-78000000.0,0.0,45000000.0,85000000.0,0.0,866000000.0,0.0,317000000.0,317000000.0,317000000.0,0.0,0.0,0.012,5509000000.0,683000000.0,851000000.0,0.0,1.76,12.769,12.441,190000000.0,0.0,45.16,0.147,0.147,237000000.0,325000000.0,27469000000.0,27469000000.0,0.0,0.052,0.159,0.216,0.025,0.0,5634000000.0,1.0,89633760.0,89500000,100300000.0,306.916,6303000000.0,36000000.0,194000000.0,388000000.0,70.425,4120000000.0
59,SHLDQ,MRT,2003-12-31,2004-01-28,2004-01-28,2021-08-25,1000000.0,6074000000.0,6201500000.0,5811000000.0,263000000.0,5.22,24.654,-68000000.0,2088000000.0,2088000000.0,26547000000.0,-1455000000.0,3.272,1.75,796000000.0,4000000.0,792000000.0,796000000.0,0.0,204000000.0,0.0,0.0,0.0,-1152000000.0,-948000000.0,-0.029,-948000000.0,-1152000000.0,-1334000000.0,-0.78,-0.88,-0.78,2209000000.0,1854750000.0,2209000000.0,2403562424.0,-2.0,-2.535,2001000000.0,22.333,1.0,5824000000.0,0.18,0.0,182000000.0,3006000000.0,3416750000.0,3238000000.0,0.0,0.0,0.0,3865000000.0,1776000000.0,2089000000.0,2518562424.0,1053000000.0,0.0,136000000.0,-1083000000.0,0.0,-960000000.0,-68000000.0,0.0,2069000000.0,0.0,-1455000000.0,-1455000000.0,-1455000000.0,430000000.0,0.0,-0.045,6557000000.0,-733000000.0,820000000.0,0.0,1.14,-1.731,-36.026,153000000.0,0.0,28.1,0.078,0.078,301000000.0,234000000.0,32371000000.0,32371000000.0,0.0,-0.235,-0.784,-0.337,-0.036,0.0,6527000000.0,1.0,89628556.0,89600000,100700000.0,361.283,6074000000.0,33000000.0,121000000.0,281000000.0,67.79,4035000000.0
60,SHLDQ,MRT,2003-09-30,2003-10-29,2003-10-29,2021-08-25,0.0,6117000000.0,7492500000.0,5897000000.0,220000000.0,4.285,19.308,-50000000.0,941000000.0,941000000.0,26340000000.0,-2579000000.0,2.599,2.536,790000000.0,25000000.0,765000000.0,790000000.0,0.0,383000000.0,0.0,0.0,0.0,-2452000000.0,-2069000000.0,-0.064,-2069000000.0,-2452000000.0,-2622000000.0,-5.42,-5.42,-5.42,1730000000.0,1227250000.0,1730000000.0,2144137975.0,-1.0,-1.036,1463000000.0,16.328,1.0,5766000000.0,0.18,0.0,170000000.0,3697000000.0,6939500000.0,4404000000.0,0.0,0.0,0.0,4387000000.0,2269000000.0,2118000000.0,2492137975.0,525000000.0,0.0,137000000.0,-1074000000.0,0.0,-950000000.0,-50000000.0,0.0,1513000000.0,0.0,-2579000000.0,-2579000000.0,-2579000000.0,434000000.0,0.0,-0.08,7811000000.0,-2045000000.0,1203000000.0,0.0,1.441,-0.966,-5.127,115000000.0,0.0,27.79,0.078,0.078,348000000.0,-36000000.0,32106000000.0,32106000000.0,0.0,-0.344,-2.101,-0.353,-0.076,0.0,6888000000.0,1.0,89677509.0,89600000,89600000.0,358.326,6117000000.0,0.0,-43000000.0,295000000.0,68.27,3628000000.0
61,SHLDQ,MRT,2003-06-30,2003-07-30,2003-07-30,2021-08-25,0.0,5955000000.0,9311250000.0,5822000000.0,133000000.0,3.595,19.353,-142000000.0,1200000000.0,1200000000.0,27768000000.0,-2934000000.0,2.786,2.43,808000000.0,22000000.0,786000000.0,808000000.0,0.0,553000000.0,0.0,0.0,0.0,-2795000000.0,-2242000000.0,-0.067,-2242000000.0,-2795000000.0,-2970000000.0,-5.87,-5.87,-5.87,1736000000.0,1075750000.0,1736000000.0,1313156852.0,0.0,-0.586,506000000.0,5.641,1.0,5705000000.0,0.17,0.0,175000000.0,3473000000.0,10871750000.0,4063000000.0,0.0,0.0,0.0,4219000000.0,2090000000.0,2129000000.0,2014156852.0,162000000.0,0.0,140000000.0,-483000000.0,0.0,-356000000.0,-142000000.0,0.0,648000000.0,0.0,-2934000000.0,-2934000000.0,-2934000000.0,455000000.0,0.0,-0.088,8079000000.0,-2374000000.0,1083000000.0,0.0,1.16,-0.686,-3.826,43000000.0,0.0,22.46,0.06,0.06,305000000.0,-8000000.0,33473000000.0,33473000000.0,0.0,-0.315,-2.727,-0.257,-0.084,0.0,7157000000.0,1.0,89677509.0,89700000,89700000.0,373.166,5955000000.0,0.0,-36000000.0,333000000.0,66.388,3732000000.0
62,SHLDQ,MRT,2003-03-31,2003-04-30,2003-04-30,2021-08-25,0.0,6660000000.0,11077000000.0,6554000000.0,106000000.0,2.65,3.444,-223000000.0,1232000000.0,1232000000.0,24842000000.0,-3219000000.0,2.372,2.819,826000000.0,8000000.0,818000000.0,826000000.0,0.0,737000000.0,0.0,,0.0,-3088000000.0,-2351000000.0,-0.08,-2351000000.0,-3088000000.0,-3243000000.0,-6.36,-6.36,-6.36,1744000000.0,1014750000.0,1744000000.0,,,,-135000000.0,-0.267,1.0,4510000000.0,0.154,0.0,155000000.0,3491000000.0,14677500000.0,4431000000.0,0.0,0.0,0.0,4916000000.0,2763000000.0,2153000000.0,,-632000000.0,0.0,0.0,-497000000.0,0.0,-497000000.0,-223000000.0,0.0,88000000.0,0.0,-3219000000.0,-3219000000.0,-3219000000.0,448000000.0,0.0,-0.11,7184000000.0,-2674000000.0,1160000000.0,0.0,,,,10000000.0,0.0,,,,382000000.0,,29352000000.0,29352000000.0,0.0,-0.291,-3.172,-0.21,-0.105,0.0,6242000000.0,1.0,89677509.0,506400000,506400000.0,57.962,6660000000.0,0.0,-24000000.0,274000000.0,13.152,3791000000.0
63,SHLDQ,MRT,2002-12-31,2003-01-29,2003-01-29,2021-08-25,-907000000.0,11238000000.0,12880000000.0,6102000000.0,5136000000.0,2.097,-0.576,-133000000.0,613000000.0,613000000.0,22546000000.0,-2980000000.0,2.878,-38.336,8592000000.0,0.0,8592000000.0,8592000000.0,0.0,735000000.0,0.0,,0.0,-2840000000.0,-2105000000.0,-0.078,-2105000000.0,-2840000000.0,-2999000000.0,-5.84,-5.84,-5.84,-301000000.0,900500000.0,-301000000.0,,,,-358000000.0,-0.685,1.0,4458000000.0,0.165,0.0,159000000.0,17097000000.0,18301750000.0,4825000000.0,0.0,0.0,0.0,11539000000.0,2120000000.0,9419000000.0,,-245000000.0,0.0,0.0,113000000.0,0.0,113000000.0,-133000000.0,0.0,-225000000.0,0.0,-2980000000.0,-2980000000.0,-2980000000.0,185000000.0,0.0,-0.11,7147000000.0,-2689000000.0,1248000000.0,0.0,,,,4892000000.0,0.0,,,,473000000.0,-1835000000.0,27004000000.0,27004000000.0,0.0,-0.231,-3.309,-0.155,-0.105,0.0,6074000000.0,1.0,,522700000,522700000.0,51.663,11238000000.0,0.0,-19000000.0,162000000.0,21.5,3982000000.0
64,SHLDQ,MRT,2002-09-30,2002-10-30,2002-10-30,2021-08-25,0.0,13392000000.0,,7398000000.0,5994000000.0,,2.237,,381000000.0,381000000.0,,,2.622,10.915,9237000000.0,0.0,9237000000.0,9237000000.0,0.0,,0.0,,0.0,,,,,,,,,,1124000000.0,,1124000000.0,,,,,,1.0,,,0.0,,19426000000.0,,6330000000.0,0.0,0.0,0.0,12268000000.0,2822000000.0,9446000000.0,,,,,,,,,,,,,,,,,,,,1825000000.0,,,,,5764000000.0,,,,,0.0,-1088000000.0,,,,,,,,,,1.0,,502500000,,,13392000000.0,0.0,,306000000.0,26.651,4576000000.0
65,SHLDQ,MRT,2002-06-30,2002-07-31,2002-07-31,2021-08-25,0.0,13018000000.0,,6905000000.0,6113000000.0,,2.968,,1003000000.0,1003000000.0,,,2.957,7.725,9016000000.0,0.0,9016000000.0,9016000000.0,0.0,,0.0,,0.0,,,,,,,,,,1492000000.0,,1492000000.0,,,,,,1.0,,,0.0,,18696000000.0,,5284000000.0,0.0,0.0,0.0,11526000000.0,2335000000.0,9191000000.0,,,,,,,,,,,,,,,,,,,,1438000000.0,,,,,5866000000.0,,,,,0.0,-705000000.0,,,,,,,,,,1.0,,502700000,,,13018000000.0,0.0,,244000000.0,25.896,4570000000.0
66,SHLDQ,MRT,2002-03-31,2002-05-01,2002-05-01,2021-08-25,0.0,13872000000.0,,7681000000.0,6191000000.0,,2.541,-223000000.0,1829000000.0,1829000000.0,24842000000.0,-3219000000.0,3.007,9.779,8499000000.0,0.0,8499000000.0,8499000000.0,0.0,737000000.0,0.0,,0.0,-3064000000.0,-2327000000.0,-0.079,-2327000000.0,-3064000000.0,-3219000000.0,-5.47,-5.47,-5.47,1287000000.0,,1287000000.0,,,,-135000000.0,-0.267,1.0,4510000000.0,0.154,0.0,155000000.0,17988000000.0,,5255000000.0,0.0,0.0,0.0,12585000000.0,2554000000.0,10031000000.0,,-632000000.0,0.0,0.0,-497000000.0,0.0,-497000000.0,-223000000.0,0.0,88000000.0,0.0,-3219000000.0,-3219000000.0,-3219000000.0,424000000.0,0.0,-0.11,7184000000.0,-2674000000.0,1658000000.0,0.0,,,,5972000000.0,0.0,,,,316000000.0,-410000000.0,29352000000.0,29352000000.0,0.0,,,,-0.104,0.0,6242000000.0,1.0,,506400000,506400000.0,57.962,13872000000.0,0.0,0.0,237000000.0,27.393,5127000000.0
67,SHLDQ,MRT,2001-03-31,2001-04-30,2001-04-30,2021-08-25,,,,,,,,-1343000000.0,,,28193000000.0,-2446000000.0,,,,,,,,824000000.0,,,0.0,-2102000000.0,-1278000000.0,-0.037,-1278000000.0,-2102000000.0,-2446000000.0,-4.81,-4.81,-4.81,,,,,,,-464000000.0,-0.939,1.0,5987000000.0,0.175,,344000000.0,,,,,,,,,,,844000000.0,-45000000.0,56000000.0,1369000000.0,0.0,1353000000.0,-1388000000.0,0.0,879000000.0,0.0,-2446000000.0,-2446000000.0,-2446000000.0,69000000.0,0.0,-0.072,7950000000.0,-1963000000.0,,0.0,,,,,0.0,,,,,,34180000000.0,34180000000.0,0.0,,,,-0.061,0.0,7177000000.0,1.0,,494100000,494100000.0,69.176,,,0.0,,,
