None,ticker,dimension,calendardate,datekey,reportperiod,lastupdated,accoci,assets,assetsavg,assetsc,assetsnc,assetturnover,bvps,capex,cashneq,cashnequsd,cor,consolinc,currentratio,de,debt,debtc,debtnc,debtusd,deferredrev,depamor,deposits,divyield,dps,ebit,ebitda,ebitdamargin,ebitdausd,ebitusd,ebt,eps,epsdil,epsusd,equity,equityavg,equityusd,ev,evebit,evebitda,fcf,fcfps,fxusd,gp,grossmargin,intangibles,intexp,invcap,invcapavg,inventory,investments,investmentsc,investmentsnc,liabilities,liabilitiesc,liabilitiesnc,marketcap,ncf,ncfbus,ncfcommon,ncfdebt,ncfdiv,ncff,ncfi,ncfinv,ncfo,ncfx,netinc,netinccmn,netinccmnusd,netincdis,netincnci,netmargin,opex,opinc,payables,payoutratio,pb,pe,pe1,ppnenet,prefdivis,price,ps,ps1,receivables,retearn,revenue,revenueusd,rnd,roa,roe,roic,ros,sbcomp,sgna,sharefactor,sharesbas,shareswa,shareswadil,sps,tangibles,taxassets,taxexp,taxliabilities,tbvps,workingcapital
0,TTWO,MRY,2021-12-31,2021-03-31,2021-03-31,2021-08-03,-8664000.0,6028218000.0,5799928000.0,4220515000.0,1807703000.0,0.582,28.928,-68923000.0,2060247000.0,2060247000.0,1535085000.0,588886000.0,1.889,0.809,191266000.0,31595000.0,159671000.0,191266000.0,965331000.0,232813000.0,0.0,0.0,0.0,669020000.0,901833000.0,0.267,901833000.0,669020000.0,677816000.0,5.14,5.09,5.14,3331892000.0,3009873250.0,3331892000.0,18026476755.0,27.0,19.989,843395000.0,7.323,1.0,1837687000.0,0.545,1191232000.0,-8796000.0,733290000.0,434381000.0,17742000.0,1308692000.0,1308692000.0,0.0,2696326000.0,2234715000.0,461611000.0,20351890755.0,66855000.0,-102469000.0,14214000.0,0.0,0.0,-57338000.0,-806724000.0,-635332000.0,912318000.0,18599000.0,588886000.0,588886000.0,588886000.0,0.0,0.0,0.175,1208303000.0,629384000.0,71001000.0,0.0,6.108,34.56,34.377,314127000.0,0.0,176.7,6.034,6.034,552762000.0,1870971000.0,3372772000.0,3372772000.0,317311000.0,0.102,0.196,1.54,0.198,110472000.0,835668000.0,1.0,115177650.0,115177650,,29.283,4836986000.0,90206000.0,88930000.0,0.0,41.996,1985800000.0
1,TTWO,MRY,2020-12-31,2020-03-31,2020-03-31,2021-08-03,-58376000.0,4948832000.0,4752449500.0,3493351000.0,1455481000.0,0.65,22.387,-53384000.0,1993392000.0,1993392000.0,1542450000.0,404459000.0,1.714,0.949,177246000.0,25187000.0,152059000.0,177246000.0,806123000.0,236543000.0,0.0,0.0,0.0,419934000.0,656477000.0,0.213,656477000.0,419934000.0,458439000.0,3.58,3.54,3.58,2539244000.0,2302342250.0,2539244000.0,11886332951.0,28.0,18.106,632294000.0,5.575,1.0,1546520000.0,0.501,879848000.0,-38505000.0,214299000.0,132607250.0,19108000.0,644003000.0,644003000.0,0.0,2409588000.0,2038539000.0,371049000.0,13453258951.0,601406000.0,-12040000.0,10515000.0,0.0,0.0,-77453000.0,4049000.0,69473000.0,685678000.0,-10868000.0,404459000.0,404459000.0,404459000.0,0.0,0.0,0.131,1121253000.0,425267000.0,65684000.0,0.0,5.298,33.262,33.131,286172000.0,0.0,118.61,4.355,4.355,592555000.0,1282085000.0,3088970000.0,3088970000.0,296398000.0,0.085,0.176,3.167,0.136,257881000.0,776659000.0,1.0,113424323.0,113424323,,27.234,4068984000.0,116676000.0,53980000.0,0.0,35.874,1454812000.0
2,TTWO,MRY,2019-12-31,2019-03-31,2019-03-31,2021-08-03,-37189000.0,4243065000.0,3935354500.0,2827835000.0,1415230000.0,0.678,18.032,-66969000.0,1391986000.0,1391986000.0,1523644000.0,333837000.0,1.449,1.079,0.0,0.0,0.0,0.0,864360000.0,264826000.0,0.0,0.0,0.0,206672000.0,471498000.0,0.177,471498000.0,206672000.0,232785000.0,2.95,2.9,2.95,2040580000.0,1966172750.0,2040580000.0,9383597089.0,45.0,19.902,776546000.0,6.862,1.0,1144750000.0,0.429,1087148000.0,-26113000.0,-187863000.0,-95365000.0,28200000.0,744485000.0,744485000.0,0.0,2202485000.0,1951794000.0,250691000.0,10679092089.0,145615000.0,-28149000.0,-362392000.0,0.0,0.0,-463685000.0,-223576000.0,-128458000.0,843515000.0,-10639000.0,333837000.0,333837000.0,333837000.0,0.0,0.0,0.125,938078000.0,206672000.0,72797000.0,0.0,5.233,31.989,31.99,127882000.0,0.0,94.37,4.002,4.002,395729000.0,877626000.0,2668394000.0,2668394000.0,230170000.0,0.085,0.17,-2.167,0.077,247700000.0,672634000.0,1.0,113161938.0,113161938,,23.58,3155917000.0,134732000.0,-101052000.0,0.0,27.889,876041000.0
3,TTWO,MRY,2018-12-31,2018-03-31,2018-03-31,2021-08-03,-15732000.0,3737841000.0,3584100250.0,2409177000.0,1328664000.0,0.5,13.016,-61557000.0,1246371000.0,1246371000.0,898311000.0,173533000.0,1.395,1.51,8068000.0,0.0,8068000.0,8068000.0,1132741000.0,144919000.0,0.0,0.0,0.0,135577000.0,280496000.0,0.156,280496000.0,135577000.0,136625000.0,1.57,1.54,1.57,1488970000.0,1365497750.0,1488970000.0,10050441503.0,74.0,35.831,431970000.0,3.776,1.0,894581000.0,0.499,1175864000.0,-1048000.0,-403255000.0,-440442250.0,15162000.0,615406000.0,615406000.0,0.0,2248871000.0,1726929000.0,521942000.0,11185864503.0,-34843000.0,-35366000.0,-154792000.0,0.0,0.0,-281467000.0,-271827000.0,-174904000.0,493527000.0,24924000.0,173533000.0,173533000.0,173533000.0,0.0,0.0,0.097,759004000.0,135577000.0,35029000.0,0.0,7.512,64.46,62.28,102478000.0,0.0,97.78,6.239,6.239,247649000.0,73516000.0,1792892000.0,1792892000.0,196373000.0,0.048,0.127,-0.308,0.076,116349000.0,503920000.0,1.0,114398287.0,114398287,,15.672,2561977000.0,4930000.0,-36908000.0,0.0,22.395,682248000.0
4,TTWO,MRY,2017-12-31,2017-03-31,2017-03-31,2021-08-03,-47142000.0,3149154000.0,2939015000.0,2195242000.0,953912000.0,0.606,9.898,-21167000.0,1281214000.0,1281214000.0,1022959000.0,67303000.0,1.302,2.137,251929000.0,0.0,251929000.0,251929000.0,913531000.0,259356000.0,0.0,0.0,0.0,92655000.0,352011000.0,0.198,352011000.0,92655000.0,76965000.0,0.73,0.72,0.73,1003728000.0,735235500.0,1003728000.0,4951487435.0,53.0,14.066,386736000.0,3.814,1.0,756789000.0,0.425,893008000.0,15690000.0,-459031000.0,-249203250.0,16323000.0,448932000.0,448932000.0,0.0,2145426000.0,1685892000.0,459534000.0,6010582435.0,221303000.0,-130669000.0,0.0,0.0,0.0,-49772000.0,-129030000.0,22806000.0,407903000.0,-7798000.0,67303000.0,67303000.0,67303000.0,0.0,0.0,0.038,665484000.0,91305000.0,31892000.0,0.0,5.988,89.306,81.192,67300000.0,0.0,59.27,3.377,3.377,219558000.0,-99694000.0,1779748000.0,1779748000.0,137915000.0,0.023,0.092,-0.372,0.052,81879000.0,496862000.0,1.0,101410198.0,101410198,,17.55,2256146000.0,0.0,9662000.0,0.0,22.248,509350000.0
5,TTWO,MRY,2016-12-31,2016-03-31,2016-03-31,2021-08-03,-37896000.0,2590277000.0,2486097250.0,2045276000.0,545001000.0,0.569,6.855,-37280000.0,1059911000.0,1059911000.0,813873000.0,-8302000.0,1.676,3.455,497935000.0,0.0,497935000.0,497935000.0,798803000.0,163432000.0,0.0,0.0,0.0,-8145000.0,155287000.0,0.11,155287000.0,-8145000.0,-38350000.0,-0.1,-0.1,-0.1,581385000.0,549815750.0,581385000.0,2647134947.0,-325.0,17.047,224025000.0,2.641,1.0,599825000.0,0.424,614907000.0,30205000.0,192983000.0,122935500.0,15888000.0,470820000.0,470820000.0,0.0,2008892000.0,1220411000.0,788481000.0,3194888947.0,-112378000.0,0.0,-26552000.0,0.0,0.0,-48047000.0,-324516000.0,-286887000.0,261305000.0,-1120000.0,-8302000.0,-8302000.0,-8302000.0,0.0,0.0,-0.006,610653000.0,-10828000.0,30448000.0,0.0,5.495,-384.834,-376.7,77127000.0,0.0,37.67,2.26,2.26,168527000.0,-166997000.0,1413698000.0,1413698000.0,119807000.0,-0.003,-0.015,-0.066,-0.006,69996000.0,390761000.0,1.0,84812555.0,84812555,,16.668,1975370000.0,0.0,-30048000.0,0.0,23.291,824865000.0
6,TTWO,MRY,2015-12-31,2015-03-31,2015-03-31,2021-08-03,-30624000.0,2228073000.0,1938709750.0,1779859000.0,448214000.0,0.559,6.674,-49501000.0,1080798000.0,1080798000.0,794867000.0,-279470000.0,1.842,2.957,473030000.0,0.0,473030000.0,473030000.0,647351000.0,154510000.0,0.0,0.0,0.0,-240987000.0,-86477000.0,-0.08,-86477000.0,-240987000.0,-272880000.0,-3.48,-3.48,-3.48,563088000.0,729130750.0,563088000.0,1689692778.0,-7.0,-19.539,163313000.0,1.936,1.0,288071000.0,0.266,509771000.0,31893000.0,144274000.0,368817750.0,20051000.0,186929000.0,186929000.0,0.0,1664985000.0,966260000.0,698725000.0,2148025778.0,-24280000.0,0.0,0.0,0.0,0.0,928000.0,-220141000.0,-170640000.0,212814000.0,-17881000.0,-279470000.0,-279470000.0,-279470000.0,0.0,0.0,-0.258,546534000.0,-258463000.0,38789000.0,0.0,3.815,-7.686,-7.316,69792000.0,0.0,25.46,1.984,1.984,217860000.0,-158695000.0,1082938000.0,1082938000.0,115043000.0,-0.144,-0.383,-0.653,-0.223,65246000.0,410434000.0,1.0,84368648.0,84368648,,12.836,1718302000.0,0.0,6590000.0,0.0,20.367,813599000.0
7,TTWO,MRY,2014-12-31,2014-03-31,2014-03-31,2021-08-03,2116000.0,1799630000.0,1983600000.0,1399440000.0,400190000.0,1.185,8.181,-29813000.0,1129239000.0,1129239000.0,1414327000.0,361605000.0,2.947,1.244,454031000.0,0.0,454031000.0,454031000.0,79323000.0,278892000.0,0.0,0.0,0.0,409617000.0,688509000.0,0.293,688509000.0,409617000.0,376064000.0,3.79,3.2,3.79,801806000.0,682412000.0,801806000.0,1626005467.0,4.0,2.362,670449000.0,6.84,1.0,936241000.0,0.398,457527000.0,33553000.0,192075000.0,301533250.0,29780000.0,0.0,0.0,0.0,997824000.0,474820000.0,523004000.0,2149438467.0,532898000.0,0.0,-276836000.0,117189000.0,0.0,-133684000.0,-30813000.0,0.0,700262000.0,-2867000.0,361605000.0,361605000.0,361605000.0,86000.0,0.0,0.154,520985000.0,415256000.0,16452000.0,0.0,2.681,5.944,5.786,42572000.0,0.0,21.93,0.914,0.914,53143000.0,120775000.0,2350568000.0,2350568000.0,105256000.0,0.182,0.53,1.358,0.174,78118000.0,402370000.0,1.0,98013610.0,98013610,,23.982,1342103000.0,0.0,14459000.0,0.0,13.693,924620000.0
8,TTWO,MRY,2013-12-31,2013-03-31,2013-03-31,2021-08-03,-4572000.0,1277839000.0,1176375500.0,866152000.0,411687000.0,1.032,6.416,-16820000.0,409991000.0,409991000.0,715837000.0,-29491000.0,2.57,1.173,335202000.0,0.0,335202000.0,335202000.0,26919000.0,241382000.0,0.0,0.0,0.0,6910000.0,248292000.0,0.204,248292000.0,6910000.0,-24441000.0,-0.34,-0.34,-0.34,587995000.0,528588250.0,587995000.0,1361615764.0,197.0,5.484,-21387000.0,-0.233,1.0,498646000.0,0.411,529015000.0,31351000.0,337036000.0,295372000.0,30218000.0,0.0,0.0,0.0,689844000.0,336999000.0,352845000.0,1480027764.0,-17777000.0,0.0,0.0,0.0,0.0,0.0,-16820000.0,0.0,-4567000.0,3610000.0,-29491000.0,-29491000.0,-29491000.0,-1671000.0,0.0,-0.024,493407000.0,5239000.0,79932000.0,0.0,2.517,-50.186,-47.5,25362000.0,0.0,16.15,1.219,1.219,189596000.0,-240830000.0,1214483000.0,1214483000.0,78184000.0,-0.025,-0.056,0.023,0.006,35765000.0,404589000.0,1.0,91642586.0,91642586,,13.252,748824000.0,0.0,5050000.0,0.0,8.171,529153000.0
9,TTWO,MRY,2012-12-31,2012-03-31,2012-03-31,2021-08-03,6733000.0,1149427000.0,1056379000.0,743617000.0,405810000.0,0.782,6.65,-10786000.0,420279000.0,420279000.0,528855000.0,-108816000.0,3.4,0.929,316340000.0,0.0,316340000.0,316340000.0,13864000.0,162823000.0,0.0,0.0,0.0,-85382000.0,77441000.0,0.094,77441000.0,-85382000.0,-104953000.0,-1.31,-1.31,-1.31,595727000.0,604590250.0,595727000.0,1237186217.0,-14.0,15.976,-95750000.0,-1.069,1.0,296968000.0,0.36,560414000.0,19571000.0,266349000.0,173102000.0,22477000.0,0.0,0.0,0.0,553700000.0,218725000.0,334975000.0,1378596217.0,139920000.0,-4101000.0,239000.0,243125000.0,0.0,243364000.0,-14162000.0,0.0,-84964000.0,-4318000.0,-108816000.0,-108816000.0,-108816000.0,1116000.0,0.0,-0.132,381234000.0,-84266000.0,46681000.0,0.0,2.314,-12.669,-11.748,18949000.0,0.0,15.39,1.669,1.669,45035000.0,-211339000.0,825823000.0,825823000.0,64162000.0,-0.103,-0.18,-0.493,-0.103,33494000.0,304949000.0,1.0,89577402.0,89577402,,9.219,589013000.0,0.0,3863000.0,0.0,6.575,524892000.0
10,TTWO,MRY,2011-12-31,2011-03-31,2011-03-31,2021-08-03,10459000.0,971659000.0,905467500.0,566603000.0,405056000.0,1.256,7.194,-9653000.0,280359000.0,280359000.0,689381000.0,48458000.0,2.454,0.579,107239000.0,0.0,107239000.0,107239000.0,13434000.0,158810000.0,0.0,0.0,0.0,71796000.0,230606000.0,0.203,230606000.0,71796000.0,58277000.0,0.56,0.56,0.56,615279000.0,567951000.0,615279000.0,1122782270.0,16.0,4.869,125145000.0,1.463,1.0,447495000.0,0.394,512999000.0,13519000.0,54652000.0,72561000.0,24578000.0,0.0,0.0,0.0,356380000.0,230888000.0,125492000.0,1314595270.0,134521000.0,2075000.0,734000.0,0.0,0.0,734000.0,-7578000.0,0.0,134798000.0,6567000.0,48458000.0,48458000.0,48458000.0,5346000.0,0.0,0.043,370353000.0,77142000.0,56153000.0,0.0,2.137,27.129,27.446,19632000.0,0.0,15.37,1.156,1.156,84217000.0,-102523000.0,1136876000.0,1136876000.0,69576000.0,0.054,0.085,0.989,0.063,28765000.0,285778000.0,1.0,85529946.0,85529946,,13.292,458660000.0,8280000.0,9819000.0,12037000.0,5.363,335715000.0
11,TTWO,MRY,2010-12-31,2010-03-31,2010-03-31,2021-08-03,-3713000.0,839276000.0,,426600000.0,412676000.0,,6.157,-9933000.0,145838000.0,145838000.0,494579000.0,-122995000.0,2.033,0.612,99865000.0,0.0,99865000.0,99865000.0,11944000.0,129145000.0,0.0,0.0,0.0,-91056000.0,38089000.0,0.05,38089000.0,-91056000.0,-109850000.0,-1.58,-1.58,-1.58,520623000.0,,520623000.0,827263400.0,-9.0,21.719,-145635000.0,-1.722,1.0,268362000.0,0.352,492966000.0,18794000.0,90470000.0,,24479000.0,0.0,0.0,0.0,318653000.0,209867000.0,108786000.0,834521400.0,-58300000.0,-4292000.0,18000.0,63016000.0,0.0,45784000.0,23025000.0,0.0,-135702000.0,8593000.0,-122995000.0,-122995000.0,-122995000.0,14935000.0,0.0,-0.161,344483000.0,-76121000.0,45913000.0,0.0,1.603,-6.785,-6.247,23571000.0,0.0,9.87,1.094,1.094,74135000.0,-150981000.0,762941000.0,762941000.0,57888000.0,,,,-0.119,26503000.0,270192000.0,1.0,84551307.0,84551307,,9.023,346310000.0,8654000.0,13145000.0,8921000.0,4.096,216733000.0
12,TTWO,MRY,2009-12-31,2009-10-31,2009-10-31,2021-08-03,8192000.0,1007128000.0,912363500.0,628567000.0,378561000.0,0.768,7.103,-11176000.0,102083000.0,102083000.0,467576000.0,-140454000.0,1.774,0.846,97063000.0,0.0,97063000.0,97063000.0,6334000.0,123095000.0,0.0,0.0,0.0,-130196000.0,-7101000.0,-0.01,-7101000.0,-130196000.0,-135967000.0,-1.83,-1.83,-1.83,545626000.0,540553750.0,545626000.0,853674587.0,-7.0,-120.219,-221380000.0,-2.882,1.0,233481000.0,0.333,486967000.0,5771000.0,160848000.0,114320500.0,26687000.0,0.0,0.0,0.0,461502000.0,354293000.0,107209000.0,890463587.0,-178194000.0,-5813000.0,22000.0,63016000.0,0.0,45788000.0,-16989000.0,0.0,-210204000.0,3211000.0,-140454000.0,-140454000.0,-140454000.0,10017000.0,0.0,-0.2,353660000.0,-120179000.0,114379000.0,0.0,1.632,-6.34,-5.995,27049000.0,0.0,10.97,1.27,1.202,181065000.0,-122179000.0,701057000.0,701057000.0,63748000.0,-0.154,-0.26,-1.139,-0.186,25933000.0,272338000.0,1.0,81172615.0,76815000,76815000.0,9.127,520161000.0,8814000.0,4487000.0,10146000.0,6.772,274274000.0
13,TTWO,MRY,2008-12-31,2008-10-31,2008-10-31,2021-08-03,-7513000.0,1083352000.0,1011531750.0,723774000.0,359578000.0,1.217,8.197,-12123000.0,280277000.0,280277000.0,709719000.0,97097000.0,1.981,0.761,70000000.0,0.0,70000000.0,70000000.0,56163000.0,167424000.0,0.0,0.0,0.001,113647000.0,281071000.0,0.228,281071000.0,113647000.0,110368000.0,1.26,1.25,1.26,615118000.0,584542750.0,615118000.0,581666168.0,5.0,2.069,139303000.0,1.856,1.0,521387000.0,0.424,417640000.0,3279000.0,90016000.0,60210750.0,38479000.0,0.0,0.0,0.0,468234000.0,365419000.0,102815000.0,920367168.0,202520000.0,-7503000.0,25962000.0,51038000.0,0.0,77000000.0,-16780000.0,0.0,151426000.0,-9126000.0,97097000.0,97097000.0,97097000.0,-2613000.0,0.0,0.079,410353000.0,111034000.0,95570000.0,0.001,1.496,9.479,9.413,31224000.0,0.0,11.86,0.748,0.723,116005000.0,18275000.0,1231106000.0,1231106000.0,63929000.0,0.096,0.166,1.887,0.092,40387000.0,320624000.0,1.0,77602628.0,75039000,75943000.0,16.406,665712000.0,23763000.0,13271000.0,26399000.0,8.872,358355000.0
14,TTWO,MRY,2007-12-31,2007-10-31,2007-10-31,2021-08-03,34861000.0,831143000.0,789630250.0,498523000.0,332620000.0,0.881,6.557,-19923000.0,77757000.0,77757000.0,475737000.0,-138406000.0,1.597,0.764,18000000.0,0.0,18000000.0,18000000.0,61544000.0,127881000.0,0.0,0.0,0.0,-127834000.0,47000.0,0.0,47000.0,-127834000.0,-128463000.0,-1.93,-1.93,-1.93,471154000.0,489069000.0,471154000.0,1339836866.0,-10.0,28507.167,-83968000.0,-1.168,1.0,220091000.0,0.316,412015000.0,629000.0,47210000.0,63303750.0,99331000.0,0.0,0.0,0.0,359989000.0,312161000.0,47828000.0,1390461866.0,-54723000.0,-3017000.0,9503000.0,16191000.0,0.0,25694000.0,-24611000.0,0.0,-64045000.0,8239000.0,-138406000.0,-138406000.0,-138406000.0,-63000.0,0.0,-0.199,347988000.0,-127897000.0,128782000.0,0.0,2.951,-10.046,-9.731,44986000.0,0.0,18.78,1.998,1.939,104937000.0,-77747000.0,695828000.0,695828000.0,48455000.0,-0.175,-0.283,-2.019,-0.184,17329000.0,260860000.0,1.0,74039503.0,71860000,71860000.0,9.683,419128000.0,40316000.0,9943000.0,0.0,5.833,186362000.0
15,TTWO,MRY,2006-12-31,2006-10-31,2006-10-31,2021-08-03,6902000.0,868806000.0,874636000.0,544873000.0,323933000.0,1.187,7.751,-25084000.0,132480000.0,132480000.0,825476000.0,-184889000.0,2.067,0.579,0.0,0.0,0.0,0.0,61317000.0,172968000.0,0.0,0.0,0.0,-184482000.0,-11514000.0,-0.011,-11514000.0,-184482000.0,-184482000.0,-2.6,-2.6,-2.6,550392000.0,610062250.0,550392000.0,873890034.0,-5.0,-75.898,18278000.0,0.257,1.0,212364000.0,0.205,347490000.0,0.0,125290000.0,135376500.0,95520000.0,0.0,0.0,0.0,318414000.0,263546000.0,54868000.0,1014958034.0,25285000.0,-191000.0,2808000.0,0.0,0.0,2971000.0,-25275000.0,0.0,43362000.0,4227000.0,-184889000.0,-184889000.0,-184889000.0,0.0,0.0,-0.178,401706000.0,-189342000.0,123947000.0,0.0,1.844,-5.49,-5.381,47496000.0,0.0,13.99,0.978,0.957,143199000.0,60659000.0,1037840000.0,1037840000.0,64258000.0,-0.211,-0.303,-1.363,-0.178,21931000.0,295441000.0,1.0,72548823.0,71012000,71012000.0,14.615,521316000.0,60407000.0,407000.0,0.0,7.341,281327000.0
16,TTWO,MRY,2005-12-31,2005-10-31,2005-10-31,2021-08-03,686000.0,935220000.0,935143750.0,612801000.0,322419000.0,1.285,9.817,-29031000.0,107195000.0,107195000.0,786378000.0,35314000.0,2.482,0.364,0.0,0.0,0.0,0.0,0.0,103975000.0,0.0,0.0,0.0,38018000.0,141993000.0,0.118,141993000.0,38018000.0,41720000.0,0.51,0.5,0.51,685830000.0,700218000.0,685830000.0,1267775454.0,33.0,8.928,10949000.0,0.157,1.0,414842000.0,0.345,356968000.0,-3702000.0,224134000.0,165619750.0,136227000.0,0.0,0.0,0.0,249390000.0,246923000.0,2467000.0,1463130454.0,-47900000.0,-37753000.0,6294000.0,0.0,0.0,6223000.0,-91034000.0,0.0,39980000.0,-3069000.0,35314000.0,35314000.0,35314000.0,0.0,0.0,0.029,376824000.0,38018000.0,133353000.0,0.0,2.133,41.432,40.49,48617000.0,0.0,20.65,1.218,1.201,197861000.0,245548000.0,1201220000.0,1201220000.0,73724000.0,0.038,0.05,0.23,0.032,24675000.0,281084000.0,1.0,70853775.0,69859000,70882000.0,17.195,578252000.0,40453000.0,6406000.0,0.0,8.277,365878000.0
17,TTWO,MRY,2004-12-31,2004-10-31,2004-10-31,2021-08-03,6354000.0,945280000.0,782599250.0,714761000.0,230519000.0,1.441,9.47,-25086000.0,155095000.0,155095000.0,749680000.0,62119000.0,2.329,0.488,0.0,0.0,0.0,0.0,0.0,90328000.0,0.0,0.0,0.0,86217000.0,176545000.0,0.157,176545000.0,86217000.0,91744000.0,0.93,0.91,0.93,635470000.0,585327750.0,635470000.0,1289468487.0,15.0,7.304,-4628000.0,-0.069,1.0,378071000.0,0.335,241568000.0,-5527000.0,241770000.0,180093750.0,154345000.0,0.0,0.0,0.0,309810000.0,306847000.0,2963000.0,1487419487.0,-28382000.0,-39336000.0,16683000.0,0.0,0.0,16315000.0,-64422000.0,0.0,20458000.0,-733000.0,62119000.0,62119000.0,62119000.0,0.0,0.0,0.055,288300000.0,89771000.0,163961000.0,0.0,2.341,23.945,23.627,34291000.0,0.0,21.973,1.319,1.307,285709000.0,250402000.0,1127751000.0,1127751000.0,43773000.0,0.079,0.106,0.479,0.076,11075000.0,220181000.0,1.0,67693054.0,67104000,68589000.0,16.806,703712000.0,12540000.0,29625000.0,17319000.0,10.487,407914000.0
18,TTWO,MRY,2003-12-31,2003-10-31,2003-10-31,2021-08-03,-936000.0,707298000.0,618492500.0,513242000.0,194056000.0,1.671,8.475,-15350000.0,183477000.0,183477000.0,637554000.0,98118000.0,3.105,0.326,0.0,0.0,0.0,0.0,0.0,59714000.0,0.0,0.0,0.0,165315000.0,225029000.0,0.218,225029000.0,165315000.0,165315000.0,1.56,1.51,1.56,533492000.0,471372750.0,533492000.0,1493946959.0,9.0,6.639,65278000.0,1.037,1.0,396139000.0,0.383,162670000.0,0.0,195831000.0,131037500.0,101748000.0,0.0,0.0,0.0,173806000.0,165320000.0,8486000.0,1719605959.0,75108000.0,-27973000.0,0.0,0.0,0.0,44562000.0,-45881000.0,0.0,80628000.0,-4201000.0,98118000.0,98118000.0,98118000.0,0.0,0.0,0.095,233128000.0,163011000.0,106172000.0,0.0,3.223,17.526,16.97,22260000.0,0.0,26.473,1.664,1.612,166536000.0,185024000.0,1033693000.0,1033693000.0,25107000.0,0.159,0.208,1.262,0.16,24303000.0,191098000.0,1.0,64956974.0,62948000,64946000.0,16.421,544628000.0,8333000.0,67197000.0,2265000.0,8.652,347922000.0
19,TTWO,MRY,2002-12-31,2002-10-31,2002-10-31,2021-08-03,-5041000.0,491440000.0,413650000.0,328365000.0,163075000.0,1.921,6.233,-10466000.0,108369000.0,108369000.0,500084000.0,71563000.0,2.491,0.382,296000.0,95000.0,201000.0,296000.0,0.0,10829000.0,0.0,0.0,0.0,121418000.0,132247000.0,0.166,132247000.0,121418000.0,120938000.0,1.253,1.207,1.253,355544000.0,299612500.0,355544000.0,940737824.0,8.0,7.113,134532000.0,2.358,1.0,294592000.0,0.371,127207000.0,480000.0,124350000.0,119553750.0,74391000.0,97000.0,0.0,97000.0,135896000.0,131810000.0,4086000.0,1014314824.0,102313000.0,-3788000.0,0.0,-54284000.0,0.0,-31988000.0,-18084000.0,6170000.0,144998000.0,7387000.0,71563000.0,71563000.0,71563000.0,0.0,0.0,0.09,171887000.0,122705000.0,79660000.0,0.0,2.853,14.174,13.717,15319000.0,0.0,17.187,1.276,1.234,105576000.0,86906000.0,794676000.0,794676000.0,11524000.0,0.173,0.239,1.016,0.153,13753000.0,149534000.0,1.0,59016398.0,57045000,59355000.0,13.931,364233000.0,14228000.0,49375000.0,1357000.0,6.385,196555000.0
20,TTWO,MRY,2001-12-31,2001-10-31,2001-10-31,2021-08-03,-10452000.0,359512000.0,352037000.0,227335000.0,132177000.0,1.282,4.32,-8568000.0,6056000.0,6056000.0,306323000.0,-6918000.0,1.688,0.634,54463000.0,54172000.0,291000.0,54463000.0,0.0,12641000.0,0.0,0.0,0.0,-858000.0,11783000.0,0.026,11783000.0,-858000.0,-9368000.0,-0.133,-0.133,-0.133,220061000.0,203810000.0,220061000.0,564031436.0,-657.0,47.868,18751000.0,0.368,1.0,145073000.0,0.321,100109000.0,8510000.0,173165000.0,178752500.0,61937000.0,6316000.0,6241000.0,75000.0,139451000.0,134645000.0,4806000.0,510292436.0,811000.0,-1554000.0,20892000.0,-55545000.0,0.0,-11790000.0,-13479000.0,0.0,27319000.0,-1239000.0,-6918000.0,-6918000.0,-6918000.0,0.0,0.0,-0.015,116696000.0,28377000.0,60223000.0,0.0,2.319,-73.763,-69.827,11033000.0,0.0,9.287,1.13,1.048,94950000.0,16239000.0,451396000.0,451396000.0,6190000.0,-0.02,-0.034,-0.005,-0.002,5000.0,97865000.0,1.0,54946962.0,50941500,50941500.0,8.861,259403000.0,30197000.0,-2450000.0,0.0,5.092,92690000.0
21,TTWO,MRY,2000-12-31,2000-10-31,2000-10-31,2021-08-03,-12672000.0,330257000.0,283026259.0,216474000.0,113783000.0,1.286,4.155,-2881000.0,5245000.0,5245000.0,235978000.0,6417000.0,1.468,0.94,97221000.0,84605000.0,12616000.0,97221000.0,0.0,8680000.0,0.0,0.0,0.0,15030000.0,23710000.0,0.065,23710000.0,15030000.0,8961000.0,0.153,0.153,0.153,170192000.0,144152098.0,170192000.0,441991180.0,29.0,18.642,-57111000.0,-1.394,1.0,128023000.0,0.352,76175000.0,6069000.0,198609000.0,141686862.0,53798000.0,31413000.0,2926000.0,28487000.0,160065000.0,147449000.0,12616000.0,385609742.0,-5129000.0,-5903000.0,21285000.0,43358000.0,0.0,70535000.0,-12906000.0,-4122000.0,-54230000.0,-8528000.0,6417000.0,6417000.0,6417000.0,0.0,0.0,0.018,94714000.0,33309000.0,46566000.0,0.0,2.266,60.092,54.196,5260000.0,0.0,8.292,1.059,0.933,110783000.0,24819000.0,364001000.0,364001000.0,5668000.0,0.023,0.045,0.106,0.041,98000.0,79263000.0,1.0,46503828.0,40960500,42495000.0,8.887,254082000.0,9243000.0,2544000.0,0.0,6.203,69025000.0
22,TTWO,MRY,1999-12-31,1999-10-31,1999-10-31,2021-08-03,-827000.0,231712000.0,151519433.0,187970000.0,43742000.0,2.019,2.742,-2180000.0,10374000.0,10374000.0,215122000.0,16332000.0,1.283,1.723,56222000.0,56144000.0,78000.0,56222000.0,0.0,2822000.0,0.0,0.0,0.0,27336000.0,30158000.0,0.099,30158000.0,27336000.0,24426000.0,0.527,0.507,0.527,85103000.0,61939952.0,85103000.0,261168397.0,10.0,8.66,-18928000.0,-0.61,1.0,90810000.0,0.297,33084000.0,2910000.0,97945000.0,76009126.0,41300000.0,3955000.0,0.0,3955000.0,146609000.0,146531000.0,78000.0,239047961.0,7611000.0,-19360000.0,24461000.0,22319000.0,0.0,46780000.0,-21540000.0,0.0,-16748000.0,-881000.0,16332000.0,16332000.0,16332000.0,0.0,0.0,0.053,63429000.0,27381000.0,71230000.0,0.0,2.809,14.637,13.125,4120000.0,0.0,6.917,0.781,0.702,107799000.0,18402000.0,305932000.0,305932000.0,5263000.0,0.108,0.264,0.36,0.089,2006000.0,55344000.0,1.0,34559486.0,31035000,32272500.0,9.858,198628000.0,2005000.0,8094000.0,0.0,6.4,41439000.0
23,TTWO,MRY,1998-12-31,1998-10-31,1998-10-31,2021-08-03,-7433.0,109385094.0,59323972.0,95301690.0,14083404.0,3.271,1.608,-630000.0,2762837.0,2762837.0,147556000.0,7181000.0,1.297,2.076,30984300.0,30669367.0,314933.0,30984300.0,0.0,1835000.0,0.0,0.0,0.0,10527000.0,12362000.0,0.064,12362000.0,10527000.0,6847000.0,0.327,0.28,0.327,35565568.0,26667574.0,35565568.0,115695018.0,11.0,9.359,-8652000.0,-0.391,1.0,46496000.0,0.24,10681814.0,3680000.0,53420150.0,28575820.0,26092541.0,0.0,0.0,0.0,73819526.0,73504593.0,314933.0,109428819.0,391000.0,-1187000.0,6103000.0,3845000.0,-931000.0,9017000.0,-727000.0,1090000.0,-8022000.0,123000.0,7181000.0,7181000.0,7181000.0,0.0,0.0,0.037,35806000.0,10690000.0,33532359.0,0.0,3.077,15.239,13.251,1979658.0,0.0,4.333,0.564,0.494,49138871.0,2069522.0,194052000.0,194052000.0,1702000.0,0.121,0.269,0.368,0.054,122000.0,32269000.0,1.0,25254747.0,22120500,25594500.0,8.772,98703280.0,941000.0,-334000.0,0.0,4.462,21797097.0
24,TTWO,MRY,1997-12-31,1997-10-31,1997-10-31,2021-08-03,-130706.0,25090200.0,,12898117.0,12192083.0,,0.563,-713014.0,1882915.0,1882915.0,81479408.0,-2768391.0,0.899,1.539,6404886.0,5625008.0,779878.0,6404886.0,0.0,1004138.0,0.0,0.0,0.0,-895199.0,108939.0,0.001,108939.0,-895199.0,-2738602.0,-0.167,-0.167,-0.167,9881888.0,,9881888.0,,,,-15173014.0,-0.865,1.0,15861817.0,0.163,10570765.0,1843403.0,4700315.0,,1149590.0,0.0,0.0,0.0,15208312.0,14341091.0,867221.0,65812790.0,1635268.0,-780585.0,7463925.0,12053500.0,-673092.0,18809333.0,-2583359.0,-1089760.0,-14460000.0,-130706.0,-2768391.0,-2903809.0,-2903809.0,0.0,0.0,-0.03,16757016.0,-895199.0,5437419.0,0.0,6.66,-22.664,-26.946,1207614.0,135418.0,4.5,0.676,0.811,4666862.0,-5650307.0,97341225.0,97341225.0,1847970.0,,,,-0.009,17250.0,13904908.0,1.0,14625064.0,17546013,17546013.0,5.548,14519435.0,0.0,29789.0,0.0,0.828,-1442974.0
25,TTWO,MRY,1996-12-31,1996-10-31,1996-10-31,2021-08-03,,,,,,,,-162073.0,,,6236703.0,549640.0,,,,,,,,269523.0,,,0.0,810784.0,1080307.0,0.086,1080307.0,810784.0,578689.0,0.033,0.033,0.033,,,,,,,-792998.0,-0.069,1.0,6292425.0,0.502,,232095.0,,,,,,,,,,,156160.0,-900000.0,45750.0,1959102.0,-183034.0,1849158.0,-1062073.0,0.0,-630925.0,0.0,549640.0,349074.0,349074.0,0.0,0.0,0.028,5481641.0,810784.0,,0.0,,,,,200566.0,,,,,,12529128.0,12529128.0,718089.0,,,,0.065,32250.0,4494029.0,1.0,,11506596,11506596.0,1.089,,,29049.0,,,
0,TTWO,MRQ,2021-06-30,2021-06-30,2021-06-30,2021-08-03,-2770000.0,6314255000.0,,4013612000.0,2300643000.0,,31.29,-86433000.0,2157378000.0,2157378000.0,329715000.0,152256000.0,1.854,0.741,188312000.0,31361000.0,156951000.0,188312000.0,875838000.0,36975000.0,0.0,0.0,0.0,172471000.0,209446000.0,0.258,209446000.0,172471000.0,171444000.0,1.32,1.3,1.32,3618932000.0,,3618932000.0,18604460583.0,25.0,19.392,61809000.0,0.534,1.0,483631000.0,0.595,1573125000.0,1027000.0,606735000.0,,11491000.0,1135188000.0,1135188000.0,0.0,2682948000.0,2165329000.0,517619000.0,20473441583.0,97131000.0,-97887000.0,9230000.0,0.0,0.0,-39031000.0,-13857000.0,170463000.0,148242000.0,1777000.0,152256000.0,152256000.0,152256000.0,0.0,0.0,0.187,313157000.0,170474000.0,67136000.0,0.0,5.657,31.37,31.165,388344000.0,0.0,177.02,6.103,6.103,487171000.0,2023227000.0,813346000.0,813346000.0,92294000.0,,,,,49050000.0,208301000.0,1.0,115656093.0,115656093,,7.032,4741130000.0,78383000.0,19188000.0,0.0,40.993,1848283000.0
1,TTWO,MRQ,2021-03-31,2021-03-31,2021-03-31,2021-08-03,-8664000.0,6028218000.0,,4220515000.0,1807703000.0,,28.928,-28716000.0,2060247000.0,2060247000.0,279647000.0,218812000.0,1.889,0.809,191266000.0,31595000.0,159671000.0,191266000.0,965331000.0,78631000.0,0.0,0.0,0.0,256817000.0,335448000.0,0.4,335448000.0,256817000.0,253591000.0,1.91,1.89,1.91,3331892000.0,,3331892000.0,18026476755.0,27.0,19.989,95941000.0,0.833,1.0,559784000.0,0.667,1191232000.0,3226000.0,733290000.0,,17742000.0,1308692000.0,1308692000.0,0.0,2696326000.0,2234715000.0,461611000.0,20351890755.0,-452542000.0,-22944000.0,-1000.0,0.0,0.0,-10967000.0,-565825000.0,-514165000.0,124657000.0,-407000.0,218812000.0,218812000.0,218812000.0,0.0,0.0,0.261,303967000.0,255817000.0,71001000.0,0.0,6.108,34.56,34.377,314127000.0,0.0,176.7,6.034,6.034,552762000.0,1870971000.0,839431000.0,839431000.0,83559000.0,,,,,-29363000.0,205062000.0,1.0,115177650.0,115177650,,7.288,4836986000.0,90206000.0,34779000.0,0.0,41.996,1985800000.0
2,TTWO,MRQ,2020-12-31,2020-12-31,2020-12-31,2021-08-03,-5584000.0,5966099000.0,,4159959000.0,1806140000.0,,27.432,-15186000.0,2512789000.0,2512789000.0,346244000.0,182248000.0,1.776,0.891,187375000.0,30540000.0,156835000.0,187375000.0,1023289000.0,35692000.0,0.0,0.0,0.0,215348000.0,251040000.0,0.292,251040000.0,215348000.0,216446000.0,1.58,1.57,1.58,3155291000.0,,3155291000.0,21995406628.0,42.0,28.625,145730000.0,1.267,1.0,514645000.0,0.598,1137639000.0,-1098000.0,161257000.0,,26733000.0,772683000.0,772683000.0,0.0,2810808000.0,2341789000.0,469019000.0,23900342628.0,428009000.0,-4043000.0,7712000.0,0.0,0.0,-4672000.0,261725000.0,280954000.0,160916000.0,10040000.0,182248000.0,182248000.0,182248000.0,0.0,0.0,0.212,338588000.0,176057000.0,100159000.0,0.0,7.575,48.499,48.1,297007000.0,0.0,207.79,7.256,7.256,581136000.0,1652159000.0,860889000.0,860889000.0,86428000.0,,,,,41116000.0,238530000.0,1.0,115021621.0,115021621,,7.485,4828460000.0,127312000.0,34198000.0,0.0,41.979,1818170000.0
3,TTWO,MRQ,2020-09-30,2020-09-30,2020-09-30,2021-08-03,-34824000.0,5836154000.0,,3932098000.0,1904056000.0,,25.374,-16116000.0,2084780000.0,2084780000.0,432505000.0,99321000.0,1.691,1.012,179844000.0,29051000.0,150793000.0,179844000.0,1095944000.0,48751000.0,0.0,0.0,0.0,114712000.0,163463000.0,0.194,163463000.0,114712000.0,117418000.0,0.87,0.86,0.87,2901282000.0,,2901282000.0,16910898814.0,34.0,22.556,165206000.0,1.445,1.0,408637000.0,0.486,1124496000.0,-2706000.0,480887000.0,,26934000.0,1040786000.0,1040786000.0,0.0,2934872000.0,2325835000.0,609037000.0,18891062814.0,-76492000.0,-75482000.0,0.0,0.0,0.0,-9696000.0,-255159000.0,-163561000.0,181322000.0,7041000.0,99321000.0,99321000.0,99321000.0,0.0,0.0,0.118,293270000.0,115367000.0,85103000.0,0.0,6.511,39.839,39.526,289714000.0,0.0,165.22,5.617,5.617,787818000.0,1469911000.0,841142000.0,841142000.0,74216000.0,,,,,45308000.0,205124000.0,1.0,114338838.0,114338838,,7.357,4711658000.0,117692000.0,18097000.0,0.0,41.208,1606263000.0
4,TTWO,MRQ,2020-06-30,2020-06-30,2020-06-30,2021-08-03,-52131000.0,5369241000.0,,3686933000.0,1682308000.0,,23.266,-8905000.0,2161272000.0,2161272000.0,476689000.0,88505000.0,1.716,1.025,181108000.0,27602000.0,153506000.0,181108000.0,960951000.0,69739000.0,0.0,0.0,0.0,82143000.0,151882000.0,0.183,151882000.0,82143000.0,90361000.0,0.78,0.77,0.78,2651028000.0,,2651028000.0,14086845013.0,31.0,19.702,436518000.0,3.831,1.0,354621000.0,0.427,878247000.0,-8218000.0,362090000.0,,19486000.0,880825000.0,880825000.0,0.0,2718213000.0,2148740000.0,569473000.0,15902991013.0,167880000.0,0.0,6503000.0,0.0,0.0,-32003000.0,-247465000.0,-238560000.0,445423000.0,1925000.0,88505000.0,88505000.0,88505000.0,0.0,0.0,0.106,272478000.0,82143000.0,56410000.0,0.0,5.999,35.602,35.424,286922000.0,0.0,139.57,4.705,4.705,685169000.0,1370590000.0,831310000.0,831310000.0,73108000.0,,,,,53411000.0,186952000.0,1.0,113942760.0,113942760,,7.296,4490994000.0,120892000.0,1856000.0,0.0,39.414,1538193000.0
5,TTWO,MRQ,2020-03-31,2020-03-31,2020-03-31,2021-08-03,-58376000.0,4948832000.0,,3493351000.0,1455481000.0,,22.387,-18594000.0,1993392000.0,1993392000.0,395640000.0,122722000.0,1.714,0.949,177246000.0,25187000.0,152059000.0,177246000.0,806123000.0,85474000.0,0.0,0.0,0.0,116551000.0,202025000.0,0.266,202025000.0,116551000.0,124634000.0,1.09,1.07,1.09,2539244000.0,,2539244000.0,11886332951.0,28.0,18.106,227109000.0,2.002,1.0,364901000.0,0.48,879848000.0,-8083000.0,214299000.0,,19108000.0,644003000.0,644003000.0,0.0,2409588000.0,2038539000.0,371049000.0,13453258951.0,250958000.0,0.0,0.0,0.0,0.0,-16708000.0,31126000.0,49720000.0,245703000.0,-9163000.0,122722000.0,122722000.0,122722000.0,0.0,0.0,0.161,243017000.0,121884000.0,65684000.0,0.0,5.298,33.262,33.131,286172000.0,0.0,118.61,4.355,4.355,592555000.0,1282085000.0,760541000.0,760541000.0,68718000.0,,,,,81283000.0,162181000.0,1.0,113424323.0,113424323,,6.705,4068984000.0,116676000.0,1912000.0,0.0,35.874,1454812000.0
6,TTWO,MRQ,2019-12-31,2019-12-31,2019-12-31,2021-08-03,-38487000.0,4879633000.0,,3435037000.0,1444596000.0,,21.192,-9258000.0,1742434000.0,1742434000.0,437093000.0,163642000.0,1.639,1.031,175508000.0,24108000.0,151400000.0,175508000.0,874776000.0,55527000.0,0.0,0.0,0.0,176833000.0,232360000.0,0.25,232360000.0,176833000.0,188776000.0,1.44,1.43,1.44,2402035000.0,,2402035000.0,12587725109.0,35.0,21.393,286559000.0,2.528,1.0,493036000.0,0.53,948965000.0,-11943000.0,267411000.0,,24426000.0,699269000.0,699269000.0,0.0,2477598000.0,2096331000.0,381267000.0,13877066109.0,312031000.0,-3325000.0,10515000.0,0.0,0.0,733000.0,9123000.0,21706000.0,295817000.0,6358000.0,163642000.0,163642000.0,163642000.0,0.0,0.0,0.176,316203000.0,176833000.0,82491000.0,0.0,5.777,40.988,40.946,280470000.0,0.0,122.43,4.84,4.84,647460000.0,1159363000.0,930129000.0,930129000.0,82520000.0,,,,,63399000.0,221599000.0,1.0,113346942.0,113346942,,8.206,3930668000.0,110831000.0,25134000.0,0.0,34.678,1338706000.0
7,TTWO,MRQ,2019-09-30,2019-09-30,2019-09-30,2021-08-03,-54462000.0,4815111000.0,,3388333000.0,1426778000.0,,19.277,-15561000.0,1430403000.0,1430403000.0,468248000.0,71815000.0,1.479,1.207,141062000.0,22273000.0,118789000.0,141062000.0,927191000.0,53910000.0,0.0,0.0,0.0,74820000.0,128730000.0,0.15,128730000.0,74820000.0,82874000.0,0.63,0.63,0.63,2181763000.0,,2181763000.0,12720670430.0,54.0,22.808,20062000.0,0.177,1.0,389593000.0,0.454,1034887000.0,-8054000.0,200655000.0,,39293000.0,742613000.0,742613000.0,0.0,2633348000.0,2290228000.0,343120000.0,14185743430.0,-181592000.0,0.0,0.0,0.0,0.0,-9360000.0,-202993000.0,-187432000.0,35623000.0,-4862000.0,71815000.0,71815000.0,71815000.0,0.0,0.0,0.084,314773000.0,74820000.0,114946000.0,0.0,6.502,39.974,39.917,248481000.0,0.0,125.34,4.452,4.452,858597000.0,995721000.0,857841000.0,857841000.0,76197000.0,,,,,55767000.0,226225000.0,1.0,113178103.0,113178103,,7.58,3780224000.0,110167000.0,11059000.0,0.0,33.401,1098105000.0
8,TTWO,MRQ,2019-06-30,2019-06-30,2019-06-30,2021-08-03,-43988000.0,4366222000.0,,2821079000.0,1545143000.0,,18.538,-9971000.0,1611995000.0,1611995000.0,241469000.0,46280000.0,1.453,1.093,146922000.0,21794000.0,125128000.0,146922000.0,848182000.0,41632000.0,0.0,0.0,0.0,51730000.0,93362000.0,0.173,93362000.0,51730000.0,62155000.0,0.41,0.41,0.41,2086327000.0,,2086327000.0,11384850609.0,61.0,23.816,98564000.0,0.876,1.0,298990000.0,0.553,1111079000.0,-10425000.0,-151936000.0,,23847000.0,557653000.0,557653000.0,0.0,2279895000.0,1942006000.0,337889000.0,12776836609.0,220009000.0,-8715000.0,0.0,0.0,0.0,-52118000.0,166793000.0,185479000.0,108535000.0,-3201000.0,46280000.0,46280000.0,46280000.0,0.0,0.0,0.086,247260000.0,51730000.0,55379000.0,0.0,6.124,41.426,41.586,251252000.0,0.0,113.53,4.529,4.529,352625000.0,923906000.0,540459000.0,540459000.0,68963000.0,,,,,57432000.0,166654000.0,1.0,112541501.0,112541501,,4.802,3255143000.0,108979000.0,15875000.0,0.0,28.924,879073000.0
9,TTWO,MRQ,2019-03-31,2019-03-31,2019-03-31,2021-08-03,-37189000.0,4243065000.0,,2827835000.0,1415230000.0,,18.032,-23323000.0,1391986000.0,1391986000.0,258914000.0,56830000.0,1.449,1.079,0.0,0.0,0.0,0.0,864360000.0,75890000.0,0.0,0.0,0.0,58062000.0,133952000.0,0.249,133952000.0,58062000.0,64528000.0,0.51,0.49,0.51,2040580000.0,,2040580000.0,9383597089.0,45.0,19.902,429993000.0,3.8,1.0,280093000.0,0.52,1087148000.0,-6466000.0,-187863000.0,,28200000.0,744485000.0,744485000.0,0.0,2202485000.0,1951794000.0,250691000.0,10679092089.0,96491000.0,-25000000.0,-100000000.0,0.0,0.0,-115456000.0,-245854000.0,-197531000.0,453316000.0,4485000.0,56830000.0,56830000.0,56830000.0,0.0,0.0,0.105,222031000.0,58062000.0,72797000.0,0.0,5.233,31.989,31.99,127882000.0,0.0,94.37,4.002,4.002,395729000.0,877626000.0,539007000.0,539007000.0,56588000.0,,,,,69091000.0,153148000.0,1.0,113161938.0,113161938,,4.763,3155917000.0,134732000.0,7698000.0,0.0,27.889,876041000.0
10,TTWO,MRQ,2018-12-31,2018-12-31,2018-12-31,2021-08-03,-50954000.0,4387160000.0,,2974773000.0,1412387000.0,,17.805,-14502000.0,1295495000.0,1295495000.0,898484000.0,179948000.0,1.417,1.164,0.0,0.0,0.0,0.0,887548000.0,149914000.0,0.0,0.0,0.0,51779000.0,201693000.0,0.162,201693000.0,51779000.0,59850000.0,1.59,1.57,1.59,2027467000.0,,2027467000.0,10888897400.0,46.0,22.46,581732000.0,5.109,1.0,350254000.0,0.28,1094052000.0,-8071000.0,-101745000.0,,39786000.0,545734000.0,545734000.0,0.0,2359693000.0,2099358000.0,260335000.0,11721991400.0,462401000.0,0.0,-108892000.0,0.0,0.0,-130762000.0,2589000.0,17091000.0,596234000.0,-5660000.0,179948000.0,179948000.0,179948000.0,0.0,0.0,0.144,298475000.0,51779000.0,74615000.0,0.0,5.782,31.865,31.674,114672000.0,0.0,102.94,4.544,4.544,823482000.0,820796000.0,1248738000.0,1248738000.0,62305000.0,,,,,123668000.0,231960000.0,1.0,113872075.0,113872075,,10.966,3293108000.0,146216000.0,-120098000.0,0.0,28.919,875415000.0
11,TTWO,MRQ,2018-09-30,2018-09-30,2018-09-30,2021-08-03,-37199000.0,3655189000.0,,2191736000.0,1463453000.0,,17.082,-14855000.0,833094000.0,833094000.0,234880000.0,25367000.0,1.471,0.88,0.0,0.0,0.0,0.0,574431000.0,23034000.0,0.0,0.0,0.0,25986000.0,49020000.0,0.099,49020000.0,25986000.0,30961000.0,0.22,0.22,0.22,1944439000.0,,1944439000.0,14738203664.0,76.0,45.598,-209707000.0,-1.842,1.0,257787000.0,0.523,1308166000.0,-4975000.0,24140000.0,,40541000.0,562952000.0,562952000.0,0.0,1710750000.0,1489789000.0,220961000.0,15707155664.0,-141090000.0,0.0,0.0,0.0,0.0,-5564000.0,59687000.0,74542000.0,-194852000.0,-361000.0,25367000.0,25367000.0,25367000.0,0.0,0.0,0.051,231801000.0,25986000.0,77298000.0,0.0,8.078,73.724,73.399,110900000.0,0.0,137.99,8.67,8.67,534633000.0,640849000.0,492667000.0,492667000.0,60565000.0,,,,,30343000.0,161485000.0,1.0,113828217.0,113828217,,4.328,2347023000.0,0.0,5594000.0,0.0,20.619,701947000.0
12,TTWO,MRQ,2018-06-30,2018-06-30,2018-06-30,2021-08-03,-41015000.0,3456004000.0,,2074347000.0,1381657000.0,,16.193,-14289000.0,974184000.0,974184000.0,131365000.0,71693000.0,1.491,0.866,5232000.0,0.0,5232000.0,5232000.0,466429000.0,15988000.0,0.0,0.0,0.0,70846000.0,86834000.0,0.224,86834000.0,70846000.0,77447000.0,0.63,0.62,0.63,1852205000.0,,1852205000.0,12299669297.0,79.0,42.243,-25472000.0,-0.223,1.0,256617000.0,0.661,1211828000.0,-6601000.0,-115992000.0,,10642000.0,637456000.0,637456000.0,0.0,1603799000.0,1391216000.0,212583000.0,13537972297.0,-272187000.0,-3149000.0,-153500000.0,0.0,0.0,-211903000.0,-39998000.0,-22560000.0,-11183000.0,-9103000.0,71693000.0,71693000.0,71693000.0,0.0,0.0,0.185,185771000.0,70846000.0,33767000.0,0.0,7.309,73.198,72.613,105852000.0,0.0,118.36,7.68,7.68,239736000.0,615482000.0,387982000.0,387982000.0,50712000.0,,,,,24598000.0,126041000.0,1.0,114379624.0,114379624,,3.392,2244176000.0,0.0,5754000.0,0.0,19.62,683131000.0
13,TTWO,MRQ,2018-03-31,2018-03-31,2018-03-31,2021-08-03,-15732000.0,3737841000.0,,2409177000.0,1328664000.0,,13.016,-14079000.0,1246371000.0,1246371000.0,189211000.0,90853000.0,1.395,1.51,8068000.0,0.0,8068000.0,8068000.0,1132741000.0,59451000.0,0.0,0.0,0.0,87825000.0,147276000.0,0.327,147276000.0,87825000.0,91276000.0,0.81,0.8,0.81,1488970000.0,,1488970000.0,10050441503.0,74.0,35.831,238375000.0,2.084,1.0,261063000.0,0.58,1175864000.0,-3451000.0,-403255000.0,,15162000.0,615406000.0,615406000.0,0.0,2248871000.0,1726929000.0,521942000.0,11185864503.0,97110000.0,0.0,-44656000.0,0.0,0.0,-76401000.0,-89312000.0,-75233000.0,252454000.0,10369000.0,90853000.0,90853000.0,90853000.0,0.0,0.0,0.202,173238000.0,87825000.0,35029000.0,0.0,7.512,64.46,62.28,102478000.0,0.0,97.78,6.239,6.239,247649000.0,73516000.0,450274000.0,450274000.0,54128000.0,,,,,20238000.0,107901000.0,1.0,114398287.0,114398287,,3.936,2561977000.0,4930000.0,423000.0,0.0,22.395,682248000.0
14,TTWO,MRQ,2017-12-31,2017-12-31,2017-12-31,2021-08-03,-31095000.0,3682610000.0,,2447724000.0,1234886000.0,,12.282,-14761000.0,1149261000.0,1149261000.0,267983000.0,25140000.0,1.181,1.629,13838000.0,0.0,13838000.0,13838000.0,1163275000.0,31237000.0,0.0,0.0,0.0,8852000.0,40089000.0,0.083,40089000.0,8852000.0,12226000.0,0.22,0.21,0.22,1400820000.0,,1400820000.0,11354388793.0,71.0,32.281,93960000.0,0.824,1.0,212857000.0,0.443,1124075000.0,-3374000.0,-649005000.0,,30857000.0,547329000.0,547329000.0,0.0,2281790000.0,2072117000.0,209673000.0,12520746793.0,-69466000.0,-9401000.0,-110136000.0,0.0,0.0,-118941000.0,-61040000.0,-36878000.0,108721000.0,1794000.0,25140000.0,25140000.0,25140000.0,0.0,0.0,0.052,204005000.0,8852000.0,45998000.0,0.0,8.938,68.81,59.022,96570000.0,0.0,109.78,6.541,6.541,425931000.0,-17311000.0,480840000.0,480840000.0,49977000.0,,,,,13028000.0,145464000.0,1.0,114053077.0,114053077,,4.216,2558535000.0,0.0,-12914000.0,0.0,22.433,375607000.0
15,TTWO,MRQ,2017-09-30,2017-09-30,2017-09-30,2021-08-03,-28472000.0,3696380000.0,,2455515000.0,1240865000.0,,13.822,-16625000.0,1218727000.0,1218727000.0,246548000.0,-2736000.0,1.327,1.51,52369000.0,0.0,52369000.0,52369000.0,989196000.0,28282000.0,0.0,0.0,0.0,-11319000.0,16963000.0,0.038,16963000.0,-11319000.0,-14288000.0,-0.03,-0.03,-0.03,1472446000.0,,1472446000.0,9868754425.0,81.0,27.624,65837000.0,0.618,1.0,197014000.0,0.444,1134945000.0,2969000.0,-455427000.0,,36431000.0,513516000.0,513516000.0,0.0,2223934000.0,1850504000.0,373430000.0,10890338425.0,-15721000.0,-584000.0,0.0,0.0,0.0,-28436000.0,-76060000.0,-58851000.0,82462000.0,6313000.0,-2736000.0,-2736000.0,-2736000.0,0.0,0.0,-0.006,208333000.0,-11319000.0,75810000.0,0.0,7.396,85.766,78.038,86689000.0,0.0,102.23,5.702,5.702,429019000.0,-42451000.0,443562000.0,443562000.0,49999000.0,,,,,59012000.0,137738000.0,1.0,106527814.0,106527814,,4.164,2561435000.0,0.0,-11552000.0,0.0,24.045,605011000.0
16,TTWO,MRQ,2017-06-30,2017-06-30,2017-06-30,2021-08-03,-37582000.0,3219570000.0,,2113136000.0,1106434000.0,,10.591,-16092000.0,1234448000.0,1234448000.0,194569000.0,60276000.0,1.441,1.928,212864000.0,0.0,212864000.0,212864000.0,850965000.0,25949000.0,0.0,0.0,0.0,50219000.0,76168000.0,0.182,76168000.0,50219000.0,47411000.0,0.57,0.56,0.57,1099755000.0,,1099755000.0,6590266355.0,37.0,15.789,33798000.0,0.325,1.0,223647000.0,0.535,986010000.0,2808000.0,-254082000.0,,11636000.0,452949000.0,452949000.0,0.0,2119815000.0,1466058000.0,653757000.0,7619551355.0,-46766000.0,-25381000.0,0.0,0.0,0.0,-57689000.0,-45415000.0,-3942000.0,49890000.0,6448000.0,60276000.0,60276000.0,60276000.0,0.0,0.0,0.144,173428000.0,50219000.0,36934000.0,0.0,6.928,45.861,41.693,76613000.0,0.0,73.38,4.039,4.039,229197000.0,-39648000.0,418216000.0,418216000.0,42269000.0,,,,,24071000.0,112817000.0,1.0,103836895.0,103836895,,4.028,2233560000.0,0.0,-12865000.0,0.0,21.51,647078000.0
17,TTWO,MRQ,2017-03-31,2017-03-31,2017-03-31,2021-08-03,-47142000.0,3149154000.0,,2195242000.0,953912000.0,,9.898,-6798000.0,1281214000.0,1281214000.0,314900000.0,99280000.0,1.302,2.137,251929000.0,0.0,251929000.0,251929000.0,913531000.0,107008000.0,0.0,0.0,0.0,111503000.0,218511000.0,0.382,218511000.0,111503000.0,111111000.0,1.1,1.09,1.1,1003728000.0,,1003728000.0,4951487435.0,53.0,14.066,161503000.0,1.593,1.0,256656000.0,0.449,893008000.0,392000.0,-459031000.0,,16323000.0,448932000.0,448932000.0,0.0,2145426000.0,1685892000.0,459534000.0,6010582435.0,-19385000.0,-129919000.0,0.0,0.0,0.0,-14537000.0,-177217000.0,-40500000.0,168301000.0,4068000.0,99280000.0,99280000.0,99280000.0,0.0,0.0,0.174,145153000.0,111503000.0,31892000.0,0.0,5.988,89.306,81.192,67300000.0,0.0,59.27,3.377,3.377,219558000.0,-99694000.0,571556000.0,571556000.0,36421000.0,,,,,26458000.0,100354000.0,1.0,101410198.0,101410198,,5.636,2256146000.0,0.0,11831000.0,0.0,22.248,509350000.0
18,TTWO,MRQ,2016-12-31,2016-12-31,2016-12-31,2021-08-03,-48175000.0,3089099000.0,,2451176000.0,637923000.0,,9.484,-6086000.0,1317971000.0,1317971000.0,311074000.0,-29842000.0,1.315,2.763,258876000.0,0.0,258876000.0,258876000.0,1084648000.0,74020000.0,0.0,0.0,0.0,-28409000.0,45611000.0,0.096,45611000.0,-28409000.0,-32124000.0,-0.33,-0.33,-0.33,820921000.0,,820921000.0,3640082025.0,128.0,15.188,284325000.0,3.285,1.0,165399000.0,0.347,670035000.0,3715000.0,-503848000.0,,26665000.0,404523000.0,404523000.0,0.0,2268178000.0,1863817000.0,404361000.0,4266558025.0,269427000.0,-750000.0,0.0,0.0,0.0,-5757000.0,-7671000.0,-835000.0,290411000.0,-7556000.0,-29842000.0,-29842000.0,-29842000.0,0.0,0.0,-0.063,193808000.0,-28409000.0,54248000.0,0.0,5.197,295.837,259.421,65799000.0,0.0,49.29,2.691,2.691,327430000.0,-198974000.0,476473000.0,476473000.0,37589000.0,,,,,22088000.0,148759000.0,1.0,86560317.0,86560317,,5.505,2419064000.0,0.0,-2282000.0,0.0,27.947,587359000.0
19,TTWO,MRQ,2016-09-30,2016-09-30,2016-09-30,2021-08-03,-42871000.0,2979080000.0,,2370770000.0,608310000.0,,6.775,-4053000.0,1138112000.0,1138112000.0,205605000.0,36432000.0,1.379,4.112,511636000.0,0.0,511636000.0,511636000.0,876150000.0,29916000.0,0.0,0.0,0.0,47194000.0,77110000.0,0.184,77110000.0,47194000.0,40116000.0,0.42,0.39,0.42,582753000.0,,582753000.0,3267123265.0,-1374.0,17.685,-7614000.0,-0.089,1.0,214562000.0,0.511,699236000.0,7078000.0,-65866000.0,,77561000.0,404591000.0,404591000.0,0.0,2396327000.0,1719234000.0,677093000.0,3877570265.0,-26325000.0,0.0,0.0,0.0,0.0,-5199000.0,-17027000.0,-12974000.0,-3561000.0,-538000.0,36432000.0,36432000.0,36432000.0,0.0,0.0,0.087,167368000.0,47194000.0,144756000.0,0.0,6.654,2094.852,4508.0,68531000.0,0.0,45.08,2.546,2.546,381587000.0,-169132000.0,420167000.0,420167000.0,30005000.0,,,,,18233000.0,129872000.0,1.0,86015312.0,86015312,,4.885,2279844000.0,0.0,3684000.0,0.0,26.505,651536000.0
20,TTWO,MRQ,2016-06-30,2016-06-30,2016-06-30,2021-08-03,-41319000.0,2538727000.0,,1977672000.0,561055000.0,,6.289,-4230000.0,1114832000.0,1114832000.0,191380000.0,-38567000.0,1.568,3.758,504385000.0,0.0,504385000.0,504385000.0,758323000.0,48412000.0,0.0,0.0,0.0,-37633000.0,10779000.0,0.035,10779000.0,-37633000.0,-42139000.0,-0.46,-0.46,-0.46,533540000.0,,533540000.0,2654933792.0,157.0,13.372,-51478000.0,-0.607,1.0,120172000.0,0.386,634721000.0,4506000.0,31932000.0,,12734000.0,392489000.0,392489000.0,0.0,2005187000.0,1261627000.0,743560000.0,3216909792.0,-2414000.0,0.0,0.0,0.0,0.0,-24279000.0,72885000.0,77115000.0,-47248000.0,-3772000.0,-38567000.0,-38567000.0,-38567000.0,0.0,0.0,-0.124,159155000.0,-38983000.0,37781000.0,0.0,6.029,159.616,172.364,72414000.0,0.0,37.92,2.219,2.219,141150000.0,-205564000.0,311552000.0,311552000.0,33900000.0,,,,,15100000.0,117877000.0,1.0,84834119.0,84834119,,3.672,1904006000.0,0.0,-3572000.0,0.0,22.444,716045000.0
21,TTWO,MRQ,2016-03-31,2016-03-31,2016-03-31,2021-08-03,-37896000.0,2590277000.0,,2045276000.0,545001000.0,,6.855,-8701000.0,1059911000.0,1059911000.0,209457000.0,46399000.0,1.676,3.455,497935000.0,0.0,497935000.0,497935000.0,798803000.0,58914000.0,0.0,0.0,0.0,47258000.0,106172000.0,0.281,106172000.0,47258000.0,41001000.0,0.56,0.56,0.56,581385000.0,,581385000.0,2647134947.0,-325.0,17.047,63781000.0,0.752,1.0,167749000.0,0.445,614907000.0,6257000.0,192983000.0,,15888000.0,470820000.0,470820000.0,0.0,2008892000.0,1220411000.0,788481000.0,3194888947.0,-36499000.0,0.0,0.0,0.0,0.0,-8498000.0,-99619000.0,-90569000.0,72482000.0,-864000.0,46399000.0,46399000.0,46399000.0,0.0,0.0,0.123,123174000.0,44575000.0,30448000.0,0.0,5.495,-384.834,-376.7,77127000.0,0.0,37.67,2.26,2.26,168527000.0,-166997000.0,377206000.0,377206000.0,33308000.0,,,,,15852000.0,82415000.0,1.0,84812555.0,84812555,,4.448,1975370000.0,0.0,-5398000.0,0.0,23.291,824865000.0
22,TTWO,MRQ,2015-12-31,2015-12-31,2015-12-31,2021-08-03,-34735000.0,2585009000.0,,2106308000.0,478701000.0,,6.227,-2786000.0,1039330000.0,1039330000.0,257861000.0,-42413000.0,1.448,3.905,491576000.0,0.0,491576000.0,491576000.0,831643000.0,49871000.0,0.0,0.0,0.0,-59197000.0,-9326000.0,-0.023,-9326000.0,-59197000.0,-67215000.0,-0.51,-0.51,-0.51,526974000.0,,526974000.0,2508906521.0,-8.0,-17.469,166023000.0,1.962,1.0,156360000.0,0.377,603308000.0,8018000.0,-21027000.0,,20207000.0,379440000.0,379440000.0,0.0,2058035000.0,1454974000.0,603061000.0,2948244521.0,123528000.0,0.0,0.0,0.0,0.0,-12140000.0,-31716000.0,-28930000.0,168809000.0,-1425000.0,-42413000.0,-42413000.0,-42413000.0,0.0,0.0,-0.102,215557000.0,-59197000.0,59603000.0,0.0,5.595,-9.91,-9.391,76661000.0,0.0,34.84,2.206,2.206,263690000.0,-213396000.0,414221000.0,414221000.0,27944000.0,,,,,18738000.0,108907000.0,1.0,84622403.0,84622403,,4.895,1981701000.0,0.0,-24802000.0,0.0,23.418,651334000.0
23,TTWO,MRQ,2015-09-30,2015-09-30,2015-09-30,2021-08-03,-29349000.0,2416499000.0,,1964608000.0,451891000.0,,6.605,-7024000.0,926939000.0,926939000.0,143940000.0,54735000.0,1.618,3.284,487601000.0,0.0,487601000.0,487601000.0,762133000.0,24482000.0,0.0,0.0,0.0,66431000.0,90913000.0,0.262,90913000.0,66431000.0,58035000.0,0.63,0.55,0.63,564065000.0,,564065000.0,1889649239.0,-11.0,123.539,-92492000.0,-1.083,1.0,203034000.0,0.585,591608000.0,8396000.0,171668000.0,,24020000.0,352961000.0,352961000.0,0.0,1852434000.0,1213885000.0,638549000.0,2453642239.0,-104071000.0,0.0,-26552000.0,0.0,0.0,-28934000.0,13077000.0,20101000.0,-85468000.0,-2746000.0,54735000.0,54735000.0,54735000.0,0.0,0.0,0.158,136603000.0,66431000.0,69138000.0,0.0,4.35,-11.413,-10.485,81694000.0,0.0,28.73,1.688,1.688,240859000.0,-170983000.0,346974000.0,346974000.0,24413000.0,,,,,16320000.0,104837000.0,1.0,85403489.0,85403489,,4.063,1824891000.0,0.0,3300000.0,0.0,21.368,750723000.0
24,TTWO,MRQ,2015-06-30,2015-06-30,2015-06-30,2021-08-03,-21563000.0,2352604000.0,,1907976000.0,444628000.0,,6.227,-18769000.0,1045777000.0,1045777000.0,202615000.0,-67023000.0,1.725,3.466,481784000.0,0.0,481784000.0,481784000.0,745167000.0,30165000.0,0.0,0.0,0.0,-62637000.0,-32472000.0,-0.118,-32472000.0,-62637000.0,-70171000.0,-0.81,-0.81,-0.81,526839000.0,,526839000.0,1727941592.0,-6.0,-17.788,86713000.0,1.025,1.0,72682000.0,0.264,534193000.0,7534000.0,148118000.0,,12453000.0,375013000.0,375013000.0,0.0,1825765000.0,1106300000.0,719465000.0,2332682592.0,-95336000.0,0.0,0.0,0.0,0.0,1525000.0,-206258000.0,-187489000.0,105482000.0,3915000.0,-67023000.0,-67023000.0,-67023000.0,0.0,0.0,-0.243,135319000.0,-62637000.0,29531000.0,0.0,4.428,-7.498,-7.106,83089000.0,0.0,27.57,1.892,1.892,130915000.0,-225718000.0,275297000.0,275297000.0,34142000.0,,,,,19086000.0,94602000.0,1.0,84609452.0,84609452,,3.254,1818411000.0,0.0,-3148000.0,0.0,21.492,801676000.0
25,TTWO,MRQ,2015-03-31,2015-03-31,2015-03-31,2021-08-03,-30624000.0,2228073000.0,,1779859000.0,448214000.0,,6.674,-12922000.0,1080798000.0,1080798000.0,410682000.0,-242791000.0,1.842,2.957,473030000.0,0.0,473030000.0,473030000.0,647351000.0,49619000.0,0.0,0.0,0.0,-242353000.0,-192734000.0,-0.642,-192734000.0,-242353000.0,-249557000.0,-3.02,-3.02,-3.02,563088000.0,,563088000.0,1689692778.0,-7.0,-19.539,139366000.0,1.652,1.0,-110593000.0,-0.369,509771000.0,7204000.0,144274000.0,,20051000.0,186929000.0,186929000.0,0.0,1664985000.0,966260000.0,698725000.0,2148025778.0,13668000.0,0.0,0.0,0.0,0.0,-9424000.0,-120861000.0,-107939000.0,152288000.0,-8335000.0,-242791000.0,-242791000.0,-242791000.0,0.0,0.0,-0.809,131760000.0,-242353000.0,38789000.0,0.0,3.815,-7.686,-7.316,69792000.0,0.0,25.46,1.984,1.984,217860000.0,-158695000.0,300089000.0,300089000.0,35157000.0,,,,,12772000.0,90669000.0,1.0,84368648.0,84368648,,3.557,1718302000.0,0.0,-6766000.0,0.0,20.367,813599000.0
26,TTWO,MRQ,2014-12-31,2014-12-31,2014-12-31,2021-08-03,-17543000.0,2253818000.0,,1806013000.0,447805000.0,,9.693,-13525000.0,928753000.0,928753000.0,278013000.0,40093000.0,2.554,1.764,470420000.0,0.0,470420000.0,470420000.0,535946000.0,85477000.0,0.0,0.0,0.0,64112000.0,149589000.0,0.282,149589000.0,64112000.0,54654000.0,0.46,0.42,0.46,815389000.0,,815389000.0,1990888366.0,-90.0,20.012,178823000.0,2.126,1.0,253134000.0,0.477,520646000.0,9458000.0,567734000.0,,24617000.0,79140000.0,79140000.0,0.0,1438429000.0,707105000.0,731324000.0,2357990366.0,143042000.0,0.0,0.0,0.0,0.0,5509000.0,-48611000.0,-35086000.0,192348000.0,-6204000.0,40093000.0,40093000.0,40093000.0,0.0,0.0,0.075,187522000.0,65612000.0,113240000.0,0.0,2.892,-34.951,-38.397,63436000.0,0.0,28.03,2.411,2.411,435709000.0,84096000.0,531147000.0,531147000.0,31221000.0,,,,,28628000.0,150456000.0,1.0,84123809.0,84123809,,6.314,1733172000.0,0.0,14561000.0,0.0,20.603,1098908000.0
27,TTWO,MRQ,2014-09-30,2014-09-30,2014-09-30,2021-08-03,-5417000.0,1665212000.0,,1266777000.0,398435000.0,,9.045,-14662000.0,831973000.0,831973000.0,52016000.0,-41369000.0,3.341,1.206,464871000.0,0.0,464871000.0,464871000.0,107960000.0,8011000.0,0.0,0.0,0.0,-29537000.0,-21526000.0,-0.17,-21526000.0,-29537000.0,-37049000.0,-0.51,-0.51,-0.51,755009000.0,,755009000.0,1501154797.0,3.0,2.063,-58968000.0,-0.706,1.0,74261000.0,0.588,555870000.0,7512000.0,363098000.0,,55948000.0,49367000.0,49367000.0,0.0,910203000.0,379142000.0,531061000.0,1925662797.0,-67590000.0,0.0,0.0,0.0,0.0,4843000.0,-22862000.0,-8200000.0,-44306000.0,-5265000.0,-41369000.0,-41369000.0,-41369000.0,0.0,0.0,-0.328,122774000.0,-48513000.0,85116000.0,0.0,2.551,4.09,4.919,56214000.0,0.0,23.07,0.833,0.833,25427000.0,44003000.0,126277000.0,126277000.0,24533000.0,,,,,13867000.0,93111000.0,1.0,83470429.0,83470429,,1.513,1109342000.0,0.0,4320000.0,0.0,13.29,887635000.0
28,TTWO,MRQ,2014-06-30,2014-06-30,2014-06-30,2021-08-03,6093000.0,1607736000.0,,1234352000.0,373384000.0,,7.912,-8392000.0,883916000.0,883916000.0,54156000.0,-35403000.0,4.327,1.053,459408000.0,0.0,459408000.0,459408000.0,87371000.0,11403000.0,0.0,0.0,0.0,-33209000.0,-21806000.0,-0.174,-21806000.0,-33209000.0,-40928000.0,-0.45,-0.45,-0.45,783037000.0,,783037000.0,1525888269.0,4.0,2.271,-95908000.0,-0.969,1.0,71269000.0,0.568,497794000.0,7719000.0,400165000.0,,23147000.0,19369000.0,19369000.0,0.0,824699000.0,285269000.0,539430000.0,2201096269.0,-113400000.0,0.0,0.0,0.0,0.0,0.0,-27807000.0,-19415000.0,-87516000.0,1923000.0,-35403000.0,-35403000.0,-35403000.0,0.0,0.0,-0.282,104478000.0,-33209000.0,22575000.0,0.0,2.811,5.671,5.853,47011000.0,0.0,22.24,0.943,0.943,43165000.0,85372000.0,125425000.0,125425000.0,24132000.0,,,,,9979000.0,76198000.0,1.0,98970156.0,98970156,,1.267,1109942000.0,0.0,-5525000.0,0.0,11.215,949083000.0
29,TTWO,MRQ,2014-03-31,2014-03-31,2014-03-31,2021-08-03,2116000.0,1799630000.0,,1399440000.0,400190000.0,,8.181,-6358000.0,1129239000.0,1129239000.0,108288000.0,-30787000.0,2.947,1.244,454031000.0,0.0,454031000.0,454031000.0,79323000.0,16826000.0,0.0,0.0,0.0,-23597000.0,-6771000.0,-0.035,-6771000.0,-23597000.0,-31132000.0,-0.23,-0.09,-0.23,801806000.0,,801806000.0,1626005467.0,4.0,2.362,-36889000.0,-0.376,1.0,86920000.0,0.445,457527000.0,7535000.0,192075000.0,,29780000.0,0.0,0.0,0.0,997824000.0,474820000.0,523004000.0,2149438467.0,-36770000.0,1000000.0,0.0,0.0,0.0,0.0,-6358000.0,0.0,-30531000.0,119000.0,-30787000.0,-30787000.0,-30787000.0,13000.0,0.0,-0.158,110504000.0,-23584000.0,16452000.0,0.0,2.681,5.944,5.786,42572000.0,0.0,21.93,0.914,0.914,53143000.0,120775000.0,195208000.0,195208000.0,28632000.0,,,,,20524000.0,78350000.0,1.0,98013610.0,98013610,,1.992,1342103000.0,0.0,-345000.0,0.0,13.693,924620000.0
30,TTWO,MRQ,2013-12-31,2013-12-31,2013-12-31,2021-08-03,2215000.0,1985351000.0,,1545656000.0,439695000.0,,8.465,-8003000.0,972170000.0,972170000.0,1119734000.0,578426000.0,2.229,1.415,448737000.0,0.0,448737000.0,448737000.0,51366000.0,171481000.0,0.0,0.0,0.0,606277000.0,777758000.0,0.417,777758000.0,606277000.0,600328000.0,5.88,4.69,5.88,821999000.0,,821999000.0,1468256993.0,3.0,1.902,587669000.0,6.052,1.0,744135000.0,0.399,425974000.0,5949000.0,342464000.0,,45035000.0,0.0,0.0,0.0,1163352000.0,693480000.0,469872000.0,1686653993.0,310247000.0,-1000000.0,-276836000.0,0.0,0.0,-276836000.0,-9003000.0,0.0,595672000.0,414000.0,578426000.0,578426000.0,578426000.0,18000.0,0.0,0.31,137840000.0,606295000.0,42850000.0,0.0,2.052,4.066,4.3,38768000.0,0.0,17.37,0.687,0.687,189519000.0,151562000.0,1863869000.0,1863869000.0,29233000.0,,,,,36328000.0,105194000.0,1.0,97101554.0,97101554,,19.195,1559377000.0,0.0,21902000.0,0.0,16.059,852176000.0
31,TTWO,MRQ,2013-09-30,2013-09-30,2013-09-30,2021-08-03,2622000.0,2701314000.0,,2251267000.0,450047000.0,,5.371,-7458000.0,661923000.0,661923000.0,92463000.0,-124120000.0,1.295,4.415,443526000.0,0.0,443526000.0,443526000.0,1154419000.0,44290000.0,0.0,0.0,0.0,-121558000.0,-77268000.0,-0.519,-77268000.0,-121558000.0,-132305000.0,-1.4,-1.4,-1.4,498862000.0,,498862000.0,1577995481.0,-27.0,12.618,120462000.0,1.297,1.0,56361000.0,0.379,466788000.0,10747000.0,277923000.0,,84033000.0,0.0,0.0,0.0,2202452000.0,1738206000.0,464246000.0,1687617481.0,15608000.0,0.0,0.0,-127018000.0,0.0,-101055000.0,-7458000.0,0.0,127920000.0,-3799000.0,-124120000.0,-124120000.0,-124120000.0,25000.0,0.0,-0.834,174252000.0,-117891000.0,287672000.0,0.0,3.383,-18.305,-16.824,34271000.0,0.0,18.17,1.676,1.676,1011391000.0,-426864000.0,148824000.0,148824000.0,26520000.0,,,,,15319000.0,144365000.0,1.0,92879333.0,92879333,,1.602,2234526000.0,0.0,-8185000.0,0.0,24.058,513061000.0
32,TTWO,MRQ,2013-06-30,2013-06-30,2013-06-30,2021-08-03,-5560000.0,1448105000.0,,1020177000.0,427928000.0,,6.607,-7994000.0,646315000.0,646315000.0,93842000.0,-61914000.0,2.451,1.386,536693000.0,127768000.0,408925000.0,536693000.0,27983000.0,46295000.0,0.0,0.0,0.0,-49594000.0,-3299000.0,-0.023,-3299000.0,-49594000.0,-60827000.0,-0.71,-0.71,-0.71,606981000.0,,606981000.0,1307994110.0,22.0,5.281,-793000.0,-0.009,1.0,48825000.0,0.342,528525000.0,11233000.0,393671000.0,,27852000.0,0.0,0.0,0.0,841124000.0,416287000.0,424837000.0,1375294110.0,243813000.0,0.0,0.0,244207000.0,0.0,244207000.0,-7994000.0,0.0,7201000.0,399000.0,-61914000.0,-61914000.0,-61914000.0,30000.0,0.0,-0.434,98389000.0,-49564000.0,25382000.0,0.0,2.266,70.771,88.059,30285000.0,0.0,14.97,1.216,1.216,35202000.0,-302744000.0,142667000.0,142667000.0,20871000.0,,,,,5947000.0,74461000.0,1.0,91870014.0,91870014,,1.553,919580000.0,0.0,1087000.0,0.0,10.01,603890000.0
33,TTWO,MRQ,2013-03-31,2013-03-31,2013-03-31,2021-08-03,-4572000.0,1277839000.0,,866152000.0,411687000.0,,6.416,-4503000.0,409991000.0,409991000.0,154320000.0,22473000.0,2.57,1.173,335202000.0,0.0,335202000.0,335202000.0,26919000.0,44235000.0,0.0,0.0,0.0,30365000.0,74600000.0,0.249,74600000.0,30365000.0,22576000.0,0.27,0.27,0.27,587995000.0,,587995000.0,1361615764.0,197.0,5.484,-50532000.0,-0.551,1.0,145167000.0,0.485,529015000.0,7789000.0,337036000.0,,30218000.0,0.0,0.0,0.0,689844000.0,336999000.0,352845000.0,1480027764.0,-46221000.0,0.0,0.0,0.0,0.0,0.0,-4503000.0,0.0,-46029000.0,4311000.0,22473000.0,22473000.0,22473000.0,-1303000.0,0.0,0.075,116105000.0,29062000.0,79932000.0,0.0,2.517,-50.186,-47.5,25362000.0,0.0,16.15,1.219,1.219,189596000.0,-240830000.0,299487000.0,299487000.0,21183000.0,,,,,12987000.0,92116000.0,1.0,91642586.0,91642586,,3.268,748824000.0,0.0,103000.0,0.0,8.171,529153000.0
34,TTWO,MRQ,2012-12-31,2012-12-31,2012-12-31,2021-08-03,7309000.0,1189781000.0,,817890000.0,371891000.0,,6.224,-4296000.0,448723000.0,448723000.0,216299000.0,71365000.0,2.908,1.107,330311000.0,0.0,330311000.0,330311000.0,26348000.0,49542000.0,0.0,0.0,0.0,81480000.0,131022000.0,0.315,131022000.0,81480000.0,73386000.0,0.76,0.66,0.76,564814000.0,,564814000.0,996447358.0,-12.0,6.733,119484000.0,1.317,1.0,199474000.0,0.48,512227000.0,8094000.0,277925000.0,,29687000.0,0.0,0.0,0.0,624967000.0,281217000.0,343750000.0,999192358.0,120439000.0,0.0,0.0,0.0,0.0,0.0,-4296000.0,0.0,123780000.0,955000.0,71365000.0,71365000.0,71365000.0,-488000.0,0.0,0.172,118482000.0,80992000.0,42263000.0,0.0,1.769,-8.411,-7.389,23701000.0,0.0,11.01,0.94,0.94,94241000.0,-263303000.0,415773000.0,415773000.0,22369000.0,,,,,8681000.0,93604000.0,1.0,90753166.0,90753166,,4.581,677554000.0,0.0,2021000.0,0.0,7.466,536673000.0
35,TTWO,MRQ,2012-09-30,2012-09-30,2012-09-30,2021-08-03,7220000.0,1164745000.0,,797943000.0,366802000.0,,5.374,-4731000.0,328284000.0,328284000.0,158487000.0,-12491000.0,2.368,1.404,325539000.0,0.0,325539000.0,325539000.0,38284000.0,49348000.0,0.0,0.0,0.0,-3987000.0,45361000.0,0.166,45361000.0,-3987000.0,-11406000.0,-0.15,-0.15,-0.15,484509000.0,,484509000.0,895105042.0,-6.0,12.296,-34533000.0,-0.383,1.0,114597000.0,0.42,521117000.0,7419000.0,303952000.0,,60568000.0,0.0,0.0,0.0,680236000.0,336931000.0,343305000.0,941278042.0,-38772000.0,0.0,0.0,0.0,0.0,0.0,-4731000.0,0.0,-29802000.0,-4239000.0,-12491000.0,-12491000.0,-12491000.0,54000.0,0.0,-0.046,118530000.0,-3933000.0,125079000.0,0.0,1.943,-5.346,-4.995,21879000.0,0.0,10.44,1.065,1.065,154951000.0,-334668000.0,273084000.0,273084000.0,19320000.0,,,,,7091000.0,96660000.0,1.0,90160732.0,90160732,,3.029,643628000.0,0.0,1085000.0,0.0,7.139,461012000.0
36,TTWO,MRQ,2012-06-30,2012-06-30,2012-06-30,2021-08-03,-4706000.0,1073137000.0,,719107000.0,354030000.0,,5.308,-3290000.0,367056000.0,367056000.0,186731000.0,-110838000.0,2.798,1.25,320883000.0,0.0,320883000.0,320883000.0,14348000.0,98257000.0,0.0,0.0,0.0,-100948000.0,-2691000.0,-0.012,-2691000.0,-100948000.0,-108997000.0,-1.3,-1.3,-1.3,477035000.0,,477035000.0,746300589.0,-4.0,749.298,-55806000.0,-0.621,1.0,39408000.0,0.174,507396000.0,8049000.0,262575000.0,,27987000.0,0.0,0.0,0.0,596102000.0,256993000.0,339109000.0,850239589.0,-53223000.0,0.0,0.0,0.0,0.0,0.0,-3290000.0,0.0,-52516000.0,2583000.0,-110838000.0,-110838000.0,-110838000.0,66000.0,0.0,-0.49,140290000.0,-100882000.0,78224000.0,0.0,1.782,-4.031,-3.769,19354000.0,0.0,9.46,1.185,1.185,71707000.0,-322177000.0,226139000.0,226139000.0,15312000.0,,,,,7006000.0,122209000.0,1.0,89877335.0,89877335,,2.516,565741000.0,0.0,1841000.0,15598000.0,6.295,462114000.0
37,TTWO,MRQ,2012-03-31,2012-03-31,2012-03-31,2021-08-03,6733000.0,1149427000.0,,743617000.0,405810000.0,,6.65,-2802000.0,420279000.0,420279000.0,116466000.0,-66836000.0,3.4,0.929,316340000.0,0.0,316340000.0,316340000.0,13864000.0,36282000.0,0.0,0.0,0.0,-61973000.0,-25691000.0,-0.173,-25691000.0,-61973000.0,-67341000.0,-0.8,-0.8,-0.8,595727000.0,,595727000.0,1237186217.0,-14.0,15.976,-33161000.0,-0.37,1.0,31618000.0,0.214,560414000.0,5368000.0,266349000.0,,22477000.0,0.0,0.0,0.0,553700000.0,218725000.0,334975000.0,1378596217.0,-33037000.0,-4101000.0,1000.0,0.0,0.0,1000.0,-4703000.0,0.0,-30359000.0,2024000.0,-66836000.0,-66836000.0,-66836000.0,831000.0,0.0,-0.451,92760000.0,-61142000.0,46681000.0,0.0,2.314,-12.669,-11.748,18949000.0,0.0,15.39,1.669,1.669,45035000.0,-211339000.0,148084000.0,148084000.0,14822000.0,,,,,10031000.0,75198000.0,1.0,89577402.0,89577402,,1.653,589013000.0,0.0,-505000.0,0.0,6.575,524892000.0
38,TTWO,MRQ,2011-12-31,2011-12-31,2011-12-31,2021-08-03,-1564000.0,1140596000.0,,752420000.0,388176000.0,,7.402,-3204000.0,453316000.0,453316000.0,126467000.0,14104000.0,4.45,0.778,311906000.0,0.0,311906000.0,311906000.0,11794000.0,35651000.0,0.0,0.0,0.0,20167000.0,55818000.0,0.236,55818000.0,20167000.0,13977000.0,0.16,0.16,0.16,641485000.0,,641485000.0,1015798951.0,-24.0,9.429,-47577000.0,-0.549,1.0,109858000.0,0.465,542883000.0,6190000.0,287225000.0,,22516000.0,0.0,0.0,0.0,499111000.0,169078000.0,330033000.0,1174239951.0,183576000.0,0.0,43000.0,243125000.0,0.0,243168000.0,-3204000.0,0.0,-44373000.0,-12015000.0,14104000.0,14104000.0,14104000.0,81000.0,0.0,0.06,89610000.0,20248000.0,29400000.0,0.0,1.831,-18.338,-17.372,18556000.0,0.0,13.55,1.365,1.365,53274000.0,-144503000.0,236325000.0,236325000.0,16823000.0,,,,,10803000.0,69933000.0,1.0,86659775.0,86659775,,2.727,597713000.0,6067000.0,-127000.0,12711000.0,6.897,583342000.0
39,TTWO,MRQ,2011-09-30,2011-09-30,2011-09-30,2021-08-03,1219000.0,931916000.0,,545939000.0,385977000.0,,6.524,-2380000.0,269740000.0,269740000.0,74703000.0,-47371000.0,2.318,0.647,111299000.0,0.0,111299000.0,111299000.0,17193000.0,15179000.0,0.0,0.0,0.0,-41619000.0,-26440000.0,-0.247,-26440000.0,-41619000.0,-45952000.0,-0.57,-0.57,-0.57,565882000.0,,565882000.0,963850758.0,-67.0,7.136,15794000.0,0.182,1.0,32331000.0,0.302,515513000.0,4333000.0,22447000.0,,45077000.0,0.0,0.0,0.0,366034000.0,235515000.0,130519000.0,1103373758.0,20981000.0,0.0,33000.0,0.0,0.0,33000.0,-2380000.0,0.0,18174000.0,5154000.0,-47371000.0,-47371000.0,-47371000.0,110000.0,0.0,-0.443,73840000.0,-41509000.0,90331000.0,0.0,1.95,-29.598,-27.064,18107000.0,0.0,12.72,1.152,1.152,19572000.0,-158607000.0,107034000.0,107034000.0,15998000.0,,,,,4612000.0,54558000.0,1.0,86743220.0,86743220,,1.234,416403000.0,5834000.0,1419000.0,13498000.0,4.8,310424000.0
40,TTWO,MRQ,2011-06-30,2011-06-30,2011-06-30,2021-08-03,10727000.0,1003577000.0,,644648000.0,358929000.0,,7.098,-2400000.0,248759000.0,248759000.0,211219000.0,-8713000.0,2.478,0.631,109236000.0,0.0,109236000.0,109236000.0,15314000.0,75711000.0,0.0,0.0,0.0,-1957000.0,73754000.0,0.221,73754000.0,-1957000.0,-5637000.0,-0.11,-0.11,-0.11,615267000.0,,615267000.0,1151333821.0,32.0,5.415,-30806000.0,-0.355,1.0,123161000.0,0.368,487548000.0,3680000.0,116387000.0,,25941000.0,0.0,0.0,0.0,388310000.0,260119000.0,128191000.0,1324453821.0,-31600000.0,0.0,162000.0,0.0,0.0,162000.0,-3875000.0,0.0,-28406000.0,519000.0,-8713000.0,-8713000.0,-8713000.0,94000.0,0.0,-0.026,125024000.0,-1863000.0,72480000.0,0.0,2.153,98.612,109.143,19009000.0,0.0,15.28,1.209,1.209,146694000.0,-111236000.0,334380000.0,334380000.0,16519000.0,,,,,8048000.0,105260000.0,1.0,86678915.0,86678915,,3.858,516029000.0,9049000.0,3076000.0,12930000.0,5.953,384529000.0
41,TTWO,MRQ,2011-03-31,2011-03-31,2011-03-31,2021-08-03,10459000.0,971659000.0,,566603000.0,405056000.0,,7.194,-1407000.0,280359000.0,280359000.0,120043000.0,-22054000.0,2.454,0.579,107239000.0,0.0,107239000.0,107239000.0,13434000.0,24194000.0,0.0,0.0,0.0,-19598000.0,4596000.0,0.025,4596000.0,-19598000.0,-22722000.0,-0.26,-0.26,-0.26,615279000.0,,615279000.0,1122782270.0,16.0,4.869,-21780000.0,-0.255,1.0,62212000.0,0.341,512999000.0,3124000.0,54652000.0,,24578000.0,0.0,0.0,0.0,356380000.0,230888000.0,125492000.0,1314595270.0,-16759000.0,0.0,630000.0,0.0,0.0,630000.0,-1407000.0,0.0,-20373000.0,4391000.0,-22054000.0,-22054000.0,-22054000.0,-362000.0,0.0,-0.121,82172000.0,-19960000.0,56153000.0,0.0,2.137,27.129,27.446,19632000.0,0.0,15.37,1.156,1.156,84217000.0,-102523000.0,182255000.0,182255000.0,17248000.0,,,,,5135000.0,61196000.0,1.0,85529946.0,85529946,,2.131,458660000.0,8280000.0,-668000.0,12037000.0,5.363,335715000.0
42,TTWO,MRQ,2010-12-31,2010-12-31,2010-12-31,2021-08-03,159000.0,976599000.0,,618294000.0,358305000.0,,7.285,-2572000.0,297118000.0,297118000.0,188650000.0,40859000.0,2.682,0.577,105305000.0,0.0,105305000.0,105305000.0,10412000.0,34437000.0,0.0,0.0,0.0,48721000.0,83158000.0,0.249,83158000.0,48721000.0,44708000.0,0.47,0.45,0.47,619090000.0,,619090000.0,912767189.0,10.0,3.322,87352000.0,1.028,1.0,145609000.0,0.436,487062000.0,4013000.0,67163000.0,,28592000.0,0.0,0.0,0.0,357509000.0,230561000.0,126948000.0,1042677189.0,92299000.0,0.0,17000.0,0.0,0.0,17000.0,-2572000.0,0.0,89924000.0,4930000.0,40859000.0,40859000.0,40859000.0,-39000.0,0.0,0.122,96927000.0,48682000.0,48852000.0,0.0,1.684,17.187,17.529,21326000.0,0.0,12.27,0.878,0.878,83845000.0,-80469000.0,334259000.0,334259000.0,18073000.0,,,,,5916000.0,75353000.0,1.0,84977766.0,84977766,,3.933,489537000.0,8468000.0,3849000.0,18525000.0,5.761,387733000.0
43,TTWO,MRQ,2010-09-30,2010-09-30,2010-09-30,2021-08-03,,,,,,,,-3495000.0,,,136642000.0,3339000.0,,,,,,,,42772000.0,,0.0,0.0,8330000.0,51102000.0,0.209,51102000.0,8330000.0,6686000.0,0.04,0.04,0.04,,,,731764547.0,8.0,,24619000.0,0.29,1.0,108330000.0,0.442,,1644000.0,,,,,,,,,,861674547.0,22276000.0,1815000.0,0.0,0.0,0.0,0.0,-1680000.0,0.0,28114000.0,-4158000.0,3339000.0,3339000.0,3339000.0,4699000.0,0.0,0.014,95301000.0,13029000.0,,0.0,,14.926,14.912,,0.0,10.14,0.71,0.71,,,244972000.0,244972000.0,18074000.0,,,,,6493000.0,73222000.0,1.0,84977766.0,84977766,,2.883,,,3347000.0,,,
44,TTWO,MRQ,2010-06-30,2010-06-30,2010-06-30,2021-08-03,,,,,,,,-2179000.0,,,244046000.0,26314000.0,,,,,,,,57407000.0,,0.0,0.0,34343000.0,91750000.0,0.244,91750000.0,34343000.0,29605000.0,0.31,0.3,0.31,,,,682715997.0,,,34954000.0,0.412,1.0,131344000.0,0.35,,4738000.0,,,,,,,,,,762788997.0,36705000.0,260000.0,87000.0,0.0,0.0,87000.0,-1919000.0,0.0,37133000.0,1404000.0,26314000.0,26314000.0,26314000.0,1048000.0,0.0,0.07,95953000.0,35391000.0,,0.0,,,,,0.0,9.0,,,,,375390000.0,375390000.0,16181000.0,,,,,11221000.0,76007000.0,1.0,84754333.0,84754333,,4.429,,,3291000.0,,,
45,TTWO,MRQ,2010-03-31,2010-03-31,2010-03-31,2021-08-03,-3713000.0,839276000.0,,426600000.0,412676000.0,,6.157,-355000.0,145838000.0,145838000.0,150087000.0,-9844000.0,2.033,0.612,99865000.0,0.0,99865000.0,99865000.0,11944000.0,48231000.0,0.0,0.0,0.0,543000.0,48774000.0,0.209,48774000.0,543000.0,-8008000.0,-0.12,-0.12,-0.12,520623000.0,,520623000.0,827263400.0,-9.0,21.719,26834000.0,0.317,1.0,83130000.0,0.356,492966000.0,8551000.0,90470000.0,,24479000.0,0.0,0.0,0.0,318653000.0,209867000.0,108786000.0,834521400.0,67895000.0,1521000.0,0.0,0.0,0.0,0.0,38416000.0,0.0,27189000.0,2290000.0,-9844000.0,-9844000.0,-9844000.0,160000.0,0.0,-0.042,82427000.0,703000.0,45913000.0,0.0,1.603,-6.785,-6.247,23571000.0,0.0,9.87,1.094,1.094,74135000.0,-150981000.0,233217000.0,233217000.0,14329000.0,,,,,5572000.0,64286000.0,1.0,84551307.0,84551307,,2.758,346310000.0,8654000.0,1836000.0,8921000.0,4.096,216733000.0
46,TTWO,MRQ,2009-12-31,2009-12-31,2009-12-31,2021-08-03,,,,,,,,,,,203738000.0,37920000.0,,,,,,,,,,0.0,0.0,43032000.0,,,,43032000.0,39401000.0,0.45,0.43,0.45,,,,871948229.0,,,,,1.0,156626000.0,0.435,,3631000.0,,,,,,,,,,836031229.0,,,,,,,,,,,37920000.0,37920000.0,37920000.0,1430000.0,0.0,0.105,112164000.0,44462000.0,,0.0,,,,,0.0,10.05,,,,,360364000.0,360364000.0,15663000.0,,,,,,92361000.0,1.0,83187187.0,83187187,,4.332,,,1481000.0,,,
47,TTWO,MRQ,2009-09-30,2009-10-31,2009-10-31,2021-08-03,8192000.0,1007128000.0,,628567000.0,378561000.0,,7.033,-3388000.0,102083000.0,102083000.0,178043000.0,-23522000.0,1.774,0.846,97063000.0,0.0,97063000.0,97063000.0,6334000.0,48435000.0,0.0,0.0,0.0,-12675000.0,35760000.0,0.127,35760000.0,-12675000.0,-15161000.0,-0.3,-0.3,-0.3,545626000.0,,545626000.0,853674587.0,-7.0,-120.219,-66832000.0,-0.861,1.0,104484000.0,0.37,486967000.0,2486000.0,160848000.0,,26687000.0,0.0,0.0,0.0,461502000.0,354293000.0,107209000.0,890463587.0,-72706000.0,-5313000.0,18000.0,-151000.0,0.0,-133000.0,-8701000.0,0.0,-63444000.0,-428000.0,-23522000.0,-23522000.0,-23522000.0,15660000.0,0.0,-0.083,101499000.0,2985000.0,114379000.0,0.0,1.632,-6.34,-5.995,27049000.0,0.0,10.97,1.27,1.202,181065000.0,-122179000.0,282527000.0,282527000.0,14159000.0,,,,,9819000.0,83263000.0,1.0,81172615.0,77577000,77577000.0,3.642,520161000.0,8814000.0,8361000.0,10146000.0,6.705,274274000.0
48,TTWO,MRQ,2009-06-30,2009-07-31,2009-07-31,2021-08-03,3167000.0,886398000.0,,498074000.0,388324000.0,,6.625,-2221000.0,174789000.0,174789000.0,76939000.0,-56465000.0,2.199,0.738,138000000.0,0.0,138000000.0,138000000.0,25705000.0,18581000.0,0.0,0.0,0.0,-50742000.0,-32161000.0,-0.339,-32161000.0,-50742000.0,-54902000.0,-0.73,-0.73,-0.73,510050000.0,,510050000.0,654028172.0,-5.0,-40.088,-56237000.0,-0.73,1.0,17990000.0,0.19,487560000.0,4160000.0,135552000.0,,63617000.0,0.0,0.0,0.0,376348000.0,226497000.0,149851000.0,763644172.0,-4827000.0,0.0,0.0,63167000.0,0.0,45917000.0,-2221000.0,0.0,-54016000.0,5493000.0,-56465000.0,-56465000.0,-56465000.0,-1852000.0,0.0,-0.595,70584000.0,-52594000.0,72351000.0,0.0,1.497,-5.79,-5.409,27634000.0,0.0,9.52,1.753,1.683,70133000.0,-97665000.0,94929000.0,94929000.0,13886000.0,,,,,4614000.0,52480000.0,1.0,80214724.0,76994000,76994000.0,1.233,398838000.0,8256000.0,1563000.0,10540000.0,5.18,271577000.0
49,TTWO,MRQ,2009-03-31,2009-04-30,2009-04-30,2021-08-03,-19260000.0,855179000.0,,518067000.0,337112000.0,,7.236,-3369000.0,179616000.0,179616000.0,109877000.0,-10080000.0,2.428,0.543,70000000.0,0.0,70000000.0,70000000.0,25809000.0,31205000.0,0.0,0.0,0.0,-14021000.0,17184000.0,0.099,17184000.0,-14021000.0,-15534000.0,-0.13,-0.13,-0.13,554196000.0,,554196000.0,581452139.0,-26.0,4.746,-39304000.0,-0.513,1.0,64373000.0,0.369,446589000.0,1513000.0,85584000.0,,74020000.0,0.0,0.0,0.0,300983000.0,213390000.0,87593000.0,729288139.0,-38220000.0,-500000.0,0.0,0.0,0.0,0.0,-3869000.0,0.0,-35935000.0,1584000.0,-10080000.0,-10080000.0,-10080000.0,-331000.0,0.0,-0.058,78725000.0,-14352000.0,68786000.0,0.0,1.316,-30.907,-25.943,28860000.0,0.0,9.08,0.942,0.898,52117000.0,-42193000.0,174250000.0,174250000.0,14759000.0,,,,,5318000.0,59469000.0,1.0,80318077.0,76587000,76587000.0,2.275,408590000.0,20881000.0,-5454000.0,16282000.0,5.335,304677000.0
50,TTWO,MRQ,2008-12-31,2009-01-31,2009-01-31,2021-08-03,-26763000.0,900749000.0,,544846000.0,355903000.0,,7.258,-2198000.0,217836000.0,217836000.0,102717000.0,-50388000.0,2.233,0.631,70000000.0,0.0,70000000.0,70000000.0,53840000.0,24874000.0,0.0,0.0,0.0,-52757000.0,-27883000.0,-0.187,-27883000.0,-52757000.0,-50369000.0,-0.66,-0.66,-0.66,552343000.0,,552343000.0,335019598.0,4.0,1.283,-59007000.0,-0.775,1.0,46634000.0,0.312,433609000.0,-2388000.0,75298000.0,,75972000.0,0.0,0.0,0.0,348406000.0,244006000.0,104400000.0,545296598.0,-62441000.0,0.0,4000.0,0.0,0.0,4000.0,-2198000.0,0.0,-56809000.0,-3438000.0,-50388000.0,-50388000.0,-50388000.0,-3460000.0,0.0,-0.337,102851000.0,-56217000.0,59487000.0,0.0,0.987,6.438,6.44,29358000.0,0.0,7.02,0.478,0.469,60320000.0,-32113000.0,149351000.0,149351000.0,20943000.0,,,,,6182000.0,77126000.0,1.0,77677578.0,76102000,76102000.0,1.963,467140000.0,24954000.0,19000.0,27526000.0,6.138,300840000.0
51,TTWO,MRQ,2008-09-30,2008-10-31,2008-10-31,2021-08-03,-7513000.0,1083352000.0,,723774000.0,359578000.0,,8.088,-3097000.0,280277000.0,280277000.0,-54204000.0,-14954000.0,1.981,0.761,70000000.0,0.0,70000000.0,70000000.0,56163000.0,42733000.0,0.0,0.0,0.001,-16188000.0,26545000.0,1.56,26545000.0,-16188000.0,-18602000.0,-0.24,-0.23,-0.24,615118000.0,,615118000.0,581666168.0,5.0,2.069,-119519000.0,-1.572,1.0,71222000.0,4.185,417640000.0,2414000.0,90016000.0,,38479000.0,0.0,0.0,0.0,468234000.0,365419000.0,102815000.0,920367168.0,-58424000.0,-3466000.0,599000.0,70000000.0,0.0,70599000.0,-3717000.0,0.0,-116422000.0,-8884000.0,-14954000.0,-14954000.0,-14954000.0,-2613000.0,0.0,-0.879,90023000.0,-18801000.0,95570000.0,-0.004,1.496,9.479,9.413,31224000.0,0.0,11.86,0.748,0.723,116005000.0,18275000.0,17018000.0,17018000.0,16052000.0,,,,,9325000.0,71174000.0,1.0,77602628.0,76053000,76852000.0,0.224,665712000.0,23763000.0,-3648000.0,26399000.0,8.753,358355000.0
52,TTWO,MRQ,2008-06-30,2008-07-31,2008-07-31,2021-08-03,36987000.0,1092562000.0,,715142000.0,377420000.0,,8.773,-4028000.0,338701000.0,338701000.0,259656000.0,51826000.0,1.823,0.642,0.0,0.0,0.0,0.0,58332000.0,46222000.0,0.0,0.0,0.0,60435000.0,106657000.0,0.246,106657000.0,60435000.0,59917000.0,0.68,0.67,0.68,665581000.0,,665581000.0,1704005960.0,13.0,6.07,277544000.0,3.658,1.0,174180000.0,0.401,454192000.0,518000.0,-92657000.0,,71574000.0,0.0,0.0,0.0,426981000.0,392326000.0,34655000.0,1760923960.0,265783000.0,0.0,4874000.0,-16005000.0,0.0,-11131000.0,-4028000.0,0.0,281572000.0,-630000.0,51826000.0,51826000.0,51826000.0,0.0,0.0,0.119,113745000.0,60435000.0,149526000.0,0.0,2.646,16.773,16.642,38247000.0,0.0,22.8,1.443,1.417,106354000.0,33229000.0,433836000.0,433836000.0,17239000.0,,,,,12562000.0,88534000.0,1.0,77233507.0,75866000,76975000.0,5.718,638370000.0,24656000.0,8091000.0,27436000.0,8.414,322816000.0
53,TTWO,MRQ,2008-03-31,2008-04-30,2008-04-30,2021-08-03,34360000.0,1097128000.0,,723298000.0,373830000.0,,7.928,-3628000.0,72918000.0,72918000.0,318259000.0,98222000.0,1.694,0.843,16000000.0,0.0,16000000.0,16000000.0,64857000.0,53479000.0,0.0,0.0,0.0,102283000.0,155762000.0,0.289,155762000.0,102283000.0,102283000.0,1.31,1.29,1.31,595356000.0,,595356000.0,1998555793.0,175.0,12.332,22013000.0,0.293,1.0,221551000.0,0.41,452528000.0,0.0,160587000.0,,91821000.0,0.0,0.0,0.0,501772000.0,427095000.0,74677000.0,2016943793.0,18530000.0,-3886000.0,19552000.0,-19978000.0,0.0,-426000.0,-7514000.0,0.0,25641000.0,829000.0,98222000.0,98222000.0,98222000.0,0.0,0.0,0.182,117554000.0,103997000.0,185530000.0,0.0,3.388,-374.618,-218.667,39727000.0,0.0,26.24,2.031,1.984,362765000.0,-18597000.0,539810000.0,539810000.0,14828000.0,,,,,12427000.0,94266000.0,1.0,76865236.0,75098000,75954000.0,7.188,644600000.0,24738000.0,4061000.0,28076000.0,8.583,296203000.0
54,TTWO,MRQ,2007-12-31,2008-01-31,2008-01-31,2021-08-03,28612000.0,773085000.0,,415649000.0,357436000.0,,6.318,-1370000.0,54388000.0,54388000.0,186008000.0,-37997000.0,1.922,0.673,36000000.0,0.0,36000000.0,36000000.0,57527000.0,24990000.0,0.0,0.0,0.0,-33230000.0,-8240000.0,-0.034,-8240000.0,-33230000.0,-33230000.0,-0.52,-0.52,-0.52,462116000.0,,462116000.0,1162248882.0,-8.0,-87.936,-40735000.0,-0.557,1.0,54434000.0,0.226,455530000.0,0.0,82897000.0,,82487000.0,0.0,0.0,0.0,310969000.0,216270000.0,94699000.0,1222005882.0,-23369000.0,-151000.0,937000.0,17021000.0,0.0,17958000.0,-1521000.0,0.0,-39365000.0,-441000.0,-37997000.0,-37997000.0,-37997000.0,0.0,0.0,-0.158,89031000.0,-34597000.0,68096000.0,0.0,2.644,-7.891,-7.682,41515000.0,0.0,16.44,1.855,1.825,63337000.0,-116819000.0,240442000.0,240442000.0,15810000.0,,,,,6073000.0,66812000.0,1.0,74331258.0,73148000,73148000.0,3.287,317555000.0,23479000.0,4767000.0,28414000.0,4.341,199379000.0
55,TTWO,MRQ,2007-09-30,2007-10-31,2007-10-31,2021-08-03,34861000.0,831143000.0,,498523000.0,332620000.0,,6.517,-3294000.0,77757000.0,77757000.0,-56349000.0,-7063000.0,1.597,0.764,18000000.0,0.0,18000000.0,18000000.0,61544000.0,27818000.0,0.0,0.0,0.0,-1276000.0,26542000.0,3.999,26542000.0,-1276000.0,-1905000.0,-0.1,-0.1,-0.1,471154000.0,,471154000.0,1339836866.0,-10.0,28507.167,5416000.0,0.075,1.0,62986000.0,9.49,412015000.0,629000.0,47210000.0,,99331000.0,0.0,0.0,0.0,359989000.0,312161000.0,47828000.0,1390461866.0,16132000.0,-2035000.0,4002000.0,6955000.0,0.0,10957000.0,-7000000.0,0.0,8710000.0,3465000.0,-7063000.0,-7063000.0,-7063000.0,-63000.0,0.0,-1.064,61693000.0,1293000.0,128782000.0,0.0,2.951,-10.046,-9.731,44986000.0,0.0,18.78,1.998,1.939,104937000.0,-77747000.0,6637000.0,6637000.0,11159000.0,,,,,4775000.0,48666000.0,1.0,74039503.0,72298000,72298000.0,0.092,419128000.0,40316000.0,5158000.0,0.0,5.797,186362000.0
56,TTWO,MRQ,2007-06-30,2007-07-31,2007-07-31,2021-08-03,17177000.0,758313000.0,,435961000.0,322352000.0,,6.279,-3539000.0,61625000.0,61625000.0,168279000.0,-58546000.0,1.813,0.676,11000000.0,0.0,11000000.0,11000000.0,62605000.0,44362000.0,0.0,0.0,0.0,-56358000.0,-11996000.0,-0.058,-11996000.0,-56358000.0,-56358000.0,-0.81,-0.81,-0.81,452526000.0,,452526000.0,1188944157.0,-8.0,10.541,-62254000.0,-0.864,1.0,38136000.0,0.185,386338000.0,0.0,80873000.0,,75790000.0,0.0,0.0,0.0,305787000.0,240477000.0,65310000.0,1297460157.0,-46891000.0,0.0,4699000.0,9236000.0,0.0,13935000.0,-3539000.0,0.0,-58715000.0,1428000.0,-58546000.0,-58546000.0,-58546000.0,0.0,0.0,-0.284,95242000.0,-57106000.0,93305000.0,0.0,2.867,-8.926,-8.771,46223000.0,0.0,17.63,1.358,1.33,100427000.0,-70684000.0,206415000.0,206415000.0,11210000.0,,,,,2744000.0,69926000.0,1.0,73593883.0,72075000,72075000.0,2.864,371975000.0,39146000.0,2188000.0,0.0,5.161,195484000.0
57,TTWO,MRQ,2007-03-31,2007-04-30,2007-04-30,2021-08-03,13712000.0,775579000.0,,451204000.0,324375000.0,,6.931,-5348000.0,108516000.0,108516000.0,159582000.0,-51249000.0,1.827,0.56,0.0,0.0,0.0,0.0,61678000.0,30205000.0,0.0,0.0,0.0,-49728000.0,-19523000.0,-0.095,-19523000.0,-49728000.0,-49728000.0,-0.71,-0.71,-0.71,497238000.0,,497238000.0,1259856715.0,-10.0,14.739,-31511000.0,-0.439,1.0,45854000.0,0.223,381050000.0,0.0,39109000.0,,80228000.0,0.0,0.0,0.0,278341000.0,246904000.0,31437000.0,1398007715.0,-29635000.0,-982000.0,814000.0,0.0,0.0,814000.0,-6330000.0,0.0,-26163000.0,2044000.0,-51249000.0,-51249000.0,-51249000.0,0.0,0.0,-0.249,96604000.0,-50750000.0,77818000.0,0.0,2.812,-7.846,-7.699,48784000.0,0.0,19.17,1.411,1.388,70406000.0,-12138000.0,205436000.0,205436000.0,11936000.0,,,,,5818000.0,68630000.0,1.0,72926850.0,71736000,71736000.0,2.864,394529000.0,39710000.0,1521000.0,0.0,5.5,204300000.0
58,TTWO,MRQ,2006-12-31,2007-01-31,2007-01-31,2021-08-03,8003000.0,793486000.0,,460006000.0,333480000.0,,7.502,-7742000.0,138151000.0,138151000.0,204225000.0,-21548000.0,2.275,0.482,0.0,0.0,0.0,0.0,50000000.0,25496000.0,0.0,0.0,0.0,-21334000.0,4162000.0,0.015,4162000.0,-21334000.0,-20472000.0,-0.3,-0.3,-0.3,535358000.0,,535358000.0,1119830544.0,-7.0,227.1,4381000.0,0.061,1.0,73115000.0,0.264,367102000.0,-862000.0,86023000.0,,82194000.0,0.0,0.0,0.0,258128000.0,202210000.0,55918000.0,1260898544.0,5671000.0,0.0,-12000.0,0.0,0.0,-12000.0,-7742000.0,0.0,12123000.0,1302000.0,-21548000.0,-21548000.0,-21548000.0,0.0,0.0,-0.078,94449000.0,-21334000.0,61819000.0,0.0,2.355,-7.111,-6.98,49673000.0,0.0,17.38,1.201,1.181,79107000.0,39111000.0,277340000.0,277340000.0,14150000.0,,,,,3992000.0,73638000.0,1.0,72548823.0,71360000,71360000.0,3.886,426384000.0,39474000.0,1076000.0,0.0,5.975,257796000.0
59,TTWO,MRQ,2006-09-30,2006-10-31,2006-10-31,2021-08-03,6902000.0,868806000.0,,544873000.0,323933000.0,,7.732,-6484000.0,132480000.0,132480000.0,184757000.0,-14015000.0,2.067,0.579,0.0,0.0,0.0,0.0,61317000.0,153190000.0,0.0,0.0,0.0,-13036000.0,140154000.0,0.526,140154000.0,-13036000.0,-13036000.0,-0.19,-0.19,-0.19,550392000.0,,550392000.0,873890034.0,-5.0,-75.898,-47484000.0,-0.667,1.0,81799000.0,0.307,347490000.0,0.0,125290000.0,,95520000.0,0.0,0.0,0.0,318414000.0,263546000.0,54868000.0,1014958034.0,-46650000.0,0.0,21000.0,0.0,0.0,21000.0,-6484000.0,0.0,-41000000.0,813000.0,-14015000.0,-14015000.0,-14015000.0,0.0,0.0,-0.053,98239000.0,-16440000.0,123947000.0,0.0,1.844,-5.49,-5.381,47496000.0,0.0,13.99,0.978,0.957,143199000.0,60659000.0,266556000.0,266556000.0,13046000.0,,,,,7512000.0,77742000.0,1.0,72548823.0,71186000,71186000.0,3.745,521316000.0,60407000.0,979000.0,0.0,7.323,281327000.0
60,TTWO,MRQ,2006-06-30,2006-07-31,2006-07-31,2021-08-03,5932000.0,855068000.0,,530982000.0,324086000.0,,7.807,-5591000.0,179130000.0,179130000.0,184055000.0,-91379000.0,2.158,0.541,0.0,0.0,0.0,0.0,50000000.0,6432000.0,0.0,0.0,0.0,-45745000.0,-39313000.0,-0.163,-39313000.0,-45745000.0,-45745000.0,-1.29,-1.29,-1.29,555027000.0,,555027000.0,633753430.0,-4.0,-6.847,36128000.0,0.508,1.0,57126000.0,0.237,340353000.0,0.0,89532000.0,,83221000.0,0.0,0.0,0.0,300041000.0,246053000.0,53988000.0,774821430.0,38062000.0,0.0,843000.0,0.0,0.0,882000.0,-5591000.0,0.0,41719000.0,1052000.0,-91379000.0,-91379000.0,-91379000.0,0.0,0.0,-0.379,104070000.0,-46944000.0,80081000.0,0.0,1.396,-5.097,-4.991,46482000.0,0.0,10.68,0.719,0.704,98027000.0,74674000.0,241181000.0,241181000.0,17406000.0,,,,,5725000.0,71845000.0,1.0,72548823.0,71095000,71095000.0,3.392,514715000.0,68732000.0,45634000.0,0.0,7.24,284929000.0
61,TTWO,MRQ,2006-03-31,2006-04-30,2006-04-30,2021-08-03,5041000.0,906017000.0,,572845000.0,333172000.0,,9.123,-6553000.0,141068000.0,141068000.0,247350000.0,-50373000.0,2.22,0.399,0.0,0.0,0.0,0.0,0.0,-22908000.0,0.0,0.0,0.0,-77164000.0,-100072000.0,-0.377,-100072000.0,-77164000.0,-77164000.0,-0.71,-0.71,-0.71,647529000.0,,647529000.0,1076611513.0,-7.0,-14.203,-3369000.0,-0.047,1.0,17772000.0,0.067,345258000.0,0.0,161606000.0,,91820000.0,0.0,0.0,0.0,258488000.0,258085000.0,403000.0,1219508513.0,-1829000.0,-1334000.0,873000.0,0.0,0.0,973000.0,-7887000.0,0.0,3184000.0,1901000.0,-50373000.0,-50373000.0,-50373000.0,0.0,0.0,-0.19,94940000.0,-77168000.0,108216000.0,0.0,1.883,-13.609,-13.532,49796000.0,0.0,17.05,1.211,1.202,130328000.0,208382000.0,265122000.0,265122000.0,16097000.0,,,,,3861000.0,65899000.0,1.0,71525426.0,70979000,70979000.0,3.735,560759000.0,115957000.0,-26791000.0,14361000.0,7.9,314760000.0
62,TTWO,MRQ,2005-12-31,2006-01-31,2006-01-31,2021-08-03,1203000.0,868653000.0,,514006000.0,354647000.0,,9.698,-6456000.0,142897000.0,142897000.0,209314000.0,-29122000.0,2.851,0.264,0.0,0.0,0.0,0.0,0.0,36254000.0,0.0,0.0,0.0,-48537000.0,-12283000.0,-0.046,-12283000.0,-48537000.0,-48537000.0,-0.41,-0.41,-0.41,687301000.0,,687301000.0,1025810522.0,-13.0,28.893,33003000.0,0.466,1.0,55667000.0,0.21,380396000.0,0.0,165078000.0,,107413000.0,0.0,0.0,0.0,181352000.0,180282000.0,1070000.0,1133005522.0,35702000.0,1143000.0,1071000.0,0.0,0.0,1095000.0,-5313000.0,0.0,39459000.0,461000.0,-29122000.0,-29122000.0,-29122000.0,0.0,0.0,-0.11,104457000.0,-48790000.0,79887000.0,0.0,1.648,-23.891,-23.672,48215000.0,0.0,15.86,1.176,1.166,84282000.0,258755000.0,264981000.0,264981000.0,17709000.0,,,,,4833000.0,80097000.0,1.0,71437927.0,70870000,70870000.0,3.739,488257000.0,77817000.0,-19415000.0,6701000.0,6.889,333724000.0
63,TTWO,MRQ,2005-09-30,2005-10-31,2005-10-31,2021-08-03,686000.0,935220000.0,,612801000.0,322419000.0,,9.779,17675000.0,107195000.0,107195000.0,192078000.0,18861000.0,2.482,0.364,0.0,0.0,0.0,0.0,0.0,40237000.0,0.0,0.0,0.0,18876000.0,59113000.0,0.193,59113000.0,18876000.0,22578000.0,0.27,0.27,0.27,685830000.0,,685830000.0,1267775454.0,33.0,8.928,-54284000.0,-0.774,1.0,114701000.0,0.374,356968000.0,-3702000.0,224134000.0,,136227000.0,0.0,0.0,0.0,249390000.0,246923000.0,2467000.0,1463130454.0,-88160000.0,-3246000.0,-8688000.0,0.0,0.0,-8689000.0,-9821000.0,0.0,-71959000.0,2309000.0,18861000.0,18861000.0,18861000.0,0.0,0.0,0.061,92869000.0,21832000.0,133353000.0,0.0,2.133,41.432,40.49,48617000.0,0.0,20.65,1.218,1.201,197861000.0,245548000.0,306779000.0,306779000.0,16300000.0,,,,,1585000.0,70132000.0,1.0,70853775.0,70132000,70528000.0,4.374,578252000.0,40453000.0,3717000.0,0.0,8.245,365878000.0
64,TTWO,MRQ,2005-06-30,2005-07-31,2005-07-31,2021-08-03,-1061000.0,882222000.0,,526045000.0,356177000.0,,9.632,-32169000.0,195355000.0,195355000.0,122179000.0,-28976000.0,2.817,0.298,0.0,0.0,0.0,0.0,0.0,18881000.0,0.0,0.0,0.0,-41442000.0,-22561000.0,-0.133,-22561000.0,-41442000.0,-41442000.0,-0.41,-0.41,-0.41,679620000.0,,679620000.0,1545108472.0,15.0,7.563,-18849000.0,-0.267,1.0,47720000.0,0.281,359649000.0,0.0,140499000.0,,104414000.0,0.0,0.0,0.0,202602000.0,186719000.0,15883000.0,1755349472.0,-14886000.0,-10298000.0,-9463000.0,0.0,0.0,-9481000.0,-14967000.0,0.0,13320000.0,-3758000.0,-28976000.0,-28976000.0,-28976000.0,0.0,0.0,-0.171,90420000.0,-42700000.0,76839000.0,0.0,2.583,22.662,21.034,46644000.0,0.0,24.61,1.317,1.303,61735000.0,268685000.0,169899000.0,169899000.0,19899000.0,,,,,3883000.0,64830000.0,1.0,71326675.0,70556000,70556000.0,2.408,522573000.0,17905000.0,-12466000.0,7452000.0,7.406,339326000.0
65,TTWO,MRQ,2005-03-31,2005-04-30,2005-04-30,2021-08-03,4631000.0,924221000.0,,596442000.0,327779000.0,,10.358,-8886000.0,210241000.0,210241000.0,150222000.0,-8186000.0,3.237,0.273,0.0,0.0,0.0,0.0,0.0,22092000.0,0.0,0.0,0.0,-10857000.0,11235000.0,0.051,11235000.0,-10857000.0,-10857000.0,-0.12,-0.12,-0.12,726190000.0,,726190000.0,1349734248.0,11.0,6.088,-99743000.0,-1.423,1.0,71846000.0,0.324,333207000.0,0.0,196509000.0,,116568000.0,0.0,0.0,0.0,198031000.0,184264000.0,13767000.0,1652804248.0,-92829000.0,-965000.0,17080000.0,0.0,0.0,17055000.0,-17351000.0,0.0,-90857000.0,-1676000.0,-8186000.0,-8186000.0,-8186000.0,0.0,0.0,-0.037,83867000.0,-12021000.0,90524000.0,0.0,2.276,17.965,17.175,43075000.0,0.0,23.53,1.249,1.247,127278000.0,297465000.0,222068000.0,222068000.0,13785000.0,,,,,10655000.0,64980000.0,1.0,70242424.0,70112000,70112000.0,3.167,591014000.0,17920000.0,-2671000.0,8758000.0,8.43,412178000.0
66,TTWO,MRQ,2004-12-31,2005-01-31,2005-01-31,2021-08-03,7795000.0,998912000.0,,676438000.0,322474000.0,,10.349,-5651000.0,303070000.0,303070000.0,321899000.0,55249000.0,2.442,0.408,0.0,0.0,0.0,0.0,0.0,22765000.0,0.0,0.0,0.0,73294000.0,96059000.0,0.191,96059000.0,73294000.0,73294000.0,0.81,0.79,0.81,709232000.0,,709232000.0,1469613596.0,13.0,7.442,183825000.0,2.682,1.0,180575000.0,0.359,317503000.0,0.0,101337000.0,,134103000.0,0.0,0.0,0.0,289680000.0,277002000.0,12678000.0,1624708596.0,147975000.0,-23244000.0,7365000.0,0.0,0.0,7338000.0,-48895000.0,0.0,189476000.0,56000.0,55249000.0,55249000.0,55249000.0,0.0,0.0,0.11,107821000.0,72754000.0,87409000.0,0.0,2.291,18.978,18.504,37952000.0,0.0,23.5,1.295,1.284,136515000.0,305651000.0,502474000.0,502474000.0,23417000.0,,,,,8552000.0,79618000.0,1.0,69136536.0,68529000,69774000.0,7.332,681409000.0,17918000.0,18045000.0,14934000.0,9.943,399436000.0
67,TTWO,MRQ,2004-09-30,2004-10-31,2004-10-31,2021-08-03,6354000.0,945280000.0,,714761000.0,230519000.0,,9.394,-9560000.0,155095000.0,155095000.0,264162000.0,59372000.0,2.329,0.488,0.0,0.0,0.0,0.0,0.0,39366000.0,0.0,0.0,0.0,80186000.0,119552000.0,0.273,119552000.0,80186000.0,85713000.0,0.89,0.87,0.89,635470000.0,,635470000.0,1289468487.0,15.0,7.304,-30449000.0,-0.45,1.0,173851000.0,0.397,241568000.0,-5527000.0,241770000.0,,154345000.0,0.0,0.0,0.0,309810000.0,306847000.0,2963000.0,1487419487.0,-42856000.0,-19711000.0,16683000.0,0.0,0.0,4880000.0,-25771000.0,0.0,-20889000.0,-1076000.0,59372000.0,59372000.0,59372000.0,0.0,0.0,0.136,88507000.0,85344000.0,163961000.0,0.0,2.341,23.945,23.627,34291000.0,0.0,21.973,1.319,1.307,285709000.0,250402000.0,438013000.0,438013000.0,11587000.0,,,,,7317000.0,64556000.0,1.0,67693054.0,67647000,69363000.0,6.475,703712000.0,12540000.0,26341000.0,17319000.0,10.403,407914000.0
68,TTWO,MRQ,2004-06-30,2004-07-31,2004-07-31,2021-08-03,2183000.0,697579000.0,,480163000.0,217416000.0,,8.323,-8058000.0,197951000.0,197951000.0,117998000.0,-14435000.0,3.714,0.246,0.0,0.0,0.0,0.0,0.0,15670000.0,0.0,0.0,0.0,-20828000.0,-5158000.0,-0.032,-5158000.0,-20828000.0,-20828000.0,-0.21,-0.21,-0.21,559794000.0,,559794000.0,1141408698.0,23.0,7.57,-66772000.0,-0.993,1.0,42860000.0,0.266,183081000.0,0.0,187248000.0,,96882000.0,0.0,0.0,0.0,137785000.0,129299000.0,8486000.0,1402600698.0,-63382000.0,0.0,0.0,0.0,0.0,4248000.0,-8458000.0,0.0,-58714000.0,-458000.0,-14435000.0,-14435000.0,-14435000.0,0.0,0.0,-0.09,64218000.0,-21358000.0,63275000.0,0.0,2.506,48.347,45.573,30589000.0,0.0,20.827,1.45,1.448,79486000.0,187771000.0,160858000.0,160858000.0,10529000.0,,,,,1105000.0,49362000.0,1.0,67345306.0,67260000,67260000.0,2.392,514498000.0,8333000.0,-6393000.0,167000.0,7.649,350864000.0
69,TTWO,MRQ,2004-03-31,2004-04-30,2004-04-30,2021-08-03,1011000.0,714536000.0,,500530000.0,214006000.0,,8.487,-4521000.0,261333000.0,261333000.0,119162000.0,-14576000.0,3.618,0.259,141000.0,112000.0,29000.0,141000.0,0.0,10636000.0,0.0,0.0,0.0,-23605000.0,-12969000.0,-0.085,-12969000.0,-23605000.0,-23605000.0,-0.22,-0.22,-0.22,567674000.0,,567674000.0,1034549793.0,13.0,6.134,7644000.0,0.114,1.0,34206000.0,0.223,181187000.0,0.0,133810000.0,,100038000.0,0.0,0.0,0.0,146862000.0,138347000.0,8515000.0,1288534793.0,7180000.0,-3593000.0,-2433000.0,0.0,0.0,4780000.0,-8114000.0,0.0,12165000.0,-1651000.0,-14576000.0,-14576000.0,-14576000.0,0.0,0.0,-0.095,58459000.0,-24253000.0,70978000.0,0.0,2.27,26.221,25.578,25691000.0,0.0,19.26,1.344,1.344,68601000.0,202206000.0,153368000.0,153368000.0,8228000.0,,,,,1103000.0,46321000.0,1.0,66902118.0,66891000,66891000.0,2.293,533349000.0,8333000.0,-9029000.0,2706000.0,7.973,362183000.0
70,TTWO,MRQ,2003-12-31,2004-01-31,2004-01-31,2021-08-03,3044000.0,773002000.0,,566268000.0,206734000.0,,8.687,-2947000.0,254153000.0,254153000.0,248358000.0,31758000.0,3.043,0.337,168000.0,112000.0,56000.0,168000.0,0.0,24656000.0,0.0,0.0,0.0,50464000.0,75120000.0,0.2,75120000.0,50464000.0,50464000.0,0.48,0.467,0.48,578373000.0,,578373000.0,1030154169.0,8.0,4.914,84949000.0,1.276,1.0,127154000.0,0.339,175383000.0,0.0,157547000.0,,110879000.0,0.0,0.0,0.0,194629000.0,186087000.0,8542000.0,1255813169.0,70676000.0,-16032000.0,2433000.0,0.0,0.0,2407000.0,-22079000.0,0.0,87896000.0,2452000.0,31758000.0,31758000.0,31758000.0,0.0,0.0,0.085,77116000.0,50038000.0,107935000.0,0.0,2.171,16.03,16.017,23839000.0,0.0,19.333,1.258,1.289,145464000.0,216782000.0,375512000.0,375512000.0,13429000.0,,,,,1550000.0,59942000.0,1.0,64956974.0,66579000,68131500.0,5.64,597619000.0,8333000.0,18706000.0,10841000.0,8.976,380181000.0
71,TTWO,MRQ,2003-09-30,2003-10-31,2003-10-31,2021-08-03,-936000.0,707298000.0,,513242000.0,194056000.0,,8.159,-4105000.0,183477000.0,183477000.0,177417000.0,26264000.0,3.105,0.326,0.0,0.0,0.0,0.0,0.0,50433000.0,0.0,0.0,0.0,43351000.0,93784000.0,0.338,93784000.0,43351000.0,43351000.0,0.407,0.39,0.407,533492000.0,,533492000.0,1493946959.0,9.0,6.639,-47985000.0,-0.734,1.0,100190000.0,0.361,162670000.0,0.0,195831000.0,,101748000.0,0.0,0.0,0.0,173806000.0,165320000.0,8486000.0,1719605959.0,-42382000.0,-7000.0,0.0,0.0,0.0,14501000.0,-6180000.0,0.0,-43880000.0,-6823000.0,26264000.0,26264000.0,26264000.0,0.0,0.0,0.095,57391000.0,42799000.0,106172000.0,0.0,3.223,17.526,16.97,22260000.0,0.0,26.473,1.664,1.612,166536000.0,185024000.0,277607000.0,277607000.0,7688000.0,,,,,10199000.0,46469000.0,1.0,64956974.0,65384000,67629500.0,4.246,544628000.0,8333000.0,17087000.0,2265000.0,8.33,347922000.0
72,TTWO,MRQ,2003-06-30,2003-07-31,2003-07-31,2021-08-03,-1530000.0,608557000.0,,416780000.0,191777000.0,,7.639,-3796000.0,225859000.0,225859000.0,93536000.0,5696000.0,3.533,0.257,200000.0,101000.0,99000.0,200000.0,0.0,2929000.0,0.0,0.0,0.0,9786000.0,12715000.0,0.084,12715000.0,9786000.0,9786000.0,0.087,0.087,0.087,484305000.0,,484305000.0,921135236.0,6.0,5.284,15962000.0,0.252,1.0,58519000.0,0.385,154969000.0,0.0,109954000.0,,73902000.0,0.0,0.0,0.0,124252000.0,117975000.0,6277000.0,1109260236.0,37509000.0,-671000.0,0.0,0.0,0.0,20919000.0,-4957000.0,0.0,19758000.0,1789000.0,5696000.0,5696000.0,5696000.0,0.0,0.0,0.037,49358000.0,9161000.0,56105000.0,0.0,2.29,11.777,11.524,20078000.0,0.0,17.747,1.138,1.154,65996000.0,161154000.0,152055000.0,152055000.0,7043000.0,,,,,9801000.0,39385000.0,1.0,62504098.0,63399000,65322000.0,2.398,453588000.0,13375000.0,4090000.0,15458000.0,7.154,298805000.0
73,TTWO,MRQ,2003-03-31,2003-04-30,2003-04-30,2021-08-03,-2235000.0,580978000.0,,393477000.0,187501000.0,,7.19,-3758000.0,188350000.0,188350000.0,121540000.0,14623000.0,3.035,0.306,225000.0,100000.0,125000.0,225000.0,0.0,3197000.0,0.0,0.0,0.0,24837000.0,28034000.0,0.145,28034000.0,24837000.0,24837000.0,0.233,0.233,0.233,445022000.0,,445022000.0,765467748.0,5.0,4.45,19424000.0,0.314,1.0,71483000.0,0.37,153713000.0,0.0,109487000.0,,71342000.0,0.0,0.0,0.0,135956000.0,129653000.0,6303000.0,929281748.0,24265000.0,0.0,0.0,0.0,0.0,4390000.0,-3758000.0,0.0,23182000.0,451000.0,14623000.0,14623000.0,14623000.0,0.0,0.0,0.076,47389000.0,24094000.0,63902000.0,0.0,2.088,9.965,9.785,18432000.0,0.0,15.0,0.983,0.982,100213000.0,153505000.0,193023000.0,193023000.0,4761000.0,,,,,2856000.0,39431000.0,1.0,61952116.0,61893000,63421500.0,3.119,427265000.0,13375000.0,10214000.0,16124000.0,6.903,263824000.0
74,TTWO,MRQ,2002-12-31,2003-01-31,2003-01-31,2021-08-03,-2281000.0,577137000.0,,393745000.0,183392000.0,,6.909,-3691000.0,164085000.0,164085000.0,245061000.0,51535000.0,2.618,0.365,271000.0,97000.0,174000.0,271000.0,0.0,3155000.0,0.0,0.0,0.0,87341000.0,90496000.0,0.22,90496000.0,87341000.0,87341000.0,0.84,0.813,0.84,422672000.0,,422672000.0,759368233.0,5.0,4.674,77877000.0,1.273,1.0,165947000.0,0.404,154039000.0,0.0,108878000.0,,76604000.0,0.0,0.0,0.0,154465000.0,150406000.0,4059000.0,867441233.0,55716000.0,-27295000.0,0.0,0.0,0.0,4752000.0,-30986000.0,0.0,81568000.0,382000.0,51535000.0,51535000.0,51535000.0,0.0,0.0,0.125,78990000.0,86957000.0,55997000.0,0.0,2.052,9.827,9.591,16707000.0,0.0,14.127,0.94,0.937,120779000.0,138266000.0,411008000.0,411008000.0,5615000.0,,,,,1447000.0,65813000.0,1.0,61403074.0,61179000,63303000.0,6.718,423098000.0,13375000.0,35806000.0,17751000.0,6.916,243339000.0
75,TTWO,MRQ,2002-09-30,2002-10-31,2002-10-31,2021-08-03,-5041000.0,491440000.0,,328365000.0,163075000.0,,5.983,-1613000.0,108369000.0,108369000.0,136292000.0,22331000.0,2.491,0.382,296000.0,95000.0,201000.0,296000.0,0.0,4215000.0,0.0,0.0,0.0,38859000.0,43074000.0,0.197,43074000.0,38859000.0,39107000.0,0.38,0.367,0.38,355544000.0,,355544000.0,940737824.0,8.0,7.113,24567000.0,0.413,1.0,82667000.0,0.378,127207000.0,-248000.0,124350000.0,,74391000.0,97000.0,0.0,97000.0,135896000.0,131810000.0,4086000.0,1014314824.0,34471000.0,6318000.0,0.0,-97000.0,0.0,11316000.0,-5013000.0,282000.0,26180000.0,1988000.0,22331000.0,22331000.0,22331000.0,0.0,0.0,0.102,43830000.0,38837000.0,79660000.0,0.0,2.853,14.174,13.717,15319000.0,0.0,17.187,1.276,1.234,105576000.0,86906000.0,218959000.0,218959000.0,3821000.0,,,,,7089000.0,35794000.0,1.0,59016398.0,59430000,62158500.0,3.684,364233000.0,14228000.0,16776000.0,1357000.0,6.129,196555000.0
76,TTWO,MRQ,2002-06-30,2002-07-31,2002-07-31,2021-08-03,-6913000.0,406409000.0,,245781000.0,160628000.0,,5.337,-2019000.0,73898000.0,73898000.0,76937000.0,4766000.0,2.551,0.312,321000.0,92000.0,229000.0,321000.0,0.0,2541000.0,0.0,0.0,0.0,7869000.0,10410000.0,0.085,10410000.0,7869000.0,8168000.0,0.08,0.08,0.08,309839000.0,,309839000.0,736614381.0,10.0,8.707,8643000.0,0.149,1.0,45524000.0,0.372,124621000.0,-299000.0,111870000.0,,49591000.0,510000.0,448000.0,62000.0,96570000.0,96341000.0,229000.0,805885381.0,4281000.0,-10106000.0,0.0,-70000.0,0.0,3880000.0,-12125000.0,0.0,10662000.0,1864000.0,4766000.0,4766000.0,4766000.0,0.0,0.0,0.039,37655000.0,7869000.0,47976000.0,0.0,2.601,17.438,16.599,15091000.0,0.0,13.827,1.151,1.147,64759000.0,65471000.0,122461000.0,122461000.0,1812000.0,,,,,583000.0,33302000.0,1.0,58283458.0,58057500,60346500.0,2.109,281788000.0,25682000.0,3402000.0,11268000.0,4.854,149440000.0
77,TTWO,MRQ,2002-03-31,2002-04-30,2002-04-30,2021-08-03,-10348000.0,371042000.0,,239173000.0,131869000.0,,4.991,-3555000.0,69617000.0,69617000.0,107033000.0,9637000.0,2.562,0.337,346000.0,92000.0,254000.0,346000.0,0.0,2160000.0,0.0,0.0,0.0,16319000.0,18479000.0,0.108,18479000.0,16319000.0,16266000.0,0.173,0.167,0.173,277426000.0,,277426000.0,894470129.0,13.0,11.284,28417000.0,0.511,1.0,63297000.0,0.372,96092000.0,53000.0,112317000.0,,45481000.0,598000.0,500000.0,98000.0,93616000.0,93362000.0,254000.0,925075129.0,38645000.0,0.0,0.0,-21000.0,0.0,4923000.0,-3484000.0,71000.0,31972000.0,5234000.0,9637000.0,9637000.0,9637000.0,0.0,0.0,0.057,45542000.0,17755000.0,37962000.0,0.0,3.334,22.683,22.612,14837000.0,0.0,16.733,1.404,1.412,65095000.0,60705000.0,170330000.0,170330000.0,3937000.0,,,,,5896000.0,39446000.0,1.0,55284476.0,55585500,58152000.0,3.064,274950000.0,21765000.0,6629000.0,13794000.0,4.946,145811000.0
78,TTWO,MRQ,2001-12-31,2002-01-31,2002-01-31,2021-08-03,-11875000.0,385709000.0,,258194000.0,127515000.0,,4.641,-3279000.0,30972000.0,30972000.0,179823000.0,34829000.0,1.989,0.509,367000.0,92000.0,275000.0,367000.0,0.0,1913000.0,0.0,0.0,0.0,58371000.0,60284000.0,0.213,60284000.0,58371000.0,57397000.0,0.633,0.613,0.633,255641000.0,,255641000.0,733597761.0,20.0,15.115,72905000.0,1.323,1.0,103103000.0,0.364,95633000.0,974000.0,129678000.0,,51804000.0,824000.0,769000.0,55000.0,130068000.0,129793000.0,275000.0,679858761.0,24916000.0,0.0,0.0,-54096000.0,0.0,-52107000.0,2538000.0,5817000.0,76184000.0,-1699000.0,34829000.0,34829000.0,34829000.0,0.0,0.0,0.123,44859000.0,58244000.0,73220000.0,0.0,2.659,34.547,37.156,12992000.0,0.0,12.373,1.179,1.182,122701000.0,51068000.0,282926000.0,282926000.0,1954000.0,,,,,185000.0,40992000.0,1.0,54946962.0,55086000,56844000.0,5.136,290076000.0,21765000.0,22568000.0,21341000.0,5.266,128401000.0
79,TTWO,MRQ,2001-09-30,2001-10-31,2001-10-31,2021-08-03,-10452000.0,359512000.0,,227335000.0,132177000.0,,4.014,-3492000.0,6056000.0,6056000.0,95055000.0,-3018000.0,1.688,0.634,54463000.0,54172000.0,291000.0,54463000.0,0.0,3411000.0,0.0,0.0,0.0,-7983000.0,-4572000.0,-0.037,-4572000.0,-7983000.0,-9244000.0,-0.053,-0.053,-0.053,220061000.0,,220061000.0,564031436.0,-657.0,47.868,-421000.0,-0.008,1.0,29244000.0,0.235,100109000.0,1261000.0,173165000.0,,61937000.0,6316000.0,6241000.0,75000.0,139451000.0,134645000.0,4806000.0,510292436.0,-9290000.0,2515000.0,50000.0,-11648000.0,0.0,-8677000.0,-4334000.0,0.0,3071000.0,650000.0,-3018000.0,-3018000.0,-3018000.0,0.0,0.0,-0.024,35380000.0,-6136000.0,60223000.0,0.0,2.319,-73.763,-69.827,11033000.0,0.0,9.287,1.13,1.048,94950000.0,16239000.0,124299000.0,124299000.0,1205000.0,,,,,-5778000.0,30764000.0,1.0,54946962.0,54825000,49483500.0,2.267,259403000.0,30197000.0,-6226000.0,0.0,4.731,92690000.0
80,TTWO,MRQ,2001-06-30,2001-07-31,2001-07-31,2021-08-03,-9877000.0,342430000.0,,212278000.0,130152000.0,,4.322,-2299000.0,15346000.0,15346000.0,49612000.0,-665000.0,1.768,0.54,69085000.0,69085000.0,0.0,69085000.0,0.0,3270000.0,0.0,0.0,0.0,1810000.0,5080000.0,0.062,5080000.0,1810000.0,-154000.0,-0.013,-0.013,-0.013,222330000.0,,222330000.0,761182783.0,35.0,23.404,-1373000.0,-0.027,1.0,31715000.0,0.39,99640000.0,1964000.0,176429000.0,,55336000.0,8719000.0,3177000.0,5542000.0,120100000.0,120100000.0,0.0,676785783.0,8460000.0,231000.0,20842000.0,-26086000.0,0.0,10687000.0,-2068000.0,0.0,926000.0,-1085000.0,-665000.0,-665000.0,-665000.0,0.0,0.0,-0.008,28608000.0,3107000.0,35275000.0,0.0,3.044,141.291,99.549,10397000.0,0.0,13.24,1.554,1.564,77750000.0,20919000.0,81327000.0,81327000.0,1984000.0,,,,,4726000.0,23354000.0,1.0,51116751.0,51439500,53653500.0,1.581,242790000.0,16922000.0,511000.0,0.0,4.72,92178000.0
81,TTWO,MRQ,2001-03-31,2001-04-30,2001-04-30,2021-08-03,-10082000.0,335465000.0,,216062000.0,119403000.0,,3.691,-1444000.0,6886000.0,6886000.0,57396000.0,-11467000.0,1.53,0.856,91283000.0,77723000.0,13560000.0,91283000.0,0.0,3538000.0,0.0,0.0,0.0,-15794000.0,-12256000.0,-0.139,-12256000.0,-15794000.0,-18149000.0,-0.233,-0.233,-0.233,180719000.0,,180719000.0,542460351.0,22.0,15.345,546000.0,0.011,1.0,30783000.0,0.349,100051000.0,2355000.0,178625000.0,,52647000.0,6792000.0,1714000.0,5078000.0,154746000.0,141186000.0,13560000.0,460532351.0,-6772000.0,0.0,0.0,-8649000.0,0.0,-5833000.0,-1444000.0,0.0,1990000.0,-1485000.0,-11467000.0,-11467000.0,-11467000.0,0.0,0.0,-0.13,25823000.0,4960000.0,43860000.0,0.0,2.548,59.996,46.465,8606000.0,0.0,9.293,1.096,1.083,95021000.0,21584000.0,88179000.0,88179000.0,1601000.0,,,,,989000.0,20684000.0,1.0,49556908.0,48961500,48961500.0,1.801,235414000.0,16922000.0,-6682000.0,0.0,4.808,74876000.0
82,TTWO,MRQ,2000-12-31,2001-01-31,2001-01-31,2021-08-03,-13643000.0,370741000.0,,235433000.0,135308000.0,,3.96,-1333000.0,13658000.0,13658000.0,104260000.0,8232000.0,1.425,0.93,95586000.0,82192000.0,13394000.0,95586000.0,0.0,2422000.0,0.0,0.0,0.0,21109000.0,23531000.0,0.149,23531000.0,21109000.0,18179000.0,0.167,0.167,0.167,192130000.0,,192130000.0,493875821.0,17.0,12.895,19999000.0,0.412,1.0,53593000.0,0.34,100661000.0,2930000.0,186791000.0,,52429000.0,26393000.0,1990000.0,24403000.0,178611000.0,165217000.0,13394000.0,401810821.0,8413000.0,-4300000.0,0.0,-9162000.0,0.0,-7967000.0,-5633000.0,0.0,21332000.0,681000.0,8232000.0,8232000.0,8232000.0,0.0,0.0,0.052,27147000.0,26446000.0,62720000.0,0.0,2.091,37.612,38.146,6082000.0,0.0,8.125,1.001,0.982,119777000.0,33051000.0,157853000.0,157853000.0,1400000.0,,,,,68000.0,23325000.0,1.0,49453640.0,48520500,49438500.0,3.253,270080000.0,9243000.0,9947000.0,0.0,5.566,70216000.0
83,TTWO,MRQ,2000-09-30,2000-10-31,2000-10-31,2021-08-03,-12672000.0,330257000.0,,216474000.0,113783000.0,,3.627,-475000.0,5245000.0,5245000.0,73348000.0,8690000.0,1.468,0.94,97221000.0,84605000.0,12616000.0,97221000.0,0.0,1845000.0,0.0,0.0,0.0,14324000.0,16169000.0,0.15,16169000.0,14324000.0,12771000.0,0.213,0.213,0.213,170192000.0,,170192000.0,441991180.0,29.0,18.642,-27447000.0,-0.585,1.0,34795000.0,0.322,76175000.0,1553000.0,198609000.0,,53798000.0,31413000.0,2926000.0,28487000.0,160065000.0,147449000.0,12616000.0,385609742.0,2614000.0,-110000.0,1596000.0,38072000.0,0.0,38141000.0,-3275000.0,-2690000.0,-26972000.0,-5280000.0,8690000.0,8690000.0,8690000.0,0.0,0.0,0.08,21290000.0,13505000.0,46566000.0,0.0,2.266,60.092,54.196,5260000.0,0.0,8.292,1.059,0.933,110783000.0,24819000.0,108143000.0,108143000.0,1022000.0,,,,,-1843000.0,18423000.0,1.0,46503828.0,46927500,42495000.0,2.304,254082000.0,9243000.0,4081000.0,0.0,5.414,69025000.0
84,TTWO,MRQ,2000-06-30,2000-07-31,2000-07-31,2021-08-03,-6484819.0,277709954.0,,165247604.0,112462350.0,,3.858,-1181000.0,2631068.0,2631068.0,37264000.0,2221000.0,1.736,0.651,59012506.0,46561363.0,12451143.0,59012506.0,0.0,3259000.0,0.0,0.0,0.0,4649000.0,7908000.0,0.12,7908000.0,4649000.0,3014000.0,0.053,0.047,0.053,168192206.0,,168192206.0,352142398.0,23.0,15.437,-8949000.0,-0.205,1.0,28829000.0,0.436,104295533.0,1635000.0,134619207.0,,43739904.0,3559399.0,3559399.0,0.0,109517748.0,95176652.0,14341096.0,287072393.0,-555000.0,-242000.0,9673000.0,-6705000.0,0.0,4989000.0,3120000.0,4543000.0,-7768000.0,-896000.0,2221000.0,2221000.0,2221000.0,0.0,0.0,0.034,24180000.0,4649000.0,38730790.0,0.0,1.707,41.634,28.433,6230260.0,0.0,6.625,0.76,0.764,79554523.0,17234012.0,66093000.0,66093000.0,1657000.0,,,,,0.0,18161000.0,1.0,43331682.0,43591500,44818500.0,1.516,173414421.0,2357249.0,793000.0,0.0,3.978,70070952.0
85,TTWO,MRQ,2000-03-31,2000-04-30,2000-04-30,2021-08-03,-2676246.0,275361441.0,,172195094.0,103166347.0,,3.83,-335000.0,3185666.0,3185666.0,40412000.0,-8460000.0,1.369,0.865,68255671.0,68211410.0,44261.0,68255671.0,0.0,2173000.0,0.0,0.0,0.0,-11480000.0,-9307000.0,-0.134,-9307000.0,-11480000.0,-12855000.0,-0.22,-0.22,-0.22,147639281.0,,147639281.0,281932192.0,19.0,13.877,-14749000.0,-0.383,1.0,29107000.0,0.419,93452200.0,1375000.0,121200347.0,,40506732.0,11113750.0,7013750.0,4100000.0,127722160.0,125778899.0,1943261.0,226603146.0,-16069000.0,-5092000.0,8066051.0,-6371000.0,0.0,7093000.0,-7402000.0,-1975000.0,-14414000.0,-1346000.0,-8460000.0,-8460000.0,-8460000.0,0.0,0.0,-0.122,21645000.0,7462000.0,39578580.0,0.0,1.535,30.697,24.681,5539147.0,0.0,6.417,0.604,0.659,80830267.0,15012704.0,69519000.0,69519000.0,1364000.0,,,,,1538000.0,18108000.0,1.0,35312942.0,38548500,38548500.0,1.803,181909241.0,2004689.0,-4395000.0,0.0,4.719,46416195.0
86,TTWO,MRQ,1999-12-31,2000-01-31,2000-01-31,2021-08-03,-1833263.0,248776642.0,,201629174.0,47147468.0,,2.603,-890000.0,19255178.0,19255178.0,84955000.0,3966000.0,1.275,1.746,74584224.0,74569815.0,14409.0,74584224.0,0.0,1403000.0,0.0,0.0,0.0,7537000.0,8940000.0,0.074,8940000.0,7537000.0,6031000.0,0.113,0.107,0.113,90584904.0,,90584904.0,337169707.0,11.0,10.059,-5966000.0,-0.171,1.0,35292000.0,0.293,33609466.0,1506000.0,112318893.0,,46781625.0,7898363.0,0.0,7898363.0,158191738.0,158177329.0,14409.0,291322363.0,8881000.0,-459000.0,1949949.0,18362000.0,0.0,20312000.0,-5349000.0,-4000000.0,-5076000.0,-1006000.0,3966000.0,3966000.0,3966000.0,0.0,0.0,0.033,27599000.0,7693000.0,56832836.0,0.0,3.216,16.74,15.557,4692271.0,0.0,8.292,0.814,0.806,93247424.0,22367153.0,120247000.0,120247000.0,1625000.0,,,,,403000.0,24571000.0,1.0,35132943.0,34798500,36717000.0,3.456,215167176.0,2004689.0,2065000.0,0.0,6.183,43451845.0
87,TTWO,MRQ,1999-09-30,1999-10-31,1999-10-31,2021-08-03,-827000.0,231712000.0,,187970000.0,43742000.0,,2.473,-310029.0,10374000.0,10374000.0,81568042.0,9168168.0,1.283,1.723,56222000.0,56144000.0,78000.0,56222000.0,0.0,712643.0,0.0,0.0,0.0,14557375.0,15270018.0,0.125,15270018.0,14557375.0,13700670.0,0.287,0.28,0.287,85103000.0,,85103000.0,261168397.0,10.0,8.66,-7441350.0,-0.216,1.0,40355503.0,0.331,33084000.0,856705.0,97945000.0,,41300000.0,3955000.0,0.0,3955000.0,146609000.0,146531000.0,78000.0,239047961.0,7455696.0,-19365182.0,421120.0,30477460.0,0.0,30674654.0,-15675211.0,4000000.0,-7131321.0,-412426.0,9168168.0,9168168.0,9168168.0,0.0,0.0,0.075,25642155.0,14713348.0,71230000.0,0.0,2.809,14.637,13.125,4120000.0,0.0,6.917,0.781,0.702,107799000.0,18402000.0,121923545.0,121923545.0,3052006.0,,,,,610568.0,21511716.0,1.0,34559486.0,34410045,33666600.0,3.543,198628000.0,2005000.0,4532502.0,0.0,5.772,41439000.0
88,TTWO,MRQ,1999-06-30,1999-07-31,1999-07-31,2021-08-03,-562432.0,147802459.0,,123982998.0,23819461.0,,2.216,-270598.0,2918141.0,2918141.0,43931101.0,2707824.0,1.694,0.982,25038577.0,25013276.0,25301.0,25038577.0,0.0,1094208.0,0.0,0.0,0.0,4319917.0,5414125.0,0.085,5414125.0,4319917.0,3866092.0,0.08,0.08,0.08,74576390.0,,74576390.0,215391168.0,13.0,10.997,-7143440.0,-0.212,1.0,19631369.0,0.309,14441523.0,453825.0,82280604.0,,33528830.0,4110973.0,0.0,4110973.0,73226069.0,73200768.0,25301.0,181500139.0,1470996.0,86894.0,22074065.0,-10300089.0,0.0,11050690.0,-2851704.0,-2668000.0,-6872842.0,144852.0,2707824.0,2707824.0,2707824.0,0.0,0.0,0.043,15422425.0,4208944.0,33665640.0,0.0,2.434,16.253,12.814,3728281.0,0.0,5.292,0.731,0.717,63261214.0,9233354.0,63562470.0,63562470.0,986845.0,,,,,959219.0,13705434.0,1.0,34297078.0,33660820,34938812.0,1.888,133360936.0,0.0,1158268.0,0.0,3.962,50782230.0
89,TTWO,MRQ,1999-03-31,1999-04-30,1999-04-30,2021-08-03,-398820.0,118922190.0,,97856621.0,21065569.0,,1.692,-1414965.0,1447145.0,1447145.0,36085017.0,1561172.0,1.393,1.446,35338174.0,35296070.0,42104.0,35338174.0,0.0,561734.0,0.0,0.0,0.0,3334155.0,3895889.0,0.075,3895889.0,3334155.0,2551202.0,0.053,0.053,0.053,48613851.0,,48613851.0,205562997.0,15.0,12.789,-4336645.0,-0.151,1.0,16080315.0,0.308,15105304.0,782953.0,67441680.0,,24067656.0,1332000.0,0.0,1332000.0,70308339.0,70266235.0,42104.0,178264345.0,-3314251.0,-81712.0,807918.0,1054268.0,0.0,2809398.0,-2828677.0,-1332000.0,-2921680.0,-373292.0,1561172.0,1561172.0,1561172.0,0.0,0.0,0.03,12746160.0,3334155.0,22171619.0,0.0,3.667,19.128,17.091,3043923.0,0.0,6.375,0.799,0.821,47381170.0,6525530.0,52165332.0,52165332.0,632005.0,,,,,278337.0,11554149.0,1.0,27963034.0,28728564,31126680.0,1.816,103816886.0,941000.0,990030.0,0.0,3.614,27590386.0
90,TTWO,MRQ,1998-12-31,1999-01-31,1999-01-31,2021-08-03,-261142.0,107641084.0,,94009153.0,13631931.0,,1.445,-184408.0,4761396.0,4761396.0,53537840.0,2894836.0,1.382,1.727,32060048.0,31914217.0,145831.0,32060048.0,0.0,453415.0,0.0,0.0,0.0,5124553.0,5577968.0,0.082,5577968.0,5124553.0,4308036.0,0.107,0.1,0.107,39466569.0,,39466569.0,267670801.0,22.0,18.869,-6565.0,0.0,1.0,14742813.0,0.216,10541831.0,816517.0,56369221.0,,23074122.0,0.0,0.0,0.0,68174515.0,68028684.0,145831.0,239712831.0,1998559.0,0.0,1157897.0,1087361.0,0.0,2245258.0,-184408.0,0.0,177843.0,-240134.0,2894836.0,2894836.0,2894836.0,0.0,0.0,0.042,9618260.0,5124553.0,22435940.0,0.0,6.074,29.04,25.095,1967358.0,0.0,8.708,1.136,1.128,47493189.0,4964358.0,68280653.0,68280653.0,592144.0,,,,,157876.0,8572701.0,1.0,27527886.0,27318360,29301616.0,2.499,97099253.0,941000.0,1413200.0,0.0,3.554,25980469.0
91,TTWO,MRQ,1998-09-30,1998-10-31,1998-10-31,2021-08-03,-7433.0,109385094.0,,95301690.0,14083404.0,,1.356,-264690.0,2762837.0,2762837.0,48740707.0,4003330.0,1.297,2.076,30984300.0,30669367.0,314933.0,30984300.0,0.0,616728.0,0.0,0.0,0.0,4081070.0,4697798.0,0.073,4697798.0,4081070.0,3501666.0,0.173,0.153,0.173,35565568.0,,35565568.0,115695018.0,11.0,9.359,-3889955.0,-0.148,1.0,15531417.0,0.242,10681814.0,579404.0,53420150.0,,26092541.0,0.0,0.0,0.0,73819526.0,73504593.0,314933.0,109428819.0,2460918.0,-126.0,-13998.0,5653027.0,-931000.0,5279346.0,1058329.0,1090000.0,-3625265.0,-251492.0,4003330.0,4003330.0,4003330.0,0.0,0.0,0.062,11450095.0,4081322.0,33532359.0,0.0,3.077,15.239,13.251,1979658.0,0.0,4.333,0.564,0.494,49138871.0,2069522.0,64272124.0,64272124.0,150200.0,,,,,42863.0,10683168.0,1.0,25254747.0,26231614,28491434.0,2.45,98703280.0,941000.0,-501664.0,0.0,3.763,21797097.0
92,TTWO,MRQ,1998-06-30,1998-07-31,1998-07-31,2021-08-03,426332.0,49802211.0,,38147754.0,11654457.0,,1.465,-83158.0,196444.0,196444.0,28170283.0,860084.0,2.181,0.555,6462643.0,6205416.0,257227.0,6462643.0,0.0,438473.0,0.0,0.0,0.0,1463076.0,1901549.0,0.049,1901549.0,1463076.0,883333.0,0.04,0.033,0.04,32025256.0,,32025256.0,71793015.0,11.0,8.511,-9273469.0,-0.424,1.0,10255862.0,0.267,9812773.0,579743.0,28760908.0,,5342430.0,0.0,0.0,0.0,17776955.0,17494729.0,282226.0,66174080.0,-229589.0,0.0,5062002.0,4046981.0,0.0,9001983.0,-83158.0,0.0,-9190311.0,41897.0,860084.0,860084.0,860084.0,0.0,0.0,0.022,8855433.0,1400429.0,5584374.0,0.0,2.066,33.109,25.262,1553629.0,0.0,4.042,0.308,0.412,12773174.0,-3815314.0,38426145.0,38426145.0,546429.0,,,,,39875.0,7870530.0,1.0,16371618.0,21857847,26916448.0,1.758,39989438.0,0.0,23249.0,0.0,1.83,20653025.0
93,TTWO,MRQ,1998-03-31,1998-04-30,1998-04-30,2021-08-03,332595.0,47460624.0,,35098851.0,12361773.0,,1.283,-216682.0,438562.0,438562.0,29847441.0,496405.0,1.7,0.804,6057497.0,5548094.0,509403.0,6057497.0,0.0,403257.0,0.0,0.0,0.0,1604990.0,2008247.0,0.05,2008247.0,1604990.0,632172.0,0.027,0.02,0.027,26302312.0,,26302312.0,90308621.0,23.0,16.946,-84040.0,-0.004,1.0,10100929.0,0.253,10571636.0,972818.0,21859014.0,,7387278.0,0.0,0.0,0.0,21158312.0,20648909.0,509403.0,82489185.0,-1382890.0,0.0,1009996.0,-1954397.0,0.0,-1408718.0,-449827.0,0.0,132642.0,343013.0,496405.0,496405.0,496405.0,0.0,0.0,0.012,8270544.0,1830385.0,5871083.0,0.0,3.136,-214.989,797.571,1562637.0,0.0,5.583,0.461,0.639,13031527.0,-3910872.0,39948370.0,39948370.0,518408.0,,,,,34950.0,7348879.0,1.0,14775064.0,20504972,24661353.0,1.948,36888988.0,0.0,135767.0,0.0,1.799,14449942.0
94,TTWO,MRQ,1997-12-31,1998-01-31,1998-01-31,2021-08-03,-10418.0,30647961.0,,18119202.0,12528759.0,,0.642,-65470.0,1087321.0,1087321.0,40797569.0,1821181.0,1.056,1.399,8906757.0,8196857.0,709900.0,8906757.0,0.0,376542.0,0.0,0.0,0.0,3377864.0,3754406.0,0.073,3754406.0,3377864.0,1829829.0,0.073,0.067,0.073,12777158.0,,12777158.0,,,,4595464.0,0.231,1.0,10607792.0,0.206,11043288.0,1548035.0,10263206.0,,6067152.0,0.0,0.0,0.0,17870803.0,17160903.0,709900.0,64598910.0,-457439.0,-1186874.0,45000.0,-3900611.0,0.0,-3855611.0,-1252344.0,0.0,4660934.0,-10418.0,1821181.0,1459181.0,1459181.0,0.0,0.0,0.028,7229928.0,3377864.0,5386108.0,0.0,5.056,-39.062,-47.495,1226420.0,362000.0,4.417,0.453,0.616,7226898.0,-4540026.0,51405361.0,51405361.0,486963.0,,,,,4312.0,6366423.0,1.0,14625064.0,19887568,22308766.0,2.585,19604673.0,0.0,8648.0,0.0,0.986,958299.0
95,TTWO,MRQ,1997-09-30,1997-10-31,1997-10-31,2021-08-03,-130706.0,25090200.0,,12898117.0,12192083.0,,0.563,-667885.0,1882915.0,1882915.0,73778382.0,-992788.0,0.899,1.539,6404886.0,5625008.0,779878.0,6404886.0,0.0,509566.0,0.0,0.0,0.0,261701.0,771267.0,0.009,771267.0,261701.0,-981103.0,0.02,0.02,0.02,9881888.0,,9881888.0,,,,-12347569.0,-0.704,1.0,11082706.0,0.131,10570765.0,1242804.0,4700315.0,,1149590.0,0.0,0.0,0.0,15208312.0,14341091.0,867221.0,65812790.0,-1441914.0,84003.0,32439.0,12480679.0,-436000.0,12042118.0,-1673642.0,-1089760.0,-11679684.0,-130706.0,-992788.0,-816996.0,-816996.0,0.0,0.0,-0.01,10821005.0,261701.0,5437419.0,0.0,6.66,-22.664,-26.946,1207614.0,-175792.0,4.5,0.676,0.811,4666862.0,-5650307.0,84861088.0,84861088.0,957967.0,,,,,4312.0,9353472.0,1.0,14625064.0,17546013,17546013.0,4.836,14519435.0,0.0,11685.0,0.0,0.828,-1442974.0
96,TTWO,MRQ,1997-06-30,1997-07-31,1997-07-31,2021-08-03,,,,,,,,-82020.0,,,2749467.0,-1520643.0,,,,,,,,186354.0,,0.0,0.0,-1390971.0,-1204617.0,-0.424,-1204617.0,-1390971.0,-1520531.0,-0.113,-0.113,-0.113,,,,,,,-2524956.0,-0.192,1.0,93679.0,0.033,,129560.0,,,,,,,,,,,-2426699.0,-619411.0,1003184.0,-173855.0,-51474.0,717668.0,-701431.0,0.0,-2442936.0,0.0,-1520643.0,-1522280.0,-1522280.0,0.0,0.0,-0.535,1484650.0,-1390971.0,,0.0,,,,,1637.0,5.458,,,,,2843146.0,2843146.0,289064.0,,,,,4313.0,1009233.0,1.0,,13150078,13150078.0,0.216,,,112.0,,,
97,TTWO,MRQ,1997-03-31,1997-04-30,1997-04-30,2021-08-03,,,,,,,,-3852.0,,,1975693.0,-536943.0,,,,,,,,152259.0,,0.0,0.0,-332853.0,-180594.0,-0.052,-180594.0,-332853.0,-533942.0,-0.073,-0.067,-0.073,,,,,,,-900746.0,-0.084,1.0,1529248.0,0.436,,201089.0,,,,,,,,,,,5344733.0,-245177.0,6428302.0,-116004.0,-131981.0,6490656.0,-249029.0,0.0,-896894.0,0.0,-536943.0,-773659.0,-773659.0,0.0,0.0,-0.221,1862101.0,-332853.0,,0.0,,,,,236716.0,5.042,,,,,3504941.0,3504941.0,313368.0,,,,,4313.0,1396474.0,1.0,,10773537,11600470.0,0.325,,,3001.0,,,
98,TTWO,MRQ,1996-12-31,1997-01-31,1997-01-31,2021-08-03,,,,,,,,40743.0,,,2975966.0,272164.0,,,,,,,,155959.0,,,0.0,571942.0,727901.0,0.119,727901.0,571942.0,287155.0,0.02,0.02,0.02,,,,,,,600257.0,0.052,1.0,3156084.0,0.515,,284787.0,,,,,,,,,,,159148.0,0.0,0.0,-137320.0,-53637.0,-441109.0,40743.0,0.0,559514.0,0.0,272164.0,214144.0,214144.0,0.0,0.0,0.035,2584142.0,571942.0,,0.0,,,,,58020.0,,,,,,6132050.0,6132050.0,287571.0,,,,,4312.0,2140612.0,1.0,,11506596,11506596.0,0.533,,,14991.0,,,
0,TTWO,MRT,2021-06-30,2021-06-30,2021-06-30,2021-08-03,-2770000.0,6314255000.0,6036181500.0,4013612000.0,2300643000.0,0.556,31.29,-146451000.0,2157378000.0,2157378000.0,1388111000.0,652637000.0,1.854,0.741,188312000.0,31361000.0,156951000.0,188312000.0,875838000.0,200049000.0,0.0,0.0,0.0,759348000.0,959397000.0,0.286,959397000.0,759348000.0,758899000.0,5.68,5.62,5.68,3618932000.0,3251849250.0,3618932000.0,18604460583.0,25.0,19.392,468686000.0,4.052,1.0,1966697000.0,0.586,1573125000.0,449000.0,606735000.0,495542250.0,11491000.0,1135188000.0,1135188000.0,0.0,2682948000.0,2165329000.0,517619000.0,20473441583.0,-3894000.0,-200356000.0,16941000.0,0.0,0.0,-64366000.0,-573116000.0,-226309000.0,615137000.0,18451000.0,652637000.0,652637000.0,652637000.0,0.0,0.0,0.195,1248982000.0,717715000.0,67136000.0,0.0,5.657,31.37,31.165,388344000.0,0.0,177.02,6.103,6.103,487171000.0,2023227000.0,3354808000.0,3354808000.0,336497000.0,0.108,0.201,1.532,0.226,106111000.0,857017000.0,1.0,115656093.0,115656093,,29.007,4741130000.0,78383000.0,106262000.0,0.0,40.993,1848283000.0
1,TTWO,MRT,2021-03-31,2021-03-31,2021-03-31,2021-08-03,-8664000.0,6028218000.0,5799928000.0,4220515000.0,1807703000.0,0.582,28.928,-68923000.0,2060247000.0,2060247000.0,1535085000.0,588886000.0,1.889,0.809,191266000.0,31595000.0,159671000.0,191266000.0,965331000.0,232813000.0,0.0,0.0,0.0,669020000.0,901833000.0,0.267,901833000.0,669020000.0,677816000.0,5.14,5.09,5.14,3331892000.0,3009873250.0,3331892000.0,18026476755.0,27.0,19.989,843395000.0,7.323,1.0,1837687000.0,0.545,1191232000.0,-8796000.0,733290000.0,434381000.0,17742000.0,1308692000.0,1308692000.0,0.0,2696326000.0,2234715000.0,461611000.0,20351890755.0,66855000.0,-102469000.0,14214000.0,0.0,0.0,-57338000.0,-806724000.0,-635332000.0,912318000.0,18599000.0,588886000.0,588886000.0,588886000.0,0.0,0.0,0.175,1208303000.0,629384000.0,71001000.0,0.0,6.108,34.56,34.377,314127000.0,0.0,176.7,6.034,6.034,552762000.0,1870971000.0,3372772000.0,3372772000.0,317311000.0,0.102,0.196,1.54,0.198,110472000.0,835668000.0,1.0,115177650.0,115177650,,29.283,4836986000.0,90206000.0,88930000.0,0.0,41.996,1985800000.0
2,TTWO,MRT,2020-12-31,2020-12-31,2020-12-31,2021-08-03,-5584000.0,5966099000.0,5530081500.0,4159959000.0,1806140000.0,0.596,27.432,-58801000.0,2512789000.0,2512789000.0,1651078000.0,492796000.0,1.776,0.891,187375000.0,30540000.0,156835000.0,187375000.0,1023289000.0,239656000.0,0.0,0.0,0.0,528754000.0,768410000.0,0.233,768410000.0,528754000.0,548859000.0,4.32,4.27,4.32,3155291000.0,2811711250.0,3155291000.0,21995406628.0,42.0,28.625,974563000.0,8.473,1.0,1642804000.0,0.499,1137639000.0,-20105000.0,161257000.0,304633250.0,26733000.0,772683000.0,772683000.0,0.0,2810808000.0,2341789000.0,469019000.0,23900342628.0,770355000.0,-79525000.0,14215000.0,0.0,0.0,-63079000.0,-209773000.0,-71447000.0,1033364000.0,9843000.0,492796000.0,492796000.0,492796000.0,0.0,0.0,0.15,1147353000.0,495451000.0,100159000.0,0.0,7.575,48.499,48.1,297007000.0,0.0,207.79,7.256,7.256,581136000.0,1652159000.0,3293882000.0,3293882000.0,302470000.0,0.089,0.175,1.736,0.161,221118000.0,792787000.0,1.0,115021621.0,115021621,,28.637,4828460000.0,127312000.0,56063000.0,0.0,41.979,1818170000.0
3,TTWO,MRT,2020-09-30,2020-09-30,2020-09-30,2021-08-03,-34824000.0,5836154000.0,5258465000.0,3932098000.0,1904056000.0,0.64,25.374,-52873000.0,2084780000.0,2084780000.0,1741927000.0,474190000.0,1.691,1.012,179844000.0,29051000.0,150793000.0,179844000.0,1095944000.0,259491000.0,0.0,0.0,0.0,490239000.0,749730000.0,0.223,749730000.0,490239000.0,521189000.0,4.18,4.13,4.18,2901282000.0,2623397250.0,2901282000.0,16910898814.0,34.0,22.556,1115392000.0,9.755,1.0,1621195000.0,0.482,1124496000.0,-30950000.0,480887000.0,331171750.0,26934000.0,1040786000.0,1040786000.0,0.0,2934872000.0,2325835000.0,609037000.0,18891062814.0,654377000.0,-78807000.0,17018000.0,0.0,0.0,-57674000.0,-462375000.0,-330695000.0,1168265000.0,6161000.0,474190000.0,474190000.0,474190000.0,0.0,0.0,0.141,1124968000.0,496227000.0,85103000.0,0.0,6.511,39.839,39.526,289714000.0,0.0,165.22,5.617,5.617,787818000.0,1469911000.0,3363122000.0,3363122000.0,298562000.0,0.09,0.181,1.48,0.146,243401000.0,775856000.0,1.0,114338838.0,114338838,,29.414,4711658000.0,117692000.0,46999000.0,0.0,41.208,1606263000.0
4,TTWO,MRT,2020-06-30,2020-06-30,2020-06-30,2021-08-03,-52131000.0,5369241000.0,5003204250.0,3686933000.0,1682308000.0,0.676,23.266,-52318000.0,2161272000.0,2161272000.0,1777670000.0,446684000.0,1.716,1.025,181108000.0,27602000.0,153506000.0,181108000.0,960951000.0,264650000.0,0.0,0.0,0.0,450347000.0,714997000.0,0.212,714997000.0,450347000.0,486645000.0,3.94,3.9,3.94,2651028000.0,2443517500.0,2651028000.0,14086845013.0,31.0,19.702,970248000.0,8.515,1.0,1602151000.0,0.474,878247000.0,-36298000.0,362090000.0,261113750.0,19486000.0,880825000.0,880825000.0,0.0,2718213000.0,2148740000.0,569473000.0,15902991013.0,549277000.0,-3325000.0,17018000.0,0.0,0.0,-57338000.0,-410209000.0,-354566000.0,1022566000.0,-5742000.0,446684000.0,446684000.0,446684000.0,0.0,0.0,0.132,1146471000.0,455680000.0,56410000.0,0.0,5.999,35.602,35.424,286922000.0,0.0,139.57,4.705,4.705,685169000.0,1370590000.0,3379821000.0,3379821000.0,300543000.0,0.089,0.183,1.725,0.133,253860000.0,796957000.0,1.0,113942760.0,113942760,,29.662,4490994000.0,120892000.0,39961000.0,0.0,39.414,1538193000.0
5,TTWO,MRT,2020-03-31,2020-03-31,2020-03-31,2021-08-03,-58376000.0,4948832000.0,4752449500.0,3493351000.0,1455481000.0,0.65,22.387,-53384000.0,1993392000.0,1993392000.0,1542450000.0,404459000.0,1.714,0.949,177246000.0,25187000.0,152059000.0,177246000.0,806123000.0,236543000.0,0.0,0.0,0.0,419934000.0,656477000.0,0.213,656477000.0,419934000.0,458439000.0,3.58,3.54,3.58,2539244000.0,2302342250.0,2539244000.0,11886332951.0,28.0,18.106,632294000.0,5.575,1.0,1546520000.0,0.501,879848000.0,-38505000.0,214299000.0,132607250.0,19108000.0,644003000.0,644003000.0,0.0,2409588000.0,2038539000.0,371049000.0,13453258951.0,601406000.0,-12040000.0,10515000.0,0.0,0.0,-77453000.0,4049000.0,69473000.0,685678000.0,-10868000.0,404459000.0,404459000.0,404459000.0,0.0,0.0,0.131,1121253000.0,425267000.0,65684000.0,0.0,5.298,33.262,33.131,286172000.0,0.0,118.61,4.355,4.355,592555000.0,1282085000.0,3088970000.0,3088970000.0,296398000.0,0.085,0.176,3.167,0.136,257881000.0,776659000.0,1.0,113424323.0,113424323,,27.234,4068984000.0,116676000.0,53980000.0,0.0,35.874,1454812000.0
6,TTWO,MRT,2019-12-31,2019-12-31,2019-12-31,2021-08-03,-38487000.0,4879633000.0,4576007750.0,3435037000.0,1444596000.0,0.627,21.192,-58113000.0,1742434000.0,1742434000.0,1405724000.0,338567000.0,1.639,1.031,175508000.0,24108000.0,151400000.0,175508000.0,874776000.0,226959000.0,0.0,0.0,0.0,361445000.0,588404000.0,0.205,588404000.0,361445000.0,398333000.0,2.99,2.96,2.99,2402035000.0,2177676250.0,2402035000.0,12587725109.0,35.0,21.393,835178000.0,7.368,1.0,1461712000.0,0.51,948965000.0,-36888000.0,267411000.0,32066750.0,24426000.0,699269000.0,699269000.0,0.0,2477598000.0,2096331000.0,381267000.0,13877066109.0,446939000.0,-37040000.0,-89485000.0,0.0,0.0,-176201000.0,-272931000.0,-177778000.0,893291000.0,2780000.0,338567000.0,338567000.0,338567000.0,0.0,0.0,0.118,1100267000.0,361445000.0,82491000.0,0.0,5.777,40.988,40.946,280470000.0,0.0,122.43,4.84,4.84,647460000.0,1159363000.0,2867436000.0,2867436000.0,284268000.0,0.074,0.155,11.272,0.126,245689000.0,767626000.0,1.0,113346942.0,113346942,,25.298,3930668000.0,110831000.0,59766000.0,0.0,34.678,1338706000.0
7,TTWO,MRT,2019-09-30,2019-09-30,2019-09-30,2021-08-03,-54462000.0,4815111000.0,4452889500.0,3388333000.0,1426778000.0,0.716,19.277,-63357000.0,1430403000.0,1430403000.0,1867115000.0,354873000.0,1.479,1.207,141062000.0,22273000.0,118789000.0,141062000.0,927191000.0,321346000.0,0.0,0.0,0.0,236391000.0,557737000.0,0.175,557737000.0,236391000.0,269407000.0,3.14,3.1,3.14,2181763000.0,2084034250.0,2181763000.0,12720670430.0,54.0,22.808,1130351000.0,9.987,1.0,1318930000.0,0.414,1034887000.0,-33016000.0,200655000.0,-60222250.0,39293000.0,742613000.0,742613000.0,0.0,2633348000.0,2290228000.0,343120000.0,14185743430.0,597309000.0,-33715000.0,-208892000.0,0.0,0.0,-307696000.0,-279465000.0,-182393000.0,1193708000.0,-9238000.0,354873000.0,354873000.0,354873000.0,0.0,0.0,0.111,1082539000.0,236391000.0,114946000.0,0.0,6.502,39.974,39.917,248481000.0,0.0,125.34,4.452,4.452,858597000.0,995721000.0,3186045000.0,3186045000.0,264053000.0,0.08,0.17,-3.925,0.074,305958000.0,777987000.0,1.0,113178103.0,113178103,,28.151,3780224000.0,110167000.0,-85466000.0,0.0,33.401,1098105000.0
8,TTWO,MRT,2019-06-30,2019-06-30,2019-06-30,2021-08-03,-43988000.0,4366222000.0,4162909000.0,2821079000.0,1545143000.0,0.678,18.538,-62651000.0,1611995000.0,1611995000.0,1633747000.0,308425000.0,1.453,1.093,146922000.0,21794000.0,125128000.0,146922000.0,848182000.0,290470000.0,0.0,0.0,0.0,187557000.0,478027000.0,0.169,478027000.0,187557000.0,217494000.0,2.73,2.69,2.73,2086327000.0,2024703250.0,2086327000.0,11384850609.0,61.0,23.816,900582000.0,8.002,1.0,1187124000.0,0.421,1111079000.0,-29937000.0,-151936000.0,-104351000.0,23847000.0,557653000.0,557653000.0,0.0,2279895000.0,1942006000.0,337889000.0,12776836609.0,637811000.0,-33715000.0,-208892000.0,0.0,0.0,-303900000.0,-16785000.0,79581000.0,963233000.0,-4737000.0,308425000.0,308425000.0,308425000.0,0.0,0.0,0.109,999567000.0,187557000.0,55379000.0,0.0,6.124,41.426,41.586,251252000.0,0.0,113.53,4.529,4.529,352625000.0,923906000.0,2820871000.0,2820871000.0,248421000.0,0.074,0.152,-1.797,0.066,280534000.0,713247000.0,1.0,112541501.0,112541501,,25.065,3255143000.0,108979000.0,-90931000.0,0.0,28.924,879073000.0
9,TTWO,MRT,2019-03-31,2019-03-31,2019-03-31,2021-08-03,-37189000.0,4243065000.0,3935354500.0,2827835000.0,1415230000.0,0.678,18.032,-66969000.0,1391986000.0,1391986000.0,1523644000.0,333837000.0,1.449,1.079,0.0,0.0,0.0,0.0,864360000.0,264826000.0,0.0,0.0,0.0,206672000.0,471498000.0,0.177,471498000.0,206672000.0,232785000.0,2.95,2.9,2.95,2040580000.0,1966172750.0,2040580000.0,9383597089.0,45.0,19.902,776546000.0,6.862,1.0,1144750000.0,0.429,1087148000.0,-26113000.0,-187863000.0,-95365000.0,28200000.0,744485000.0,744485000.0,0.0,2202485000.0,1951794000.0,250691000.0,10679092089.0,145615000.0,-28149000.0,-362392000.0,0.0,0.0,-463685000.0,-223576000.0,-128458000.0,843515000.0,-10639000.0,333837000.0,333837000.0,333837000.0,0.0,0.0,0.125,938078000.0,206672000.0,72797000.0,0.0,5.233,31.989,31.99,127882000.0,0.0,94.37,4.002,4.002,395729000.0,877626000.0,2668394000.0,2668394000.0,230170000.0,0.085,0.17,-2.167,0.077,247700000.0,672634000.0,1.0,113161938.0,113161938,,23.58,3155917000.0,134732000.0,-101052000.0,0.0,27.889,876041000.0
10,TTWO,MRT,2018-12-31,2018-12-31,2018-12-31,2021-08-03,-50954000.0,4387160000.0,3809048500.0,2974773000.0,1412387000.0,0.677,17.805,-57725000.0,1295495000.0,1295495000.0,1453940000.0,367861000.0,1.417,1.164,0.0,0.0,0.0,0.0,887548000.0,248387000.0,0.0,0.0,0.0,236436000.0,484823000.0,0.188,484823000.0,236436000.0,259534000.0,3.25,3.21,3.25,2027467000.0,1828270250.0,2027467000.0,10888897400.0,46.0,22.46,584928000.0,5.137,1.0,1125721000.0,0.436,1094052000.0,-23098000.0,-101745000.0,-149213000.0,39786000.0,545734000.0,545734000.0,0.0,2359693000.0,2099358000.0,260335000.0,11721991400.0,146234000.0,-3149000.0,-307048000.0,0.0,0.0,-424630000.0,-67034000.0,-6160000.0,642653000.0,-4755000.0,367861000.0,367861000.0,367861000.0,0.0,0.0,0.143,889285000.0,236436000.0,74615000.0,0.0,5.782,31.865,31.674,114672000.0,0.0,102.94,4.544,4.544,823482000.0,820796000.0,2579661000.0,2579661000.0,227710000.0,0.097,0.201,-1.585,0.092,198847000.0,627387000.0,1.0,113872075.0,113872075,,22.654,3293108000.0,146216000.0,-108327000.0,0.0,28.919,875415000.0
11,TTWO,MRT,2018-09-30,2018-09-30,2018-09-30,2021-08-03,-37199000.0,3655189000.0,3632911000.0,2191736000.0,1463453000.0,0.499,17.082,-57984000.0,833094000.0,833094000.0,823439000.0,213053000.0,1.471,0.88,0.0,0.0,0.0,0.0,574431000.0,129710000.0,0.0,0.0,0.0,193509000.0,323219000.0,0.178,323219000.0,193509000.0,211910000.0,1.88,1.85,1.88,1944439000.0,1671608500.0,1944439000.0,14738203664.0,76.0,45.598,97156000.0,0.854,1.0,988324000.0,0.546,1308166000.0,-18401000.0,24140000.0,-286028000.0,40541000.0,562952000.0,562952000.0,0.0,1710750000.0,1489789000.0,220961000.0,15707155664.0,-385633000.0,-12550000.0,-308292000.0,0.0,0.0,-412809000.0,-130663000.0,-60129000.0,155140000.0,2699000.0,213053000.0,213053000.0,213053000.0,0.0,0.0,0.118,794815000.0,193509000.0,77298000.0,0.0,8.078,73.724,73.399,110900000.0,0.0,137.99,8.67,8.67,534633000.0,640849000.0,1811763000.0,1811763000.0,215382000.0,0.059,0.127,-0.677,0.107,88207000.0,540891000.0,1.0,113828217.0,113828217,,15.917,2347023000.0,0.0,-1143000.0,0.0,20.619,701947000.0
12,TTWO,MRT,2018-06-30,2018-06-30,2018-06-30,2021-08-03,-41015000.0,3456004000.0,3643208750.0,2074347000.0,1381657000.0,0.484,16.193,-59754000.0,974184000.0,974184000.0,835107000.0,184950000.0,1.491,0.866,5232000.0,0.0,5232000.0,5232000.0,466429000.0,134958000.0,0.0,0.0,0.0,156204000.0,291162000.0,0.165,291162000.0,156204000.0,166661000.0,1.63,1.6,1.63,1852205000.0,1553610250.0,1852205000.0,12299669297.0,79.0,42.243,372700000.0,3.258,1.0,927551000.0,0.526,1211828000.0,-10457000.0,-115992000.0,-405919750.0,10642000.0,637456000.0,637456000.0,0.0,1603799000.0,1391216000.0,212583000.0,13537972297.0,-260264000.0,-13134000.0,-308292000.0,0.0,0.0,-435681000.0,-266410000.0,-193522000.0,432454000.0,9373000.0,184950000.0,184950000.0,184950000.0,0.0,0.0,0.105,771347000.0,156204000.0,33767000.0,0.0,7.309,73.198,72.613,105852000.0,0.0,118.36,7.68,7.68,239736000.0,615482000.0,1762658000.0,1762658000.0,204816000.0,0.051,0.119,-0.385,0.089,116876000.0,517144000.0,1.0,114379624.0,114379624,,15.411,2244176000.0,0.0,-18289000.0,0.0,19.62,683131000.0
13,TTWO,MRT,2018-03-31,2018-03-31,2018-03-31,2021-08-03,-15732000.0,3737841000.0,3584100250.0,2409177000.0,1328664000.0,0.5,13.016,-61557000.0,1246371000.0,1246371000.0,898311000.0,173533000.0,1.395,1.51,8068000.0,0.0,8068000.0,8068000.0,1132741000.0,144919000.0,0.0,0.0,0.0,135577000.0,280496000.0,0.156,280496000.0,135577000.0,136625000.0,1.57,1.54,1.57,1488970000.0,1365497750.0,1488970000.0,10050441503.0,74.0,35.831,431970000.0,3.776,1.0,894581000.0,0.499,1175864000.0,-1048000.0,-403255000.0,-440442250.0,15162000.0,615406000.0,615406000.0,0.0,2248871000.0,1726929000.0,521942000.0,11185864503.0,-34843000.0,-35366000.0,-154792000.0,0.0,0.0,-281467000.0,-271827000.0,-174904000.0,493527000.0,24924000.0,173533000.0,173533000.0,173533000.0,0.0,0.0,0.097,759004000.0,135577000.0,35029000.0,0.0,7.512,64.46,62.28,102478000.0,0.0,97.78,6.239,6.239,247649000.0,73516000.0,1792892000.0,1792892000.0,196373000.0,0.048,0.127,-0.308,0.076,116349000.0,503920000.0,1.0,114398287.0,114398287,,15.672,2561977000.0,4930000.0,-36908000.0,0.0,22.395,682248000.0
14,TTWO,MRT,2017-12-31,2017-12-31,2017-12-31,2021-08-03,-31095000.0,3682610000.0,3436928500.0,2447724000.0,1234886000.0,0.557,12.282,-54276000.0,1149261000.0,1149261000.0,1024000000.0,181960000.0,1.181,1.629,13838000.0,0.0,13838000.0,13838000.0,1163275000.0,192476000.0,0.0,0.0,0.0,159255000.0,351731000.0,0.184,351731000.0,159255000.0,156460000.0,1.86,1.83,1.86,1400820000.0,1244187250.0,1400820000.0,11354388793.0,71.0,32.281,355098000.0,3.113,1.0,890174000.0,0.465,1124075000.0,2795000.0,-649005000.0,-454386250.0,30857000.0,547329000.0,547329000.0,0.0,2281790000.0,2072117000.0,209673000.0,12520746793.0,-151338000.0,-165285000.0,-110136000.0,0.0,0.0,-219603000.0,-359732000.0,-140171000.0,409374000.0,18623000.0,181960000.0,181960000.0,181960000.0,0.0,0.0,0.095,730919000.0,159255000.0,45998000.0,0.0,8.938,68.81,59.022,96570000.0,0.0,109.78,6.541,6.541,425931000.0,-17311000.0,1914174000.0,1914174000.0,178666000.0,0.053,0.146,-0.35,0.083,122569000.0,496373000.0,1.0,114053077.0,114053077,,16.783,2558535000.0,0.0,-25500000.0,0.0,22.433,375607000.0
15,TTWO,MRT,2017-09-30,2017-09-30,2017-09-30,2021-08-03,-28472000.0,3696380000.0,3288550750.0,2455515000.0,1240865000.0,0.581,13.822,-45601000.0,1218727000.0,1218727000.0,1067091000.0,126978000.0,1.327,1.51,52369000.0,0.0,52369000.0,52369000.0,989196000.0,235259000.0,0.0,0.0,0.0,121994000.0,357253000.0,0.187,357253000.0,121994000.0,112110000.0,1.31,1.29,1.31,1472446000.0,1099212500.0,1472446000.0,9868754425.0,81.0,27.624,545463000.0,5.12,1.0,842716000.0,0.441,1134945000.0,9884000.0,-455427000.0,-418097000.0,36431000.0,513516000.0,513516000.0,0.0,2223934000.0,1850504000.0,373430000.0,10890338425.0,187555000.0,-156634000.0,0.0,0.0,0.0,-106419000.0,-306363000.0,-104128000.0,591064000.0,9273000.0,126978000.0,126978000.0,126978000.0,0.0,0.0,0.066,720722000.0,121994000.0,75810000.0,0.0,7.396,85.766,78.038,86689000.0,0.0,102.23,5.702,5.702,429019000.0,-42451000.0,1909807000.0,1909807000.0,166278000.0,0.039,0.116,-0.292,0.064,131629000.0,499668000.0,1.0,106527814.0,106527814,,17.928,2561435000.0,0.0,-14868000.0,0.0,24.045,605011000.0
16,TTWO,MRT,2017-06-30,2017-06-30,2017-06-30,2021-08-03,-37582000.0,3219570000.0,3109225750.0,2113136000.0,1106434000.0,0.607,10.591,-33029000.0,1234448000.0,1234448000.0,1026148000.0,166146000.0,1.441,1.928,212864000.0,0.0,212864000.0,212864000.0,850965000.0,236893000.0,0.0,0.0,0.0,180507000.0,417400000.0,0.221,417400000.0,180507000.0,166514000.0,1.76,1.71,1.76,1099755000.0,876789250.0,1099755000.0,6590266355.0,37.0,15.789,472012000.0,4.546,1.0,860264000.0,0.456,986010000.0,13993000.0,-254082000.0,-320706750.0,11636000.0,452949000.0,452949000.0,0.0,2119815000.0,1466058000.0,653757000.0,7619551355.0,176951000.0,-156050000.0,0.0,0.0,0.0,-83182000.0,-247330000.0,-58251000.0,505041000.0,2422000.0,166146000.0,166146000.0,166146000.0,0.0,0.0,0.088,679757000.0,180507000.0,36934000.0,0.0,6.928,45.861,41.693,76613000.0,0.0,73.38,4.039,4.039,229197000.0,-39648000.0,1886412000.0,1886412000.0,146284000.0,0.053,0.189,-0.563,0.096,90850000.0,491802000.0,1.0,103836895.0,103836895,,18.167,2233560000.0,0.0,368000.0,0.0,21.51,647078000.0
17,TTWO,MRT,2017-03-31,2017-03-31,2017-03-31,2021-08-03,-47142000.0,3149154000.0,2939015000.0,2195242000.0,953912000.0,0.606,9.898,-21167000.0,1281214000.0,1281214000.0,1022959000.0,67303000.0,1.302,2.137,251929000.0,0.0,251929000.0,251929000.0,913531000.0,259356000.0,0.0,0.0,0.0,92655000.0,352011000.0,0.198,352011000.0,92655000.0,76965000.0,0.73,0.72,0.73,1003728000.0,735235500.0,1003728000.0,4951487435.0,53.0,14.066,386736000.0,3.814,1.0,756789000.0,0.425,893008000.0,15690000.0,-459031000.0,-249203250.0,16323000.0,448932000.0,448932000.0,0.0,2145426000.0,1685892000.0,459534000.0,6010582435.0,221303000.0,-130669000.0,0.0,0.0,0.0,-49772000.0,-129030000.0,22806000.0,407903000.0,-7798000.0,67303000.0,67303000.0,67303000.0,0.0,0.0,0.038,665484000.0,91305000.0,31892000.0,0.0,5.988,89.306,81.192,67300000.0,0.0,59.27,3.377,3.377,219558000.0,-99694000.0,1779748000.0,1779748000.0,137915000.0,0.023,0.092,-0.372,0.052,81879000.0,496862000.0,1.0,101410198.0,101410198,,17.55,2256146000.0,0.0,9662000.0,0.0,22.248,509350000.0
18,TTWO,MRT,2016-12-31,2016-12-31,2016-12-31,2021-08-03,-48175000.0,3089099000.0,2799295750.0,2451176000.0,637923000.0,0.566,9.484,-23070000.0,1317971000.0,1317971000.0,917516000.0,14422000.0,1.315,2.763,258876000.0,0.0,258876000.0,258876000.0,1084648000.0,211262000.0,0.0,0.0,0.0,28410000.0,239672000.0,0.151,239672000.0,28410000.0,6854000.0,0.19,0.16,0.19,820921000.0,629649750.0,820921000.0,3640082025.0,128.0,15.188,289014000.0,3.339,1.0,667882000.0,0.421,670035000.0,21556000.0,-503848000.0,-86199750.0,26665000.0,404523000.0,404523000.0,0.0,2268178000.0,1863817000.0,404361000.0,4266558025.0,204189000.0,-750000.0,0.0,0.0,0.0,-43733000.0,-51432000.0,-27263000.0,312084000.0,-12730000.0,14422000.0,14422000.0,14422000.0,0.0,0.0,0.009,643505000.0,24377000.0,54248000.0,0.0,5.197,295.837,259.421,65799000.0,0.0,49.29,2.691,2.691,327430000.0,-198974000.0,1585398000.0,1585398000.0,134802000.0,0.005,0.023,-0.33,0.018,71273000.0,478923000.0,1.0,86560317.0,86560317,,18.316,2419064000.0,0.0,-7568000.0,0.0,27.947,587359000.0
19,TTWO,MRT,2016-09-30,2016-09-30,2016-09-30,2021-08-03,-42871000.0,2979080000.0,2673273250.0,2370770000.0,608310000.0,0.57,6.775,-19770000.0,1138112000.0,1138112000.0,864303000.0,1851000.0,1.379,4.112,511636000.0,0.0,511636000.0,511636000.0,876150000.0,187113000.0,0.0,0.0,0.0,-2378000.0,184735000.0,0.121,184735000.0,-2378000.0,-28237000.0,0.01,-0.02,0.01,582753000.0,556163000.0,582753000.0,3267123265.0,-1374.0,17.685,170712000.0,1.985,1.0,658843000.0,0.433,699236000.0,25859000.0,-65866000.0,34505500.0,77561000.0,404591000.0,404591000.0,0.0,2396327000.0,1719234000.0,677093000.0,3877570265.0,58290000.0,0.0,0.0,0.0,0.0,-50116000.0,-75477000.0,-55358000.0,190482000.0,-6599000.0,1851000.0,1851000.0,1851000.0,0.0,0.0,0.001,665254000.0,-6411000.0,144756000.0,0.0,6.654,2094.852,4508.0,68531000.0,0.0,45.08,2.546,2.546,381587000.0,-169132000.0,1523146000.0,1523146000.0,125157000.0,0.001,0.003,-0.069,-0.002,67923000.0,439071000.0,1.0,86015312.0,86015312,,17.708,2279844000.0,0.0,-30088000.0,0.0,26.505,651536000.0
20,TTWO,MRT,2016-06-30,2016-06-30,2016-06-30,2021-08-03,-41319000.0,2538727000.0,2532628000.0,1977672000.0,561055000.0,0.573,6.289,-22741000.0,1114832000.0,1114832000.0,802638000.0,20154000.0,1.568,3.758,504385000.0,0.0,504385000.0,504385000.0,758323000.0,181679000.0,0.0,0.0,0.0,16859000.0,198538000.0,0.137,198538000.0,16859000.0,-10318000.0,0.22,0.14,0.22,533540000.0,551491000.0,533540000.0,2654933792.0,157.0,13.372,85834000.0,1.012,1.0,647315000.0,0.446,634721000.0,27177000.0,31932000.0,93889000.0,12734000.0,392489000.0,392489000.0,0.0,2005187000.0,1261627000.0,743560000.0,3216909792.0,-19456000.0,0.0,-26552000.0,0.0,0.0,-73851000.0,-45373000.0,-22283000.0,108575000.0,-8807000.0,20154000.0,20154000.0,20154000.0,0.0,0.0,0.014,634489000.0,12826000.0,37781000.0,0.0,6.029,159.616,172.364,72414000.0,0.0,37.92,2.219,2.219,141150000.0,-205564000.0,1449953000.0,1449953000.0,119565000.0,0.008,0.037,0.18,0.012,66010000.0,414036000.0,1.0,84834119.0,84834119,,17.092,1904006000.0,0.0,-30472000.0,0.0,22.444,716045000.0
21,TTWO,MRT,2016-03-31,2016-03-31,2016-03-31,2021-08-03,-37896000.0,2590277000.0,2486097250.0,2045276000.0,545001000.0,0.569,6.855,-37280000.0,1059911000.0,1059911000.0,813873000.0,-8302000.0,1.676,3.455,497935000.0,0.0,497935000.0,497935000.0,798803000.0,163432000.0,0.0,0.0,0.0,-8145000.0,155287000.0,0.11,155287000.0,-8145000.0,-38350000.0,-0.1,-0.1,-0.1,581385000.0,549815750.0,581385000.0,2647134947.0,-325.0,17.047,224025000.0,2.641,1.0,599825000.0,0.424,614907000.0,30205000.0,192983000.0,122935500.0,15888000.0,470820000.0,470820000.0,0.0,2008892000.0,1220411000.0,788481000.0,3194888947.0,-112378000.0,0.0,-26552000.0,0.0,0.0,-48047000.0,-324516000.0,-286887000.0,261305000.0,-1120000.0,-8302000.0,-8302000.0,-8302000.0,0.0,0.0,-0.006,610653000.0,-10828000.0,30448000.0,0.0,5.495,-384.834,-376.7,77127000.0,0.0,37.67,2.26,2.26,168527000.0,-166997000.0,1413698000.0,1413698000.0,119807000.0,-0.003,-0.015,-0.066,-0.006,69996000.0,390761000.0,1.0,84812555.0,84812555,,16.668,1975370000.0,0.0,-30048000.0,0.0,23.291,824865000.0
22,TTWO,MRT,2015-12-31,2015-12-31,2015-12-31,2021-08-03,-34735000.0,2585009000.0,2395546250.0,2106308000.0,478701000.0,0.558,6.227,-41501000.0,1039330000.0,1039330000.0,1015098000.0,-297492000.0,1.448,3.905,491576000.0,0.0,491576000.0,491576000.0,831643000.0,154137000.0,0.0,0.0,0.0,-297756000.0,-143619000.0,-0.107,-143619000.0,-297756000.0,-328908000.0,-3.71,-3.79,-3.71,526974000.0,545241500.0,526974000.0,2508906521.0,-8.0,-17.469,299610000.0,3.541,1.0,321483000.0,0.241,603308000.0,31152000.0,-21027000.0,110758250.0,20207000.0,379440000.0,379440000.0,0.0,2058035000.0,1454974000.0,603061000.0,2948244521.0,-62211000.0,0.0,-26552000.0,0.0,0.0,-48973000.0,-345758000.0,-304257000.0,341111000.0,-8591000.0,-297492000.0,-297492000.0,-297492000.0,0.0,0.0,-0.223,619239000.0,-297756000.0,59603000.0,0.0,5.595,-9.91,-9.391,76661000.0,0.0,34.84,2.206,2.206,263690000.0,-213396000.0,1336581000.0,1336581000.0,121656000.0,-0.124,-0.546,-2.688,-0.223,66916000.0,399015000.0,1.0,84622403.0,84622403,,15.795,1981701000.0,0.0,-31416000.0,0.0,23.418,651334000.0
23,TTWO,MRT,2015-09-30,2015-09-30,2015-09-30,2021-08-03,-29349000.0,2416499000.0,2312748500.0,1964608000.0,451891000.0,0.628,6.605,-52240000.0,926939000.0,926939000.0,1035250000.0,-214986000.0,1.618,3.284,487601000.0,0.0,487601000.0,487601000.0,762133000.0,189743000.0,0.0,0.0,0.0,-174447000.0,15296000.0,0.011,15296000.0,-174447000.0,-207039000.0,-2.74,-2.86,-2.74,564065000.0,617345250.0,564065000.0,1889649239.0,-11.0,123.539,312410000.0,3.658,1.0,418257000.0,0.288,591608000.0,32592000.0,171668000.0,257948500.0,24020000.0,352961000.0,352961000.0,0.0,1852434000.0,1213885000.0,638549000.0,2453642239.0,-42697000.0,0.0,-26552000.0,0.0,0.0,-31324000.0,-362653000.0,-310413000.0,364650000.0,-13370000.0,-214986000.0,-214986000.0,-214986000.0,0.0,0.0,-0.148,591204000.0,-172947000.0,69138000.0,0.0,4.35,-11.413,-10.485,81694000.0,0.0,28.73,1.688,1.688,240859000.0,-170983000.0,1453507000.0,1453507000.0,124933000.0,-0.093,-0.348,-0.676,-0.12,76806000.0,440564000.0,1.0,85403489.0,85403489,,17.019,1824891000.0,0.0,7947000.0,0.0,21.368,750723000.0
24,TTWO,MRT,2015-06-30,2015-06-30,2015-06-30,2021-08-03,-21563000.0,2352604000.0,2124926750.0,1907976000.0,444628000.0,0.58,6.227,-59878000.0,1045777000.0,1045777000.0,943326000.0,-311090000.0,1.725,3.466,481784000.0,0.0,481784000.0,481784000.0,745167000.0,173272000.0,0.0,0.0,0.0,-270415000.0,-97143000.0,-0.079,-97143000.0,-270415000.0,-302123000.0,-3.88,-3.92,-3.88,526839000.0,665081250.0,526839000.0,1727941592.0,-6.0,-17.788,345934000.0,4.089,1.0,289484000.0,0.235,534193000.0,31708000.0,148118000.0,305806000.0,12453000.0,375013000.0,375013000.0,0.0,1825765000.0,1106300000.0,719465000.0,2332682592.0,-6216000.0,0.0,0.0,0.0,0.0,2453000.0,-398592000.0,-338714000.0,405812000.0,-15889000.0,-311090000.0,-311090000.0,-311090000.0,0.0,0.0,-0.252,577375000.0,-287891000.0,29531000.0,0.0,4.428,-7.498,-7.106,83089000.0,0.0,27.57,1.892,1.892,130915000.0,-225718000.0,1232810000.0,1232810000.0,125053000.0,-0.146,-0.468,-0.884,-0.219,74353000.0,428838000.0,1.0,84609452.0,84609452,,14.571,1818411000.0,0.0,8967000.0,0.0,21.492,801676000.0
25,TTWO,MRT,2015-03-31,2015-03-31,2015-03-31,2021-08-03,-30624000.0,2228073000.0,1938709750.0,1779859000.0,448214000.0,0.559,6.674,-49501000.0,1080798000.0,1080798000.0,794867000.0,-279470000.0,1.842,2.957,473030000.0,0.0,473030000.0,473030000.0,647351000.0,154510000.0,0.0,0.0,0.0,-240987000.0,-86477000.0,-0.08,-86477000.0,-240987000.0,-272880000.0,-3.48,-3.48,-3.48,563088000.0,729130750.0,563088000.0,1689692778.0,-7.0,-19.539,163313000.0,1.936,1.0,288071000.0,0.266,509771000.0,31893000.0,144274000.0,368817750.0,20051000.0,186929000.0,186929000.0,0.0,1664985000.0,966260000.0,698725000.0,2148025778.0,-24280000.0,0.0,0.0,0.0,0.0,928000.0,-220141000.0,-170640000.0,212814000.0,-17881000.0,-279470000.0,-279470000.0,-279470000.0,0.0,0.0,-0.258,546534000.0,-258463000.0,38789000.0,0.0,3.815,-7.686,-7.316,69792000.0,0.0,25.46,1.984,1.984,217860000.0,-158695000.0,1082938000.0,1082938000.0,115043000.0,-0.144,-0.383,-0.653,-0.223,65246000.0,410434000.0,1.0,84368648.0,84368648,,12.836,1718302000.0,0.0,6590000.0,0.0,20.367,813599000.0
26,TTWO,MRT,2014-12-31,2014-12-31,2014-12-31,2021-08-03,-17543000.0,2253818000.0,1831599000.0,1806013000.0,447805000.0,0.534,9.693,-42937000.0,928753000.0,928753000.0,492473000.0,-67466000.0,2.554,1.764,470420000.0,0.0,470420000.0,470420000.0,535946000.0,121717000.0,0.0,0.0,0.0,-22231000.0,99486000.0,0.102,99486000.0,-22231000.0,-54455000.0,-0.73,-0.63,-0.73,815389000.0,788810250.0,815389000.0,1990888366.0,-90.0,20.012,-12942000.0,-0.154,1.0,485584000.0,0.496,520646000.0,32224000.0,567734000.0,380768000.0,24617000.0,79140000.0,79140000.0,0.0,1438429000.0,707105000.0,731324000.0,2357990366.0,-74718000.0,1000000.0,0.0,0.0,0.0,10352000.0,-105638000.0,-62701000.0,29995000.0,-9427000.0,-67466000.0,-67466000.0,-67466000.0,13000.0,0.0,-0.069,525278000.0,-39694000.0,113240000.0,0.0,2.892,-34.951,-38.397,63436000.0,0.0,28.03,2.411,2.411,435709000.0,84096000.0,978057000.0,978057000.0,108518000.0,-0.037,-0.086,-0.058,-0.023,72998000.0,398115000.0,1.0,84123809.0,84123809,,11.626,1733172000.0,0.0,13011000.0,0.0,20.603,1098908000.0
27,TTWO,MRT,2014-09-30,2014-09-30,2014-09-30,2021-08-03,-5417000.0,1665212000.0,1764482250.0,1266777000.0,398435000.0,1.31,9.045,-37415000.0,831973000.0,831973000.0,1334194000.0,470867000.0,3.341,1.206,464871000.0,0.0,464871000.0,464871000.0,107960000.0,207721000.0,0.0,0.0,0.0,519934000.0,727655000.0,0.315,727655000.0,519934000.0,491219000.0,4.69,3.64,4.69,755009000.0,790462750.0,755009000.0,1501154797.0,3.0,2.063,395904000.0,4.743,1.0,976585000.0,0.423,555870000.0,28715000.0,363098000.0,324450500.0,55948000.0,49367000.0,49367000.0,0.0,910203000.0,379142000.0,531061000.0,1925662797.0,92487000.0,0.0,-276836000.0,0.0,0.0,-271993000.0,-66030000.0,-27615000.0,433319000.0,-2809000.0,470867000.0,470867000.0,470867000.0,31000.0,0.0,0.204,475596000.0,500989000.0,85116000.0,0.0,2.551,4.09,4.919,56214000.0,0.0,23.07,0.833,0.833,25427000.0,44003000.0,2310779000.0,2310779000.0,106530000.0,0.267,0.596,1.603,0.225,80698000.0,352853000.0,1.0,83470429.0,83470429,,27.684,1109342000.0,0.0,20352000.0,0.0,13.29,887635000.0
28,TTWO,MRT,2014-06-30,2014-06-30,2014-06-30,2021-08-03,6093000.0,1607736000.0,2023507750.0,1234352000.0,373384000.0,1.153,7.912,-30211000.0,883916000.0,883916000.0,1374641000.0,388116000.0,4.327,1.053,459408000.0,0.0,459408000.0,459408000.0,87371000.0,244000000.0,0.0,0.0,0.0,427913000.0,671913000.0,0.288,671913000.0,427913000.0,395963000.0,3.8,2.75,3.8,783037000.0,726426000.0,783037000.0,1525888269.0,4.0,2.271,575334000.0,5.813,1.0,958685000.0,0.411,497794000.0,31950000.0,400165000.0,303156750.0,23147000.0,19369000.0,19369000.0,0.0,824699000.0,285269000.0,539430000.0,2201096269.0,175685000.0,0.0,-276836000.0,-127018000.0,0.0,-377891000.0,-50626000.0,-19415000.0,605545000.0,-1343000.0,388116000.0,388116000.0,388116000.0,56000.0,0.0,0.166,527074000.0,431611000.0,22575000.0,0.0,2.811,5.671,5.853,47011000.0,0.0,22.24,0.943,0.943,43165000.0,85372000.0,2333326000.0,2333326000.0,108517000.0,0.192,0.534,1.412,0.183,82150000.0,404107000.0,1.0,98970156.0,98970156,,23.576,1109942000.0,0.0,7847000.0,0.0,11.215,949083000.0
29,TTWO,MRT,2014-03-31,2014-03-31,2014-03-31,2021-08-03,2116000.0,1799630000.0,1983600000.0,1399440000.0,400190000.0,1.185,8.181,-29813000.0,1129239000.0,1129239000.0,1414327000.0,361605000.0,2.947,1.244,454031000.0,0.0,454031000.0,454031000.0,79323000.0,278892000.0,0.0,0.0,0.0,409617000.0,688509000.0,0.293,688509000.0,409617000.0,376064000.0,3.79,3.2,3.79,801806000.0,682412000.0,801806000.0,1626005467.0,4.0,2.362,670449000.0,6.84,1.0,936241000.0,0.398,457527000.0,33553000.0,192075000.0,301533250.0,29780000.0,0.0,0.0,0.0,997824000.0,474820000.0,523004000.0,2149438467.0,532898000.0,0.0,-276836000.0,117189000.0,0.0,-133684000.0,-30813000.0,0.0,700262000.0,-2867000.0,361605000.0,361605000.0,361605000.0,86000.0,0.0,0.154,520985000.0,415256000.0,16452000.0,0.0,2.681,5.944,5.786,42572000.0,0.0,21.93,0.914,0.914,53143000.0,120775000.0,2350568000.0,2350568000.0,105256000.0,0.182,0.53,1.358,0.174,78118000.0,402370000.0,1.0,98013610.0,98013610,,23.982,1342103000.0,0.0,14459000.0,0.0,13.693,924620000.0
30,TTWO,MRT,2013-12-31,2013-12-31,2013-12-31,2021-08-03,2215000.0,1985351000.0,1853152250.0,1545656000.0,439695000.0,1.325,8.465,-27958000.0,972170000.0,972170000.0,1460359000.0,414865000.0,2.229,1.415,448737000.0,0.0,448737000.0,448737000.0,51366000.0,306301000.0,0.0,0.0,0.0,465490000.0,771791000.0,0.314,771791000.0,465490000.0,429772000.0,4.04,2.85,4.04,821999000.0,628959250.0,821999000.0,1468256993.0,3.0,1.902,656806000.0,6.764,1.0,994488000.0,0.405,425974000.0,35718000.0,342464000.0,337773500.0,45035000.0,0.0,0.0,0.0,1163352000.0,693480000.0,469872000.0,1686653993.0,523447000.0,-1000000.0,-276836000.0,117189000.0,0.0,-133684000.0,-28958000.0,0.0,684764000.0,1325000.0,414865000.0,414865000.0,414865000.0,-1230000.0,0.0,0.169,526586000.0,467902000.0,42850000.0,0.0,2.052,4.066,4.3,38768000.0,0.0,17.37,0.687,0.687,189519000.0,151562000.0,2454847000.0,2454847000.0,97807000.0,0.224,0.66,1.378,0.19,70581000.0,416136000.0,1.0,97101554.0,97101554,,25.281,1559377000.0,0.0,14907000.0,0.0,16.059,852176000.0
31,TTWO,MRT,2013-09-30,2013-09-30,2013-09-30,2021-08-03,2622000.0,2701314000.0,1654259750.0,2251267000.0,450047000.0,0.609,5.371,-24251000.0,661923000.0,661923000.0,556924000.0,-92196000.0,1.295,4.415,443526000.0,0.0,443526000.0,443526000.0,1154419000.0,184362000.0,0.0,0.0,0.0,-59307000.0,125055000.0,0.124,125055000.0,-59307000.0,-97170000.0,-1.08,-1.18,-1.08,498862000.0,564663000.0,498862000.0,1577995481.0,-27.0,12.618,188621000.0,2.031,1.0,449827000.0,0.447,466788000.0,37863000.0,277923000.0,321638750.0,84033000.0,0.0,0.0,0.0,2202452000.0,1738206000.0,464246000.0,1687617481.0,333639000.0,0.0,0.0,117189000.0,0.0,143152000.0,-24251000.0,0.0,212872000.0,1866000.0,-92196000.0,-92196000.0,-92196000.0,-1736000.0,0.0,-0.092,507228000.0,-57401000.0,287672000.0,0.0,3.383,-18.305,-16.824,34271000.0,0.0,18.17,1.676,1.676,1011391000.0,-426864000.0,1006751000.0,1006751000.0,90943000.0,-0.056,-0.163,-0.184,-0.059,42934000.0,404546000.0,1.0,92879333.0,92879333,,10.839,2234526000.0,0.0,-4974000.0,0.0,24.058,513061000.0
32,TTWO,MRT,2013-06-30,2013-06-30,2013-06-30,2021-08-03,-5560000.0,1448105000.0,1270117500.0,1020177000.0,427928000.0,0.89,6.607,-21524000.0,646315000.0,646315000.0,622948000.0,19433000.0,2.451,1.386,536693000.0,127768000.0,408925000.0,536693000.0,27983000.0,189420000.0,0.0,0.0,0.0,58264000.0,247684000.0,0.219,247684000.0,58264000.0,23729000.0,0.17,0.07,0.17,606981000.0,561074750.0,606981000.0,1307994110.0,22.0,5.281,33626000.0,0.366,1.0,508063000.0,0.449,528525000.0,34535000.0,393671000.0,328146000.0,27852000.0,0.0,0.0,0.0,841124000.0,416287000.0,424837000.0,1375294110.0,279259000.0,0.0,0.0,244207000.0,0.0,244207000.0,-21524000.0,0.0,55150000.0,1426000.0,19433000.0,19433000.0,19433000.0,-1707000.0,0.0,0.017,451506000.0,56557000.0,25382000.0,0.0,2.266,70.771,88.059,30285000.0,0.0,14.97,1.216,1.216,35202000.0,-302744000.0,1131011000.0,1131011000.0,83743000.0,0.015,0.035,0.178,0.052,34706000.0,356841000.0,1.0,91870014.0,91870014,,12.311,919580000.0,0.0,4296000.0,0.0,10.01,603890000.0
33,TTWO,MRT,2013-03-31,2013-03-31,2013-03-31,2021-08-03,-4572000.0,1277839000.0,1176375500.0,866152000.0,411687000.0,1.032,6.416,-16820000.0,409991000.0,409991000.0,715837000.0,-29491000.0,2.57,1.173,335202000.0,0.0,335202000.0,335202000.0,26919000.0,241382000.0,0.0,0.0,0.0,6910000.0,248292000.0,0.204,248292000.0,6910000.0,-24441000.0,-0.34,-0.34,-0.34,587995000.0,528588250.0,587995000.0,1361615764.0,197.0,5.484,-21387000.0,-0.233,1.0,498646000.0,0.411,529015000.0,31351000.0,337036000.0,295372000.0,30218000.0,0.0,0.0,0.0,689844000.0,336999000.0,352845000.0,1480027764.0,-17777000.0,0.0,0.0,0.0,0.0,0.0,-16820000.0,0.0,-4567000.0,3610000.0,-29491000.0,-29491000.0,-29491000.0,-1671000.0,0.0,-0.024,493407000.0,5239000.0,79932000.0,0.0,2.517,-50.186,-47.5,25362000.0,0.0,16.15,1.219,1.219,189596000.0,-240830000.0,1214483000.0,1214483000.0,78184000.0,-0.025,-0.056,0.023,0.006,35765000.0,404589000.0,1.0,91642586.0,91642586,,13.252,748824000.0,0.0,5050000.0,0.0,8.171,529153000.0
34,TTWO,MRT,2012-12-31,2012-12-31,2012-12-31,2021-08-03,7309000.0,1189781000.0,1144272500.0,817890000.0,371891000.0,0.929,6.224,-15119000.0,448723000.0,448723000.0,677983000.0,-118800000.0,2.908,1.107,330311000.0,0.0,330311000.0,330311000.0,26348000.0,233429000.0,0.0,0.0,0.0,-85428000.0,148001000.0,0.139,148001000.0,-85428000.0,-114358000.0,-1.49,-1.59,-1.49,564814000.0,530521250.0,564814000.0,996447358.0,-12.0,6.733,-4016000.0,-0.044,1.0,385097000.0,0.362,512227000.0,28930000.0,277925000.0,277700250.0,29687000.0,0.0,0.0,0.0,624967000.0,281217000.0,343750000.0,999192358.0,-4593000.0,-4101000.0,1000.0,0.0,0.0,1000.0,-17020000.0,0.0,11103000.0,1323000.0,-118800000.0,-118800000.0,-118800000.0,463000.0,0.0,-0.112,470062000.0,-84965000.0,42263000.0,0.0,1.769,-8.411,-7.389,23701000.0,0.0,11.01,0.94,0.94,94241000.0,-263303000.0,1063080000.0,1063080000.0,71823000.0,-0.104,-0.224,-0.308,-0.08,32809000.0,387671000.0,1.0,90753166.0,90753166,,11.714,677554000.0,0.0,4442000.0,0.0,7.466,536673000.0
35,TTWO,MRT,2012-09-30,2012-09-30,2012-09-30,2021-08-03,7220000.0,1164745000.0,1131976250.0,797943000.0,366802000.0,0.781,5.374,-14027000.0,328284000.0,328284000.0,588151000.0,-176061000.0,2.368,1.404,325539000.0,0.0,325539000.0,325539000.0,38284000.0,219538000.0,0.0,0.0,0.0,-146741000.0,72797000.0,0.082,72797000.0,-146741000.0,-173767000.0,-2.09,-2.09,-2.09,484509000.0,549689000.0,484509000.0,895105042.0,-6.0,12.296,-171077000.0,-1.897,1.0,295481000.0,0.334,521117000.0,27026000.0,303952000.0,280025250.0,60568000.0,0.0,0.0,0.0,680236000.0,336931000.0,343305000.0,941278042.0,58544000.0,-4101000.0,44000.0,243125000.0,0.0,243169000.0,-15928000.0,0.0,-157050000.0,-11647000.0,-176061000.0,-176061000.0,-176061000.0,1032000.0,0.0,-0.199,441190000.0,-145709000.0,125079000.0,0.0,1.943,-5.346,-4.995,21879000.0,0.0,10.44,1.065,1.065,154951000.0,-334668000.0,883632000.0,883632000.0,66277000.0,-0.156,-0.32,-0.524,-0.166,34931000.0,364000000.0,1.0,90160732.0,90160732,,9.801,643628000.0,0.0,2294000.0,0.0,7.139,461012000.0
36,TTWO,MRT,2012-06-30,2012-06-30,2012-06-30,2021-08-03,-4706000.0,1073137000.0,1073769000.0,719107000.0,354030000.0,0.668,5.308,-11676000.0,367056000.0,367056000.0,504367000.0,-210941000.0,2.798,1.25,320883000.0,0.0,320883000.0,320883000.0,14348000.0,185369000.0,0.0,0.0,0.0,-184373000.0,996000.0,0.001,996000.0,-184373000.0,-208313000.0,-2.51,-2.51,-2.51,477035000.0,570032250.0,477035000.0,746300589.0,-4.0,749.298,-120750000.0,-1.343,1.0,213215000.0,0.297,507396000.0,23940000.0,262575000.0,209649000.0,27987000.0,0.0,0.0,0.0,596102000.0,256993000.0,339109000.0,850239589.0,118297000.0,-4101000.0,77000.0,243125000.0,0.0,243202000.0,-13577000.0,0.0,-109074000.0,-2254000.0,-210941000.0,-210941000.0,-210941000.0,1088000.0,0.0,-0.294,396500000.0,-183285000.0,78224000.0,0.0,1.782,-4.031,-3.769,19354000.0,0.0,9.46,1.185,1.185,71707000.0,-322177000.0,717582000.0,717582000.0,62955000.0,-0.196,-0.37,-0.879,-0.257,32452000.0,321898000.0,1.0,89877335.0,89877335,,7.984,565741000.0,0.0,2628000.0,15598000.0,6.295,462114000.0
37,TTWO,MRT,2012-03-31,2012-03-31,2012-03-31,2021-08-03,6733000.0,1149427000.0,1056379000.0,743617000.0,405810000.0,0.782,6.65,-10786000.0,420279000.0,420279000.0,528855000.0,-108816000.0,3.4,0.929,316340000.0,0.0,316340000.0,316340000.0,13864000.0,162823000.0,0.0,0.0,0.0,-85382000.0,77441000.0,0.094,77441000.0,-85382000.0,-104953000.0,-1.31,-1.31,-1.31,595727000.0,604590250.0,595727000.0,1237186217.0,-14.0,15.976,-95750000.0,-1.069,1.0,296968000.0,0.36,560414000.0,19571000.0,266349000.0,173102000.0,22477000.0,0.0,0.0,0.0,553700000.0,218725000.0,334975000.0,1378596217.0,139920000.0,-4101000.0,239000.0,243125000.0,0.0,243364000.0,-14162000.0,0.0,-84964000.0,-4318000.0,-108816000.0,-108816000.0,-108816000.0,1116000.0,0.0,-0.132,381234000.0,-84266000.0,46681000.0,0.0,2.314,-12.669,-11.748,18949000.0,0.0,15.39,1.669,1.669,45035000.0,-211339000.0,825823000.0,825823000.0,64162000.0,-0.103,-0.18,-0.493,-0.103,33494000.0,304949000.0,1.0,89577402.0,89577402,,9.219,589013000.0,0.0,3863000.0,0.0,6.575,524892000.0
38,TTWO,MRT,2011-12-31,2011-12-31,2011-12-31,2021-08-03,-1564000.0,1140596000.0,1011937000.0,752420000.0,388176000.0,0.85,7.402,-9391000.0,453316000.0,453316000.0,532432000.0,-64034000.0,4.45,0.778,311906000.0,0.0,311906000.0,311906000.0,11794000.0,150735000.0,0.0,0.0,0.0,-43007000.0,107728000.0,0.125,107728000.0,-43007000.0,-60334000.0,-0.78,-0.78,-0.78,641485000.0,609478250.0,641485000.0,1015798951.0,-24.0,9.429,-84369000.0,-0.974,1.0,327562000.0,0.381,542883000.0,17327000.0,287225000.0,120177750.0,22516000.0,0.0,0.0,0.0,499111000.0,169078000.0,330033000.0,1174239951.0,156198000.0,0.0,868000.0,243125000.0,0.0,243993000.0,-10866000.0,0.0,-74978000.0,-1951000.0,-64034000.0,-64034000.0,-64034000.0,-77000.0,0.0,-0.074,370646000.0,-43084000.0,29400000.0,0.0,1.831,-18.338,-17.372,18556000.0,0.0,13.55,1.365,1.365,53274000.0,-144503000.0,859994000.0,859994000.0,66588000.0,-0.063,-0.105,-0.358,-0.05,28598000.0,290947000.0,1.0,86659775.0,86659775,,9.924,597713000.0,6067000.0,3700000.0,12711000.0,6.897,583342000.0
39,TTWO,MRT,2011-09-30,2011-09-30,2011-09-30,2021-08-03,1219000.0,931916000.0,970937750.0,545939000.0,385977000.0,0.987,6.524,-8759000.0,269740000.0,269740000.0,594615000.0,-37279000.0,2.318,0.647,111299000.0,0.0,111299000.0,111299000.0,17193000.0,149521000.0,0.0,0.0,0.0,-14453000.0,135068000.0,0.141,135068000.0,-14453000.0,-29603000.0,-0.47,-0.49,-0.47,565882000.0,603879500.0,565882000.0,963850758.0,-67.0,7.136,50560000.0,0.583,1.0,363313000.0,0.379,515513000.0,15150000.0,22447000.0,65162250.0,45077000.0,0.0,0.0,0.0,366034000.0,235515000.0,130519000.0,1103373758.0,64921000.0,0.0,842000.0,0.0,0.0,842000.0,-10234000.0,0.0,59319000.0,14994000.0,-37279000.0,-37279000.0,-37279000.0,-197000.0,0.0,-0.039,377963000.0,-14650000.0,90331000.0,0.0,1.95,-29.598,-27.064,18107000.0,0.0,12.72,1.152,1.152,19572000.0,-158607000.0,957928000.0,957928000.0,67838000.0,-0.038,-0.062,-0.222,-0.015,23711000.0,296367000.0,1.0,86743220.0,86743220,,11.043,416403000.0,5834000.0,7676000.0,13498000.0,4.8,310424000.0
40,TTWO,MRT,2011-06-30,2011-06-30,2011-06-30,2021-08-03,10727000.0,1003577000.0,,644648000.0,358929000.0,,7.098,-9874000.0,248759000.0,248759000.0,656554000.0,13431000.0,2.478,0.631,109236000.0,0.0,109236000.0,109236000.0,15314000.0,177114000.0,0.0,0.0,0.0,35496000.0,212610000.0,0.194,212610000.0,35496000.0,23035000.0,0.14,0.12,0.14,615267000.0,,615267000.0,1151333821.0,32.0,5.415,59385000.0,0.685,1.0,439312000.0,0.401,487548000.0,12461000.0,116387000.0,,25941000.0,0.0,0.0,0.0,388310000.0,260119000.0,128191000.0,1324453821.0,66216000.0,1815000.0,809000.0,0.0,0.0,809000.0,-9534000.0,0.0,69259000.0,5682000.0,13431000.0,13431000.0,13431000.0,4392000.0,0.0,0.012,399424000.0,39888000.0,72480000.0,0.0,2.153,98.612,109.143,19009000.0,0.0,15.28,1.209,1.209,146694000.0,-111236000.0,1095866000.0,1095866000.0,69914000.0,,,,0.032,25592000.0,315031000.0,1.0,86678915.0,86678915,,12.643,516029000.0,9049000.0,9604000.0,12930000.0,5.953,384529000.0
41,TTWO,MRT,2011-03-31,2011-03-31,2011-03-31,2021-08-03,10459000.0,971659000.0,905467500.0,566603000.0,405056000.0,1.256,7.194,-9653000.0,280359000.0,280359000.0,689381000.0,48458000.0,2.454,0.579,107239000.0,0.0,107239000.0,107239000.0,13434000.0,158810000.0,0.0,0.0,0.0,71796000.0,230606000.0,0.203,230606000.0,71796000.0,58277000.0,0.56,0.56,0.56,615279000.0,567951000.0,615279000.0,1122782270.0,16.0,4.869,125145000.0,1.463,1.0,447495000.0,0.394,512999000.0,13519000.0,54652000.0,72561000.0,24578000.0,0.0,0.0,0.0,356380000.0,230888000.0,125492000.0,1314595270.0,134521000.0,2075000.0,734000.0,0.0,0.0,734000.0,-7578000.0,0.0,134798000.0,6567000.0,48458000.0,48458000.0,48458000.0,5346000.0,0.0,0.043,370353000.0,77142000.0,56153000.0,0.0,2.137,27.129,27.446,19632000.0,0.0,15.37,1.156,1.156,84217000.0,-102523000.0,1136876000.0,1136876000.0,69576000.0,0.054,0.085,0.989,0.063,28765000.0,285778000.0,1.0,85529946.0,85529946,,13.292,458660000.0,8280000.0,9819000.0,12037000.0,5.363,335715000.0
42,TTWO,MRT,2010-12-31,2010-12-31,2010-12-31,2021-08-03,159000.0,976599000.0,,618294000.0,358305000.0,,7.285,-8601000.0,297118000.0,297118000.0,719425000.0,60668000.0,2.682,0.577,105305000.0,0.0,105305000.0,105305000.0,10412000.0,182847000.0,0.0,0.0,0.0,91937000.0,274784000.0,0.231,274784000.0,91937000.0,72991000.0,0.7,0.67,0.7,619090000.0,,619090000.0,912767189.0,10.0,3.322,173759000.0,2.045,1.0,468413000.0,0.394,487062000.0,18946000.0,67163000.0,,28592000.0,0.0,0.0,0.0,357509000.0,230561000.0,126948000.0,1042677189.0,219175000.0,3596000.0,104000.0,0.0,0.0,104000.0,32245000.0,0.0,182360000.0,4466000.0,60668000.0,60668000.0,60668000.0,5868000.0,0.0,0.051,370608000.0,97805000.0,48852000.0,0.0,1.684,17.187,17.529,21326000.0,0.0,12.27,0.878,0.878,83845000.0,-80469000.0,1187838000.0,1187838000.0,66657000.0,,,,0.077,29202000.0,288868000.0,1.0,84977766.0,84977766,,13.978,489537000.0,8468000.0,12323000.0,18525000.0,5.761,387733000.0
43,TTWO,MRT,2010-09-30,2010-09-30,2010-09-30,2021-08-03,,,,,,,,,,,734513000.0,57729000.0,,,,,,,,,,0.0,0.0,86248000.0,,,,86248000.0,67684000.0,0.68,0.65,0.68,,,,731764547.0,8.0,,,,1.0,479430000.0,0.395,,18564000.0,,,,,,,,,,861674547.0,,,,,,,,,,,57729000.0,57729000.0,57729000.0,7337000.0,0.0,0.048,385845000.0,93585000.0,,0.0,,14.926,14.912,,0.0,10.14,0.71,0.71,,,1213943000.0,1213943000.0,64247000.0,,,,0.071,,305876000.0,1.0,84977766.0,84977766,,14.285,,,9955000.0,,,
44,TTWO,MRT,2010-06-30,2010-06-30,2010-06-30,2021-08-03,,,,,,,,,,,,,,,,,,,,,,0.0,0.0,,,,,,,,,,,,,682715997.0,,,,,1.0,,,,,,,,,,,,,,762788997.0,,,,,,,,,,,,,,,,,,,,,,,,,,9.0,,,,,,,,,,,,,,1.0,84754333.0,84754333,,,,,,,,
45,TTWO,MRT,2010-03-31,2010-03-31,2010-03-31,2021-08-03,-3713000.0,839276000.0,,426600000.0,412676000.0,,6.157,-9933000.0,145838000.0,145838000.0,494579000.0,-122995000.0,2.033,0.612,99865000.0,0.0,99865000.0,99865000.0,11944000.0,129145000.0,0.0,0.0,0.0,-91056000.0,38089000.0,0.05,38089000.0,-91056000.0,-109850000.0,-1.58,-1.58,-1.58,520623000.0,,520623000.0,827263400.0,-9.0,21.719,-145635000.0,-1.722,1.0,268362000.0,0.352,492966000.0,18794000.0,90470000.0,,24479000.0,0.0,0.0,0.0,318653000.0,209867000.0,108786000.0,834521400.0,-58300000.0,-4292000.0,18000.0,63016000.0,0.0,45784000.0,23025000.0,0.0,-135702000.0,8593000.0,-122995000.0,-122995000.0,-122995000.0,14935000.0,0.0,-0.161,344483000.0,-76121000.0,45913000.0,0.0,1.603,-6.785,-6.247,23571000.0,0.0,9.87,1.094,1.094,74135000.0,-150981000.0,762941000.0,762941000.0,57888000.0,,,,-0.119,26503000.0,270192000.0,1.0,84551307.0,84551307,,9.023,346310000.0,8654000.0,13145000.0,8921000.0,4.096,216733000.0
46,TTWO,MRT,2009-12-31,2009-12-31,2009-12-31,2021-08-03,,,,,,,,,,,,,,,,,,,,,,0.0,0.0,,,,,,,,,,,,,871948229.0,,,,,1.0,,,,,,,,,,,,,,836031229.0,,,,,,,,,,,,,,,,,,,,,,,,,,10.05,,,,,,,,,,,,,,1.0,83187187.0,83187187,,,,,,,,
47,TTWO,MRT,2009-09-30,2009-10-31,2009-10-31,2021-08-03,8192000.0,1007128000.0,912363500.0,628567000.0,378561000.0,0.768,7.103,-11176000.0,102083000.0,102083000.0,467576000.0,-140454000.0,1.774,0.846,97063000.0,0.0,97063000.0,97063000.0,6334000.0,123095000.0,0.0,0.0,0.0,-130196000.0,-7101000.0,-0.01,-7101000.0,-130196000.0,-135967000.0,-1.83,-1.83,-1.83,545626000.0,540553750.0,545626000.0,853674587.0,-7.0,-120.219,-221380000.0,-2.882,1.0,233481000.0,0.333,486967000.0,5771000.0,160848000.0,114320500.0,26687000.0,0.0,0.0,0.0,461502000.0,354293000.0,107209000.0,890463587.0,-178194000.0,-5813000.0,22000.0,63016000.0,0.0,45788000.0,-16989000.0,0.0,-210204000.0,3211000.0,-140454000.0,-140454000.0,-140454000.0,10017000.0,0.0,-0.2,353660000.0,-120179000.0,114379000.0,0.0,1.632,-6.34,-5.995,27049000.0,0.0,10.97,1.27,1.202,181065000.0,-122179000.0,701057000.0,701057000.0,63748000.0,-0.154,-0.26,-1.139,-0.186,25933000.0,272338000.0,1.0,81172615.0,76815000,76815000.0,9.127,520161000.0,8814000.0,4487000.0,10146000.0,6.772,274274000.0
48,TTWO,MRT,2009-06-30,2009-07-31,2009-07-31,2021-08-03,3167000.0,886398000.0,931419500.0,498074000.0,388324000.0,0.468,6.625,-10885000.0,174789000.0,174789000.0,235329000.0,-131887000.0,2.199,0.738,138000000.0,0.0,138000000.0,138000000.0,25705000.0,117393000.0,0.0,0.0,0.001,-133708000.0,-16315000.0,-0.037,-16315000.0,-133708000.0,-139407000.0,-1.76,-1.75,-1.76,510050000.0,557926750.0,510050000.0,654028172.0,-5.0,-40.088,-274067000.0,-3.56,1.0,200219000.0,0.46,487560000.0,5699000.0,135552000.0,96612500.0,63617000.0,0.0,0.0,0.0,376348000.0,226497000.0,149851000.0,763644172.0,-163912000.0,-3966000.0,603000.0,133167000.0,0.0,116520000.0,-12005000.0,0.0,-263182000.0,-5245000.0,-131887000.0,-131887000.0,-131887000.0,-8256000.0,0.0,-0.303,342183000.0,-141964000.0,72351000.0,-0.001,1.497,-5.79,-5.409,27634000.0,0.0,9.52,1.753,1.683,70133000.0,-97665000.0,435548000.0,435548000.0,65640000.0,-0.142,-0.236,-1.384,-0.307,25439000.0,260249000.0,1.0,80214724.0,76994000,76994000.0,5.657,398838000.0,8256000.0,-7520000.0,10540000.0,5.18,271577000.0
49,TTWO,MRT,2009-03-31,2009-04-30,2009-04-30,2021-08-03,-19260000.0,855179000.0,982960500.0,518067000.0,337112000.0,0.788,7.236,-12692000.0,179616000.0,179616000.0,418046000.0,-23596000.0,2.428,0.543,70000000.0,0.0,70000000.0,70000000.0,25809000.0,145034000.0,0.0,0.0,0.001,-22531000.0,122503000.0,0.158,122503000.0,-22531000.0,-24588000.0,-0.35,-0.35,-0.35,554196000.0,596809500.0,554196000.0,581452139.0,-26.0,4.746,59714000.0,0.78,1.0,356409000.0,0.46,446589000.0,2057000.0,85584000.0,39560250.0,74020000.0,0.0,0.0,0.0,300983000.0,213390000.0,87593000.0,729288139.0,106698000.0,-3966000.0,5477000.0,53995000.0,0.0,59472000.0,-13812000.0,0.0,72406000.0,-11368000.0,-23596000.0,-23596000.0,-23596000.0,-6404000.0,0.0,-0.03,385344000.0,-28935000.0,68786000.0,-0.003,1.316,-30.907,-25.943,28860000.0,0.0,9.08,0.942,0.898,52117000.0,-42193000.0,774455000.0,774455000.0,68993000.0,-0.024,-0.04,-0.57,-0.029,33387000.0,296303000.0,1.0,80318077.0,76587000,76587000.0,10.112,408590000.0,20881000.0,-992000.0,16282000.0,5.335,304677000.0
50,TTWO,MRT,2008-12-31,2009-01-31,2009-01-31,2021-08-03,-26763000.0,900749000.0,1043447750.0,544846000.0,355903000.0,1.093,7.258,-12951000.0,217836000.0,217836000.0,626428000.0,84706000.0,2.233,0.631,70000000.0,0.0,70000000.0,70000000.0,53840000.0,167308000.0,0.0,0.0,0.001,93773000.0,261081000.0,0.229,261081000.0,93773000.0,93229000.0,1.09,1.07,1.09,552343000.0,607099500.0,552343000.0,335019598.0,4.0,1.283,121031000.0,1.59,1.0,513587000.0,0.451,433609000.0,544000.0,75298000.0,58311000.0,75972000.0,0.0,0.0,0.0,348406000.0,244006000.0,104400000.0,545296598.0,163448000.0,-7352000.0,25029000.0,34017000.0,0.0,59046000.0,-17457000.0,0.0,133982000.0,-12123000.0,84706000.0,84706000.0,84706000.0,-6073000.0,0.0,0.074,424173000.0,89414000.0,59487000.0,0.001,0.987,6.438,6.44,29358000.0,0.0,7.02,0.478,0.469,60320000.0,-32113000.0,1140015000.0,1140015000.0,69062000.0,0.081,0.14,1.608,0.082,40496000.0,331100000.0,1.0,77677578.0,76102000,76102000.0,14.98,467140000.0,24954000.0,8523000.0,27526000.0,6.138,300840000.0
51,TTWO,MRT,2008-09-30,2008-10-31,2008-10-31,2021-08-03,-7513000.0,1083352000.0,1011531750.0,723774000.0,359578000.0,1.217,8.197,-12123000.0,280277000.0,280277000.0,709719000.0,97097000.0,1.981,0.761,70000000.0,0.0,70000000.0,70000000.0,56163000.0,167424000.0,0.0,0.0,0.001,113647000.0,281071000.0,0.228,281071000.0,113647000.0,110368000.0,1.26,1.25,1.26,615118000.0,584542750.0,615118000.0,581666168.0,5.0,2.069,139303000.0,1.856,1.0,521387000.0,0.424,417640000.0,3279000.0,90016000.0,60210750.0,38479000.0,0.0,0.0,0.0,468234000.0,365419000.0,102815000.0,920367168.0,202520000.0,-7503000.0,25962000.0,51038000.0,0.0,77000000.0,-16780000.0,0.0,151426000.0,-9126000.0,97097000.0,97097000.0,97097000.0,-2613000.0,0.0,0.079,410353000.0,111034000.0,95570000.0,0.001,1.496,9.479,9.413,31224000.0,0.0,11.86,0.748,0.723,116005000.0,18275000.0,1231106000.0,1231106000.0,63929000.0,0.096,0.166,1.887,0.092,40387000.0,320624000.0,1.0,77602628.0,75039000,75943000.0,16.406,665712000.0,23763000.0,13271000.0,26399000.0,8.872,358355000.0
52,TTWO,MRT,2008-06-30,2008-07-31,2008-07-31,2021-08-03,36987000.0,1092562000.0,948479500.0,715142000.0,377420000.0,1.287,8.773,-12320000.0,338701000.0,338701000.0,707574000.0,104988000.0,1.823,0.642,0.0,0.0,0.0,0.0,58332000.0,152509000.0,0.0,0.0,0.0,128212000.0,280721000.0,0.23,280721000.0,128212000.0,127065000.0,1.37,1.34,1.37,665581000.0,548551750.0,665581000.0,1704005960.0,13.0,6.07,264238000.0,3.483,1.0,513151000.0,0.42,454192000.0,1147000.0,-92657000.0,49509250.0,71574000.0,0.0,0.0,0.0,426981000.0,392326000.0,34655000.0,1760923960.0,277076000.0,-6072000.0,29365000.0,-12007000.0,0.0,17358000.0,-20063000.0,0.0,276558000.0,3223000.0,104988000.0,104988000.0,104988000.0,-63000.0,0.0,0.086,382023000.0,131128000.0,149526000.0,0.0,2.646,16.773,16.642,38247000.0,0.0,22.8,1.443,1.417,106354000.0,33229000.0,1220725000.0,1220725000.0,59036000.0,0.111,0.191,2.59,0.105,35837000.0,298278000.0,1.0,77233507.0,75866000,76975000.0,16.091,638370000.0,24656000.0,22077000.0,27436000.0,8.414,322816000.0
53,TTWO,MRT,2008-03-31,2008-04-30,2008-04-30,2021-08-03,34360000.0,1097128000.0,864917250.0,723298000.0,373830000.0,1.148,7.928,-11831000.0,72918000.0,72918000.0,616197000.0,-5384000.0,1.694,0.843,16000000.0,0.0,16000000.0,16000000.0,64857000.0,150649000.0,0.0,0.0,0.0,11419000.0,162068000.0,0.163,162068000.0,11419000.0,10790000.0,-0.12,-0.14,-0.12,595356000.0,495288000.0,595356000.0,1998555793.0,175.0,12.332,-75560000.0,-1.006,1.0,377107000.0,0.38,452528000.0,629000.0,160587000.0,92891750.0,91821000.0,0.0,0.0,0.0,501772000.0,427095000.0,74677000.0,2016943793.0,-35598000.0,-6072000.0,29190000.0,13234000.0,0.0,42424000.0,-19574000.0,0.0,-63729000.0,5281000.0,-5384000.0,-5384000.0,-5384000.0,-63000.0,0.0,-0.005,363520000.0,13587000.0,185530000.0,0.0,3.388,-374.618,-218.667,39727000.0,0.0,26.24,2.031,1.984,362765000.0,-18597000.0,993304000.0,993304000.0,53007000.0,-0.006,-0.011,0.123,0.011,26019000.0,279670000.0,1.0,76865236.0,75098000,75954000.0,13.227,644600000.0,24738000.0,16174000.0,28076000.0,8.583,296203000.0
54,TTWO,MRT,2007-12-31,2008-01-31,2008-01-31,2021-08-03,28612000.0,773085000.0,784530000.0,415649000.0,357436000.0,0.84,6.318,-13551000.0,54388000.0,54388000.0,457520000.0,-154855000.0,1.922,0.673,36000000.0,0.0,36000000.0,36000000.0,57527000.0,127375000.0,0.0,0.0,0.0,-140592000.0,-13217000.0,-0.02,-13217000.0,-140592000.0,-141221000.0,-2.14,-2.14,-2.14,462116000.0,470758500.0,462116000.0,1162248882.0,-8.0,-87.936,-129084000.0,-1.765,1.0,201410000.0,0.306,455530000.0,629000.0,82897000.0,62522250.0,82487000.0,0.0,0.0,0.0,310969000.0,216270000.0,94699000.0,1222005882.0,-83763000.0,-3168000.0,10452000.0,33212000.0,0.0,43664000.0,-18390000.0,0.0,-115533000.0,6496000.0,-154855000.0,-154855000.0,-154855000.0,-63000.0,0.0,-0.235,342570000.0,-141160000.0,68096000.0,0.0,2.644,-7.891,-7.682,41515000.0,0.0,16.44,1.855,1.825,63337000.0,-116819000.0,658930000.0,658930000.0,50115000.0,-0.197,-0.329,-2.249,-0.213,19410000.0,254034000.0,1.0,74331258.0,73148000,73148000.0,9.008,317555000.0,23479000.0,13634000.0,28414000.0,4.341,199379000.0
55,TTWO,MRT,2007-09-30,2007-10-31,2007-10-31,2021-08-03,34861000.0,831143000.0,789630250.0,498523000.0,332620000.0,0.881,6.557,-19923000.0,77757000.0,77757000.0,475737000.0,-138406000.0,1.597,0.764,18000000.0,0.0,18000000.0,18000000.0,61544000.0,127881000.0,0.0,0.0,0.0,-127834000.0,47000.0,0.0,47000.0,-127834000.0,-128463000.0,-1.93,-1.93,-1.93,471154000.0,489069000.0,471154000.0,1339836866.0,-10.0,28507.167,-83968000.0,-1.168,1.0,220091000.0,0.316,412015000.0,629000.0,47210000.0,63303750.0,99331000.0,0.0,0.0,0.0,359989000.0,312161000.0,47828000.0,1390461866.0,-54723000.0,-3017000.0,9503000.0,16191000.0,0.0,25694000.0,-24611000.0,0.0,-64045000.0,8239000.0,-138406000.0,-138406000.0,-138406000.0,-63000.0,0.0,-0.199,347988000.0,-127897000.0,128782000.0,0.0,2.951,-10.046,-9.731,44986000.0,0.0,18.78,1.998,1.939,104937000.0,-77747000.0,695828000.0,695828000.0,48455000.0,-0.175,-0.283,-2.019,-0.184,17329000.0,260860000.0,1.0,74039503.0,71860000,71860000.0,9.683,419128000.0,40316000.0,9943000.0,0.0,5.833,186362000.0
56,TTWO,MRT,2007-06-30,2007-07-31,2007-07-31,2021-08-03,17177000.0,758313000.0,799046000.0,435961000.0,322352000.0,1.196,6.279,-23113000.0,61625000.0,61625000.0,716843000.0,-145358000.0,1.813,0.676,11000000.0,0.0,11000000.0,11000000.0,62605000.0,253253000.0,0.0,0.0,0.0,-140456000.0,112797000.0,0.118,112797000.0,-140456000.0,-139594000.0,-2.01,-2.01,-2.01,452526000.0,508878500.0,452526000.0,1188944157.0,-8.0,10.541,-136868000.0,-1.899,1.0,238904000.0,0.25,386338000.0,-862000.0,80873000.0,82823750.0,75790000.0,0.0,0.0,0.0,305787000.0,240477000.0,65310000.0,1297460157.0,-117505000.0,-982000.0,5522000.0,9236000.0,0.0,14758000.0,-24095000.0,0.0,-113755000.0,5587000.0,-145358000.0,-145358000.0,-145358000.0,0.0,0.0,-0.152,384534000.0,-145630000.0,93305000.0,0.0,2.867,-8.926,-8.771,46223000.0,0.0,17.63,1.358,1.33,100427000.0,-70684000.0,955747000.0,955747000.0,50342000.0,-0.182,-0.286,-1.696,-0.147,20066000.0,289936000.0,1.0,73593883.0,72075000,72075000.0,13.26,371975000.0,39146000.0,5764000.0,0.0,5.161,195484000.0
57,TTWO,MRT,2007-03-31,2007-04-30,2007-04-30,2021-08-03,13712000.0,775579000.0,823234750.0,451204000.0,324375000.0,1.203,6.931,-25165000.0,108516000.0,108516000.0,732619000.0,-178191000.0,1.827,0.56,0.0,0.0,0.0,0.0,61678000.0,215323000.0,0.0,0.0,0.0,-129843000.0,85480000.0,0.086,85480000.0,-129843000.0,-128981000.0,-2.49,-2.49,-2.49,497238000.0,534503750.0,497238000.0,1259856715.0,-10.0,14.739,-38486000.0,-0.536,1.0,257894000.0,0.26,381050000.0,-862000.0,39109000.0,84988500.0,80228000.0,0.0,0.0,0.0,278341000.0,246904000.0,31437000.0,1398007715.0,-32552000.0,-982000.0,1666000.0,0.0,0.0,1705000.0,-26147000.0,0.0,-13321000.0,5211000.0,-178191000.0,-178191000.0,-178191000.0,0.0,0.0,-0.18,393362000.0,-135468000.0,77818000.0,0.0,2.812,-7.846,-7.699,48784000.0,0.0,19.17,1.411,1.388,70406000.0,-12138000.0,990513000.0,990513000.0,56538000.0,-0.216,-0.333,-1.528,-0.131,23047000.0,291855000.0,1.0,72926850.0,71736000,71736000.0,13.808,394529000.0,39710000.0,49210000.0,0.0,5.5,204300000.0
58,TTWO,MRT,2006-12-31,2007-01-31,2007-01-31,2021-08-03,8003000.0,793486000.0,855844250.0,460006000.0,333480000.0,1.227,7.502,-26370000.0,138151000.0,138151000.0,820387000.0,-177315000.0,2.275,0.482,0.0,0.0,0.0,0.0,50000000.0,162210000.0,0.0,0.0,0.0,-157279000.0,4931000.0,0.005,4931000.0,-157279000.0,-156417000.0,-2.49,-2.49,-2.49,535358000.0,572076500.0,535358000.0,1119830544.0,-7.0,227.1,-10344000.0,-0.145,1.0,229812000.0,0.219,367102000.0,-862000.0,86023000.0,115612750.0,82194000.0,0.0,0.0,0.0,258128000.0,202210000.0,55918000.0,1260898544.0,-4746000.0,-1334000.0,1725000.0,0.0,0.0,1864000.0,-27704000.0,0.0,16026000.0,5068000.0,-177315000.0,-177315000.0,-177315000.0,0.0,0.0,-0.169,391698000.0,-161886000.0,61819000.0,0.0,2.355,-7.111,-6.98,49673000.0,0.0,17.38,1.201,1.181,79107000.0,39111000.0,1050199000.0,1050199000.0,60699000.0,-0.207,-0.31,-1.36,-0.15,21090000.0,289124000.0,1.0,72548823.0,71360000,71360000.0,14.717,426384000.0,39474000.0,20898000.0,0.0,5.975,257796000.0
59,TTWO,MRT,2006-09-30,2006-10-31,2006-10-31,2021-08-03,6902000.0,868806000.0,874636000.0,544873000.0,323933000.0,1.187,7.751,-25084000.0,132480000.0,132480000.0,825476000.0,-184889000.0,2.067,0.579,0.0,0.0,0.0,0.0,61317000.0,172968000.0,0.0,0.0,0.0,-184482000.0,-11514000.0,-0.011,-11514000.0,-184482000.0,-184482000.0,-2.6,-2.6,-2.6,550392000.0,610062250.0,550392000.0,873890034.0,-5.0,-75.898,18278000.0,0.257,1.0,212364000.0,0.205,347490000.0,0.0,125290000.0,135376500.0,95520000.0,0.0,0.0,0.0,318414000.0,263546000.0,54868000.0,1014958034.0,25285000.0,-191000.0,2808000.0,0.0,0.0,2971000.0,-25275000.0,0.0,43362000.0,4227000.0,-184889000.0,-184889000.0,-184889000.0,0.0,0.0,-0.178,401706000.0,-189342000.0,123947000.0,0.0,1.844,-5.49,-5.381,47496000.0,0.0,13.99,0.978,0.957,143199000.0,60659000.0,1037840000.0,1037840000.0,64258000.0,-0.211,-0.303,-1.363,-0.178,21931000.0,295441000.0,1.0,72548823.0,71012000,71012000.0,14.615,521316000.0,60407000.0,407000.0,0.0,7.341,281327000.0
60,TTWO,MRT,2006-06-30,2006-07-31,2006-07-31,2021-08-03,5932000.0,855068000.0,891239500.0,530982000.0,324086000.0,1.21,7.807,-925000.0,179130000.0,179130000.0,832797000.0,-152013000.0,2.158,0.541,0.0,0.0,0.0,0.0,50000000.0,60015000.0,0.0,0.0,0.0,-152570000.0,-92555000.0,-0.086,-92555000.0,-152570000.0,-148868000.0,-2.14,-2.14,-2.14,555027000.0,643921750.0,555027000.0,633753430.0,-4.0,-6.847,11478000.0,0.161,1.0,245266000.0,0.228,340353000.0,-3702000.0,89532000.0,160087500.0,83221000.0,0.0,0.0,0.0,300041000.0,246053000.0,53988000.0,774821430.0,-16225000.0,-3437000.0,-5901000.0,0.0,0.0,-5739000.0,-28612000.0,0.0,12403000.0,5723000.0,-152013000.0,-152013000.0,-152013000.0,0.0,0.0,-0.141,396336000.0,-151070000.0,80081000.0,0.0,1.396,-5.097,-4.991,46482000.0,0.0,10.68,0.719,0.704,98027000.0,74674000.0,1078063000.0,1078063000.0,67512000.0,-0.171,-0.236,-0.953,-0.142,16004000.0,287973000.0,1.0,72548823.0,71095000,71095000.0,15.164,514715000.0,68732000.0,3145000.0,0.0,7.24,284929000.0
61,TTWO,MRT,2006-03-31,2006-04-30,2006-04-30,2021-08-03,5041000.0,906017000.0,898028000.0,572845000.0,333172000.0,1.121,9.123,-27503000.0,141068000.0,141068000.0,770921000.0,-89610000.0,2.22,0.399,0.0,0.0,0.0,0.0,0.0,72464000.0,0.0,0.0,0.0,-148267000.0,-75803000.0,-0.075,-75803000.0,-148267000.0,-144565000.0,-1.26,-1.26,-1.26,647529000.0,675070000.0,647529000.0,1076611513.0,-7.0,-14.203,-43499000.0,-0.613,1.0,235860000.0,0.234,345258000.0,-3702000.0,161606000.0,172829250.0,91820000.0,0.0,0.0,0.0,258488000.0,258085000.0,403000.0,1219508513.0,-69173000.0,-13735000.0,-16207000.0,0.0,0.0,-16102000.0,-37988000.0,0.0,-15996000.0,913000.0,-89610000.0,-89610000.0,-89610000.0,0.0,0.0,-0.089,382686000.0,-146826000.0,108216000.0,0.0,1.883,-13.609,-13.532,49796000.0,0.0,17.05,1.211,1.202,130328000.0,208382000.0,1006781000.0,1006781000.0,70005000.0,-0.1,-0.133,-0.858,-0.147,14162000.0,280958000.0,1.0,71525426.0,70979000,70979000.0,14.184,560759000.0,115957000.0,-54955000.0,14361000.0,7.9,314760000.0
62,TTWO,MRT,2005-12-31,2006-01-31,2006-01-31,2021-08-03,1203000.0,868653000.0,902579000.0,514006000.0,354647000.0,1.068,9.698,-29836000.0,142897000.0,142897000.0,673793000.0,-47423000.0,2.851,0.264,0.0,0.0,0.0,0.0,0.0,117464000.0,0.0,0.0,0.0,-81960000.0,35504000.0,0.037,35504000.0,-81960000.0,-78258000.0,-0.67,-0.67,-0.67,687301000.0,694735250.0,687301000.0,1025810522.0,-13.0,28.893,-139873000.0,-1.974,1.0,289934000.0,0.301,380396000.0,-3702000.0,165078000.0,181555000.0,107413000.0,0.0,0.0,0.0,181352000.0,180282000.0,1070000.0,1133005522.0,-160173000.0,-13366000.0,0.0,0.0,0.0,-20000.0,-47452000.0,0.0,-110037000.0,-2664000.0,-47423000.0,-47423000.0,-47423000.0,0.0,0.0,-0.049,371613000.0,-81679000.0,79887000.0,0.0,1.648,-23.891,-23.672,48215000.0,0.0,15.86,1.176,1.166,84282000.0,258755000.0,963727000.0,963727000.0,67693000.0,-0.053,-0.068,-0.451,-0.085,20956000.0,280039000.0,1.0,71437927.0,70870000,70870000.0,13.599,488257000.0,77817000.0,-30835000.0,6701000.0,6.889,333724000.0
63,TTWO,MRT,2005-09-30,2005-10-31,2005-10-31,2021-08-03,686000.0,935220000.0,935143750.0,612801000.0,322419000.0,1.285,9.817,-29031000.0,107195000.0,107195000.0,786378000.0,35314000.0,2.482,0.364,0.0,0.0,0.0,0.0,0.0,103975000.0,0.0,0.0,0.0,38018000.0,141993000.0,0.118,141993000.0,38018000.0,41720000.0,0.51,0.5,0.51,685830000.0,700218000.0,685830000.0,1267775454.0,33.0,8.928,10949000.0,0.157,1.0,414842000.0,0.345,356968000.0,-3702000.0,224134000.0,165619750.0,136227000.0,0.0,0.0,0.0,249390000.0,246923000.0,2467000.0,1463130454.0,-47900000.0,-37753000.0,6294000.0,0.0,0.0,6223000.0,-91034000.0,0.0,39980000.0,-3069000.0,35314000.0,35314000.0,35314000.0,0.0,0.0,0.029,376824000.0,38018000.0,133353000.0,0.0,2.133,41.432,40.49,48617000.0,0.0,20.65,1.218,1.201,197861000.0,245548000.0,1201220000.0,1201220000.0,73724000.0,0.038,0.05,0.23,0.032,24675000.0,281084000.0,1.0,70853775.0,69859000,70882000.0,17.195,578252000.0,40453000.0,6406000.0,0.0,8.277,365878000.0
64,TTWO,MRT,2005-06-30,2005-07-31,2005-07-31,2021-08-03,-1061000.0,882222000.0,937658750.0,526045000.0,356177000.0,1.421,9.632,-56266000.0,195355000.0,195355000.0,858462000.0,77459000.0,2.817,0.298,0.0,0.0,0.0,0.0,0.0,103104000.0,0.0,0.0,0.0,101181000.0,204285000.0,0.153,204285000.0,101181000.0,106708000.0,1.17,1.13,1.17,679620000.0,687628000.0,679620000.0,1545108472.0,15.0,7.563,34784000.0,0.493,1.0,473992000.0,0.356,359649000.0,-5527000.0,140499000.0,170028750.0,104414000.0,0.0,0.0,0.0,202602000.0,186719000.0,15883000.0,1755349472.0,-2596000.0,-54218000.0,31665000.0,0.0,0.0,19792000.0,-106984000.0,0.0,91050000.0,-6454000.0,77459000.0,77459000.0,77459000.0,0.0,0.0,0.058,370615000.0,103377000.0,76839000.0,0.0,2.583,22.662,21.034,46644000.0,0.0,24.61,1.317,1.303,61735000.0,268685000.0,1332454000.0,1332454000.0,68688000.0,0.083,0.113,0.595,0.076,30407000.0,273984000.0,1.0,71326675.0,70556000,70556000.0,18.885,522573000.0,17905000.0,29249000.0,7452000.0,7.406,339326000.0
65,TTWO,MRT,2005-03-31,2005-04-30,2005-04-30,2021-08-03,4631000.0,924221000.0,891498000.0,596442000.0,327779000.0,1.484,10.358,-32155000.0,210241000.0,210241000.0,854281000.0,92000000.0,3.237,0.273,0.0,0.0,0.0,0.0,0.0,99893000.0,0.0,0.0,0.0,121795000.0,221688000.0,0.168,221688000.0,121795000.0,127322000.0,1.37,1.33,1.37,726190000.0,657671500.0,726190000.0,1349734248.0,11.0,6.088,-13139000.0,-0.187,1.0,469132000.0,0.354,333207000.0,-5527000.0,196509000.0,181716000.0,116568000.0,0.0,0.0,0.0,198031000.0,184264000.0,13767000.0,1652804248.0,-51092000.0,-43920000.0,41128000.0,0.0,0.0,33521000.0,-100475000.0,0.0,19016000.0,-3154000.0,92000000.0,92000000.0,92000000.0,0.0,0.0,0.07,344413000.0,124719000.0,90524000.0,0.0,2.276,17.965,17.175,43075000.0,0.0,23.53,1.249,1.247,127278000.0,297465000.0,1323413000.0,1323413000.0,59318000.0,0.103,0.14,0.67,0.092,27629000.0,258516000.0,1.0,70242424.0,70112000,70112000.0,18.876,591014000.0,17920000.0,35322000.0,8758000.0,8.43,412178000.0
66,TTWO,MRT,2004-12-31,2005-01-31,2005-01-31,2021-08-03,7795000.0,998912000.0,839076750.0,676438000.0,322474000.0,1.495,10.349,-27790000.0,303070000.0,303070000.0,823221000.0,85610000.0,2.442,0.408,0.0,0.0,0.0,0.0,0.0,88437000.0,0.0,0.0,0.0,109047000.0,197484000.0,0.157,197484000.0,109047000.0,114574000.0,1.27,1.23,1.27,709232000.0,618042500.0,709232000.0,1469613596.0,13.0,7.442,94248000.0,1.375,1.0,431492000.0,0.344,317503000.0,-5527000.0,101337000.0,166041250.0,134103000.0,0.0,0.0,0.0,289680000.0,277002000.0,12678000.0,1624708596.0,48917000.0,-46548000.0,21615000.0,0.0,0.0,21246000.0,-91238000.0,0.0,122038000.0,-3129000.0,85610000.0,85610000.0,85610000.0,0.0,0.0,0.068,319005000.0,112487000.0,87409000.0,0.0,2.291,18.978,18.504,37952000.0,0.0,23.5,1.295,1.284,136515000.0,305651000.0,1254713000.0,1254713000.0,53761000.0,0.102,0.139,0.657,0.087,18077000.0,239857000.0,1.0,69136536.0,68529000,69774000.0,18.309,681409000.0,17918000.0,28964000.0,14934000.0,9.943,399436000.0
67,TTWO,MRT,2004-09-30,2004-10-31,2004-10-31,2021-08-03,6354000.0,945280000.0,782599250.0,714761000.0,230519000.0,1.441,9.47,-25086000.0,155095000.0,155095000.0,749680000.0,62119000.0,2.329,0.488,0.0,0.0,0.0,0.0,0.0,90328000.0,0.0,0.0,0.0,86217000.0,176545000.0,0.157,176545000.0,86217000.0,91744000.0,0.93,0.91,0.93,635470000.0,585327750.0,635470000.0,1289468487.0,15.0,7.304,-4628000.0,-0.069,1.0,378071000.0,0.335,241568000.0,-5527000.0,241770000.0,180093750.0,154345000.0,0.0,0.0,0.0,309810000.0,306847000.0,2963000.0,1487419487.0,-28382000.0,-39336000.0,16683000.0,0.0,0.0,16315000.0,-64422000.0,0.0,20458000.0,-733000.0,62119000.0,62119000.0,62119000.0,0.0,0.0,0.055,288300000.0,89771000.0,163961000.0,0.0,2.341,23.945,23.627,34291000.0,0.0,21.973,1.319,1.307,285709000.0,250402000.0,1127751000.0,1127751000.0,43773000.0,0.079,0.106,0.479,0.076,11075000.0,220181000.0,1.0,67693054.0,67104000,68589000.0,16.806,703712000.0,12540000.0,29625000.0,17319000.0,10.487,407914000.0
68,TTWO,MRT,2004-06-30,2004-07-31,2004-07-31,2021-08-03,2183000.0,697579000.0,723103750.0,480163000.0,217416000.0,1.338,8.323,-19631000.0,197951000.0,197951000.0,662935000.0,29011000.0,3.714,0.246,0.0,0.0,0.0,0.0,0.0,101395000.0,0.0,0.0,0.0,49382000.0,150777000.0,0.156,150777000.0,49382000.0,49382000.0,0.457,0.427,0.457,559794000.0,559833250.0,559794000.0,1141408698.0,23.0,7.57,-22164000.0,-0.33,1.0,304410000.0,0.315,183081000.0,0.0,187248000.0,168609000.0,96882000.0,0.0,0.0,0.0,137785000.0,129299000.0,8486000.0,1402600698.0,-27908000.0,-19632000.0,0.0,0.0,0.0,25936000.0,-44831000.0,0.0,-2533000.0,-6480000.0,29011000.0,29011000.0,29011000.0,0.0,0.0,0.03,257184000.0,47226000.0,63275000.0,0.0,2.506,48.347,45.573,30589000.0,0.0,20.827,1.45,1.448,79486000.0,187771000.0,967345000.0,967345000.0,39874000.0,0.04,0.052,0.293,0.051,13957000.0,202094000.0,1.0,67345306.0,67260000,67260000.0,14.382,514498000.0,8333000.0,20371000.0,167000.0,7.649,350864000.0
69,TTWO,MRT,2004-03-31,2004-04-30,2004-04-30,2021-08-03,1011000.0,714536000.0,700848250.0,500530000.0,214006000.0,1.368,8.487,-15369000.0,261333000.0,261333000.0,638473000.0,49142000.0,3.618,0.259,141000.0,112000.0,29000.0,141000.0,0.0,88654000.0,0.0,0.0,0.0,79996000.0,168650000.0,0.176,168650000.0,79996000.0,79996000.0,0.753,0.723,0.753,567674000.0,540961000.0,567674000.0,1034549793.0,13.0,6.134,60570000.0,0.906,1.0,320069000.0,0.334,181187000.0,0.0,133810000.0,149285500.0,100038000.0,0.0,0.0,0.0,146862000.0,138347000.0,8515000.0,1288534793.0,72983000.0,-20303000.0,0.0,0.0,0.0,42607000.0,-41330000.0,0.0,75939000.0,-4233000.0,49142000.0,49142000.0,49142000.0,0.0,0.0,0.051,242324000.0,77745000.0,70978000.0,0.0,2.27,26.221,25.578,25691000.0,0.0,19.26,1.344,1.344,68601000.0,202206000.0,958542000.0,958542000.0,36388000.0,0.07,0.091,0.536,0.083,22653000.0,192117000.0,1.0,66902118.0,66891000,66891000.0,14.33,533349000.0,8333000.0,30854000.0,2706000.0,7.973,362183000.0
70,TTWO,MRT,2003-12-31,2004-01-31,2004-01-31,2021-08-03,3044000.0,773002000.0,667458750.0,566268000.0,206734000.0,1.496,8.687,-14606000.0,254153000.0,254153000.0,640851000.0,78341000.0,3.043,0.337,168000.0,112000.0,56000.0,168000.0,0.0,81215000.0,0.0,0.0,0.0,128438000.0,209653000.0,0.21,209653000.0,128438000.0,128438000.0,1.207,1.177,1.207,578373000.0,510298000.0,578373000.0,1030154169.0,8.0,4.914,72350000.0,1.087,1.0,357346000.0,0.358,175383000.0,0.0,157547000.0,143204750.0,110879000.0,0.0,0.0,0.0,194629000.0,186087000.0,8542000.0,1255813169.0,90068000.0,-16710000.0,2433000.0,0.0,0.0,42217000.0,-36974000.0,0.0,86956000.0,-2131000.0,78341000.0,78341000.0,78341000.0,0.0,0.0,0.078,231254000.0,126092000.0,107935000.0,0.0,2.171,16.03,16.017,23839000.0,0.0,19.333,1.258,1.289,145464000.0,216782000.0,998197000.0,998197000.0,32921000.0,0.117,0.154,0.897,0.129,24406000.0,185227000.0,1.0,64956974.0,66579000,68131500.0,14.993,597619000.0,8333000.0,50097000.0,10841000.0,8.976,380181000.0
71,TTWO,MRT,2003-09-30,2003-10-31,2003-10-31,2021-08-03,-936000.0,707298000.0,618492500.0,513242000.0,194056000.0,1.671,8.475,-15350000.0,183477000.0,183477000.0,637554000.0,98118000.0,3.105,0.326,0.0,0.0,0.0,0.0,0.0,59714000.0,0.0,0.0,0.0,165315000.0,225029000.0,0.218,225029000.0,165315000.0,165315000.0,1.56,1.51,1.56,533492000.0,471372750.0,533492000.0,1493946959.0,9.0,6.639,65278000.0,1.037,1.0,396139000.0,0.383,162670000.0,0.0,195831000.0,131037500.0,101748000.0,0.0,0.0,0.0,173806000.0,165320000.0,8486000.0,1719605959.0,75108000.0,-27973000.0,0.0,0.0,0.0,44562000.0,-45881000.0,0.0,80628000.0,-4201000.0,98118000.0,98118000.0,98118000.0,0.0,0.0,0.095,233128000.0,163011000.0,106172000.0,0.0,3.223,17.526,16.97,22260000.0,0.0,26.473,1.664,1.612,166536000.0,185024000.0,1033693000.0,1033693000.0,25107000.0,0.159,0.208,1.262,0.16,24303000.0,191098000.0,1.0,64956974.0,62948000,64946000.0,16.421,544628000.0,8333000.0,67197000.0,2265000.0,8.652,347922000.0
72,TTWO,MRT,2003-06-30,2003-07-31,2003-07-31,2021-08-03,-1530000.0,608557000.0,564528000.0,416780000.0,191777000.0,1.727,7.639,-12858000.0,225859000.0,225859000.0,596429000.0,94185000.0,3.533,0.257,200000.0,101000.0,99000.0,200000.0,0.0,13496000.0,0.0,0.0,0.0,160823000.0,174319000.0,0.179,174319000.0,160823000.0,161071000.0,1.54,1.5,1.54,484305000.0,426885750.0,484305000.0,921135236.0,6.0,5.284,137830000.0,2.174,1.0,378616000.0,0.388,154969000.0,-248000.0,109954000.0,113167250.0,73902000.0,0.0,0.0,0.0,124252000.0,117975000.0,6277000.0,1109260236.0,151961000.0,-21648000.0,0.0,-97000.0,0.0,41377000.0,-44714000.0,282000.0,150688000.0,4610000.0,94185000.0,94185000.0,94185000.0,0.0,0.0,0.097,219567000.0,159049000.0,56105000.0,0.0,2.29,11.777,11.524,20078000.0,0.0,17.747,1.138,1.154,65996000.0,161154000.0,975045000.0,975045000.0,21240000.0,0.167,0.221,1.421,0.165,21193000.0,180423000.0,1.0,62504098.0,63399000,65322000.0,15.38,453588000.0,13375000.0,66886000.0,15458000.0,7.154,298805000.0
73,TTWO,MRT,2003-03-31,2003-04-30,2003-04-30,2021-08-03,-2235000.0,580978000.0,513991000.0,393477000.0,187501000.0,1.839,7.19,-11081000.0,188350000.0,188350000.0,579830000.0,93255000.0,3.035,0.306,225000.0,100000.0,125000.0,225000.0,0.0,13108000.0,0.0,0.0,0.0,158906000.0,172014000.0,0.182,172014000.0,158906000.0,159453000.0,1.533,1.493,1.533,445022000.0,383269250.0,445022000.0,765467748.0,5.0,4.45,130511000.0,2.109,1.0,365621000.0,0.387,153713000.0,-547000.0,109487000.0,113646250.0,71342000.0,0.0,0.0,0.0,135956000.0,129653000.0,6303000.0,929281748.0,118733000.0,-31083000.0,0.0,-167000.0,0.0,24338000.0,-51882000.0,282000.0,141592000.0,4685000.0,93255000.0,93255000.0,93255000.0,0.0,0.0,0.099,207864000.0,157757000.0,63902000.0,0.0,2.088,9.965,9.785,18432000.0,0.0,15.0,0.983,0.982,100213000.0,153505000.0,945451000.0,945451000.0,16009000.0,0.181,0.243,1.398,0.168,11975000.0,174340000.0,1.0,61952116.0,61893000,63421500.0,15.276,427265000.0,13375000.0,66198000.0,16124000.0,6.903,263824000.0
74,TTWO,MRT,2002-12-31,2003-01-31,2003-01-31,2021-08-03,-2281000.0,577137000.0,461507000.0,393745000.0,183392000.0,1.999,6.909,-10878000.0,164085000.0,164085000.0,565323000.0,88269000.0,2.618,0.365,271000.0,97000.0,174000.0,271000.0,0.0,12071000.0,0.0,0.0,0.0,150388000.0,162459000.0,0.176,162459000.0,150388000.0,150882000.0,1.473,1.427,1.473,422672000.0,341370250.0,422672000.0,759368233.0,5.0,4.674,139504000.0,2.28,1.0,357435000.0,0.387,154039000.0,-494000.0,108878000.0,114353750.0,76604000.0,0.0,0.0,0.0,154465000.0,150406000.0,4059000.0,867441233.0,133113000.0,-31083000.0,0.0,-188000.0,0.0,24871000.0,-51608000.0,353000.0,150382000.0,9468000.0,88269000.0,88269000.0,88269000.0,0.0,0.0,0.096,206017000.0,151418000.0,55997000.0,0.0,2.052,9.827,9.591,16707000.0,0.0,14.127,0.94,0.937,120779000.0,138266000.0,922758000.0,922758000.0,15185000.0,0.191,0.259,1.315,0.163,15015000.0,174355000.0,1.0,61403074.0,61179000,63303000.0,15.083,423098000.0,13375000.0,62613000.0,17751000.0,6.916,243339000.0
75,TTWO,MRT,2002-09-30,2002-10-31,2002-10-31,2021-08-03,-5041000.0,491440000.0,413650000.0,328365000.0,163075000.0,1.921,6.233,-10466000.0,108369000.0,108369000.0,500084000.0,71563000.0,2.491,0.382,296000.0,95000.0,201000.0,296000.0,0.0,10829000.0,0.0,0.0,0.0,121418000.0,132247000.0,0.166,132247000.0,121418000.0,120938000.0,1.253,1.207,1.253,355544000.0,299612500.0,355544000.0,940737824.0,8.0,7.113,134532000.0,2.358,1.0,294592000.0,0.371,127207000.0,480000.0,124350000.0,119553750.0,74391000.0,97000.0,0.0,97000.0,135896000.0,131810000.0,4086000.0,1014314824.0,102313000.0,-3788000.0,0.0,-54284000.0,0.0,-31988000.0,-18084000.0,6170000.0,144998000.0,7387000.0,71563000.0,71563000.0,71563000.0,0.0,0.0,0.09,171887000.0,122705000.0,79660000.0,0.0,2.853,14.174,13.717,15319000.0,0.0,17.187,1.276,1.234,105576000.0,86906000.0,794676000.0,794676000.0,11524000.0,0.173,0.239,1.016,0.153,13753000.0,149534000.0,1.0,59016398.0,57045000,59355000.0,13.931,364233000.0,14228000.0,49375000.0,1357000.0,6.385,196555000.0
76,TTWO,MRT,2002-06-30,2002-07-31,2002-07-31,2021-08-03,-6913000.0,406409000.0,380668000.0,245781000.0,160628000.0,1.839,5.337,-12345000.0,73898000.0,73898000.0,458848000.0,46214000.0,2.551,0.312,321000.0,92000.0,229000.0,321000.0,0.0,10025000.0,0.0,0.0,0.0,74576000.0,84601000.0,0.121,84601000.0,74576000.0,72587000.0,0.833,0.807,0.833,309839000.0,265741750.0,309839000.0,736614381.0,10.0,8.707,109544000.0,1.887,1.0,241168000.0,0.345,124621000.0,1989000.0,111870000.0,131757500.0,49591000.0,510000.0,448000.0,62000.0,96570000.0,96341000.0,229000.0,805885381.0,58552000.0,-7591000.0,50000.0,-65835000.0,0.0,-51981000.0,-17405000.0,5888000.0,121889000.0,6049000.0,46214000.0,46214000.0,46214000.0,0.0,0.0,0.066,163436000.0,77732000.0,47976000.0,0.0,2.601,17.438,16.599,15091000.0,0.0,13.827,1.151,1.147,64759000.0,65471000.0,700016000.0,700016000.0,8908000.0,0.121,0.174,0.566,0.107,886000.0,144504000.0,1.0,58283458.0,58057500,60346500.0,12.057,281788000.0,25682000.0,26373000.0,11268000.0,4.854,149440000.0
77,TTWO,MRT,2002-03-31,2002-04-30,2002-04-30,2021-08-03,-10348000.0,371042000.0,364673250.0,239173000.0,131869000.0,1.807,4.991,-12625000.0,69617000.0,69617000.0,431523000.0,40783000.0,2.562,0.337,346000.0,92000.0,254000.0,346000.0,0.0,10754000.0,0.0,0.0,0.0,68517000.0,79271000.0,0.12,79271000.0,68517000.0,64265000.0,0.74,0.713,0.74,277426000.0,243864500.0,277426000.0,894470129.0,13.0,11.284,99528000.0,1.791,1.0,227359000.0,0.345,96092000.0,4252000.0,112317000.0,147897250.0,45481000.0,598000.0,500000.0,98000.0,93616000.0,93362000.0,254000.0,925075129.0,62731000.0,2746000.0,20892000.0,-91851000.0,0.0,-45174000.0,-7348000.0,5888000.0,112153000.0,3100000.0,40783000.0,40783000.0,40783000.0,0.0,0.0,0.062,154389000.0,72970000.0,37962000.0,0.0,3.334,22.683,22.612,14837000.0,0.0,16.733,1.404,1.412,65095000.0,60705000.0,658882000.0,658882000.0,9080000.0,0.112,0.167,0.463,0.104,5029000.0,134556000.0,1.0,55284476.0,55585500,58152000.0,11.853,274950000.0,21765000.0,23482000.0,13794000.0,4.946,145811000.0
78,TTWO,MRT,2001-12-31,2002-01-31,2002-01-31,2021-08-03,-11875000.0,385709000.0,355779000.0,258194000.0,127515000.0,1.621,4.641,-10514000.0,30972000.0,30972000.0,381886000.0,19679000.0,1.989,0.509,367000.0,92000.0,275000.0,367000.0,0.0,12132000.0,0.0,0.0,0.0,36404000.0,48536000.0,0.084,48536000.0,36404000.0,29850000.0,0.333,0.313,0.333,255641000.0,219687750.0,255641000.0,733597761.0,20.0,15.115,71657000.0,1.301,1.0,194845000.0,0.338,95633000.0,6554000.0,129678000.0,164474250.0,51804000.0,824000.0,769000.0,55000.0,130068000.0,129793000.0,275000.0,679858761.0,17314000.0,2746000.0,20892000.0,-100479000.0,0.0,-55930000.0,-5308000.0,5817000.0,82171000.0,-3619000.0,19679000.0,19679000.0,19679000.0,0.0,0.0,0.034,134670000.0,60175000.0,73220000.0,0.0,2.659,34.547,37.156,12992000.0,0.0,12.373,1.179,1.182,122701000.0,51068000.0,576731000.0,576731000.0,6744000.0,0.055,0.09,0.221,0.063,122000.0,115794000.0,1.0,54946962.0,55086000,56844000.0,10.47,290076000.0,21765000.0,10171000.0,21341000.0,5.266,128401000.0
79,TTWO,MRT,2001-09-30,2001-10-31,2001-10-31,2021-08-03,-10452000.0,359512000.0,352037000.0,227335000.0,132177000.0,1.282,4.32,-8568000.0,6056000.0,6056000.0,306323000.0,-6918000.0,1.688,0.634,54463000.0,54172000.0,291000.0,54463000.0,0.0,12641000.0,0.0,0.0,0.0,-858000.0,11783000.0,0.026,11783000.0,-858000.0,-9368000.0,-0.133,-0.133,-0.133,220061000.0,203810000.0,220061000.0,564031436.0,-657.0,47.868,18751000.0,0.368,1.0,145073000.0,0.321,100109000.0,8510000.0,173165000.0,178752500.0,61937000.0,6316000.0,6241000.0,75000.0,139451000.0,134645000.0,4806000.0,510292436.0,811000.0,-1554000.0,20892000.0,-55545000.0,0.0,-11790000.0,-13479000.0,0.0,27319000.0,-1239000.0,-6918000.0,-6918000.0,-6918000.0,0.0,0.0,-0.015,116696000.0,28377000.0,60223000.0,0.0,2.319,-73.763,-69.827,11033000.0,0.0,9.287,1.13,1.048,94950000.0,16239000.0,451396000.0,451396000.0,6190000.0,-0.02,-0.034,-0.005,-0.002,5000.0,97865000.0,1.0,54946962.0,50941500,50941500.0,8.861,259403000.0,30197000.0,-2450000.0,0.0,5.092,92690000.0
80,TTWO,MRT,2001-06-30,2001-07-31,2001-07-31,2021-08-03,-9877000.0,342430000.0,344723250.0,212278000.0,130152000.0,1.263,4.322,-5551000.0,15346000.0,15346000.0,284616000.0,4790000.0,1.768,0.54,69085000.0,69085000.0,0.0,69085000.0,0.0,11075000.0,0.0,0.0,0.0,21449000.0,32524000.0,0.075,32524000.0,21449000.0,12647000.0,0.133,0.133,0.133,222330000.0,191342750.0,222330000.0,761182783.0,35.0,23.404,-8275000.0,-0.161,1.0,150886000.0,0.346,99640000.0,8802000.0,176429000.0,185113500.0,55336000.0,8719000.0,3177000.0,5542000.0,120100000.0,120100000.0,0.0,676785783.0,12715000.0,-4179000.0,22438000.0,-5825000.0,0.0,35028000.0,-12420000.0,-2690000.0,-2724000.0,-7169000.0,4790000.0,4790000.0,4790000.0,0.0,0.0,0.011,102868000.0,48018000.0,35275000.0,0.0,3.044,141.291,99.549,10397000.0,0.0,13.24,1.554,1.564,77750000.0,20919000.0,435502000.0,435502000.0,6007000.0,0.014,0.025,0.116,0.049,3940000.0,85786000.0,1.0,51116751.0,51439500,53653500.0,8.466,242790000.0,16922000.0,7857000.0,0.0,4.72,92178000.0
81,TTWO,MRT,2001-03-31,2001-04-30,2001-04-30,2021-08-03,-10082000.0,335465000.0,328543238.0,216062000.0,119403000.0,1.279,3.691,-4433000.0,6886000.0,6886000.0,272268000.0,7676000.0,1.53,0.856,91283000.0,77723000.0,13560000.0,91283000.0,0.0,11064000.0,0.0,0.0,0.0,24288000.0,35352000.0,0.084,35352000.0,24288000.0,15815000.0,0.2,0.193,0.2,180719000.0,177808302.0,180719000.0,542460351.0,22.0,15.345,-15851000.0,-0.324,1.0,148000000.0,0.352,100051000.0,8473000.0,178625000.0,174661052.0,52647000.0,6792000.0,1714000.0,5078000.0,154746000.0,141186000.0,13560000.0,460532351.0,3700000.0,-4652000.0,11269000.0,13556000.0,0.0,29330000.0,-7232000.0,1853000.0,-11418000.0,-6980000.0,7676000.0,7676000.0,7676000.0,0.0,0.0,0.018,98440000.0,49560000.0,43860000.0,0.0,2.548,59.996,46.465,8606000.0,0.0,9.293,1.096,1.083,95021000.0,21584000.0,420268000.0,420268000.0,5680000.0,0.023,0.043,0.139,0.058,-786000.0,80593000.0,1.0,49556908.0,48961500,48961500.0,8.584,235414000.0,16922000.0,8139000.0,0.0,4.808,74876000.0
82,TTWO,MRT,2000-12-31,2001-01-31,2001-01-31,2021-08-03,-13643000.0,370741000.0,313517349.0,235433000.0,135308000.0,1.281,3.96,-3324000.0,13658000.0,13658000.0,255284000.0,10683000.0,1.425,0.93,95586000.0,82192000.0,13394000.0,95586000.0,0.0,9699000.0,0.0,0.0,0.0,28602000.0,38301000.0,0.095,38301000.0,28602000.0,21109000.0,0.213,0.207,0.213,192130000.0,169538372.0,192130000.0,493875821.0,17.0,12.895,-31146000.0,-0.642,1.0,146324000.0,0.364,100661000.0,7493000.0,186791000.0,160304888.0,52429000.0,26393000.0,1990000.0,24403000.0,178611000.0,165217000.0,13394000.0,401810821.0,-5597000.0,-9744000.0,19335051.0,15834000.0,0.0,42256000.0,-13190000.0,-122000.0,-27822000.0,-6841000.0,10683000.0,10683000.0,10683000.0,0.0,0.0,0.027,94262000.0,52062000.0,62720000.0,0.0,2.091,37.612,38.146,6082000.0,0.0,8.125,1.001,0.982,119777000.0,33051000.0,401608000.0,401608000.0,5443000.0,0.034,0.063,0.178,0.071,-237000.0,78017000.0,1.0,49453640.0,48520500,49438500.0,8.277,270080000.0,9243000.0,10426000.0,0.0,5.566,70216000.0
83,TTWO,MRT,2000-09-30,2000-10-31,2000-10-31,2021-08-03,-12672000.0,330257000.0,283026259.0,216474000.0,113783000.0,1.286,4.155,-2881000.0,5245000.0,5245000.0,235978000.0,6417000.0,1.468,0.94,97221000.0,84605000.0,12616000.0,97221000.0,0.0,8680000.0,0.0,0.0,0.0,15030000.0,23710000.0,0.065,23710000.0,15030000.0,8961000.0,0.153,0.153,0.153,170192000.0,144152098.0,170192000.0,441991180.0,29.0,18.642,-57111000.0,-1.394,1.0,128023000.0,0.352,76175000.0,6069000.0,198609000.0,141686862.0,53798000.0,31413000.0,2926000.0,28487000.0,160065000.0,147449000.0,12616000.0,385609742.0,-5129000.0,-5903000.0,21285000.0,43358000.0,0.0,70535000.0,-12906000.0,-4122000.0,-54230000.0,-8528000.0,6417000.0,6417000.0,6417000.0,0.0,0.0,0.018,94714000.0,33309000.0,46566000.0,0.0,2.266,60.092,54.196,5260000.0,0.0,8.292,1.059,0.933,110783000.0,24819000.0,364001000.0,364001000.0,5668000.0,0.023,0.045,0.106,0.041,98000.0,79263000.0,1.0,46503828.0,40960500,42495000.0,8.887,254082000.0,9243000.0,2544000.0,0.0,6.203,69025000.0
84,TTWO,MRT,2000-06-30,2000-07-31,2000-07-31,2021-08-03,-6484819.0,277709954.0,258390009.0,165247604.0,112462350.0,1.462,3.858,-2716029.0,2631068.0,2631068.0,244199042.0,6895168.0,1.736,0.651,59012506.0,46561363.0,12451143.0,59012506.0,0.0,7547643.0,0.0,0.0,0.0,15263375.0,22811018.0,0.06,22811018.0,15263375.0,9890670.0,0.233,0.213,0.233,168192206.0,122879848.0,168192206.0,352142398.0,23.0,15.437,-37105350.0,-0.851,1.0,133583503.0,0.354,104295533.0,5372705.0,134619207.0,116520862.0,43739904.0,3559399.0,3559399.0,0.0,109517748.0,95176652.0,14341096.0,287072393.0,-287304.0,-25158182.0,20110120.0,35763460.0,0.0,63068654.0,-25306211.0,2568000.0,-34389321.0,-3660426.0,6895168.0,6895168.0,6895168.0,0.0,0.0,0.018,99066155.0,34517348.0,38730790.0,0.0,1.707,41.634,28.433,6230260.0,0.0,6.625,0.76,0.764,79554523.0,17234012.0,377782545.0,377782545.0,7698006.0,0.027,0.056,0.131,0.04,2551568.0,82351716.0,1.0,43331682.0,43591500,44818500.0,8.666,173414421.0,2357249.0,2995502.0,0.0,3.978,70070952.0
85,TTWO,MRT,2000-03-31,2000-04-30,2000-04-30,2021-08-03,-2676246.0,275361441.0,225913136.0,172195094.0,103166347.0,1.661,3.83,-1805627.0,3185666.0,3185666.0,250866143.0,7381992.0,1.369,0.865,68255671.0,68211410.0,44261.0,68255671.0,0.0,5382851.0,0.0,0.0,0.0,14934292.0,20317143.0,0.054,20317143.0,14934292.0,10742762.0,0.26,0.247,0.26,147639281.0,99475894.0,147639281.0,281932192.0,19.0,13.877,-35299790.0,-0.916,1.0,124385872.0,0.331,93452200.0,4191530.0,121200347.0,103436211.0,40506732.0,11113750.0,7013750.0,4100000.0,127722160.0,125778899.0,1943261.0,226603146.0,1738692.0,-24829288.0,32511185.0,32168371.0,0.0,69130344.0,-31277915.0,-4643000.0,-33494163.0,-2619574.0,7381992.0,7381992.0,7381992.0,0.0,0.0,0.02,90308580.0,34077292.0,39578580.0,0.0,1.535,30.697,24.681,5539147.0,0.0,6.417,0.604,0.659,80830267.0,15012704.0,375252015.0,375252015.0,7027851.0,0.033,0.074,0.144,0.04,3510787.0,77896150.0,1.0,35312942.0,38548500,38548500.0,9.735,181909241.0,2004689.0,3360770.0,0.0,4.719,46416195.0
86,TTWO,MRT,1999-12-31,2000-01-31,2000-01-31,2021-08-03,-1833263.0,248776642.0,186803323.0,201629174.0,47147468.0,1.916,2.603,-2885592.0,19255178.0,19255178.0,246539160.0,17403164.0,1.275,1.746,74584224.0,74569815.0,14409.0,74584224.0,0.0,3771585.0,0.0,0.0,0.0,29748447.0,33520032.0,0.094,33520032.0,29748447.0,26148964.0,0.533,0.52,0.533,90584904.0,74719536.0,90584904.0,337169707.0,11.0,10.059,-24887435.0,-0.715,1.0,111359187.0,0.311,33609466.0,3599483.0,112318893.0,89996544.0,46781625.0,7898363.0,0.0,7898363.0,158191738.0,158177329.0,14409.0,291322363.0,14493441.0,-19819000.0,25253052.0,39593639.0,0.0,64846742.0,-26704592.0,-4000000.0,-22001843.0,-1646866.0,17403164.0,17403164.0,17403164.0,0.0,0.0,0.049,81409740.0,29949447.0,56832836.0,0.0,3.216,16.74,15.557,4692271.0,0.0,8.292,0.814,0.806,93247424.0,22367153.0,357898347.0,357898347.0,6295856.0,0.093,0.233,0.331,0.083,2251124.0,71342299.0,1.0,35132943.0,34798500,36717000.0,10.285,215167176.0,2004689.0,8745800.0,0.0,6.183,43451845.0
87,TTWO,MRT,1999-09-30,1999-10-31,1999-10-31,2021-08-03,-827000.0,231712000.0,151519433.0,187970000.0,43742000.0,2.019,2.742,-2180000.0,10374000.0,10374000.0,215122000.0,16332000.0,1.283,1.723,56222000.0,56144000.0,78000.0,56222000.0,0.0,2822000.0,0.0,0.0,0.0,27336000.0,30158000.0,0.099,30158000.0,27336000.0,24426000.0,0.527,0.507,0.527,85103000.0,61939952.0,85103000.0,261168397.0,10.0,8.66,-18928000.0,-0.61,1.0,90810000.0,0.297,33084000.0,2910000.0,97945000.0,76009126.0,41300000.0,3955000.0,0.0,3955000.0,146609000.0,146531000.0,78000.0,239047961.0,7611000.0,-19360000.0,24461000.0,22319000.0,0.0,46780000.0,-21540000.0,0.0,-16748000.0,-881000.0,16332000.0,16332000.0,16332000.0,0.0,0.0,0.053,63429000.0,27381000.0,71230000.0,0.0,2.809,14.637,13.125,4120000.0,0.0,6.917,0.781,0.702,107799000.0,18402000.0,305932000.0,305932000.0,5263000.0,0.108,0.264,0.36,0.089,2006000.0,55344000.0,1.0,34559486.0,31035000,32272500.0,9.858,198628000.0,2005000.0,8094000.0,0.0,6.4,41439000.0
88,TTWO,MRT,1999-06-30,1999-07-31,1999-07-31,2021-08-03,-562432.0,147802459.0,120937707.0,123982998.0,23819461.0,2.053,2.216,-2134661.0,2918141.0,2918141.0,182294665.0,11167162.0,1.694,0.982,25038577.0,25013276.0,25301.0,25038577.0,0.0,2726085.0,0.0,0.0,0.0,16859695.0,19585780.0,0.079,19585780.0,16859695.0,14226996.0,0.413,0.387,0.413,74576390.0,49555594.0,74576390.0,215391168.0,13.0,10.997,-15376605.0,-0.457,1.0,65985914.0,0.266,14441523.0,2632699.0,82280604.0,64877914.0,33528830.0,4110973.0,0.0,4110973.0,73226069.0,73200768.0,25301.0,181500139.0,2616222.0,5056.0,24025882.0,-2505433.0,-931000.0,21384692.0,-4806460.0,-2910000.0,-13241944.0,-720066.0,11167162.0,11167162.0,11167162.0,0.0,0.0,0.045,49236940.0,16748974.0,33665640.0,0.0,2.434,16.253,12.814,3728281.0,0.0,5.292,0.731,0.717,63261214.0,9233354.0,248280579.0,248280579.0,2361194.0,0.092,0.225,0.26,0.068,1438295.0,44515452.0,1.0,34297078.0,33660820,34938812.0,7.376,133360936.0,0.0,3059834.0,0.0,3.962,50782230.0
89,TTWO,MRT,1999-03-31,1999-04-30,1999-04-30,2021-08-03,-398820.0,118922190.0,96437645.0,97856621.0,21065569.0,2.314,1.692,-1947221.0,1447145.0,1447145.0,166533847.0,9319422.0,1.393,1.446,35338174.0,35296070.0,42104.0,35338174.0,0.0,2070350.0,0.0,0.0,0.0,14002854.0,16073204.0,0.072,16073204.0,14002854.0,11244237.0,0.373,0.34,0.373,48613851.0,38917811.0,48613851.0,205562997.0,15.0,12.789,-17506634.0,-0.609,1.0,56610407.0,0.254,15105304.0,2758617.0,67441680.0,51497990.0,24067656.0,1332000.0,0.0,1332000.0,70308339.0,70266235.0,42104.0,178264345.0,915637.0,-81838.0,7013819.0,11841637.0,-931000.0,19335985.0,-2037914.0,-242000.0,-15559413.0,-823021.0,9319422.0,9319422.0,9319422.0,0.0,0.0,0.042,42669948.0,13940459.0,22171619.0,0.0,3.667,19.128,17.091,3043923.0,0.0,6.375,0.799,0.821,47381170.0,6525530.0,223144254.0,223144254.0,1920778.0,0.097,0.239,0.272,0.063,518951.0,38680548.0,1.0,27963034.0,28728564,31126680.0,7.767,103816886.0,941000.0,1924815.0,0.0,3.614,27590386.0
90,TTWO,MRT,1998-12-31,1999-01-31,1999-01-31,2021-08-03,-261142.0,107641084.0,78572253.0,94009153.0,13631931.0,2.685,1.445,-748938.0,4761396.0,4761396.0,160296271.0,8254655.0,1.382,1.727,32060048.0,31914217.0,145831.0,32060048.0,0.0,1911873.0,0.0,0.0,0.0,12273689.0,14185562.0,0.067,14185562.0,12273689.0,9325207.0,0.347,0.307,0.347,39466569.0,33339926.0,39466569.0,267670801.0,22.0,18.869,-13254029.0,-0.485,1.0,50631021.0,0.24,10541831.0,2948482.0,56369221.0,40102323.0,23074122.0,0.0,0.0,0.0,68174515.0,68028684.0,145831.0,239712831.0,2846998.0,-126.0,7215897.0,8832972.0,-931000.0,15117869.0,340936.0,1090000.0,-12505091.0,-106716.0,8254655.0,8254655.0,8254655.0,0.0,0.0,0.039,38194332.0,12436689.0,22435940.0,0.0,6.074,29.04,25.095,1967358.0,0.0,8.708,1.136,1.128,47493189.0,4964358.0,210927292.0,210927292.0,1807181.0,0.105,0.248,0.306,0.058,275564.0,34475278.0,1.0,27527886.0,27318360,29301616.0,7.721,97099253.0,941000.0,1070552.0,0.0,3.554,25980469.0
91,TTWO,MRT,1998-09-30,1998-10-31,1998-10-31,2021-08-03,-7433.0,109385094.0,59323972.0,95301690.0,14083404.0,3.271,1.608,-630000.0,2762837.0,2762837.0,147556000.0,7181000.0,1.297,2.076,30984300.0,30669367.0,314933.0,30984300.0,0.0,1835000.0,0.0,0.0,0.0,10527000.0,12362000.0,0.064,12362000.0,10527000.0,6847000.0,0.327,0.28,0.327,35565568.0,26667574.0,35565568.0,115695018.0,11.0,9.359,-8652000.0,-0.391,1.0,46496000.0,0.24,10681814.0,3680000.0,53420150.0,28575820.0,26092541.0,0.0,0.0,0.0,73819526.0,73504593.0,314933.0,109428819.0,391000.0,-1187000.0,6103000.0,3845000.0,-931000.0,9017000.0,-727000.0,1090000.0,-8022000.0,123000.0,7181000.0,7181000.0,7181000.0,0.0,0.0,0.037,35806000.0,10690000.0,33532359.0,0.0,3.077,15.239,13.251,1979658.0,0.0,4.333,0.564,0.494,49138871.0,2069522.0,194052000.0,194052000.0,1702000.0,0.121,0.269,0.368,0.054,122000.0,32269000.0,1.0,25254747.0,22120500,25594500.0,8.772,98703280.0,941000.0,-334000.0,0.0,4.462,21797097.0
92,TTWO,MRT,1998-06-30,1998-07-31,1998-07-31,2021-08-03,426332.0,49802211.0,38250249.0,38147754.0,11654457.0,5.611,1.465,-1033195.0,196444.0,196444.0,172593675.0,2184882.0,2.181,0.555,6462643.0,6205416.0,257227.0,6462643.0,0.0,1727838.0,0.0,0.0,0.0,6707631.0,8435469.0,0.039,8435469.0,6707631.0,2364231.0,0.16,0.14,0.16,32025256.0,20246654.0,32025256.0,71793015.0,11.0,8.511,-17109614.0,-0.783,1.0,42047289.0,0.196,9812773.0,4343400.0,28760908.0,16395861.0,5342430.0,0.0,0.0,0.0,17776955.0,17494729.0,282226.0,66174080.0,-3511832.0,-1102871.0,6149437.0,10672652.0,-436000.0,15779772.0,-3458971.0,-1089760.0,-16076419.0,243786.0,2184882.0,1998674.0,1998674.0,0.0,0.0,0.009,35176910.0,6870379.0,5584374.0,0.0,2.066,33.109,25.262,1553629.0,186208.0,4.042,0.308,0.412,12773174.0,-3815314.0,214640964.0,214640964.0,2509767.0,0.052,0.099,0.409,0.031,83449.0,30939304.0,1.0,16371618.0,21857847,26916448.0,9.82,39989438.0,0.0,179349.0,0.0,1.83,20653025.0
93,TTWO,MRT,1998-03-31,1998-04-30,1998-04-30,2021-08-03,332595.0,47460624.0,,35098851.0,12361773.0,,1.283,-1032057.0,438562.0,438562.0,147172859.0,-195845.0,1.7,0.804,6057497.0,5548094.0,509403.0,6057497.0,0.0,1475719.0,0.0,0.0,0.0,3853584.0,5329303.0,0.03,5329303.0,3853584.0,-39633.0,0.007,-0.007,0.007,26302312.0,,26302312.0,90308621.0,23.0,16.946,-10361101.0,-0.505,1.0,31885106.0,0.178,10571636.0,3893217.0,21859014.0,,7387278.0,0.0,0.0,0.0,21158312.0,20648909.0,509403.0,82489185.0,-5708942.0,-1722282.0,2090619.0,6451816.0,-487474.0,7495457.0,-4077244.0,-1089760.0,-9329044.0,201889.0,-195845.0,-383690.0,-383690.0,0.0,0.0,-0.002,27806127.0,4078979.0,5871083.0,0.0,3.136,-214.989,797.571,1562637.0,187845.0,5.583,0.461,0.639,13031527.0,-3910872.0,179057965.0,179057965.0,2252402.0,,,,0.022,47887.0,24078007.0,1.0,14775064.0,20504972,24661353.0,8.732,36888988.0,0.0,156212.0,0.0,1.799,14449942.0
94,TTWO,MRT,1997-12-31,1998-01-31,1998-01-31,2021-08-03,-10418.0,30647961.0,,18119202.0,12528759.0,,0.642,-819227.0,1087321.0,1087321.0,119301111.0,-1229193.0,1.056,1.399,8906757.0,8196857.0,709900.0,8906757.0,0.0,1224721.0,0.0,0.0,0.0,1915741.0,3140462.0,0.022,3140462.0,1915741.0,-1205747.0,-0.093,-0.093,-0.093,12777158.0,,12777158.0,,,,-11177807.0,-0.562,1.0,23313425.0,0.163,11043288.0,3121488.0,10263206.0,,6067152.0,0.0,0.0,0.0,17870803.0,17160903.0,709900.0,64598910.0,1018681.0,-1967459.0,7508925.0,8290209.0,-619455.0,15394831.0,-3876446.0,-1089760.0,-10358580.0,-141124.0,-1229193.0,-1653754.0,-1653754.0,0.0,0.0,-0.012,21397684.0,1915741.0,5386108.0,0.0,5.056,-39.062,-47.495,1226420.0,424561.0,4.417,0.453,0.616,7226898.0,-4540026.0,142614536.0,142614536.0,2047362.0,,,,0.013,17250.0,18125602.0,1.0,14625064.0,19887568,22308766.0,7.171,19604673.0,0.0,23446.0,0.0,0.986,958299.0
95,TTWO,MRT,1997-09-30,1997-10-31,1997-10-31,2021-08-03,-130706.0,25090200.0,,12898117.0,12192083.0,,0.563,-713014.0,1882915.0,1882915.0,81479408.0,-2768391.0,0.899,1.539,6404886.0,5625008.0,779878.0,6404886.0,0.0,1004138.0,0.0,0.0,0.0,-895199.0,108939.0,0.001,108939.0,-895199.0,-2738602.0,-0.167,-0.167,-0.167,9881888.0,,9881888.0,,,,-15173014.0,-0.865,1.0,15861817.0,0.163,10570765.0,1843403.0,4700315.0,,1149590.0,0.0,0.0,0.0,15208312.0,14341091.0,867221.0,65812790.0,1635268.0,-780585.0,7463925.0,12053500.0,-673092.0,18809333.0,-2583359.0,-1089760.0,-14460000.0,-130706.0,-2768391.0,-2903809.0,-2903809.0,0.0,0.0,-0.03,16757016.0,-895199.0,5437419.0,0.0,6.66,-22.664,-26.946,1207614.0,135418.0,4.5,0.676,0.811,4666862.0,-5650307.0,97341225.0,97341225.0,1847970.0,,,,-0.009,17250.0,13904908.0,1.0,14625064.0,17546013,17546013.0,5.548,14519435.0,0.0,29789.0,0.0,0.828,-1442974.0
96,TTWO,MRT,1997-06-30,1997-07-31,1997-07-31,2021-08-03,,,,,,,,,,,,,,,,,,,,,,0.0,0.0,,,,,,,,,,,,,,,,,,1.0,,,,,,,,,,,,,,,,,,,,,,,,,,,,,,,,,,,,,,,,5.458,,,,,,,,,,,,,,1.0,,13150078,,,,,,,,
97,TTWO,MRT,1997-03-31,1997-04-30,1997-04-30,2021-08-03,,,,,,,,,,,,,,,,,,,,,,0.0,0.0,,,,,,,,,,,,,,,,,,1.0,,,,,,,,,,,,,,,,,,,,,,,,,,,,,,,,,,,,,,,,5.042,,,,,,,,,,,,,,1.0,,10773537,,,,,,,,
98,TTWO,MRT,1996-12-31,1997-01-31,1997-01-31,2021-08-03,,,,,,,,,,,,,,,,,,,,,,,0.0,,,,,,,,,,,,,,,,,,1.0,,,,,,,,,,,,,,,,,,,,,,,,,,,,,,,,,,,,,,,,,,,,,,,,,,,,,,1.0,,11506596,,,,,,,,
99,TTWO,MRT,1996-09-30,1996-10-31,1996-10-31,2021-08-03,,,,,,,,-162073.0,,,6236703.0,549640.0,,,,,,,,269523.0,,,0.0,810784.0,1080307.0,0.086,1080307.0,810784.0,578689.0,0.033,0.033,0.033,,,,,,,-792998.0,-0.069,1.0,6292425.0,0.502,,232095.0,,,,,,,,,,,156160.0,-900000.0,45750.0,1959102.0,-183034.0,1849158.0,-1062073.0,0.0,-630925.0,0.0,549640.0,349074.0,349074.0,0.0,0.0,0.028,5481641.0,810784.0,,0.0,,,,,200566.0,,,,,,12529128.0,12529128.0,718089.0,,,,0.065,32250.0,4494029.0,1.0,,11506596,11506596.0,1.089,,,29049.0,,,
