None,ticker,dimension,calendardate,datekey,reportperiod,lastupdated,accoci,assets,assetsavg,assetsc,assetsnc,assetturnover,bvps,capex,cashneq,cashnequsd,cor,consolinc,currentratio,de,debt,debtc,debtnc,debtusd,deferredrev,depamor,deposits,divyield,dps,ebit,ebitda,ebitdamargin,ebitdausd,ebitusd,ebt,eps,epsdil,epsusd,equity,equityavg,equityusd,ev,evebit,evebitda,fcf,fcfps,fxusd,gp,grossmargin,intangibles,intexp,invcap,invcapavg,inventory,investments,investmentsc,investmentsnc,liabilities,liabilitiesc,liabilitiesnc,marketcap,ncf,ncfbus,ncfcommon,ncfdebt,ncfdiv,ncff,ncfi,ncfinv,ncfo,ncfx,netinc,netinccmn,netinccmnusd,netincdis,netincnci,netmargin,opex,opinc,payables,payoutratio,pb,pe,pe1,ppnenet,prefdivis,price,ps,ps1,receivables,retearn,revenue,revenueusd,rnd,roa,roe,roic,ros,sbcomp,sgna,sharefactor,sharesbas,shareswa,shareswadil,sps,tangibles,taxassets,taxexp,taxliabilities,tbvps,workingcapital
0,TTWO,ARY,2021-12-31,2021-05-19,2021-03-31,2021-08-03,-8664000,6028218000,5799928000.0,4220515000,1807703000,0.582,28.809,-68923000.0,2060247000,2060247000,1535085000.0,588886000.0,1.889,0.809,191266000,31595000,159671000,191266000,965331000,232813000.0,0,0.0,0.0,669020000.0,901833000.0,0.267,901833000.0,669020000.0,677816000.0,5.14,5.09,5.14,3331892000,3009873250.0,3331892000,18873939280,28.0,20.928,843395000.0,7.292,1.0,1837687000.0,0.545,1191232000,-8796000.0,733290000,434381000.0,17742000,1308692000,1308692000,0,2696326000,2234715000,461611000,20742920280,66855000.0,-102469000.0,14214000.0,0.0,0.0,-57338000.0,-806724000.0,-635332000.0,912318000.0,18599000.0,588886000.0,588886000.0,588886000.0,0.0,0.0,0.175,1208303000.0,629384000.0,71001000,0.0,6.226,35.224,34.893,314127000,0.0,179.35,6.15,6.15,552762000,1870971000,3372772000.0,3372772000.0,317311000.0,0.102,0.196,1.54,0.198,110472000.0,835668000.0,1.0,115656093,115656093,,29.162,4836986000,90206000,88930000.0,0,41.822,1985800000
1,TTWO,ARY,2020-12-31,2020-05-22,2020-03-31,2021-08-03,-58376000,4948832000,4752449500.0,3493351000,1455481000,0.65,22.285,-53384000.0,1993392000,1993392000,1542450000.0,404459000.0,1.714,0.949,177246000,25187000,152059000,177246000,806123000,236543000.0,0,0.0,0.0,419934000.0,656477000.0,0.213,656477000.0,419934000.0,458439000.0,3.58,3.54,3.58,2539244000,2302342250.0,2539244000,14193951208,34.0,21.621,632294000.0,5.549,1.0,1546520000.0,0.501,879848000,-38505000.0,214299000,132607250.0,19108000,644003000,644003000,0,2409588000,2038539000,371049000,16010097208,601406000.0,-12040000.0,10515000.0,0.0,0.0,-77453000.0,4049000.0,69473000.0,685678000.0,-10868000.0,404459000.0,404459000.0,404459000.0,0.0,0.0,0.131,1121253000.0,425267000.0,65684000,0.0,6.305,39.584,39.249,286172000,0.0,140.51,5.183,5.183,592555000,1282085000,3088970000.0,3088970000.0,296398000.0,0.085,0.176,3.167,0.136,257881000.0,776659000.0,1.0,113942760,113942760,,27.11,4068984000,116676000,53980000.0,0,35.711,1454812000
2,TTWO,ARY,2019-12-31,2019-05-14,2019-03-31,2021-08-03,-37189000,4243065000,3935354500.0,2827835000,1415230000,0.678,18.132,-66969000.0,1391986000,1391986000,1523644000.0,333837000.0,1.449,1.079,0,0,0,0,864360000,264826000.0,0,0.0,0.0,206672000.0,471498000.0,0.177,471498000.0,206672000.0,232785000.0,2.95,2.9,2.95,2040580000,1966172750.0,2040580000,10261686429,50.0,21.764,776546000.0,6.9,1.0,1144750000.0,0.429,1087148000,-26113000.0,-187863000,-95365000.0,28200000,744485000,744485000,0,2202485000,1951794000,250691000,11653672429,145615000.0,-28149000.0,-362392000.0,0.0,0.0,-463685000.0,-223576000.0,-128458000.0,843515000.0,-10639000.0,333837000.0,333837000.0,333837000.0,0.0,0.0,0.125,938078000.0,206672000.0,72797000,0.0,5.711,34.908,35.102,127882000,0.0,103.55,4.367,4.367,395729000,877626000,2668394000.0,2668394000.0,230170000.0,0.085,0.17,-2.167,0.077,247700000.0,672634000.0,1.0,112541501,112541501,,23.71,3155917000,134732000,-101052000.0,0,28.042,876041000
3,TTWO,ARY,2018-12-31,2018-05-17,2018-03-31,2021-08-03,-15732000,3737841000,3584100250.0,2409177000,1328664000,0.5,13.018,-61557000.0,1246371000,1246371000,898311000.0,173533000.0,1.395,1.51,8068000,0,8068000,8068000,1132741000,144919000.0,0,0.0,0.0,135577000.0,280496000.0,0.156,280496000.0,135577000.0,136625000.0,1.57,1.54,1.57,1488970000,1365497750.0,1488970000,11787248581,87.0,42.023,332390000.0,2.906,1.0,894581000.0,0.499,1175864000,-1048000.0,-403255000,-440442250.0,15162000,615406000,615406000,0,2248871000,1726929000,521942000,13025551581,-134423000.0,-35366000.0,-154792000.0,0.0,0.0,-281467000.0,-271827000.0,-174904000.0,393947000.0,24924000.0,173533000.0,173533000.0,173533000.0,0.0,0.0,0.097,759004000.0,135577000.0,35029000,0.0,8.748,75.061,72.535,102478000,0.0,113.88,7.265,7.265,247649000,73516000,1792892000.0,1792892000.0,196373000.0,0.048,0.127,-0.308,0.076,116349000.0,503920000.0,1.0,114379624,114379624,,15.675,2561977000,0,-36908000.0,0,22.399,682248000
4,TTWO,ARY,2017-12-31,2017-05-24,2017-03-31,2021-08-03,-47142000,3149154000,2939015000.0,2195242000,953912000,0.606,9.666,-21167000.0,1281214000,1281214000,1022959000.0,67303000.0,1.302,2.137,251929000,0,251929000,251929000,913531000,252618000.0,0,0.0,0.0,92655000.0,345273000.0,0.194,345273000.0,92655000.0,76965000.0,0.73,0.72,0.73,1003728000,735235500.0,1003728000,7041956848,76.0,20.395,310262000.0,2.988,1.0,756789000.0,0.425,893008000,15690000.0,-459031000,-249203250.0,16323000,448932000,448932000,0,2145426000,1685892000,459534000,8071241848,144654000.0,-130669000.0,0.0,0.0,0.0,-49772000.0,-129030000.0,22806000.0,331429000.0,-7973000.0,67303000.0,67303000.0,67303000.0,0.0,0.0,0.038,665484000.0,91305000.0,31892000,0.0,8.041,119.924,106.479,67300000,0.0,77.73,4.535,4.535,219558000,-99694000,1779748000.0,1779748000.0,137915000.0,0.023,0.092,-0.372,0.052,81879000.0,496862000.0,1.0,103836895,103836895,,17.14,2256146000,0,9662000.0,0,21.728,509350000
5,TTWO,ARY,2016-12-31,2016-05-19,2016-03-31,2021-08-03,-37896000,2590277000,2486097250.0,2045276000,545001000,0.569,6.853,-37280000.0,1059911000,1059911000,813873000.0,-8302000.0,1.676,3.455,497935000,0,497935000,497935000,798803000,163272000.0,0,0.0,0.0,-8145000.0,155127000.0,0.11,155127000.0,-8145000.0,-38350000.0,-0.1,-0.1,-0.1,581385000,549815750.0,581385000,2601488298,-319.0,16.77,224025000.0,2.641,1.0,599825000.0,0.424,614907000,30205000.0,192983000,122935500.0,15888000,470820000,470820000,0,2008892000,1220411000,788481000,3163464298,-112378000.0,0.0,-26552000.0,0.0,0.0,-48047000.0,-324516000.0,-286887000.0,261305000.0,-1120000.0,-8302000.0,-8302000.0,-8302000.0,0.0,0.0,-0.006,610653000.0,-10828000.0,30448000,0.0,5.441,-381.048,-372.9,77127000,0.0,37.29,2.238,2.238,168527000,-166997000,1413698000.0,1413698000.0,119807000.0,-0.003,-0.015,-0.066,-0.006,69996000.0,390761000.0,1.0,84834119,84834119,,16.664,1975370000,0,-30048000.0,0,23.285,824865000
6,TTWO,ARY,2015-12-31,2015-05-22,2015-03-31,2021-08-03,-30624000,2231100000,1939466500.0,1781308000,449792000,0.558,6.655,-49501000.0,1080798000,1080798000,794867000.0,-279470000.0,1.844,2.962,476057000,0,476057000,476057000,647351000,154510000.0,0,0.0,0.0,-240987000.0,-86477000.0,-0.08,-86477000.0,-240987000.0,-272880000.0,-3.48,-3.48,-3.48,563088000,729130750.0,563088000,1701712662,-7.0,-19.678,163313000.0,1.93,1.0,288071000.0,0.266,509771000,31893000.0,150328000,370331250.0,20051000,186929000,186929000,0,1668012000,966260000,701752000,2306453662,-24280000.0,0.0,0.0,0.0,0.0,928000.0,-220141000.0,-170640000.0,212814000.0,-17881000.0,-279470000.0,-279470000.0,-279470000.0,0.0,0.0,-0.258,546534000.0,-258463000.0,38789000,0.0,4.096,-8.253,-7.833,69792000,0.0,27.26,2.13,2.13,217860000,-158695000,1082938000.0,1082938000.0,115043000.0,-0.144,-0.383,-0.651,-0.223,65246000.0,410434000.0,1.0,84609452,84609452,,12.799,1721329000,0,6590000.0,0,20.344,815048000
7,TTWO,ARY,2014-12-31,2014-05-14,2014-03-31,2021-08-03,2116000,1799630000,1983600000.0,1399440000,400190000,1.185,8.101,-29813000.0,1129239000,1129239000,1414327000.0,361605000.0,2.947,1.244,454031000,0,454031000,454031000,61195000,278892000.0,0,0.0,0.0,409617000.0,688509000.0,0.293,688509000.0,409617000.0,376064000.0,3.79,3.2,3.79,801806000,682412000.0,801806000,1204235262,3.0,1.749,670449000.0,6.774,1.0,936241000.0,0.398,457527000,33553000.0,192075000,301533250.0,29780000,0,0,0,997824000,474820000,523004000,1879443262,532898000.0,-1000000.0,-276836000.0,114374000.0,0.0,-133684000.0,-30813000.0,0.0,700262000.0,-2867000.0,361605000.0,361605000.0,361605000.0,86000.0,0.0,0.154,520985000.0,415256000.0,16452000,0.0,2.344,5.198,5.011,42572000,0.0,18.99,0.8,0.8,53143000,120775000,2350568000.0,2350568000.0,105256000.0,0.182,0.53,1.358,0.174,78118000.0,402370000.0,1.0,98970156,98970156,,23.75,1342103000,0,14459000.0,0,13.561,924620000
8,TTWO,ARY,2013-12-31,2013-05-14,2013-03-31,2021-08-03,-4572000,1277839000,1176375500.0,866152000,411687000,1.032,6.4,-16820000.0,402502000,402502000,715837000.0,-29491000.0,2.57,1.173,335202000,0,335202000,335202000,26919000,241382000.0,0,0.0,0.0,6910000.0,248292000.0,0.204,248292000.0,6910000.0,-24441000.0,-0.34,-0.34,-0.34,587995000,528588250.0,587995000,1452230032,210.0,5.849,-21387000.0,-0.233,1.0,498646000.0,0.411,529015000,31351000.0,344525000,297244250.0,30218000,0,0,0,689844000,336999000,352845000,1519530032,-17777000.0,0.0,0.0,0.0,0.0,0.0,-16820000.0,0.0,-4567000.0,3610000.0,-29491000.0,-29491000.0,-29491000.0,-1671000.0,0.0,-0.024,493407000.0,5239000.0,79932000,0.0,2.584,-51.525,-48.647,25362000,0.0,16.54,1.251,1.251,189596000,-240830000,1214483000.0,1214483000.0,78184000.0,-0.025,-0.056,0.023,0.006,35765000.0,404589000.0,1.0,91870014,91870014,,13.22,748824000,0,5050000.0,0,8.151,529153000
9,TTWO,ARY,2012-12-31,2012-05-23,2012-03-31,2021-08-03,6733000,1149427000,1056379000.0,743617000,405810000,0.782,6.628,-10786000.0,420279000,420279000,528855000.0,-108816000.0,3.4,0.929,316340000,0,316340000,316340000,13864000,162823000.0,0,0.0,0.0,-85382000.0,77441000.0,0.094,77441000.0,-85382000.0,-104953000.0,-1.31,-1.31,-1.31,595727000,604590250.0,595727000,954816006,-11.0,12.33,-95750000.0,-1.065,1.0,296968000.0,0.36,560414000,19571000.0,266349000,173102000.0,22477000,0,0,0,553700000,218725000,334975000,1058755006,139920000.0,-4101000.0,239000.0,243125000.0,0.0,243364000.0,-14162000.0,0.0,-84964000.0,-4318000.0,-108816000.0,-108816000.0,-108816000.0,1116000.0,0.0,-0.132,381234000.0,-84266000.0,46681000,0.0,1.777,-9.73,-8.992,18949000,0.0,11.78,1.282,1.282,45035000,-211339000,825823000.0,825823000.0,64162000.0,-0.103,-0.18,-0.493,-0.103,33494000.0,304949000.0,1.0,89877335,89877335,,9.188,589013000,2669000,3863000.0,15621000,6.554,524892000
10,TTWO,ARY,2011-12-31,2011-05-25,2011-03-31,2021-08-03,10459000,971659000,,566603000,405056000,,7.098,-9653000.0,280359000,280359000,689381000.0,48458000.0,2.454,0.579,107239000,0,107239000,107239000,13434000,158810000.0,0,0.0,0.0,71796000.0,230606000.0,0.203,230606000.0,71796000.0,58277000.0,0.56,0.56,0.56,615279000,,615279000,1267483567,18.0,5.496,125145000.0,1.444,1.0,447495000.0,0.394,512999000,13519000.0,54652000,,24578000,0,0,0,356380000,230888000,125492000,1440603567,134521000.0,2075000.0,734000.0,0.0,0.0,734000.0,-7578000.0,0.0,134798000.0,6567000.0,48458000.0,48458000.0,48458000.0,5346000.0,0.0,0.043,370353000.0,77142000.0,56153000,0.0,2.341,29.729,29.679,19632000,0.0,16.62,1.267,1.267,84217000,-102523000,1136876000.0,1136876000.0,69576000.0,,,,0.063,28765000.0,285778000.0,1.0,86678915,86678915,,13.116,458660000,8280000,9819000.0,14998000,5.291,335715000
11,TTWO,ARY,2009-12-31,2009-12-18,2009-10-31,2021-08-03,8192000,1008571000,912724250.0,628224000,380347000,1.061,6.589,-11176000.0,102083000,102083000,717826000.0,-137930000.0,1.773,0.993,138000000,0,138000000,138000000,6334000,124144000.0,0,0.0,0.0,-130214000.0,-6070000.0,-0.006,-6070000.0,-130214000.0,-133409000.0,-1.8,-1.8,-1.8,506132000,530680250.0,506132000,785433555,-6.0,-129.396,-221380000.0,-2.882,1.0,250662000.0,0.259,486967000,3195000.0,203228000,124915500.0,93996000,0,0,0,502439000,354293000,148146000,749516555,-178194000.0,-5813000.0,22000.0,63016000.0,0.0,45788000.0,-16989000.0,0.0,-210204000.0,3211000.0,-137930000.0,-137930000.0,-137930000.0,0.0,0.0,-0.142,380876000.0,-130214000.0,172976000,0.0,1.481,-5.434,-5.006,27392000,0.0,9.01,0.774,0.715,199395000,-119655000,968488000.0,968488000.0,63748000.0,-0.151,-0.26,-1.042,-0.134,25933000.0,283751000.0,1.0,83187187,76815000,76815000.0,12.608,521604000,8814000,4521000.0,10146000,6.79,273931000
12,TTWO,ARY,2008-12-31,2008-12-19,2008-10-31,2021-08-03,-7513000,1083352000,1011531750.0,723774000,359578000,1.52,8.197,-12277000.0,280277000,280277000,988695000.0,97097000.0,1.981,0.761,70000000,0,70000000,70000000,56163000,171857000.0,0,0.0,0.001,112143000.0,284000000.0,0.185,284000000.0,112143000.0,112143000.0,1.29,1.28,1.29,615118000,584542750.0,615118000,444544983,4.0,1.565,139149000.0,1.854,1.0,548835000.0,0.357,432359000,0.0,75297000,56531000.0,104235000,0,0,0,468234000,365419000,102815000,654821983,202520000.0,-4503000.0,25962000.0,51038000.0,0.0,77000000.0,-16780000.0,0.0,151426000.0,-9126000.0,97097000.0,97097000.0,97097000.0,0.0,0.0,0.063,432982000.0,115853000.0,156167000,0.001,1.065,6.744,6.535,32361000,0.0,8.43,0.426,0.411,157458000,18275000,1537530000.0,1537530000.0,63929000.0,0.096,0.166,1.984,0.073,40387000.0,338820000.0,1.0,77677578,75039000,75943000.0,20.49,650993000,23763000,15046000.0,26399000,8.675,358355000
13,TTWO,ARY,2007-12-31,2007-12-20,2007-10-31,2021-08-03,34861000,831143000,789630250.0,498523000,332620000,1.243,6.557,-21594000.0,77757000,77757000,735034000.0,-138406000.0,1.597,0.764,18000000,0,18000000,18000000,61544000,137340000.0,0,0.0,0.0,-126054000.0,11286000.0,0.011,11286000.0,-126054000.0,-128215000.0,-1.93,-1.93,-1.93,471154000,489069000.0,471154000,1359970028,-11.0,120.501,-85639000.0,-1.192,1.0,246757000.0,0.251,412015000,2161000.0,47210000,63303750.0,99331000,0,0,0,359989000,312161000,47828000,1419727028,-54723000.0,-3017000.0,9503000.0,16191000.0,0.0,25694000.0,-24611000.0,0.0,-64045000.0,8239000.0,-138406000.0,-138406000.0,-138406000.0,0.0,0.0,-0.141,372811000.0,-126054000.0,128782000,0.0,3.013,-10.258,-9.896,44986000,0.0,19.1,1.446,1.398,104937000,-77747000,981791000.0,981791000.0,48455000.0,-0.175,-0.283,-1.991,-0.128,17329000.0,279440000.0,1.0,74331258,71860000,71860000.0,13.663,419128000,40316000,10191000.0,0,5.833,186362000
14,TTWO,ARY,2006-12-31,2007-02-28,2006-10-31,2021-08-03,6902000,868806000,900841000.0,544873000,323933000,1.152,7.751,-25084000.0,132480000,132480000,825476000.0,-184889000.0,2.067,0.579,0,0,0,0,50000000,166380000.0,0,0.0,0.0,-181798000.0,-15418000.0,-0.015,-15418000.0,-181798000.0,-184482000.0,-2.6,-2.6,-2.6,550392000,623263000.0,550392000,1164039052,-6.0,-75.499,18278000.0,0.257,1.0,212364000.0,0.205,347490000,2684000.0,125290000,179864000.0,95520000,0,0,0,318414000,263546000,54868000,1296519052,25285000.0,-191000.0,2808000.0,0.0,0.0,2971000.0,-25275000.0,0.0,43362000.0,4227000.0,-184889000.0,-184889000.0,-184889000.0,0.0,0.0,-0.178,399530000.0,-187166000.0,123947000,0.0,2.356,-7.012,-6.846,47496000,0.0,17.8,1.249,1.218,143199000,60659000,1037840000.0,1037840000.0,64258000.0,-0.205,-0.297,-1.011,-0.175,20668000.0,293265000.0,1.0,72838149,71012000,71012000.0,14.615,521316000,60407000,407000.0,0,7.341,281327000
15,TTWO,ARY,2005-12-31,2006-01-31,2005-10-31,2021-08-03,686000,932876000,934557750.0,613242000,319634000,1.287,9.965,-29031000.0,107195000,107195000,785998000.0,37475000.0,2.618,0.34,0,0,0,0,0,107168000.0,0,0.0,0.0,43696000.0,150864000.0,0.125,150864000.0,43696000.0,43696000.0,0.54,0.53,0.54,696134000,702794000.0,696134000,1025810522,23.0,6.8,10949000.0,0.157,1.0,416597000.0,0.346,356968000,0.0,234438000,168195750.0,136227000,0,0,0,236742000,234275000,2467000,1133005522,-47900000.0,-37753000.0,-24929000.0,0.0,0.0,6223000.0,-91034000.0,0.0,39980000.0,-3069000.0,37475000.0,37475000.0,37475000.0,0.0,0.0,0.031,376616000.0,39981000.0,133353000,0.0,1.628,30.234,29.37,48617000,0.0,15.86,0.942,0.921,198068000,287877000,1202595000.0,1202595000.0,73160000.0,0.04,0.053,0.26,0.036,27146000.0,281440000.0,1.0,71437927,69859000,70899000.0,17.215,575908000,16449000,6221000.0,10220000,8.244,378967000
16,TTWO,ARY,2004-12-31,2004-12-22,2004-10-31,2021-08-03,6354000,950513000,783907500.0,704941000,245572000,1.439,9.47,-21586000.0,155095000,155095000,749680000.0,65378000.0,2.275,0.496,0,0,0,0,0,16846000.0,0,0.0,0.0,94634000.0,111480000.0,0.099,111480000.0,94634000.0,96610000.0,0.973,0.953,0.973,635470000,585327750.0,635470000,1360861825,14.0,12.207,-1128000.0,-0.017,1.0,378071000.0,0.335,199366000,-1976000.0,286242000,191211750.0,154345000,0,0,0,315043000,309810000,5233000,1515956825,-28382000.0,-39336000.0,0.0,0.0,0.0,16315000.0,-64422000.0,0.0,20458000.0,-733000.0,65378000.0,65378000.0,65378000.0,0.0,0.0,0.058,275937000.0,102134000.0,163961000,0.0,2.386,23.188,22.535,34291000,0.0,21.927,1.344,1.305,285709000,250402000,1127751000.0,1127751000.0,43259000.0,0.083,0.112,0.495,0.084,7467000.0,215832000.0,1.0,69136536,67104000,68523000.0,16.806,751147000,17773000,31232000.0,17319000,11.194,395131000
17,TTWO,ARY,2003-12-31,2004-02-12,2003-10-31,2021-08-03,-936000,707298000,618492500.0,513402000,193896000,1.671,8.475,-15464000.0,183477000,183477000,637554000.0,98118000.0,3.107,0.326,176000,103000,73000,176000,0,12516000.0,0,0.0,0.0,163050000.0,175566000.0,0.17,175566000.0,163050000.0,165315000.0,1.56,1.513,1.56,533492000,471372750.0,533492000,1200864872,7.0,6.84,65164000.0,1.035,1.0,396139000.0,0.383,162670000,-2265000.0,196080000,131099750.0,101748000,0,0,0,173806000,165247000,8559000,1384165872,75108000.0,-27973000.0,0.0,0.0,0.0,44562000.0,-45881000.0,114000.0,80628000.0,-4201000.0,98118000.0,98118000.0,98118000.0,0.0,0.0,0.095,233128000.0,163011000.0,106172000,0.0,2.595,14.107,13.269,22260000,0.0,20.7,1.339,1.261,166536000,185024000,1033693000.0,1033693000.0,25107000.0,0.159,0.208,1.244,0.158,24303000.0,191098000.0,1.0,66867916,62947500,64945500.0,16.422,544628000,8333000,67197000.0,2265000,8.652,348155000
18,TTWO,ARY,2002-12-31,2002-12-23,2002-10-31,2021-08-03,-5041000,492960000,414030000.0,329885000,163075000,1.918,6.248,-10466000.0,108369000,108369000,497942000.0,71565000.0,2.491,0.383,296000,95000,201000,296000,0,12261000.0,0,0.0,0.0,121428000.0,133689000.0,0.168,133689000.0,121428000.0,120948000.0,1.253,1.207,1.253,356442000,299837000.0,356442000,869034125,7.0,6.5,134532000.0,2.358,1.0,296034000.0,0.373,127207000,480000.0,125248000,119778250.0,74391000,97000,0,97000,136518000,132432000,4086000,977107125,102313000.0,-3788000.0,0.0,-54378000.0,0.0,-31988000.0,-18084000.0,6170000.0,144998000.0,7387000.0,71565000.0,71565000.0,71565000.0,0.0,0.0,0.09,173319000.0,122715000.0,79660000,0.0,2.741,13.653,12.7,15319000,0.0,15.913,1.231,1.143,108441000,87804000,793976000.0,793976000.0,11524000.0,0.173,0.239,1.014,0.153,13752000.0,149534000.0,1.0,61403074,57045000,59355000.0,13.918,365753000,13375000,49383000.0,1603000,6.412,197453000
19,TTWO,ARY,2001-12-31,2002-02-28,2001-10-31,2021-08-03,-10452000,354997000,364498750.0,222874000,132123000,1.237,4.32,-11673000.0,6056000,6056000,306264000.0,-8580000.0,1.655,0.613,54463000,54172000,291000,54463000,0,12641000.0,0,0.0,0.0,-2270000.0,10371000.0,0.023,10371000.0,-2270000.0,-10780000.0,-0.167,-0.167,-0.167,220061000,216591000.0,220061000,734134693,-323.0,70.787,15646000.0,0.307,1.0,144792000.0,0.321,100109000,8510000.0,168650000,172301750.0,61937000,6316000,6241000,75000,134936000,134645000,291000,685727693,811000.0,-1806000.0,20892000.0,-55613000.0,0.0,-11790000.0,-13479000.0,0.0,27319000.0,-1239000.0,-8580000.0,-8580000.0,-8580000.0,0.0,0.0,-0.019,118951000.0,25841000.0,60223000,0.0,3.116,-79.922,-74.371,11033000,0.0,12.42,1.52,1.403,94950000,16239000,451056000.0,451056000.0,6190000.0,-0.024,-0.04,-0.013,-0.005,0.0,100120000.0,1.0,55211570,50941500,50941500.0,8.854,254888000,21765000,-2200000.0,0,5.004,88229000
20,TTWO,ARY,2001-12-31,2002-02-12,2001-10-31,2021-08-03,-10452000,354997000,364498750.0,222874000,132123000,1.237,4.32,-11673000.0,6056000,6056000,306264000.0,-8580000.0,1.655,0.613,54463000,54172000,291000,54463000,0,12641000.0,0,0.0,0.0,-2270000.0,10371000.0,0.023,10371000.0,-2270000.0,-10780000.0,-0.167,-0.167,-0.167,220061000,216591000.0,220061000,731539749,-322.0,70.537,15646000.0,0.307,1.0,144792000.0,0.321,100109000,8510000.0,168650000,172301750.0,61937000,6316000,6241000,75000,134936000,134645000,291000,683132749,811000.0,-1806000.0,20892000.0,-55613000.0,0.0,-11790000.0,-13479000.0,0.0,27319000.0,-1239000.0,-8580000.0,-8580000.0,-8580000.0,0.0,0.0,-0.019,118951000.0,25841000.0,60223000,0.0,3.104,-79.619,-74.09,11033000,0.0,12.373,1.515,1.397,94950000,16239000,451056000.0,451056000.0,6190000.0,-0.024,-0.04,-0.013,-0.005,0.0,100120000.0,1.0,55211570,50941500,50941500.0,8.854,254888000,21765000,-2200000.0,0,5.004,88229000
21,TTWO,ARY,2000-12-31,2001-01-29,2000-10-31,2021-08-03,-14408000,351641000,299037781.0,214908000,136733000,1.294,4.565,-2881000.0,5245000,5245000,247796000.0,24963000.0,1.414,0.88,97310000,84694000,12616000,97310000,0,9805000.0,0,0.0,0.0,44298000.0,54103000.0,0.14,54103000.0,44298000.0,38229000.0,0.607,0.587,0.607,187002000,155184222.0,187002000,454708538,10.0,8.404,-58140000.0,-1.419,1.0,139210000.0,0.36,100118000,6069000.0,191565000,135643110.0,44922000,31413000,2926000,28487000,164639000,152023000,12616000,362643538,-5129000.0,-5903000.0,28206000.0,43358000.0,0.0,71564000.0,-12906000.0,-4122000.0,-55259000.0,-8528000.0,24963000.0,24963000.0,24963000.0,0.0,0.0,0.065,94736000.0,44474000.0,47972000,0.0,1.939,14.527,12.081,5260000,0.0,7.333,0.937,0.776,134877000,43365000,387006000.0,387006000.0,5668000.0,0.083,0.161,0.327,0.114,2843000.0,79263000.0,1.0,49453640,40960500,42495000.0,9.448,251523000,666000,13266000.0,0,6.141,62885000
22,TTWO,ARY,1999-12-31,2000-01-27,1999-10-31,2021-08-03,-827019,232716377,151770528.0,188974183,43742194,2.016,2.742,-2178456.0,10374562,10374562,215121824.0,16332103.0,1.281,1.735,56221906,56143661,78245,56221906,0,2822087.0,0,0.0,0.0,27335899.0,30157986.0,0.099,30157986.0,27335899.0,24426073.0,0.527,0.507,0.527,85102917,61939932.0,85102917,327262217,12.0,10.852,-18924143.0,-0.61,1.0,90810034.0,0.297,33083653,2909826.0,97944853,76009090.0,41299838,4054668,0,4054668,147613460,147535215,78245,281414873,7611725.0,-19362322.0,24237445.0,22317466.0,0.0,46778800.0,-21540778.0,0.0,-16745687.0,-880610.0,16332103.0,16332103.0,16332103.0,0.0,0.0,0.053,63428803.0,27381231.0,71229744,0.0,3.307,17.231,15.199,4120317,0.0,8.01,0.92,0.813,108802903,18401625,305931858.0,305931858.0,5262708.0,0.108,0.264,0.36,0.089,2006562.0,55219887.0,1.0,35132943,31034526,32271938.0,9.858,199632724,2004689,8093970.0,0,6.433,41438968
23,TTWO,ARY,1998-12-31,1999-01-29,1998-10-31,2021-08-03,-7433,108533893,59111172.0,94601740,13932153,3.232,1.721,-614692.0,2713930,2713930,146208856.0,6883002.0,1.297,2.066,30671900,30454359,217541,30671900,0,1790501.0,0,0.0,0.0,10270107.0,12060608.0,0.063,12060608.0,10270107.0,6580687.0,0.293,0.253,0.293,35398051,26625694.0,35398051,267670801,26.0,22.194,-8310927.0,-0.404,1.0,44862816.0,0.235,10582254,3689420.0,52991308,28468609.0,25750541,0,0,0,73135842,72918301,217541,239712831,350332.0,-1186874.0,6103597.0,3621615.0,0.0,9724895.0,-1801566.0,0.0,-7696235.0,123238.0,6945649.0,6014649.0,6014649.0,0.0,-62647.0,0.031,34429961.0,10432855.0,31598864,0.0,6.772,39.855,29.72,1927967,931000.0,8.708,1.255,0.937,48863173,1903005,191071672.0,191071672.0,1403660.0,0.102,0.226,0.361,0.054,121887.0,31235800.0,1.0,27527886,20570277,24044205.0,9.289,97951639,941000,-364962.0,0,4.762,21683439
24,TTWO,ARY,1997-12-31,1998-02-06,1997-10-31,2021-08-03,-130706,25090200,,12898117,12192083,,0.79,-121566.0,1882915,1882915,12459189.0,-4162083.0,0.899,1.539,6404886,5625008,779878,6404886,0,844221.0,0,0.0,0.0,-3127050.0,-2282829.0,-0.12,-2282829.0,-3127050.0,-4143662.0,-0.36,-0.36,-0.36,9881888,,9881888,71548642,-23.0,-31.342,-7847271.0,-0.627,1.0,6554894.0,0.345,10570765,1016612.0,4700315,,1149590,0,0,0,15208312,14341091,867221,67026671,1190553.0,-914478.0,7463925.0,3217175.0,-237092.0,10083008.0,-1036044.0,0.0,-7725705.0,-130706.0,-4162083.0,-4499591.0,-4499591.0,0.0,0.0,-0.237,9681944.0,-3127050.0,5437419,0.0,6.783,-14.896,-12.731,1207614,337508.0,4.583,3.525,3.015,4666862,-5650307,19014083.0,19014083.0,1248258.0,,,,-0.164,17250.0,7589465.0,1.0,14625064,12509144,12517767.0,1.52,14519435,0,18421.0,0,1.161,-1442974
0,TTWO,ARQ,2021-06-30,2021-08-03,2021-06-30,2021-08-03,-2770000,6314255000,,4013612000,2300643000,,31.059,-86433000.0,2157378000,2157378000,329715000.0,152256000.0,1.854,0.741,188312000,31361000,156951000,188312000,875838000,36975000.0,0,0.0,0.0,172471000.0,209446000.0,0.258,209446000.0,172471000.0,171444000.0,1.32,1.3,1.32,3618932000,,3618932000,16657554394,22.0,17.363,61809000.0,0.53,1.0,483631000.0,0.595,1573125000,1027000.0,606735000,,11491000,1135188000,1135188000,0,2682948000,2165329000,517619000,18626620394,97131000.0,-97887000.0,9230000.0,0.0,0.0,-39031000.0,-13857000.0,170463000.0,148242000.0,1777000.0,152256000.0,152256000.0,152256000.0,0.0,0.0,0.187,313157000.0,170474000.0,67136000,0.0,5.147,28.541,28.144,388344000,0.0,159.86,5.552,5.552,487171000,2023227000,813346000.0,813346000.0,92294000.0,,,,,49050000.0,208301000.0,1.0,116518331,116518331,,6.98,4741130000,78383000,19188000.0,0,40.69,1848283000
1,TTWO,ARQ,2021-03-31,2021-05-19,2021-03-31,2021-08-03,-8664000,6028218000,,4220515000,1807703000,,28.809,-28716000.0,2060247000,2060247000,279647000.0,218812000.0,1.889,0.809,191266000,31595000,159671000,191266000,965331000,78631000.0,0,0.0,0.0,256817000.0,335448000.0,0.4,335448000.0,256817000.0,253591000.0,1.91,1.89,1.91,3331892000,,3331892000,18873939280,28.0,20.928,95941000.0,0.83,1.0,559784000.0,0.667,1191232000,3226000.0,733290000,,17742000,1308692000,1308692000,0,2696326000,2234715000,461611000,20742920280,-452542000.0,-22944000.0,-1000.0,0.0,0.0,-10967000.0,-565825000.0,-514165000.0,124657000.0,-407000.0,218812000.0,218812000.0,218812000.0,0.0,0.0,0.261,303967000.0,255817000.0,71001000,0.0,6.226,35.224,34.893,314127000,0.0,179.35,6.15,6.15,552762000,1870971000,839431000.0,839431000.0,83559000.0,,,,,-29363000.0,205062000.0,1.0,115656093,115656093,,7.258,4836986000,90206000,34779000.0,0,41.822,1985800000
2,TTWO,ARQ,2020-12-31,2021-02-09,2020-12-31,2021-08-03,-5584000,5966099000,,4159959000,1806140000,,27.395,-15186000.0,2512789000,2512789000,346244000.0,182248000.0,1.776,0.891,187375000,30540000,156835000,187375000,1023289000,35692000.0,0,0.0,0.0,215348000.0,251040000.0,0.292,251040000.0,215348000.0,216446000.0,1.58,1.57,1.58,3155291000,,3155291000,20745821072,39.0,26.998,145730000.0,1.265,1.0,514645000.0,0.598,1137639000,-1098000.0,161257000,,26733000,772683000,772683000,0,2810808000,2341789000,469019000,23071235072,428009000.0,-4043000.0,7712000.0,0.0,0.0,-4672000.0,261725000.0,280954000.0,160916000.0,10040000.0,182248000.0,182248000.0,182248000.0,0.0,0.0,0.212,338588000.0,176057000.0,100159000,0.0,7.312,46.817,46.368,297007000,0.0,200.31,7.004,7.004,581136000,1652159000,860889000.0,860889000.0,86428000.0,,,,,41116000.0,238530000.0,1.0,115177650,115177650,,7.474,4828460000,127312000,34198000.0,0,41.922,1818170000
3,TTWO,ARQ,2020-09-30,2020-11-06,2020-09-30,2021-08-03,-34824000,5836154000,,3932098000,1904056000,,25.224,-16116000.0,2084780000,2084780000,432505000.0,99321000.0,1.691,1.012,179844000,29051000,150793000,179844000,1095944000,48751000.0,0,0.0,0.0,114712000.0,163463000.0,0.194,163463000.0,114712000.0,117418000.0,0.87,0.86,0.87,2901282000,,2901282000,18245701783,37.0,24.336,165206000.0,1.436,1.0,408637000.0,0.486,1124496000,-2706000.0,480887000,,26934000,1040786000,1040786000,0,2934872000,2325835000,609037000,20150637783,-76492000.0,-75482000.0,0.0,0.0,0.0,-9696000.0,-255159000.0,-163561000.0,181322000.0,7041000.0,99321000.0,99321000.0,99321000.0,0.0,0.0,0.118,293270000.0,115367000.0,85103000,0.0,6.945,42.495,41.911,289714000,0.0,175.19,5.992,5.992,787818000,1469911000,841142000.0,841142000.0,74216000.0,,,,,45308000.0,205124000.0,1.0,115021621,115021621,,7.313,4711658000,117692000,18097000.0,0,40.963,1606263000
4,TTWO,ARQ,2020-06-30,2020-08-04,2020-06-30,2021-08-03,-52131000,5369241000,,3686933000,1682308000,,23.186,-8905000.0,2161272000,2161272000,476689000.0,88505000.0,1.716,1.025,181108000,27602000,153506000,181108000,960951000,69739000.0,0,0.0,0.0,82143000.0,151882000.0,0.183,151882000.0,82143000.0,90361000.0,0.78,0.77,0.78,2651028000,,2651028000,18317266522,41.0,25.619,436518000.0,3.818,1.0,354621000.0,0.427,878247000,-8218000.0,362090000,,19486000,880825000,880825000,0,2718213000,2148740000,569473000,20297430522,167880000.0,0.0,6503000.0,0.0,0.0,-32003000.0,-247465000.0,-238560000.0,445423000.0,1925000.0,88505000.0,88505000.0,88505000.0,0.0,0.0,0.106,272478000.0,82143000.0,56410000,0.0,7.656,45.44,45.056,286922000,0.0,177.52,6.005,6.005,685169000,1370590000,831310000.0,831310000.0,73108000.0,,,,,53411000.0,186952000.0,1.0,114338838,114338838,,7.271,4490994000,120892000,1856000.0,0,39.278,1538193000
5,TTWO,ARQ,2020-03-31,2020-05-22,2020-03-31,2021-08-03,-58376000,4948832000,,3493351000,1455481000,,22.285,-18594000.0,1993392000,1993392000,395640000.0,122722000.0,1.714,0.949,177246000,25187000,152059000,177246000,806123000,85474000.0,0,0.0,0.0,116551000.0,202025000.0,0.266,202025000.0,116551000.0,124634000.0,1.09,1.07,1.09,2539244000,,2539244000,14193951208,34.0,21.621,227109000.0,1.993,1.0,364901000.0,0.48,879848000,-8083000.0,214299000,,19108000,644003000,644003000,0,2409588000,2038539000,371049000,16010097208,250958000.0,0.0,0.0,0.0,0.0,-16708000.0,31126000.0,49720000.0,245703000.0,-9163000.0,122722000.0,122722000.0,122722000.0,0.0,0.0,0.161,243017000.0,121884000.0,65684000,0.0,6.305,39.584,39.249,286172000,0.0,140.51,5.183,5.183,592555000,1282085000,760541000.0,760541000.0,68718000.0,,,,,81283000.0,162181000.0,1.0,113942760,113942760,,6.675,4068984000,116676000,1912000.0,0,35.711,1454812000
6,TTWO,ARQ,2019-12-31,2020-02-07,2019-12-31,2021-08-03,-38487000,4879633000,,3435037000,1444596000,,21.177,-9258000.0,1742434000,1742434000,437093000.0,163642000.0,1.639,1.031,175508000,24108000,151400000,175508000,874776000,55527000.0,0,0.0,0.0,176833000.0,232360000.0,0.25,232360000.0,176833000.0,188776000.0,1.44,1.43,1.44,2402035000,,2402035000,11204652770,31.0,19.042,286559000.0,2.526,1.0,493036000.0,0.53,948965000,-11943000.0,267411000,,24426000,699269000,699269000,0,2477598000,2096331000,381267000,12771578770,312031000.0,-3325000.0,10515000.0,0.0,0.0,733000.0,9123000.0,21706000.0,295817000.0,6358000.0,163642000.0,163642000.0,163642000.0,0.0,0.0,0.176,316203000.0,176833000.0,82491000,0.0,5.317,37.722,37.659,280470000,0.0,112.6,4.454,4.454,647460000,1159363000,930129000.0,930129000.0,82520000.0,,,,,63399000.0,221599000.0,1.0,113424323,113424323,,8.2,3930668000,110831000,25134000.0,0,34.655,1338706000
7,TTWO,ARQ,2019-09-30,2019-11-08,2019-09-30,2021-08-03,-54462000,4815111000,,3388333000,1426778000,,19.249,-15561000.0,1430403000,1430403000,468248000.0,71815000.0,1.479,1.207,141062000,22273000,118789000,141062000,927191000,53910000.0,0,0.0,0.0,74820000.0,128730000.0,0.15,128730000.0,74820000.0,82874000.0,0.63,0.63,0.63,2181763000,,2181763000,11967717336,51.0,21.458,20062000.0,0.177,1.0,389593000.0,0.454,1034887000,-8054000.0,200655000,,39293000,742613000,742613000,0,2633348000,2290228000,343120000,13257058336,-181592000.0,0.0,0.0,0.0,0.0,-9360000.0,-202993000.0,-187432000.0,35623000.0,-4862000.0,71815000.0,71815000.0,71815000.0,0.0,0.0,0.084,314773000.0,74820000.0,114946000,0.0,6.076,37.357,37.248,248481000,0.0,116.96,4.161,4.161,858597000,995721000,857841000.0,857841000.0,76197000.0,,,,,55767000.0,226225000.0,1.0,113346942,113346942,,7.568,3780224000,110167000,11059000.0,0,33.351,1098105000
8,TTWO,ARQ,2019-06-30,2019-08-06,2019-06-30,2021-08-03,-43988000,4366222000,,2821079000,1545143000,,18.434,-9971000.0,1611995000,1611995000,241469000.0,46280000.0,1.453,1.093,146922000,21794000,125128000,146922000,848182000,41632000.0,0,0.0,0.0,51730000.0,93362000.0,0.173,93362000.0,51730000.0,62155000.0,0.41,0.41,0.41,2086327000,,2086327000,12632391510,67.0,26.426,98564000.0,0.871,1.0,298990000.0,0.553,1111079000,-10425000.0,-151936000,,23847000,557653000,557653000,0,2279895000,1942006000,337889000,14097464510,220009000.0,-8715000.0,0.0,0.0,0.0,-52118000.0,166793000.0,185479000.0,108535000.0,-3201000.0,46280000.0,46280000.0,46280000.0,0.0,0.0,0.086,247260000.0,51730000.0,55379000,0.0,6.757,45.708,45.626,251252000,0.0,124.56,4.998,4.998,352625000,923906000,540459000.0,540459000.0,68963000.0,,,,,57432000.0,166654000.0,1.0,113178103,113178103,,4.775,3255143000,108979000,15875000.0,0,28.761,879073000
9,TTWO,ARQ,2019-03-31,2019-05-14,2019-03-31,2021-08-03,-37189000,4243065000,,2827835000,1415230000,,18.132,-23323000.0,1391986000,1391986000,258914000.0,56830000.0,1.449,1.079,0,0,0,0,864360000,75890000.0,0,0.0,0.0,58062000.0,133952000.0,0.249,133952000.0,58062000.0,64528000.0,0.51,0.49,0.51,2040580000,,2040580000,10261686429,50.0,21.764,429993000.0,3.821,1.0,280093000.0,0.52,1087148000,-6466000.0,-187863000,,28200000,744485000,744485000,0,2202485000,1951794000,250691000,11653672429,96491000.0,-25000000.0,-100000000.0,0.0,0.0,-115456000.0,-245854000.0,-197531000.0,453316000.0,4485000.0,56830000.0,56830000.0,56830000.0,0.0,0.0,0.105,222031000.0,58062000.0,72797000,0.0,5.711,34.908,35.102,127882000,0.0,103.55,4.367,4.367,395729000,877626000,539007000.0,539007000.0,56588000.0,,,,,69091000.0,153148000.0,1.0,112541501,112541501,,4.789,3155917000,134732000,7698000.0,0,28.042,876041000
10,TTWO,ARQ,2018-12-31,2019-02-06,2018-12-31,2021-08-03,-50954000,4387160000,,2974773000,1412387000,,17.917,-14502000.0,1295495000,1295495000,898484000.0,179948000.0,1.417,1.164,0,0,0,0,887548000,149914000.0,0,0.0,0.0,51779000.0,201693000.0,0.162,201693000.0,51779000.0,59850000.0,1.59,1.57,1.59,2027467000,,2027467000,9175379123,39.0,18.925,581732000.0,5.141,1.0,350254000.0,0.28,1094052000,-8071000.0,-101745000,,39786000,545734000,545734000,0,2359693000,2099358000,260335000,10470874123,462401000.0,0.0,-108892000.0,0.0,0.0,-130762000.0,2589000.0,17091000.0,596234000.0,-5660000.0,179948000.0,179948000.0,179948000.0,0.0,0.0,0.144,298475000.0,51779000.0,74615000,0.0,5.165,28.464,28.471,114672000,0.0,92.53,4.059,4.059,823482000,820796000,1248738000.0,1248738000.0,62305000.0,,,,,123668000.0,231960000.0,1.0,113161938,113161938,,11.035,3293108000,146216000,-120098000.0,0,29.101,875415000
11,TTWO,ARQ,2018-09-30,2018-11-08,2018-09-30,2021-08-03,-37199000,3655189000,,2191736000,1463453000,,17.076,-14855000.0,833094000,833094000,234880000.0,25367000.0,1.471,0.88,0,0,0,0,574431000,23034000.0,0,0.0,0.0,25986000.0,49020000.0,0.099,49020000.0,25986000.0,30961000.0,0.22,0.22,0.22,1944439000,,1944439000,12733625016,66.0,39.396,-209707000.0,-1.842,1.0,257787000.0,0.523,1308166000,-4975000.0,24140000,,40541000,562952000,562952000,0,1710750000,1489789000,220961000,13566719016,-141090000.0,0.0,0.0,0.0,0.0,-5564000.0,59687000.0,74542000.0,-194852000.0,-361000.0,25367000.0,25367000.0,25367000.0,0.0,0.0,0.051,231801000.0,25986000.0,77298000,0.0,6.977,63.678,63.372,110900000,0.0,119.14,7.488,7.488,534633000,640849000,492667000.0,492667000.0,60565000.0,,,,,30343000.0,161485000.0,1.0,113872075,113872075,,4.326,2347023000,0,5594000.0,0,20.611,701947000
12,TTWO,ARQ,2018-06-30,2018-08-03,2018-06-30,2021-08-03,-41015000,3456004000,,2074347000,1381657000,,16.272,-14289000.0,974184000,974184000,131365000.0,71693000.0,1.491,0.866,5232000,0,5232000,5232000,466429000,15988000.0,0,0.0,0.0,70846000.0,86834000.0,0.224,86834000.0,70846000.0,77447000.0,0.63,0.62,0.63,1852205000,,1852205000,13078588260,84.0,44.919,-25472000.0,-0.224,1.0,256617000.0,0.661,1211828000,-6601000.0,-115992000,,10642000,637456000,637456000,0,1603799000,1391216000,212583000,14047540260,-272187000.0,-3149000.0,-153500000.0,0.0,0.0,-211903000.0,-39998000.0,-22560000.0,-11183000.0,-9103000.0,71693000.0,71693000.0,71693000.0,0.0,0.0,0.185,185771000.0,70846000.0,33767000,0.0,7.584,75.953,75.712,105852000,0.0,123.41,7.97,7.97,239736000,615482000,387982000.0,387982000.0,50712000.0,,,,,24598000.0,126041000.0,1.0,113828217,113828217,,3.408,2244176000,0,5754000.0,0,19.715,683131000
13,TTWO,ARQ,2018-03-31,2018-05-17,2018-03-31,2021-08-03,-15732000,3737841000,,2409177000,1328664000,,13.018,-14079000.0,1246371000,1246371000,189211000.0,90853000.0,1.395,1.51,8068000,0,8068000,8068000,1132741000,59451000.0,0,0.0,0.0,87825000.0,147276000.0,0.327,147276000.0,87825000.0,91276000.0,0.81,0.8,0.81,1488970000,,1488970000,11787248581,87.0,42.023,175783000.0,1.537,1.0,261063000.0,0.58,1175864000,-3451000.0,-403255000,,15162000,615406000,615406000,0,2248871000,1726929000,521942000,13025551581,34518000.0,0.0,-44656000.0,0.0,0.0,-76401000.0,-89312000.0,-75233000.0,189862000.0,10369000.0,90853000.0,90853000.0,90853000.0,0.0,0.0,0.202,173238000.0,87825000.0,35029000,0.0,8.748,75.061,72.535,102478000,0.0,113.88,7.265,7.265,247649000,73516000,450274000.0,450274000.0,54128000.0,,,,,20238000.0,107901000.0,1.0,114379624,114379624,,3.937,2561977000,0,423000.0,0,22.399,682248000
14,TTWO,ARQ,2017-12-31,2018-02-08,2017-12-31,2021-08-03,-31095000,3682610000,,2447724000,1234886000,,12.245,-14761000.0,1149261000,1149261000,267983000.0,25140000.0,1.181,1.629,13838000,0,13838000,13838000,1163275000,31237000.0,0,0.0,0.0,8852000.0,40089000.0,0.083,40089000.0,8852000.0,12226000.0,0.22,0.21,0.22,1400820000,,1400820000,10705943687,67.0,31.032,188255000.0,1.646,1.0,212857000.0,0.443,1124075000,-3374000.0,-649005000,,30857000,547329000,547329000,0,2281790000,2072117000,209673000,11841366687,24829000.0,-9401000.0,-110136000.0,0.0,0.0,-118941000.0,-61040000.0,-36878000.0,203016000.0,1794000.0,25140000.0,25140000.0,25140000.0,0.0,0.0,0.052,204005000.0,8852000.0,45998000,0.0,8.453,65.077,55.651,96570000,0.0,103.51,6.186,6.186,425931000,-17311000,480840000.0,480840000.0,49977000.0,,,,,13028000.0,145464000.0,1.0,114398287,114398287,,4.203,2558535000,0,-12914000.0,0,22.365,375607000
15,TTWO,ARQ,2017-09-30,2017-11-08,2017-09-30,2021-08-03,-28472000,3696380000,,2455515000,1240865000,,12.91,-16625000.0,1218727000,1218727000,246548000.0,-2736000.0,1.327,1.51,52369000,0,52369000,52369000,989196000,28282000.0,0,0.0,0.0,-11319000.0,16963000.0,0.038,16963000.0,-11319000.0,-14288000.0,-0.03,-0.03,-0.03,1472446000,,1472446000,12251986509,100.0,34.954,3072000.0,0.027,1.0,197014000.0,0.444,1134945000,2969000.0,-455427000,,36431000,513516000,513516000,0,2223934000,1850504000,373430000,13418344509,-78486000.0,-584000.0,0.0,0.0,0.0,-28436000.0,-76060000.0,-58851000.0,19697000.0,6313000.0,-2736000.0,-2736000.0,-2736000.0,0.0,0.0,-0.006,208333000.0,-11319000.0,75810000,0.0,9.113,105.675,89.809,86689000,0.0,117.65,7.026,7.026,429019000,-42451000,443562000.0,443562000.0,49999000.0,,,,,59012000.0,137738000.0,1.0,114053077,114053077,,3.889,2561435000,0,-11552000.0,0,22.458,605011000
16,TTWO,ARQ,2017-06-30,2017-08-03,2017-06-30,2021-08-03,-37582000,3219570000,,2113136000,1106434000,,10.324,-16092000.0,1234448000,1234448000,194569000.0,60276000.0,1.441,1.928,212864000,0,212864000,212864000,850965000,25949000.0,0,0.0,0.0,50219000.0,76168000.0,0.182,76168000.0,50219000.0,47411000.0,0.57,0.56,0.57,1099755000,,1099755000,8468978949,47.0,20.623,-34720000.0,-0.326,1.0,223647000.0,0.535,986010000,2808000.0,-254082000,,11636000,452949000,452949000,0,2119815000,1466058000,653757000,9490562949,-115284000.0,-25381000.0,0.0,0.0,0.0,-57689000.0,-45415000.0,-3942000.0,-18628000.0,6448000.0,60276000.0,60276000.0,60276000.0,0.0,0.0,0.144,173428000.0,50219000.0,36934000,0.0,8.63,57.122,50.619,76613000,0.0,89.09,5.031,5.031,229197000,-39648000,418216000.0,418216000.0,42269000.0,,,,,24071000.0,112817000.0,1.0,106527814,106527814,,3.926,2233560000,0,-12865000.0,0,20.967,647078000
17,TTWO,ARQ,2017-03-31,2017-05-24,2017-03-31,2021-08-03,-47142000,3149154000,,2195242000,953912000,,9.666,-6798000.0,1281214000,1281214000,314900000.0,99280000.0,1.302,2.137,251929000,0,251929000,251929000,913531000,100270000.0,0,0.0,0.0,111503000.0,211773000.0,0.371,211773000.0,111503000.0,111111000.0,1.1,1.09,1.1,1003728000,,1003728000,7041956848,76.0,20.395,85029000.0,0.819,1.0,256656000.0,0.449,893008000,392000.0,-459031000,,16323000,448932000,448932000,0,2145426000,1685892000,459534000,8071241848,-96034000.0,-129919000.0,0.0,0.0,0.0,-14537000.0,-177217000.0,-40500000.0,91827000.0,3893000.0,99280000.0,99280000.0,99280000.0,0.0,0.0,0.174,145153000.0,111503000.0,31892000,0.0,8.041,119.924,106.479,67300000,0.0,77.73,4.535,4.535,219558000,-99694000,571556000.0,571556000.0,36421000.0,,,,,26458000.0,100354000.0,1.0,103836895,103836895,,5.504,2256146000,0,11831000.0,0,21.728,509350000
18,TTWO,ARQ,2016-12-31,2017-02-08,2016-12-31,2021-08-03,-48175000,3089099000,,2451176000,637923000,,8.095,-6086000.0,1317971000,1317971000,311074000.0,-29842000.0,1.315,2.763,258876000,0,258876000,258876000,1084648000,74020000.0,0,0.0,0.0,-28409000.0,45611000.0,0.096,45611000.0,-28409000.0,-32124000.0,-0.33,-0.33,-0.33,820921000,,820921000,4387646735,154.0,18.319,284325000.0,2.804,1.0,165399000.0,0.347,670035000,3715000.0,-503848000,,26665000,404523000,404523000,0,2268178000,1863817000,404361000,5446741735,269427000.0,-750000.0,0.0,0.0,0.0,-5757000.0,-7671000.0,-835000.0,290411000.0,-7556000.0,-29842000.0,-29842000.0,-29842000.0,0.0,0.0,-0.063,193808000.0,-28409000.0,54248000,0.0,6.635,377.669,282.684,65799000,0.0,53.71,3.436,3.436,327430000,-198974000,476473000.0,476473000.0,37589000.0,,,,,22088000.0,148759000.0,1.0,101410198,101410198,,4.698,2419064000,0,-2282000.0,0,23.854,587359000
19,TTWO,ARQ,2016-09-30,2016-11-03,2016-09-30,2021-08-03,-42871000,2979080000,,2370770000,608310000,,6.732,-4053000.0,1138112000,1138112000,205605000.0,36432000.0,1.379,4.112,511636000,0,511636000,511636000,876150000,29916000.0,0,0.0,0.0,47194000.0,77110000.0,0.184,77110000.0,47194000.0,40116000.0,0.42,0.39,0.42,582753000,,582753000,3553521708,-1494.0,19.252,-7614000.0,-0.088,1.0,214562000.0,0.511,699236000,7078000.0,-65866000,,77561000,404591000,404591000,0,2396327000,1719234000,677093000,4179997708,-26325000.0,0.0,0.0,0.0,0.0,-5199000.0,-17027000.0,-12974000.0,-3561000.0,-538000.0,36432000.0,36432000.0,36432000.0,0.0,0.0,0.087,167368000.0,47194000.0,144756000,0.0,7.173,2258.238,4829.0,68531000,0.0,48.29,2.744,2.744,381587000,-169132000,420167000.0,420167000.0,30005000.0,,,,,18233000.0,129872000.0,1.0,86560317,86560317,,4.854,2279844000,0,3684000.0,0,26.338,651536000
20,TTWO,ARQ,2016-06-30,2016-08-05,2016-06-30,2021-08-03,-41319000,2538727000,,1977672000,561055000,,6.203,-4230000.0,1114832000,1114832000,191380000.0,-38567000.0,1.568,3.758,504385000,0,504385000,504385000,758323000,48412000.0,0,0.0,0.0,-37633000.0,10779000.0,0.035,10779000.0,-37633000.0,-42139000.0,-0.46,-0.46,-0.46,533540000,,533540000,2948006457,175.0,14.861,-51478000.0,-0.598,1.0,120172000.0,0.386,634721000,4506000.0,31932000,,12734000,392489000,392489000,0,2005187000,1261627000,743560000,3558453457,-2414000.0,0.0,0.0,0.0,0.0,-24279000.0,72885000.0,77115000.0,-47248000.0,-3772000.0,-38567000.0,-38567000.0,-38567000.0,0.0,0.0,-0.124,159155000.0,-38983000.0,37781000,0.0,6.67,176.563,188.045,72414000,0.0,41.37,2.454,2.454,141150000,-205564000,311552000.0,311552000.0,33900000.0,,,,,15100000.0,117877000.0,1.0,86015312,86015312,,3.622,1904006000,0,-3572000.0,0,22.136,716045000
21,TTWO,ARQ,2016-03-31,2016-05-19,2016-03-31,2021-08-03,-37896000,2590277000,,2045276000,545001000,,6.853,-8701000.0,1059911000,1059911000,209457000.0,46399000.0,1.676,3.455,497935000,0,497935000,497935000,798803000,58754000.0,0,0.0,0.0,47258000.0,106012000.0,0.281,106012000.0,47258000.0,41001000.0,0.56,0.56,0.56,581385000,,581385000,2601488298,-319.0,16.77,63781000.0,0.752,1.0,167749000.0,0.445,614907000,6257000.0,192983000,,15888000,470820000,470820000,0,2008892000,1220411000,788481000,3163464298,-36499000.0,0.0,0.0,0.0,0.0,-8498000.0,-99619000.0,-90569000.0,72482000.0,-864000.0,46399000.0,46399000.0,46399000.0,0.0,0.0,0.123,123174000.0,44575000.0,30448000,0.0,5.441,-381.048,-372.9,77127000,0.0,37.29,2.238,2.238,168527000,-166997000,377206000.0,377206000.0,33308000.0,,,,,15852000.0,82415000.0,1.0,84834119,84834119,,4.446,1975370000,0,-5398000.0,0,23.285,824865000
22,TTWO,ARQ,2015-12-31,2016-02-04,2015-12-31,2021-08-03,-34735000,2585009000,,2106308000,478701000,,6.213,-2786000.0,1039330000,1039330000,257861000.0,-42413000.0,1.448,3.905,491576000,0,491576000,491576000,831643000,49871000.0,0,0.0,0.0,-59197000.0,-9326000.0,-0.023,-9326000.0,-59197000.0,-67215000.0,-0.51,-0.51,-0.51,526974000,,526974000,2427470429,-8.0,-16.902,166023000.0,1.958,1.0,156360000.0,0.377,603308000,8018000.0,-21027000,,20207000,379440000,379440000,0,2058035000,1454974000,603061000,2975224429,123528000.0,0.0,0.0,0.0,0.0,-12140000.0,-31716000.0,-28930000.0,168809000.0,-1425000.0,-42413000.0,-42413000.0,-42413000.0,0.0,0.0,-0.102,215557000.0,-59197000.0,59603000,0.0,5.646,-10.001,-9.456,76661000,0.0,35.08,2.226,2.226,263690000,-213396000,414221000.0,414221000.0,27944000.0,,,,,18738000.0,108907000.0,1.0,84812555,84812555,,4.884,1981701000,0,-24802000.0,0,23.366,651334000
23,TTWO,ARQ,2015-09-30,2015-11-06,2015-09-30,2021-08-03,-29349000,2416499000,,1964608000,451891000,,6.666,-7024000.0,926939000,926939000,143940000.0,54735000.0,1.618,3.284,487601000,0,487601000,487601000,762133000,24482000.0,0,0.0,0.0,66431000.0,90913000.0,0.262,90913000.0,66431000.0,58035000.0,0.63,0.55,0.63,564065000,,564065000,2454748183,-14.0,160.483,-92492000.0,-1.093,1.0,203034000.0,0.585,591608000,8396000.0,171668000,,24020000,352961000,352961000,0,1852434000,1213885000,638549000,2894086183,-104071000.0,0.0,-26552000.0,0.0,0.0,-28934000.0,13077000.0,20101000.0,-85468000.0,-2746000.0,54735000.0,54735000.0,54735000.0,0.0,0.0,0.158,136603000.0,66431000.0,69138000,0.0,5.131,-13.462,-12.482,81694000,0.0,34.2,1.991,1.991,240859000,-170983000,346974000.0,346974000.0,24413000.0,,,,,16320000.0,104837000.0,1.0,84622403,84622403,,4.1,1824891000,0,3300000.0,0,21.565,750723000
24,TTWO,ARQ,2015-06-30,2015-08-10,2015-06-30,2021-08-03,-21563000,2352604000,,1907976000,444628000,,6.169,-18769000.0,1045777000,1045777000,202615000.0,-67023000.0,1.725,3.466,481784000,0,481784000,481784000,745167000,30165000.0,0,0.0,0.0,-62637000.0,-32472000.0,-0.118,-32472000.0,-62637000.0,-70171000.0,-0.81,-0.81,-0.81,526839000,,526839000,2078390950,-8.0,-21.395,86713000.0,1.015,1.0,72682000.0,0.264,534193000,7534000.0,148118000,,12453000,375013000,375013000,0,1825765000,1106300000,719465000,2642383950,-95336000.0,0.0,0.0,0.0,0.0,1525000.0,-206258000.0,-187489000.0,105482000.0,3915000.0,-67023000.0,-67023000.0,-67023000.0,0.0,0.0,-0.243,135319000.0,-62637000.0,29531000,0.0,5.016,-8.494,-7.974,83089000,0.0,30.94,2.143,2.143,130915000,-225718000,275297000.0,275297000.0,34142000.0,,,,,19086000.0,94602000.0,1.0,85403489,85403489,,3.223,1818411000,0,-3148000.0,0,21.292,801676000
25,TTWO,ARQ,2015-03-31,2015-05-22,2015-03-31,2021-08-03,-30624000,2231100000,,1781308000,449792000,,6.655,-12922000.0,1080798000,1080798000,410682000.0,-242791000.0,1.844,2.962,476057000,0,476057000,476057000,647351000,49619000.0,0,0.0,0.0,-242353000.0,-192734000.0,-0.642,-192734000.0,-242353000.0,-249557000.0,-3.02,-3.02,-3.02,563088000,,563088000,1701712662,-7.0,-19.678,139366000.0,1.647,1.0,-110593000.0,-0.369,509771000,7204000.0,150328000,,20051000,186929000,186929000,0,1668012000,966260000,701752000,2306453662,13668000.0,0.0,0.0,0.0,0.0,-9424000.0,-120861000.0,-107939000.0,152288000.0,-8335000.0,-242791000.0,-242791000.0,-242791000.0,0.0,0.0,-0.809,131760000.0,-242353000.0,38789000,0.0,4.096,-8.253,-7.833,69792000,0.0,27.26,2.13,2.13,217860000,-158695000,300089000.0,300089000.0,35157000.0,,,,,12772000.0,90669000.0,1.0,84609452,84609452,,3.547,1721329000,0,-6766000.0,0,20.344,815048000
26,TTWO,ARQ,2014-12-31,2015-02-06,2014-12-31,2021-08-03,-17543000,2253818000,,1806013000,447805000,,9.665,-13525000.0,928753000,928753000,278013000.0,40093000.0,2.554,1.764,470420000,0,470420000,470420000,535946000,85477000.0,0,0.0,0.0,64112000.0,149589000.0,0.282,149589000.0,64112000.0,54654000.0,0.46,0.42,0.46,815389000,,815389000,1970640376,-89.0,19.808,178823000.0,2.12,1.0,253134000.0,0.477,520646000,9458000.0,567734000,,24617000,79140000,79140000,0,1438429000,707105000,731324000,2428973376,143042000.0,0.0,0.0,0.0,0.0,5509000.0,-48611000.0,-35086000.0,192348000.0,-6204000.0,40093000.0,40093000.0,40093000.0,0.0,0.0,0.075,187522000.0,65612000.0,113240000,0.0,2.979,-36.003,-39.438,63436000,0.0,28.79,2.483,2.483,435709000,84096000,531147000.0,531147000.0,31221000.0,,,,,28628000.0,150456000.0,1.0,84368648,84368648,,6.296,1733172000,0,14561000.0,0,20.543,1098908000
27,TTWO,ARQ,2014-09-30,2014-10-30,2014-09-30,2021-08-03,-5417000,1665212000,,1266777000,398435000,,8.975,-14662000.0,831973000,831973000,52016000.0,-41369000.0,3.341,1.206,464871000,0,464871000,464871000,107960000,8011000.0,0,0.0,0.0,-29537000.0,-21526000.0,-0.17,-21526000.0,-29537000.0,-37049000.0,-0.51,-0.51,-0.51,755009000,,755009000,1758706653,3.0,2.417,-58968000.0,-0.701,1.0,74261000.0,0.588,555870000,7512000.0,363098000,,55948000,49367000,49367000,0,910203000,379142000,531061000,2125808653,-67590000.0,0.0,0.0,0.0,0.0,4843000.0,-22862000.0,-8200000.0,-44306000.0,-5265000.0,-41369000.0,-41369000.0,-41369000.0,0.0,0.0,-0.328,122774000.0,-48513000.0,85116000,0.0,2.816,4.515,5.388,56214000,0.0,25.27,0.92,0.92,25427000,44003000,126277000.0,126277000.0,24533000.0,,,,,13867000.0,93111000.0,1.0,84123809,84123809,,1.501,1109342000,0,4320000.0,0,13.187,887635000
28,TTWO,ARQ,2014-06-30,2014-08-06,2014-06-30,2021-08-03,6093000,1607736000,,1234352000,373384000,,9.381,-8392000.0,883916000,883916000,54156000.0,-35403000.0,4.327,1.053,459408000,0,459408000,459408000,87371000,11403000.0,0,0.0,0.0,-33209000.0,-21806000.0,-0.174,-21806000.0,-33209000.0,-40928000.0,-0.45,-0.45,-0.45,783037000,,783037000,1292478725,3.0,1.924,-95908000.0,-1.149,1.0,71269000.0,0.568,497794000,7719000.0,400165000,,23147000,19369000,19369000,0,824699000,285269000,539430000,1716986725,-113400000.0,0.0,0.0,0.0,0.0,0.0,-27807000.0,-19415000.0,-87516000.0,1923000.0,-35403000.0,-35403000.0,-35403000.0,0.0,0.0,-0.282,104478000.0,-33209000.0,22575000,0.0,2.193,4.424,5.413,47011000,0.0,20.57,0.736,0.736,43165000,85372000,125425000.0,125425000.0,24132000.0,,,,,9979000.0,76198000.0,1.0,83470429,83470429,,1.503,1109942000,0,-5525000.0,0,13.297,949083000
29,TTWO,ARQ,2014-03-31,2014-05-14,2014-03-31,2021-08-03,2116000,1799630000,,1399440000,400190000,,8.101,-6358000.0,1129239000,1129239000,108288000.0,-30787000.0,2.947,1.244,454031000,0,454031000,454031000,61195000,16826000.0,0,0.0,0.0,-23597000.0,-6771000.0,-0.035,-6771000.0,-23597000.0,-31132000.0,-0.23,-0.09,-0.23,801806000,,801806000,1204235262,3.0,1.749,-36889000.0,-0.373,1.0,86920000.0,0.445,457527000,7535000.0,192075000,,29780000,0,0,0,997824000,474820000,523004000,1879443262,-36770000.0,0.0,0.0,-2815000.0,0.0,0.0,-6358000.0,0.0,-30531000.0,119000.0,-30787000.0,-30787000.0,-30787000.0,13000.0,0.0,-0.158,110504000.0,-23584000.0,16452000,0.0,2.344,5.198,5.011,42572000,0.0,18.99,0.8,0.8,53143000,120775000,195208000.0,195208000.0,28632000.0,,,,,20524000.0,78350000.0,1.0,98970156,98970156,,1.972,1342103000,0,-345000.0,0,13.561,924620000
30,TTWO,ARQ,2013-12-31,2014-02-04,2013-12-31,2021-08-03,2215000,1985351000,,1545656000,439695000,,8.387,-8003000.0,972170000,972170000,1119734000.0,578426000.0,2.229,1.415,448737000,0,448737000,448737000,51366000,171481000.0,0,0.0,0.0,606277000.0,777758000.0,0.417,777758000.0,606277000.0,600328000.0,5.88,4.69,5.88,821999000,,821999000,1148679187,2.0,1.488,587669000.0,5.996,1.0,744135000.0,0.399,425974000,5949000.0,342464000,,45035000,0,0,0,1163352000,693480000,469872000,1672112187,310247000.0,-1000000.0,-276836000.0,0.0,0.0,-276836000.0,-9003000.0,0.0,595672000.0,414000.0,578426000.0,578426000.0,578426000.0,18000.0,0.0,0.31,137840000.0,606295000.0,42850000,0.0,2.034,4.03,4.223,38768000,0.0,17.06,0.681,0.681,189519000,151562000,1863869000.0,1863869000.0,29233000.0,,,,,36328000.0,105194000.0,1.0,98013610,98013610,,19.016,1559377000,0,21902000.0,0,15.91,852176000
31,TTWO,ARQ,2013-09-30,2013-10-30,2013-09-30,2021-08-03,2622000,2701314000,,2251267000,450047000,,5.138,-7458000.0,661923000,661923000,92463000.0,-124120000.0,1.295,4.415,443526000,0,443526000,443526000,1154419000,44290000.0,0,0.0,0.0,-121558000.0,-77268000.0,-0.519,-77268000.0,-121558000.0,-132305000.0,-1.4,-1.4,-1.4,498862000,,498862000,1445923636,-24.0,11.562,120462000.0,1.241,1.0,56361000.0,0.379,466788000,10747000.0,277923000,,84033000,0,0,0,2202452000,1738206000,464246000,1664320636,15608000.0,0.0,0.0,-127018000.0,0.0,-101055000.0,-7458000.0,0.0,127920000.0,-3799000.0,-124120000.0,-124120000.0,-124120000.0,25000.0,0.0,-0.834,174252000.0,-117891000.0,287672000,0.0,3.336,-18.052,-15.87,34271000,0.0,17.14,1.653,1.653,1011391000,-426864000,148824000.0,148824000.0,26520000.0,,,,,15319000.0,144365000.0,1.0,97101554,97101554,,1.533,2234526000,0,-8185000.0,0,23.012,513061000
32,TTWO,ARQ,2013-06-30,2013-07-31,2013-06-30,2021-08-03,-5560000,1448105000,,1020177000,427928000,,6.535,-7994000.0,646315000,646315000,93842000.0,-61914000.0,2.451,1.386,536693000,127768000,408925000,536693000,27983000,46295000.0,0,0.0,0.0,-49594000.0,-3299000.0,-0.023,-3299000.0,-49594000.0,-60827000.0,-0.71,-0.71,-0.71,606981000,,606981000,1520410294,26.0,6.139,-793000.0,-0.009,1.0,48825000.0,0.342,528525000,11233000.0,393671000,,27852000,0,0,0,841124000,416287000,424837000,1630032294,243813000.0,0.0,0.0,244207000.0,0.0,244207000.0,-7994000.0,0.0,7201000.0,399000.0,-61914000.0,-61914000.0,-61914000.0,30000.0,0.0,-0.434,98389000.0,-49564000.0,25382000,0.0,2.685,83.88,103.235,30285000,0.0,17.55,1.441,1.441,35202000,-302744000,142667000.0,142667000.0,20871000.0,,,,,5947000.0,74461000.0,1.0,92879333,92879333,,1.536,919580000,0,1087000.0,0,9.901,603890000
33,TTWO,ARQ,2013-03-31,2013-05-14,2013-03-31,2021-08-03,-4572000,1277839000,,866152000,411687000,,6.4,-4503000.0,402502000,402502000,154320000.0,22473000.0,2.57,1.173,335202000,0,335202000,335202000,26919000,44235000.0,0,0.0,0.0,30365000.0,74600000.0,0.249,74600000.0,30365000.0,22576000.0,0.27,0.27,0.27,587995000,,587995000,1452230032,210.0,5.849,-50532000.0,-0.55,1.0,145167000.0,0.485,529015000,7789000.0,344525000,,30218000,0,0,0,689844000,336999000,352845000,1519530032,-46221000.0,0.0,0.0,0.0,0.0,0.0,-4503000.0,0.0,-46029000.0,4311000.0,22473000.0,22473000.0,22473000.0,-1303000.0,0.0,0.075,116105000.0,29062000.0,79932000,0.0,2.584,-51.525,-48.647,25362000,0.0,16.54,1.251,1.251,189596000,-240830000,299487000.0,299487000.0,21183000.0,,,,,12987000.0,92116000.0,1.0,91870014,91870014,,3.26,748824000,0,103000.0,0,8.151,529153000
34,TTWO,ARQ,2012-12-31,2013-02-06,2012-12-31,2021-08-03,7309000,1189781000,,817890000,371891000,,6.163,-4296000.0,448723000,448723000,216299000.0,71365000.0,2.908,1.107,330311000,0,330311000,330311000,26348000,49542000.0,0,0.0,0.0,81480000.0,131022000.0,0.315,131022000.0,81480000.0,73386000.0,0.76,0.66,0.76,564814000,,564814000,1204906942,-14.0,8.141,119484000.0,1.304,1.0,199474000.0,0.48,512227000,8094000.0,277925000,,29687000,0,0,0,624967000,281217000,343750000,1323318942,120439000.0,0.0,0.0,0.0,0.0,0.0,-4296000.0,0.0,123780000.0,955000.0,71365000.0,71365000.0,71365000.0,-488000.0,0.0,0.172,118482000.0,80992000.0,42263000,0.0,2.343,-11.139,-9.691,23701000,0.0,14.44,1.245,1.245,94241000,-263303000,415773000.0,415773000.0,22369000.0,,,,,8681000.0,93604000.0,1.0,91642586,91642586,,4.537,677554000,0,2021000.0,0,7.393,536673000
35,TTWO,ARQ,2012-09-30,2012-10-31,2012-09-30,2021-08-03,7220000,1164745000,,797943000,366802000,,5.339,-4731000.0,328284000,328284000,158487000.0,-12491000.0,2.368,1.404,325539000,0,325539000,325539000,38284000,49348000.0,0,0.0,0.0,-3987000.0,45361000.0,0.166,45361000.0,-3987000.0,-11406000.0,-0.15,-0.15,-0.15,484509000,,484509000,1009152801,-7.0,13.863,-34533000.0,-0.381,1.0,114597000.0,0.42,521117000,7419000.0,303952000,,60568000,0,0,0,680236000,336931000,343305000,1011897801,-38772000.0,0.0,0.0,0.0,0.0,0.0,-4731000.0,0.0,-29802000.0,-4239000.0,-12491000.0,-12491000.0,-12491000.0,54000.0,0.0,-0.046,118530000.0,-3933000.0,125079000,0.0,2.089,-5.747,-5.335,21879000,0.0,11.15,1.145,1.145,154951000,-334668000,273084000.0,273084000.0,19320000.0,,,,,7091000.0,96660000.0,1.0,90753166,90753166,,3.009,643628000,0,1085000.0,0,7.092,461012000
36,TTWO,ARQ,2012-06-30,2012-08-01,2012-06-30,2021-08-03,-4706000,1073137000,,719107000,354030000,,5.291,-3290000.0,367056000,367056000,186731000.0,-110838000.0,2.798,1.25,320883000,0,320883000,320883000,14348000,98257000.0,0,0.0,0.0,-100948000.0,-2691000.0,-0.012,-2691000.0,-100948000.0,-108997000.0,-1.3,-1.3,-1.3,477035000,,477035000,663391961,-4.0,666.056,-55806000.0,-0.619,1.0,39408000.0,0.174,507396000,8049000.0,262575000,,27987000,0,0,0,596102000,256993000,339109000,709564961,-53223000.0,0.0,0.0,0.0,0.0,0.0,-3290000.0,0.0,-52516000.0,2583000.0,-110838000.0,-110838000.0,-110838000.0,66000.0,0.0,-0.49,140290000.0,-100882000.0,78224000,0.0,1.487,-3.364,-3.135,19354000,0.0,7.87,0.989,0.989,71707000,-322177000,226139000.0,226139000.0,15312000.0,,,,,7006000.0,122209000.0,1.0,90160732,90160732,,2.508,565741000,0,1841000.0,15598000,6.275,462114000
37,TTWO,ARQ,2012-03-31,2012-05-23,2012-03-31,2021-08-03,6733000,1149427000,,743617000,405810000,,6.628,-2802000.0,420279000,420279000,116466000.0,-66836000.0,3.4,0.929,316340000,0,316340000,316340000,13864000,36282000.0,0,0.0,0.0,-61973000.0,-25691000.0,-0.173,-25691000.0,-61973000.0,-67341000.0,-0.8,-0.8,-0.8,595727000,,595727000,954816006,-11.0,12.33,-33161000.0,-0.369,1.0,31618000.0,0.214,560414000,5368000.0,266349000,,22477000,0,0,0,553700000,218725000,334975000,1058755006,-33037000.0,-2626000.0,1000.0,0.0,0.0,1000.0,-4703000.0,0.0,-30359000.0,2024000.0,-66836000.0,-66836000.0,-66836000.0,831000.0,0.0,-0.451,92760000.0,-61142000.0,46681000,0.0,1.777,-9.73,-8.992,18949000,0.0,11.78,1.282,1.282,45035000,-211339000,148084000.0,148084000.0,14822000.0,,,,,10031000.0,75198000.0,1.0,89877335,89877335,,1.648,589013000,2669000,-505000.0,15621000,6.554,524892000
38,TTWO,ARQ,2011-12-31,2012-02-03,2011-12-31,2021-08-03,-1564000,1140596000,,752420000,388176000,,7.161,-3204000.0,453316000,453316000,126467000.0,14104000.0,4.45,0.778,311906000,0,311906000,311906000,11794000,35651000.0,0,0.0,0.0,20167000.0,55818000.0,0.236,55818000.0,20167000.0,13977000.0,0.16,0.16,0.16,641485000,,641485000,1309743912,-30.0,12.158,-47577000.0,-0.531,1.0,109858000.0,0.465,542883000,6190000.0,287225000,,22516000,0,0,0,499111000,169078000,330033000,1451153912,183576000.0,0.0,43000.0,243125000.0,0.0,243168000.0,-3204000.0,0.0,-44373000.0,-12015000.0,14104000.0,14104000.0,14104000.0,81000.0,0.0,0.06,89610000.0,20248000.0,29400000,0.0,2.262,-22.662,-20.769,18556000,0.0,16.2,1.687,1.687,53274000,-144503000,236325000.0,236325000.0,16823000.0,,,,,10803000.0,69933000.0,1.0,89577402,89577402,,2.638,597713000,6067000,-127000.0,12711000,6.673,583342000
39,TTWO,ARQ,2011-09-30,2011-11-08,2011-09-30,2021-08-03,1219000,931916000,,545939000,385977000,,6.53,-2380000.0,269740000,269740000,74703000.0,-47371000.0,2.318,0.647,111299000,0,111299000,111299000,17193000,15179000.0,0,0.0,0.0,-41619000.0,-26440000.0,-0.247,-26440000.0,-41619000.0,-45952000.0,-0.57,-0.57,-0.57,565882000,,565882000,1198651076,-83.0,,15794000.0,0.182,1.0,32331000.0,0.302,515513000,4333000.0,22447000,,45077000,0,0,0,366034000,235515000,130519000,1357092076,20981000.0,-1475000.0,33000.0,0.0,0.0,33000.0,-2380000.0,0.0,18174000.0,5154000.0,-47371000.0,-47371000.0,-47371000.0,110000.0,0.0,-0.443,73840000.0,-41509000.0,90331000,0.0,2.398,-36.404,-33.319,18107000,0.0,15.66,1.417,1.417,19572000,-158607000,107034000.0,107034000.0,15998000.0,,,,,4612000.0,54558000.0,1.0,86659775,86659775,,1.235,416403000,5834000,1419000.0,13498000,4.805,310424000
40,TTWO,ARQ,2011-06-30,2011-08-09,2011-06-30,2021-08-03,10727000,1003577000,,644648000,358929000,,7.093,-2400000.0,248759000,248759000,211219000.0,-8713000.0,2.478,0.631,109236000,0,109236000,109236000,15314000,75711000.0,0,0.0,0.0,-1957000.0,73754000.0,0.221,73754000.0,-1957000.0,-5637000.0,-0.11,-0.11,-0.11,615267000,,615267000,867565784,,,-30806000.0,-0.355,1.0,123161000.0,0.368,487548000,3680000.0,116387000,,25941000,0,0,0,388310000,260119000,128191000,1007088784,-31600000.0,0.0,162000.0,0.0,0.0,162000.0,-3875000.0,0.0,-28406000.0,519000.0,-8713000.0,-8713000.0,-8713000.0,94000.0,0.0,-0.026,125024000.0,-1863000.0,72480000,0.0,1.637,,,19009000,0.0,11.61,,,146694000,-111236000,334380000.0,334380000.0,16519000.0,,,,,8048000.0,105260000.0,1.0,86743220,86743220,,3.855,516029000,9049000,3076000.0,12930000,5.949,384529000
41,TTWO,ARQ,2011-03-31,2011-05-25,2011-03-31,2021-08-03,10459000,971659000,,566603000,405056000,,7.098,-1407000.0,280359000,280359000,120043000.0,-22054000.0,2.454,0.579,107239000,0,107239000,107239000,13434000,24194000.0,0,0.0,0.0,-19598000.0,4596000.0,0.025,4596000.0,-19598000.0,-22722000.0,-0.26,-0.26,-0.26,615279000,,615279000,1267483567,18.0,5.496,-21780000.0,-0.251,1.0,62212000.0,0.341,512999000,3124000.0,54652000,,24578000,0,0,0,356380000,230888000,125492000,1440603567,-16759000.0,0.0,630000.0,0.0,0.0,630000.0,-1407000.0,0.0,-20373000.0,4391000.0,-22054000.0,-22054000.0,-22054000.0,-362000.0,0.0,-0.121,82172000.0,-19960000.0,56153000,0.0,2.341,29.729,29.679,19632000,0.0,16.62,1.267,1.267,84217000,-102523000,182255000.0,182255000.0,17248000.0,,,,,5135000.0,61196000.0,1.0,86678915,86678915,,2.103,458660000,8280000,-668000.0,14998000,5.291,335715000
42,TTWO,ARQ,2010-12-31,2011-02-09,2010-12-31,2021-08-03,159000,976599000,,618294000,358305000,,7.238,,297118000,297118000,188650000.0,40859000.0,2.682,0.577,105305000,0,105305000,105305000,10412000,,0,0.0,0.0,48721000.0,,,,48721000.0,44708000.0,0.47,0.45,0.47,619090000,,619090000,1070609003,,,,,1.0,145609000.0,0.436,487062000,4013000.0,67163000,,28592000,0,0,0,357509000,230561000,126948000,1262422003,,,,,,,,,,,40859000.0,40859000.0,40859000.0,-39000.0,0.0,0.122,96927000.0,48682000.0,48852000,0.0,2.039,,,21326000,0.0,14.76,,,83845000,-80469000,334259000.0,334259000.0,18073000.0,,,,,,75353000.0,1.0,85529946,85529946,,3.908,489537000,8468000,3849000.0,18525000,5.724,387733000
43,TTWO,ARQ,2010-06-30,2010-09-03,2010-07-31,2021-08-03,-4286000,944159000,,558274000,385885000,,6.451,-2808000.0,232127000,232127000,240259000.0,5920000.0,1.981,0.722,102217000,0,102217000,102217000,12096000,55417000.0,0,0.0,0.0,14226000.0,69643000.0,0.197,69643000.0,14226000.0,9768000.0,0.07,0.07,0.07,548198000,,548198000,677378777,-350.0,4.102,52038000.0,0.612,1.0,113817000.0,0.321,491097000,4458000.0,41392000,,21267000,0,0,0,395961000,281760000,114201000,807288777,51611000.0,2319000.0,53000.0,0.0,0.0,53000.0,-489000.0,0.0,54846000.0,-2799000.0,5920000.0,5920000.0,5920000.0,6459000.0,0.0,0.017,93132000.0,20685000.0,33013000,0.0,1.473,-24.326,-21.111,22122000,0.0,9.5,0.715,0.715,96226000,-133375000,354076000.0,354076000.0,17582000.0,,,,,10057000.0,71492000.0,1.0,84977766,84977766,,4.167,453062000,8468000,3848000.0,8615000,5.332,276514000
44,TTWO,ARQ,2010-03-31,2010-06-09,2010-04-30,2021-08-03,-2273000,866253000,,517203000,349050000,,6.337,-1923000.0,180516000,180516000,156779000.0,16758000.0,2.343,0.613,100443000,0,100443000,100443000,13125000,37975000.0,0,0.0,0.0,26480000.0,64455000.0,0.241,64455000.0,26480000.0,18716000.0,0.2,0.2,0.2,537046000,,537046000,742891573,-11.0,11.484,35036000.0,0.413,1.0,111223000.0,0.415,502903000,7764000.0,62490000,,24761000,0,0,0,329207000,220787000,108420000,822964573,74532000.0,40018000.0,0.0,0.0,0.0,0.0,38095000.0,0.0,36959000.0,-522000.0,16758000.0,16758000.0,16758000.0,158000.0,0.0,0.063,84585000.0,26638000.0,34939000,0.0,1.532,-8.701,-7.831,23123000,0.0,9.71,0.901,0.901,39295000,-139295000,268002000.0,268002000.0,12908000.0,,,,,7123000.0,68045000.0,1.0,84754333,84754333,,3.162,363350000,8385000,1958000.0,7977000,4.287,296416000
45,TTWO,ARQ,2009-12-31,2010-03-10,2010-01-31,2021-08-03,252000,893344000,,521340000,372004000,,6.537,-1820000.0,105984000,105984000,100358000.0,-33874000.0,1.906,0.749,98726000,0,98726000,98726000,15939000,25025000.0,0,0.0,0.0,-26575000.0,-1550000.0,-0.009,-1550000.0,-26575000.0,-31388000.0,-0.43,-0.43,-0.43,510793000,,510793000,880530724,-8.0,53.766,2209000.0,0.028,1.0,62880000.0,0.385,501244000,4813000.0,111259000,,50662000,0,0,0,382551000,273583000,108968000,887788724,3901000.0,0.0,0.0,0.0,0.0,0.0,-1820000.0,0.0,4029000.0,1692000.0,-33874000.0,-33874000.0,-33874000.0,52000.0,0.0,-0.208,89403000.0,-26523000.0,64037000,0.0,1.738,-7.312,-6.688,25052000,0.0,10.5,1.015,0.938,45063000,-156053000,163238000.0,163238000.0,15455000.0,,,,,6437000.0,69789000.0,1.0,84551307,78139000,78139000.0,2.089,392100000,9686000,2486000.0,10242000,5.018,247757000
46,TTWO,ARQ,2009-09-30,2009-12-18,2009-10-31,2021-08-03,8192000,1008571000,,628224000,380347000,,6.524,-3388000.0,102083000,102083000,240414000.0,-21990000.0,1.773,0.993,138000000,0,138000000,138000000,6334000,48639000.0,0,0.0,0.0,-16069000.0,32570000.0,0.095,32570000.0,-16069000.0,-16954000.0,-0.29,-0.29,-0.29,506132000,,506132000,785433555,-6.0,-129.396,-66832000.0,-0.861,1.0,102978000.0,0.3,486967000,885000.0,203228000,,93996000,0,0,0,502439000,354293000,148146000,749516555,-72706000.0,-5313000.0,18000.0,-151000.0,0.0,-133000.0,-8701000.0,0.0,-63444000.0,-428000.0,-21990000.0,-21990000.0,-21990000.0,0.0,0.0,-0.064,119047000.0,-16069000.0,172976000,0.0,1.481,-5.434,-5.006,27392000,0.0,9.01,0.774,0.715,199395000,-119655000,343392000.0,343392000.0,14159000.0,,,,,9819000.0,85853000.0,1.0,83187187,77577000,77577000.0,4.426,521604000,8814000,5036000.0,10146000,6.724,273931000
47,TTWO,ARQ,2009-06-30,2009-09-03,2009-07-31,2021-08-03,3167000,886398000,,498074000,388324000,,6.625,-2221000.0,174789000,174789000,114909000.0,-55473000.0,2.199,0.738,138000000,0,138000000,138000000,25705000,18820000.0,0,0.0,0.0,-49606000.0,-30786000.0,-0.222,-30786000.0,-49606000.0,-52798000.0,-0.72,-0.72,-0.72,510050000,,510050000,829322802,-6.0,-111.769,-56237000.0,-0.73,1.0,23655000.0,0.171,487560000,3192000.0,135552000,,63617000,0,0,0,376348000,226497000,149851000,866111802,-4827000.0,0.0,0.0,63167000.0,0.0,45917000.0,-2221000.0,0.0,-54016000.0,5493000.0,-55473000.0,-55473000.0,-55473000.0,0.0,0.0,-0.4,73261000.0,-49606000.0,72351000,0.0,1.698,-6.617,-6.203,27634000,0.0,10.67,0.913,0.866,70133000,-97665000,138564000.0,138564000.0,13887000.0,,,,,4614000.0,54918000.0,1.0,81172615,76994000,76994000.0,1.8,398838000,8256000,2675000.0,10540000,5.18,271577000
48,TTWO,ARQ,2009-03-31,2009-06-05,2009-04-30,2021-08-03,-19260000,855179000,,518067000,337112000,,7.236,-3369000.0,179616000,179616000,161602000.0,-10080000.0,2.428,0.543,70000000,0,70000000,70000000,25809000,31485000.0,0,0.0,0.0,-15342000.0,16143000.0,0.07,16143000.0,-15342000.0,-15342000.0,-0.13,-0.13,-0.13,554196000,,554196000,574615596,-28.0,4.437,-39304000.0,-0.513,1.0,68120000.0,0.297,446589000,0.0,85584000,,74020000,0,0,0,300983000,213390000,87593000,684231596,-38220000.0,-500000.0,0.0,0.0,0.0,0.0,-3869000.0,0.0,-35935000.0,1584000.0,-10080000.0,-10080000.0,-10080000.0,0.0,0.0,-0.044,81995000.0,-13875000.0,68786000,0.0,1.235,-28.998,-26.656,28860000,0.0,8.53,0.55,0.525,52117000,-42193000,229722000.0,229722000.0,14759000.0,,,,,5318000.0,62459000.0,1.0,80214724,76587000,76587000.0,2.999,408590000,20881000,-5262000.0,16282000,5.335,304677000
49,TTWO,ARQ,2008-12-31,2009-03-11,2009-01-31,2021-08-03,-26763000,900749000,,544846000,355903000,,7.258,-2198000.0,217836000,217836000,200902000.0,-50388000.0,2.233,0.631,70000000,0,70000000,70000000,53840000,25200000.0,0,0.0,0.0,-48316000.0,-23116000.0,-0.09,-23116000.0,-48316000.0,-48316000.0,-0.66,-0.66,-0.66,552343000,,552343000,367002874,4.0,1.364,-59007000.0,-0.775,1.0,55908000.0,0.218,433609000,0.0,75298000,,75972000,0,0,0,348406000,244006000,104400000,514838874,-62441000.0,0.0,4000.0,0.0,0.0,4000.0,-2198000.0,0.0,-56809000.0,-3438000.0,-50388000.0,-50388000.0,-50388000.0,0.0,0.0,-0.196,106573000.0,-50665000.0,59487000,0.0,0.932,6.078,5.723,29358000,0.0,6.41,0.331,0.314,60320000,-32113000,256810000.0,256810000.0,20943000.0,,,,,6182000.0,80522000.0,1.0,80318077,76102000,76102000.0,3.375,467140000,24954000,2072000.0,27526000,6.138,300840000
50,TTWO,ARQ,2008-09-30,2008-12-19,2008-10-31,2021-08-03,-7513000,1083352000,,723774000,359578000,,8.088,-3251000.0,280277000,280277000,224772000.0,-14954000.0,1.981,0.761,70000000,0,70000000,70000000,56163000,47166000.0,0,0.0,0.001,-16827000.0,30339000.0,0.094,30339000.0,-16827000.0,-16827000.0,-0.21,-0.2,-0.21,615118000,,615118000,444544983,4.0,1.565,-119673000.0,-1.574,1.0,98670000.0,0.305,432359000,0.0,75297000,,104235000,0,0,0,468234000,365419000,102815000,654821983,-58424000.0,-466000.0,599000.0,70000000.0,0.0,70599000.0,-3717000.0,0.0,-116422000.0,-8884000.0,-14954000.0,-14954000.0,-14954000.0,0.0,0.0,-0.046,111895000.0,-13225000.0,156167000,-0.005,1.065,6.744,6.535,32361000,0.0,8.43,0.426,0.411,157458000,18275000,323442000.0,323442000.0,16052000.0,,,,,9325000.0,88613000.0,1.0,77677578,76053000,76852000.0,4.253,650993000,23763000,-1873000.0,26399000,8.56,358355000
51,TTWO,ARQ,2008-06-30,2008-09-05,2008-07-31,2021-08-03,36987000,1092562000,,715142000,377420000,,8.773,-4028000.0,338701000,338701000,259656000.0,51826000.0,1.823,0.642,0,0,0,0,58332000,46222000.0,0,0.0,0.0,59917000.0,106139000.0,0.245,106139000.0,59917000.0,59917000.0,0.68,0.67,0.68,665581000,,665581000,1493497047,12.0,4.027,277544000.0,3.658,1.0,174180000.0,0.401,454192000,0.0,-92657000,,71574000,0,0,0,426981000,392326000,34655000,1832198047,265783000.0,0.0,4874000.0,-16005000.0,0.0,-11131000.0,-4028000.0,0.0,281572000.0,-630000.0,51826000.0,51826000.0,51826000.0,0.0,0.0,0.119,115137000.0,59043000.0,149526000,0.0,2.753,17.451,17.234,38247000,0.0,23.61,1.216,1.189,106354000,33229000,433836000.0,433836000.0,17239000.0,,,,,12562000.0,89926000.0,1.0,77602628,75866000,76975000.0,5.718,638370000,24656000,8091000.0,27436000,8.414,322816000
52,TTWO,ARQ,2008-03-31,2008-06-06,2008-04-30,2021-08-03,34360000,1097128000,,723298000,373830000,,7.928,-3628000.0,72918000,72918000,318259000.0,98222000.0,1.694,0.843,16000000,0,16000000,16000000,64857000,53479000.0,0,0.0,0.0,102283000.0,155762000.0,0.289,155762000.0,102283000.0,102283000.0,1.31,1.29,1.31,595356000,,595356000,2056190752,154.0,9.545,22013000.0,0.293,1.0,221551000.0,0.41,452528000,0.0,160587000,,91821000,0,0,0,501772000,427095000,74677000,2113108752,18530000.0,-3886000.0,19552000.0,-19978000.0,0.0,-426000.0,-7514000.0,0.0,25641000.0,829000.0,98222000.0,98222000.0,98222000.0,0.0,0.0,0.182,118438000.0,103113000.0,185530000,0.0,3.549,-392.479,-228.0,39727000,0.0,27.36,1.652,1.606,362765000,-18597000,539810000.0,539810000.0,14828000.0,,,,,12427000.0,95150000.0,1.0,77233507,75098000,75954000.0,7.188,644600000,24738000,4061000.0,28076000,8.583,296203000
53,TTWO,ARQ,2007-12-31,2008-03-11,2008-01-31,2021-08-03,28612000,773085000,,415649000,357436000,,6.318,-1370000.0,54388000,54388000,186008000.0,-37997000.0,1.922,0.673,36000000,0,36000000,36000000,57527000,24990000.0,0,0.0,0.0,-33078000.0,-8088000.0,-0.034,-8088000.0,-33078000.0,-33230000.0,-0.52,-0.52,-0.52,462116000,,462116000,1876340067,-14.0,-569.278,-40735000.0,-0.557,1.0,54434000.0,0.226,455530000,152000.0,82897000,,82487000,0,0,0,310969000,216270000,94699000,1894728067,-23369000.0,-151000.0,937000.0,17021000.0,0.0,17958000.0,-1521000.0,0.0,-39365000.0,-441000.0,-37997000.0,-37997000.0,-37997000.0,0.0,0.0,-0.158,87512000.0,-33078000.0,68096000,0.0,4.1,-12.235,-11.519,41515000,0.0,24.65,2.005,1.908,63337000,-116819000,240442000.0,240442000.0,15810000.0,,,,,6073000.0,65131000.0,1.0,76865236,73148000,73148000.0,3.287,317555000,23479000,4767000.0,28414000,4.341,199379000
54,TTWO,ARQ,2007-09-30,2007-12-20,2007-10-31,2021-08-03,34861000,831143000,,498523000,332620000,,6.517,-4965000.0,77757000,77757000,202948000.0,-7063000.0,1.597,0.764,18000000,0,18000000,18000000,61544000,116597000.0,0,0.0,0.0,504000.0,117101000.0,0.4,117101000.0,504000.0,-1657000.0,-0.1,-0.1,-0.1,471154000,,471154000,1359970028,-11.0,120.501,3745000.0,0.052,1.0,89652000.0,0.306,412015000,2161000.0,47210000,,99331000,0,0,0,359989000,312161000,47828000,1419727028,16132000.0,-2035000.0,4002000.0,6955000.0,0.0,10957000.0,-7000000.0,0.0,8710000.0,3465000.0,-7063000.0,-7063000.0,-7063000.0,0.0,0.0,-0.024,86516000.0,3136000.0,128782000,0.0,3.013,-10.258,-9.896,44986000,0.0,19.1,1.446,1.398,104937000,-77747000,292600000.0,292600000.0,11159000.0,,,,,6983000.0,67246000.0,1.0,74331258,72298000,72298000.0,4.047,419128000,40316000,5406000.0,0,5.797,186362000
55,TTWO,ARQ,2007-06-30,2007-09-10,2007-07-31,2021-08-03,17177000,758313000,,435961000,322352000,,6.279,-3539000.0,61625000,61625000,168279000.0,-58546000.0,1.813,0.676,11000000,0,11000000,11000000,62605000,7006000.0,0,0.0,0.0,-56358000.0,-49352000.0,-0.239,-49352000.0,-56358000.0,-56358000.0,-0.81,-0.81,-0.81,452526000,,452526000,1115497172,,,-62254000.0,-0.864,1.0,38136000.0,0.185,386338000,0.0,80873000,,75790000,0,0,0,305787000,240477000,65310000,1166122172,-46891000.0,0.0,4699000.0,9236000.0,0.0,13935000.0,-3539000.0,0.0,-58715000.0,1428000.0,-58546000.0,-58546000.0,-58546000.0,0.0,0.0,-0.284,95242000.0,-57106000.0,93305000,0.0,2.577,,,46223000,0.0,15.75,,,100427000,-70684000,206415000.0,206415000.0,11210000.0,,,,,1569000.0,69926000.0,1.0,74039503,72075000,72075000.0,2.864,371975000,39146000,2188000.0,0,5.161,195484000
56,TTWO,ARQ,2007-03-31,2007-06-11,2007-04-30,2021-08-03,13712000,775579000,,451204000,324375000,,6.931,-5348000.0,108516000,108516000,159582000.0,-51249000.0,1.827,0.56,0,0,0,0,61678000,-13229000.0,0,0.0,0.0,-49728000.0,-62957000.0,-0.306,-62957000.0,-49728000.0,-49728000.0,-0.71,-0.71,-0.71,497238000,,497238000,1285352144,-10.0,-31.107,-31511000.0,-0.439,1.0,45854000.0,0.223,381050000,0.0,39109000,,80228000,0,0,0,278341000,246904000,31437000,1393868144,-29635000.0,-982000.0,814000.0,0.0,0.0,814000.0,-6330000.0,0.0,-26163000.0,2044000.0,-51249000.0,-51249000.0,-51249000.0,0.0,0.0,-0.249,96604000.0,-50750000.0,77818000,0.0,2.803,-7.822,-7.576,48784000,0.0,18.94,1.407,1.368,70406000,-12138000,205436000.0,205436000.0,11936000.0,,,,,5330000.0,68630000.0,1.0,73593883,71736000,71736000.0,2.864,394529000,39710000,1521000.0,0,5.5,204300000
57,TTWO,ARQ,2006-12-31,2007-03-12,2007-01-31,2021-08-03,8003000,793486000,,460006000,333480000,,7.502,-7742000.0,138151000,138151000,204225000.0,-21548000.0,2.275,0.482,0,0,0,0,50000000,26966000.0,0,0.0,0.0,-20472000.0,6494000.0,0.023,6494000.0,-20472000.0,-20472000.0,-0.3,-0.3,-0.3,535358000,,535358000,1325490880,,,4381000.0,0.061,1.0,73115000.0,0.264,367102000,0.0,86023000,,82194000,0,0,0,258128000,202210000,55918000,1463641880,5671000.0,0.0,-12000.0,0.0,0.0,-12000.0,-7742000.0,0.0,12123000.0,1302000.0,-21548000.0,-21548000.0,-21548000.0,0.0,0.0,-0.078,94449000.0,-21334000.0,61819000,0.0,2.734,,,49673000,0.0,20.07,,,79107000,39111000,277340000.0,277340000.0,14150000.0,,,,,3447000.0,73638000.0,1.0,72926850,71360000,71360000.0,3.886,426384000,39474000,1076000.0,0,5.975,257796000
58,TTWO,ARQ,2006-09-30,2007-02-28,2006-10-31,2021-08-03,6902000,868806000,,544873000,323933000,,7.751,,132480000,132480000,,,2.067,0.579,0,0,0,0,50000000,,0,0.0,0.0,,,,,,,,,,550392000,,550392000,1164039052,-6.0,-75.499,,,1.0,,,347490000,,125290000,,95520000,0,0,0,318414000,263546000,54868000,1296519052,,,,,,,,,,,,,,,,,,,123947000,,2.356,-7.012,-6.846,47496000,,17.8,1.249,1.218,143199000,60659000,,,,,,,,,,1.0,72838149,71012000,,,521316000,60407000,,0,7.341,281327000
59,TTWO,ARQ,2006-03-31,2006-06-09,2006-04-30,2021-08-03,5041000,906017000,,572845000,333172000,,9.123,-6553000.0,141068000,141068000,247350000.0,-50373000.0,2.22,0.399,0,0,0,0,0,58886000.0,0,0.0,0.0,-77164000.0,-18278000.0,-0.069,-18278000.0,-77164000.0,-77164000.0,-0.71,-0.71,-0.71,647529000,,647529000,862282222,-6.0,66.284,-3369000.0,-0.047,1.0,17772000.0,0.067,345258000,0.0,161606000,,91820000,0,0,0,258488000,258085000,403000,1003350222,-1829000.0,-1334000.0,873000.0,0.0,0.0,973000.0,-7887000.0,0.0,3184000.0,1901000.0,-50373000.0,-50373000.0,-50373000.0,0.0,0.0,-0.19,94940000.0,-77168000.0,108216000,0.0,1.55,-11.263,-11.064,49796000,0.0,13.83,0.995,0.974,130328000,208382000,265122000.0,265122000.0,16097000.0,,,,,3861000.0,65899000.0,1.0,72548823,70979000,70979000.0,3.735,560759000,115957000,-26791000.0,14361000,7.9,314760000
60,TTWO,ARQ,2005-12-31,2006-03-13,2006-01-31,2021-08-03,1203000,868653000,,514006000,354647000,,9.622,-6456000.0,142897000,142897000,209314000.0,-29122000.0,2.851,0.264,0,0,0,0,0,36254000.0,0,0.0,0.0,-48537000.0,-12283000.0,-0.046,-12283000.0,-48537000.0,-48537000.0,-0.41,-0.41,-0.41,687301000,,687301000,1017960664,-13.0,23.94,33003000.0,0.462,1.0,55667000.0,0.21,380396000,0.0,165078000,,107413000,0,0,0,181352000,180282000,1070000,1160857664,35702000.0,1143000.0,1071000.0,0.0,0.0,1095000.0,-5313000.0,0.0,39459000.0,461000.0,-29122000.0,-29122000.0,-29122000.0,0.0,0.0,-0.11,104457000.0,-48790000.0,79887000,0.0,1.689,-24.754,-24.591,48215000,0.0,16.23,1.203,1.201,84282000,258755000,264981000.0,264981000.0,17709000.0,,,,,4833000.0,80097000.0,1.0,71525426,71429000,71429000.0,3.71,488257000,77817000,-19415000.0,6701000,6.836,333724000
61,TTWO,ARQ,2005-09-30,2006-01-31,2005-10-31,2021-08-03,686000,932876000,,613242000,319634000,,9.926,-6575000.0,107195000,107195000,191698000.0,19192000.0,2.618,0.34,0,0,0,0,0,43430000.0,0,0.0,0.0,22681000.0,66111000.0,0.215,66111000.0,22681000.0,22681000.0,0.28,0.27,0.28,696134000,,696134000,1025810522,23.0,6.8,-77569000.0,-1.106,1.0,116456000.0,0.378,356968000,0.0,234438000,,136227000,0,0,0,236742000,234275000,2467000,1133005522,-88160000.0,-4211000.0,-9931000.0,0.0,0.0,-8689000.0,-10786000.0,0.0,-70994000.0,2309000.0,19192000.0,19192000.0,19192000.0,0.0,0.0,0.062,94525000.0,21931000.0,133353000,0.0,1.628,30.234,29.37,48617000,0.0,15.86,0.942,0.921,198068000,287877000,308154000.0,308154000.0,16222000.0,,,,,2262000.0,71866000.0,1.0,71437927,70132000,70674000.0,4.394,575908000,16449000,3489000.0,10220000,8.212,378967000
62,TTWO,ARQ,2005-06-30,2005-09-08,2005-07-31,2021-08-03,-1061000,882222000,,526045000,356177000,,9.632,-7919000.0,195355000,195355000,122179000.0,-28780000.0,2.817,0.298,0,0,0,0,0,18881000.0,0,0.0,0.0,-41422000.0,-22541000.0,-0.133,-22541000.0,-41422000.0,-41422000.0,-0.41,-0.41,-0.41,679620000,,679620000,1410900079,13.0,7.917,5401000.0,0.077,1.0,47720000.0,0.281,359649000,0.0,140499000,,104414000,0,0,0,202602000,186719000,15883000,1606255079,-14886000.0,-10298000.0,-14998000.0,0.0,0.0,-9481000.0,-14967000.0,0.0,13320000.0,-3758000.0,-28780000.0,-28780000.0,-28780000.0,0.0,0.0,-0.169,90403000.0,-42683000.0,76839000,0.0,2.363,19.851,18.736,46644000,0.0,22.67,1.205,1.2,61735000,268685000,169899000.0,169899000.0,19736000.0,,,,,5677000.0,64976000.0,1.0,70853775,70556000,70556000.0,2.408,522573000,17905000,-12642000.0,7452000,7.406,339326000
63,TTWO,ARQ,2005-03-31,2005-06-09,2005-04-30,2021-08-03,4631000,924221000,,596442000,327779000,,10.358,-8886000.0,210241000,210241000,150222000.0,-8186000.0,3.237,0.273,0,0,0,0,0,22092000.0,0,0.0,0.0,-10857000.0,11235000.0,0.051,11235000.0,-10857000.0,-10857000.0,-0.12,-0.12,-0.12,726190000,,726190000,1786192633,14.0,9.694,-100708000.0,-1.436,1.0,71846000.0,0.324,333207000,0.0,196509000,,116568000,0,0,0,198031000,184264000,13767000,1996433633,-92829000.0,0.0,-7365000.0,0.0,0.0,17055000.0,-16386000.0,0.0,-91822000.0,-1676000.0,-8186000.0,-8186000.0,-8186000.0,0.0,0.0,-0.037,83867000.0,-12021000.0,90524000,0.0,2.749,20.958,19.893,43075000,0.0,27.99,1.509,1.483,127278000,297465000,222068000.0,222068000.0,13785000.0,,,,,10683000.0,64980000.0,1.0,71326675,70112000,70112000.0,3.167,591014000,17920000,-2671000.0,8758000,8.43,412178000
64,TTWO,ARQ,2004-12-31,2005-03-10,2005-01-31,2021-08-03,7795000,998912000,,676438000,322474000,,10.349,-5651000.0,303070000,303070000,321899000.0,55249000.0,2.442,0.408,0,0,0,0,0,22765000.0,0,0.0,0.0,73294000.0,96059000.0,0.191,96059000.0,73294000.0,73294000.0,0.807,0.793,0.807,709232000,,709232000,1604714249,14.0,10.466,183825000.0,2.682,1.0,180575000.0,0.359,317503000,0.0,101337000,,134103000,0,0,0,289680000,277002000,12678000,1907784249,147975000.0,-23244000.0,7365000.0,0.0,0.0,7338000.0,-48895000.0,0.0,189476000.0,56000.0,55249000.0,55249000.0,55249000.0,0.0,0.0,0.11,107821000.0,72754000.0,87409000,0.0,2.69,21.467,20.78,37952000,0.0,27.16,1.52,1.483,136515000,305651000,502474000.0,502474000.0,23417000.0,,,,,8524000.0,79618000.0,1.0,70242424,68529000,69774000.0,7.332,681409000,17918000,18045000.0,14934000,9.943,399436000
65,TTWO,ARQ,2004-09-30,2004-12-22,2004-10-31,2021-08-03,6354000,950513000,,704941000,245572000,,9.394,-2589000.0,155095000,155095000,264162000.0,62631000.0,2.275,0.496,0,0,0,0,0,4864000.0,0,0.0,0.0,88603000.0,93467000.0,0.213,93467000.0,88603000.0,90579000.0,0.933,0.913,0.933,635470000,,635470000,1360861825,14.0,12.207,-23478000.0,-0.347,1.0,173851000.0,0.397,199366000,-1976000.0,286242000,,154345000,0,0,0,315043000,309810000,5233000,1515956825,-42856000.0,-19682000.0,0.0,0.0,0.0,4880000.0,-25771000.0,0.0,-20889000.0,-1076000.0,62631000.0,62631000.0,62631000.0,0.0,0.0,0.143,76144000.0,97707000.0,163961000,0.0,2.386,23.188,22.535,34291000,0.0,21.927,1.344,1.305,285709000,250402000,438013000.0,438013000.0,11073000.0,,,,,3709000.0,60207000.0,1.0,69136536,67648500,69099000.0,6.475,751147000,17773000,27948000.0,17319000,11.104,395131000
66,TTWO,ARQ,2004-06-30,2004-09-14,2004-07-31,2021-08-03,2183000,697579000,,480163000,217416000,,8.323,-8436000.0,197951000,197951000,117998000.0,-14435000.0,3.714,0.246,0,0,0,0,0,4327000.0,0,0.0,0.0,-20828000.0,-16501000.0,-0.103,-16501000.0,-20828000.0,-20828000.0,-0.213,-0.213,-0.213,559794000,,559794000,1354047661,29.0,21.936,-67150000.0,-0.998,1.0,42860000.0,0.266,183081000,0.0,187248000,,96882000,0,0,0,137785000,129299000,8486000,1551998661,-63382000.0,-22000.0,0.0,0.0,0.0,4248000.0,-8458000.0,0.0,-58714000.0,-458000.0,-14435000.0,-14435000.0,-14435000.0,0.0,0.0,-0.09,64218000.0,-21358000.0,63275000,0.0,2.772,56.406,53.693,30589000,0.0,22.927,1.609,1.598,79486000,187771000,160858000.0,160858000.0,10529000.0,,,,,1105000.0,49362000.0,1.0,67693054,67260000,67260000.0,2.392,514498000,8333000,-6393000.0,167000,7.649,350864000
67,TTWO,ARQ,2004-03-31,2004-06-14,2004-04-30,2021-08-03,1011000,714536000,,500530000,214006000,,8.487,-4514000.0,261333000,261333000,119162000.0,-14576000.0,3.618,0.259,141000,112000,29000,141000,0,3910000.0,0,0.0,0.0,-23605000.0,-19695000.0,-0.128,-19695000.0,-23605000.0,-23605000.0,-0.22,-0.22,-0.22,567674000,,567674000,1060998403,13.0,11.352,7651000.0,0.114,1.0,34206000.0,0.223,181187000,0.0,133810000,,100038000,0,0,0,146862000,138347000,8515000,1322190403,7180000.0,-3600000.0,0.0,0.0,0.0,4780000.0,-8114000.0,0.0,12165000.0,-1651000.0,-14576000.0,-14576000.0,-14576000.0,0.0,0.0,-0.095,58459000.0,-24253000.0,70978000,0.0,2.329,26.658,25.833,25691000,0.0,19.633,1.378,1.369,68601000,202206000,153368000.0,153368000.0,8228000.0,,,,,1936000.0,46321000.0,1.0,67345306,66891000,66891000.0,2.293,533349000,8333000,-9029000.0,2706000,7.973,362183000
68,TTWO,ARQ,2003-12-31,2004-03-16,2004-01-31,2021-08-03,3044000,773002000,,566268000,206734000,,8.687,-6047000.0,254153000,254153000,248358000.0,31758000.0,3.043,0.337,168000,112000,56000,168000,0,3745000.0,0,0.0,0.0,50464000.0,54209000.0,0.144,54209000.0,50464000.0,50464000.0,0.48,0.467,0.48,578373000,,578373000,1268707206,10.0,8.97,81849000.0,1.229,1.0,127154000.0,0.339,175383000,0.0,157547000,,110879000,0,0,0,194629000,186087000,8542000,1522692206,70676000.0,-16032000.0,0.0,0.0,0.0,2407000.0,-22079000.0,0.0,87896000.0,2452000.0,31758000.0,31758000.0,31758000.0,0.0,0.0,0.085,77116000.0,50038000.0,107935000,0.0,2.633,19.174,18.549,23839000,0.0,22.76,1.522,1.515,145464000,216782000,375512000.0,375512000.0,13429000.0,,,,,717000.0,59942000.0,1.0,66902118,66579000,68131500.0,5.64,597619000,8333000,18706000.0,10841000,8.976,380181000
69,TTWO,ARQ,2003-09-30,2004-02-12,2003-10-31,2021-08-03,-936000,707298000,,513402000,193896000,,8.16,-4105000.0,183477000,183477000,177230000.0,24768000.0,3.107,0.326,176000,103000,73000,176000,0,3235000.0,0,0.0,0.0,40478000.0,43713000.0,0.159,43713000.0,40478000.0,41030000.0,0.38,0.367,0.38,533492000,,533492000,1200864872,7.0,6.84,-47985000.0,-0.734,1.0,97869000.0,0.356,162670000,-552000.0,196080000,,101748000,0,0,0,173806000,165247000,8559000,1384165872,-42382000.0,-7000.0,0.0,130000.0,0.0,14501000.0,-6180000.0,0.0,-43880000.0,-6823000.0,24768000.0,24768000.0,24768000.0,0.0,0.0,0.09,57391000.0,40478000.0,106172000,0.0,2.595,14.107,13.269,22260000,0.0,20.7,1.339,1.261,166536000,185024000,275099000.0,275099000.0,7688000.0,,,,,10199000.0,46469000.0,1.0,66867916,65382000,67627500.0,4.208,544628000,8333000,16262000.0,2265000,8.33,348155000
70,TTWO,ARQ,2003-06-30,2003-09-12,2003-07-31,2021-08-03,-1530000,608557000,,416780000,191777000,,7.639,-3796000.0,225859000,225859000,93918000.0,7649000.0,3.533,0.257,200000,101000,99000,200000,0,2929000.0,0,0.0,0.0,12311000.0,15240000.0,0.098,15240000.0,12311000.0,12936000.0,0.12,0.12,0.12,484305000,,484305000,1320771668,8.0,7.535,15962000.0,0.252,1.0,61669000.0,0.396,154969000,-625000.0,109954000,,73902000,0,0,0,124252000,117975000,6277000,1546430668,37509000.0,-741000.0,0.0,-59000.0,0.0,20919000.0,-4957000.0,0.0,19758000.0,1789000.0,7649000.0,7649000.0,7649000.0,0.0,0.0,0.049,49358000.0,12311000.0,56105000,0.0,3.193,16.162,15.135,20078000,0.0,23.807,1.583,1.545,65996000,161154000,155587000.0,155587000.0,7043000.0,,,,,9801000.0,39385000.0,1.0,64956974,63399000,65322000.0,2.454,453588000,13375000,5287000.0,15458000,7.154,298805000
71,TTWO,ARQ,2003-03-31,2003-06-06,2003-04-30,2021-08-03,-2235000,580978000,,393477000,187501000,,7.19,-3872000.0,188350000,188350000,121739000.0,15239000.0,3.035,0.306,225000,100000,125000,225000,0,3197000.0,0,0.0,0.0,25085000.0,28282000.0,0.146,28282000.0,25085000.0,25828000.0,0.247,0.24,0.247,445022000,,445022000,958200166,6.0,5.609,19310000.0,0.312,1.0,72474000.0,0.373,153713000,-743000.0,109487000,,71342000,0,0,0,135956000,129653000,6303000,1146325166,24265000.0,0.0,0.0,-46000.0,0.0,4390000.0,-3758000.0,114000.0,23182000.0,451000.0,15239000.0,15239000.0,15239000.0,0.0,0.0,0.078,47389000.0,25085000.0,63902000,0.0,2.576,12.353,11.963,18432000,0.0,18.34,1.215,1.203,100213000,153505000,194213000.0,194213000.0,4761000.0,,,,,2856000.0,39431000.0,1.0,62504098,61893000,63421500.0,3.138,427265000,13375000,10589000.0,16124000,6.903,263824000
72,TTWO,ARQ,2002-12-31,2003-03-14,2003-01-31,2021-08-03,-2281000,577137000,,393745000,183392000,,6.909,-3691000.0,164085000,164085000,244667000.0,50462000.0,2.618,0.365,271000,97000,174000,271000,0,3155000.0,0,0.0,0.0,85176000.0,88331000.0,0.216,88331000.0,85176000.0,85521000.0,0.827,0.8,0.827,422672000,,422672000,677929407,5.0,4.201,77877000.0,1.273,1.0,164127000.0,0.401,154039000,-345000.0,108878000,,76604000,0,0,0,154465000,150406000,4059000,841743407,55716000.0,-27225000.0,0.0,-25000.0,0.0,4752000.0,-30986000.0,0.0,81568000.0,382000.0,50462000.0,50462000.0,50462000.0,0.0,0.0,0.123,78990000.0,85137000.0,55997000,0.0,1.991,9.653,9.306,16707000,0.0,13.587,0.915,0.904,120779000,138266000,408794000.0,408794000.0,5615000.0,,,,,1447000.0,65813000.0,1.0,61952116,61179000,63303000.0,6.682,423098000,13375000,35059000.0,17751000,6.916,243339000
73,TTWO,ARQ,2002-09-30,2002-12-23,2002-10-31,2021-08-03,-5041000,492960000,,329885000,163075000,,5.998,-1613000.0,108369000,108369000,135223000.0,22333000.0,2.491,0.383,296000,95000,201000,296000,0,4574000.0,0,0.0,0.0,38869000.0,43443000.0,0.199,43443000.0,38869000.0,39117000.0,0.38,0.367,0.38,356442000,,356442000,869034125,7.0,6.5,24567000.0,0.413,1.0,83036000.0,0.38,127207000,-248000.0,125248000,,74391000,97000,0,97000,136518000,132432000,4086000,977107125,34471000.0,-3788000.0,0.0,-191000.0,0.0,11316000.0,-5013000.0,282000.0,26180000.0,1988000.0,22333000.0,22333000.0,22333000.0,0.0,0.0,0.102,44189000.0,38847000.0,79660000,0.0,2.741,13.653,12.7,15319000,0.0,15.913,1.231,1.143,108441000,87804000,218259000.0,218259000.0,3821000.0,,,,,7088000.0,35794000.0,1.0,61403074,59430000,62158500.0,3.673,365753000,13375000,16784000.0,1603000,6.154,197453000
74,TTWO,ARQ,2002-06-30,2002-09-16,2002-07-31,2021-08-03,-6913000,406409000,,245781000,160628000,,5.337,-2019000.0,73898000,73898000,76579000.0,4766000.0,2.551,0.312,321000,92000,229000,321000,0,2899000.0,0,0.0,0.0,7869000.0,10768000.0,0.088,10768000.0,7869000.0,8168000.0,0.08,0.08,0.08,309839000,,309839000,982403400,13.0,11.218,8402000.0,0.145,1.0,45882000.0,0.375,124621000,-299000.0,111870000,,49591000,510000,448000,62000,96570000,96341000,229000,1055980400,4281000.0,0.0,0.0,-70000.0,0.0,3880000.0,-12125000.0,0.0,10421000.0,2105000.0,4766000.0,4766000.0,4766000.0,0.0,0.0,0.039,38013000.0,7869000.0,47976000,0.0,3.408,23.774,22.564,15091000,0.0,17.893,1.471,1.447,64759000,65471000,122461000.0,122461000.0,1812000.0,,,,,583000.0,33302000.0,1.0,59016398,58057500,60346500.0,2.109,281788000,25682000,3402000.0,11268000,4.854,149440000
75,TTWO,ARQ,2002-03-31,2002-06-14,2002-04-30,2021-08-03,-10348000,371042000,,239173000,131869000,,4.991,-3555000.0,69617000,69617000,106675000.0,9637000.0,2.562,0.337,346000,92000,254000,346000,0,2517000.0,0,0.0,0.0,16319000.0,18836000.0,0.111,18836000.0,16319000.0,16266000.0,0.173,0.167,0.173,277426000,,277426000,690337315,10.0,8.43,28810000.0,0.518,1.0,63655000.0,0.374,96092000,53000.0,112317000,,45481000,598000,500000,98000,93616000,93362000,254000,759608315,38645000.0,0.0,0.0,-21000.0,0.0,4923000.0,-3484000.0,71000.0,32365000.0,4841000.0,9637000.0,9637000.0,9637000.0,0.0,0.0,0.057,45900000.0,17755000.0,37962000,0.0,2.738,19.484,18.619,14837000,0.0,13.033,1.123,1.071,65095000,60705000,170330000.0,170330000.0,3937000.0,,,,,5896000.0,39446000.0,1.0,58283458,55585500,58152000.0,3.064,274950000,21765000,6629000.0,13794000,4.946,145811000
76,TTWO,ARQ,2001-12-31,2002-03-18,2002-01-31,2021-08-03,-11875000,385709000,,258194000,127515000,,4.641,-3279000.0,30972000,30972000,179465000.0,34829000.0,1.989,0.509,367000,92000,275000,367000,0,2271000.0,0,0.0,0.0,58371000.0,60642000.0,0.214,60642000.0,58371000.0,57397000.0,0.633,0.613,0.633,255641000,,255641000,763280068,19.0,14.474,72753000.0,1.321,1.0,103461000.0,0.366,95633000,974000.0,129678000,,51804000,824000,769000,55000,130068000,129793000,275000,793885068,24916000.0,0.0,0.0,-54096000.0,0.0,-52107000.0,2538000.0,5817000.0,76032000.0,-1547000.0,34829000.0,34829000.0,34829000.0,0.0,0.0,0.123,45217000.0,58244000.0,73220000,0.0,3.105,42.915,47.867,12992000,0.0,14.36,1.317,1.312,122701000,51068000,282926000.0,282926000.0,1954000.0,,,,,185000.0,40992000.0,1.0,55284476,55086000,56844000.0,5.136,290076000,21765000,22568000.0,21341000,5.266,128401000
77,TTWO,ARQ,2001-09-30,2002-02-28,2001-10-31,2021-08-03,-10452000,354997000,,222874000,132123000,,4.014,-6597000.0,6056000,6056000,104655000.0,-4815000.0,1.655,0.613,54463000,54172000,291000,54463000,0,1598000.0,0,0.0,0.0,-4267000.0,-2669000.0,-0.019,-2669000.0,-4267000.0,-5528000.0,-0.093,-0.093,-0.093,220061000,,220061000,734134693,-323.0,70.787,-3526000.0,-0.064,1.0,37353000.0,0.263,100109000,1261000.0,168650000,,61937000,6316000,6241000,75000,134936000,134645000,291000,685727693,-9290000.0,2263000.0,50000.0,-11716000.0,0.0,-8677000.0,-4334000.0,0.0,3071000.0,650000.0,-4815000.0,-4815000.0,-4815000.0,0.0,0.0,-0.034,35122000.0,2231000.0,60223000,0.0,3.116,-79.922,-74.371,11033000,0.0,12.42,1.52,1.403,94950000,16239000,142008000.0,142008000.0,1205000.0,,,,,-5053000.0,32319000.0,1.0,55211570,54825000,54825000.0,2.59,254888000,21765000,-713000.0,0,4.649,88229000
78,TTWO,ARQ,2001-09-30,2002-02-12,2001-10-31,2021-08-03,-10452000,354997000,,222874000,132123000,,4.014,-6597000.0,6056000,6056000,104655000.0,-4815000.0,1.655,0.613,54463000,54172000,291000,54463000,0,1598000.0,0,0.0,0.0,-4267000.0,-2669000.0,-0.019,-2669000.0,-4267000.0,-5528000.0,-0.093,-0.093,-0.093,220061000,,220061000,731539749,-322.0,70.537,-3526000.0,-0.064,1.0,37353000.0,0.263,100109000,1261000.0,168650000,,61937000,6316000,6241000,75000,134936000,134645000,291000,683132749,-9290000.0,2263000.0,50000.0,-11716000.0,0.0,-8677000.0,-4334000.0,0.0,3071000.0,650000.0,-4815000.0,-4815000.0,-4815000.0,0.0,0.0,-0.034,35122000.0,2231000.0,60223000,0.0,3.104,-79.619,-74.09,11033000,0.0,12.373,1.515,1.397,94950000,16239000,142008000.0,142008000.0,1205000.0,,,,,-5053000.0,32319000.0,1.0,55211570,54825000,54825000.0,2.59,254888000,21765000,-713000.0,0,4.649,88229000
79,TTWO,ARQ,2001-06-30,2001-09-14,2001-07-31,2021-08-03,-9877000,360209000,,206712000,153497000,,4.671,-2299000.0,15346000,15346000,51229000.0,409000.0,1.724,0.499,69085000,69085000,0,69085000,0,3821000.0,0,0.0,0.0,3255000.0,7076000.0,0.084,7076000.0,3255000.0,1291000.0,0.007,0.007,0.007,240281000,,240281000,472819479,20.0,12.746,-1373000.0,-0.027,1.0,33273000.0,0.394,123520000,1964000.0,170500000,,52674000,7815000,2808000,5007000,119928000,119928000,0,419080479,8460000.0,231000.0,20842000.0,-26086000.0,0.0,10687000.0,-2068000.0,0.0,926000.0,-1085000.0,409000.0,409000.0,409000.0,0.0,0.0,0.005,29159000.0,4114000.0,35275000,0.0,1.744,43.617,33.599,10397000,0.0,7.627,0.971,0.909,86380000,39600000,84502000.0,84502000.0,1984000.0,,,,,3996000.0,23354000.0,1.0,54946962,51439500,53653500.0,1.643,236689000,8345000,882000.0,0,4.601,86784000
80,TTWO,ARQ,2001-03-31,2001-06-08,2001-04-30,2021-08-03,-9911000,353391000,,209557000,143834000,,4.054,-1444000.0,6886000,6886000,58372000.0,-11924000.0,1.483,0.78,91283000,77723000,13560000,91283000,0,4208000.0,0,0.0,0.0,-16523000.0,-12315000.0,-0.132,-12315000.0,-16523000.0,-18878000.0,-0.247,-0.247,-0.247,198497000,,198497000,891683849,33.0,21.879,546000.0,0.011,1.0,34948000.0,0.374,124482000,2355000.0,171972000,,48454000,6792000,1714000,5078000,154894000,141334000,13560000,807286849,-6772000.0,0.0,0.0,-8649000.0,0.0,-5833000.0,-1444000.0,0.0,1990000.0,-1485000.0,-11924000.0,-11924000.0,-11924000.0,0.0,0.0,-0.128,30717000.0,4231000.0,43860000,0.0,4.067,63.827,52.643,8606000,0.0,15.793,1.928,1.847,104219000,39191000,93320000.0,93320000.0,1601000.0,,,,,989000.0,20721000.0,1.0,51116751,48961107,48961107.0,1.906,228909000,8345000,-6954000.0,0,4.675,68223000
81,TTWO,ARQ,2000-12-31,2001-03-19,2001-01-31,2021-08-03,-16312000,389398000,,229989000,159409000,,4.277,-1333000.0,13658000,13658000,88222000.0,7750000.0,1.365,0.876,95586000,82192000,13394000,95586000,0,3014000.0,0,0.0,0.0,15265000.0,18279000.0,0.139,18279000.0,15265000.0,12335000.0,0.16,0.16,0.16,207525000,,207525000,492853885,10.0,7.934,19999000.0,0.412,1.0,43004000.0,0.328,124762000,2930000.0,178085000,,46730000,26393000,1990000,24403000,181873000,168479000,13394000,410925885,8413000.0,-4300000.0,0.0,-9162000.0,0.0,-7967000.0,-5633000.0,0.0,21332000.0,681000.0,7750000.0,7750000.0,7750000.0,0.0,0.0,0.059,27739000.0,15265000.0,62720000,0.0,1.98,14.715,13.1,6082000,0.0,8.292,1.039,1.018,132165000,51115000,131226000.0,131226000.0,1400000.0,,,,,68000.0,23325000.0,1.0,49556908,48520560,49438362.0,2.705,264636000,666000,4585000.0,0,5.454,61510000
82,TTWO,ARQ,2000-09-30,2001-01-29,2000-10-31,2021-08-03,-14408000,351641000,,214908000,136733000,,3.985,-475080.0,5245000,5245000,79640846.0,13373161.0,1.414,0.88,97310000,84694000,12616000,97310000,0,2123070.0,0,0.0,0.0,21933431.0,24056501.0,0.196,24056501.0,21933431.0,20381139.0,0.307,0.3,0.307,187002000,,187002000,454708538,10.0,8.404,-26535246.0,-0.565,1.0,42966769.0,0.35,100118000,1552292.0,191565000,,44922000,31413000,2926000,28487000,164639000,152023000,12616000,362643538,2614494.0,-109975.0,2596603.0,38072818.0,0.0,37228766.0,-3274555.0,-2689500.0,-26060166.0,-5279551.0,13373161.0,13373161.0,13373161.0,0.0,0.0,0.109,21620021.0,21346748.0,47972000,0.0,1.939,14.527,12.081,5260000,0.0,7.333,0.937,0.776,134877000,43365000,122607615.0,122607615.0,1021955.0,,,,,2843000.0,19294277.0,1.0,49453640,46927437,48513818.0,2.613,251523000,666000,7007978.0,0,5.36,62885000
83,TTWO,ARQ,2000-06-30,2000-09-14,2000-07-31,2021-08-03,-6484819,299368847,,164962997,134405850,,4.176,-1181011.0,2631068,2631068,40100344.0,3448971.0,1.602,0.644,59012506,46561363,12451143,59012506,0,4105476.0,0,0.0,0.0,6629342.0,10734818.0,0.15,10734818.0,6629342.0,4993724.0,0.08,0.08,0.08,182054720,,182054720,548531450,15.0,12.008,-8948909.0,-0.205,1.0,31372243.0,0.439,126239033,1635618.0,126538221,,41214022,3559399,3559399,0,117314127,102973031,14341096,492150012,-554598.0,-241514.0,11696260.0,-6706213.0,0.0,4990047.0,3119975.0,4542500.0,-7767898.0,-896722.0,3448971.0,3448971.0,3448971.0,0.0,0.0,0.048,24742901.0,6629342.0,38730790,0.0,2.703,23.709,17.847,6230260,0.0,10.583,1.274,1.194,85173092,31096526,71472587.0,71472587.0,1656737.0,,,,,-24766.0,18161407.0,1.0,46503828,43592248,44818898.0,1.64,173129814,2357249,1544753.0,0,3.972,61989966
84,TTWO,ARQ,2000-03-31,2000-06-14,2000-04-30,2021-08-03,-2676246,295040233,,169367886,125672347,,4.158,-334627.0,3185666,3185666,41781203.0,3354211.0,1.275,0.841,68255671,68211410,44261,68255671,0,2173787.0,0,0.0,0.0,6874064.0,9047851.0,0.129,9047851.0,6874064.0,5499310.0,0.087,0.087,0.087,160274132,,160274132,433389302,13.0,10.835,-16286665.0,-0.423,1.0,28254870.0,0.403,115958200,1374754.0,111329198,,39205394,11113750,7013750,4100000,134766101,132822840,1943261,368319297,-16069512.0,-5092694.0,11963188.0,-6370923.0,0.0,8630330.0,-7402321.0,-1975000.0,-15952038.0,-1345483.0,3354211.0,3354211.0,3354211.0,0.0,0.0,0.048,20774428.0,7480442.0,39578580,0.0,2.298,18.4,14.334,5539147,0.0,8.5,0.973,0.866,82628593,27647555,70036073.0,70036073.0,1363870.0,,,,,15742.0,17236771.0,1.0,43331682,38548278,40228766.0,1.817,179082033,2004689,2145099.0,0,4.646,36545046
85,TTWO,ARQ,1999-12-31,2000-03-16,2000-01-31,2021-08-03,-1833263,250101045,,202953577,47147468,,2.627,-890282.0,19255178,19255178,86273609.0,4786658.0,1.279,1.736,74584224,74569815,14409,74584224,0,1402667.0,0,0.0,0.0,8861164.0,10263831.0,0.084,10263831.0,8861164.0,7354828.0,0.14,0.133,0.14,91406034,,91406034,405527487,13.0,11.638,-6369180.0,-0.183,1.0,36616117.0,0.298,33609466,1506336.0,113140023,,45958636,7898363,0,7898363,158695011,158680602,14409,350198441,8880616.0,-458817.0,1949949.0,18362318.0,0.0,20714857.0,-5349099.0,-4000000.0,-5478898.0,-1006244.0,4786658.0,4786658.0,4786658.0,0.0,0.0,0.039,27598650.0,9017467.0,56832836,0.0,3.831,19.216,17.709,4692271,0.0,9.917,0.971,0.957,95442481,23188283,122889726.0,122889726.0,1625437.0,,,,,9024.0,24570546.0,1.0,35312942,34799092,36716900.0,3.531,216491579,2004689,2568170.0,0,6.221,44272975
86,TTWO,ARQ,1999-09-30,2000-01-27,1999-10-31,2021-08-03,-827019,232716377,,188974183,43742194,,2.473,-308485.0,10374562,10374562,81567866.0,9168271.0,1.281,1.735,56221906,56143661,78245,56221906,0,1078520.0,0,0.0,0.0,14557274.0,15635794.0,0.128,15635794.0,14557274.0,13700743.0,0.287,0.28,0.287,85102917,,85102917,327262217,12.0,10.852,-7437493.0,-0.216,1.0,40355537.0,0.331,33083653,856531.0,97944853,,41299838,4054668,0,4054668,147613460,147535215,78245,281414873,7456421.0,-15367504.0,197565.0,30475926.0,0.0,30673454.0,-15675989.0,0.0,-7129008.0,-412036.0,9168271.0,9168271.0,9168271.0,0.0,0.0,0.075,25641958.0,14713579.0,71229744,0.0,3.307,17.231,15.199,4120317,0.0,8.01,0.92,0.813,108802903,18401625,121923403.0,121923403.0,3051714.0,,,,,448875.0,21445107.0,1.0,35132943,34408149,33664350.0,3.543,199632724,2004689,4532472.0,0,5.802,41438968
87,TTWO,ARQ,1999-06-30,1999-09-07,1999-07-31,2021-08-03,-562432,147802459,,123982998,23819461,,2.216,-993921.0,2918141,2918141,43931101.0,2707824.0,1.694,0.982,25038577,25013276,25301,25038577,0,730146.0,0,0.0,0.0,4319917.0,5050063.0,0.079,5050063.0,4319917.0,3866092.0,0.08,0.08,0.08,74576390,,74576390,226608912,12.0,10.617,-7866763.0,-0.234,1.0,19631369.0,0.309,14441523,453825.0,82280604,,33528830,4110973,0,4110973,73226069,73200768,25301,204488476,1470996.0,-2581106.0,22074065.0,-10300089.0,0.0,11774013.0,-3575027.0,0.0,-6872842.0,144852.0,2707824.0,2707824.0,2707824.0,0.0,0.0,0.043,15422425.0,4208944.0,33665640,0.0,2.742,18.455,15.056,3728281,0.0,5.917,0.664,0.646,63261214,9233354,63562470.0,63562470.0,986845.0,,,,,1121474.0,13705434.0,1.0,34559486,33660820,34938812.0,1.888,133360936,0,1158268.0,0,3.962,50782230
88,TTWO,ARQ,1999-03-31,1999-06-14,1999-04-30,2021-08-03,-398820,118922190,,97856621,21065569,,1.692,-691642.0,1447145,1447145,36085017.0,1561172.0,1.393,1.446,35338174,35296070,42104,35338174,0,560006.0,0,0.0,0.0,3334155.0,3894161.0,0.075,3894161.0,3334155.0,2551202.0,0.053,0.053,0.053,48613851,,48613851,202529764,13.0,11.785,-3613322.0,-0.126,1.0,16080315.0,0.308,15105304,782953.0,67441680,,24067656,1332000,0,1332000,70308339,70266235,42104,168638735,-3314251.0,-1413712.0,807918.0,1054268.0,0.0,2086075.0,-2105354.0,0.0,-2921680.0,-373292.0,1561172.0,1561172.0,1561172.0,0.0,0.0,0.03,12746160.0,3334155.0,22171619,0.0,3.469,19.608,15.037,3043923,0.0,4.917,0.633,0.53,47381170,6525530,52165332.0,52165332.0,632005.0,,,,,278337.0,11496645.0,1.0,34297078,28728564,31126680.0,1.816,103816886,941000,990030.0,0,3.614,27590386
89,TTWO,ARQ,1998-12-31,1999-03-17,1999-01-31,2021-08-03,-261142,107641084,,94009153,13631931,,1.445,-184408.0,4761396,4761396,53537840.0,2894836.0,1.382,1.727,32060048,31914217,145831,32060048,0,453415.0,0,0.0,0.0,5124553.0,5577968.0,0.082,5577968.0,5124553.0,4308036.0,0.107,0.1,0.107,39466569,,39466569,196251306,15.0,13.182,-6565.0,0.0,1.0,14742813.0,0.216,10541831,816517.0,56369221,,23074122,0,0,0,68174515,68028684,145831,168952654,1998559.0,0.0,1157897.0,1087361.0,0.0,2245258.0,-184408.0,0.0,177843.0,-240134.0,2894836.0,2894836.0,2894836.0,0.0,0.0,0.042,9618260.0,5124553.0,22435940,0.0,4.281,22.032,19.304,1967358,0.0,6.042,0.712,0.696,47493189,4964358,68280653.0,68280653.0,592144.0,,,,,157876.0,8572701.0,1.0,27963034,27318360,29301616.0,2.499,97099253,941000,1413200.0,0,3.554,25980469
90,TTWO,ARQ,1998-09-30,1999-01-29,1998-10-31,2021-08-03,-7433,108533893,,94601740,13932153,,1.721,-398624.0,2713930,2713930,102194864.0,4847607.0,1.297,2.066,30671900,30454359,217541,30671900,0,700456.0,0,0.0,0.0,6120701.0,6821157.0,0.055,6821157.0,6120701.0,4378142.0,0.153,0.14,0.153,35398051,,35398051,267670801,26.0,22.194,-5894718.0,-0.287,1.0,21979778.0,0.177,10582254,1742559.0,52991308,,25750541,0,0,0,73135842,72918301,217541,239712831,2036803.0,0.0,-13401.0,7963031.0,0.0,7949630.0,-165479.0,0.0,-5496094.0,-251254.0,4847607.0,3916607.0,3916607.0,0.0,0.0,0.032,15859077.0,6120701.0,31598864,0.0,6.772,39.855,29.72,1927967,931000.0,8.708,1.255,0.937,48863173,1903005,124174642.0,124174642.0,51923.0,,,,,42750.0,15106698.0,1.0,27527886,20570277,24044205.0,6.037,97951639,941000,-469465.0,0,4.762,21683439
91,TTWO,ARQ,1998-06-30,1998-09-14,1998-07-31,2021-08-03,426332,49802211,,38147754,11654457,,1.979,-19909.0,196444,196444,14077291.0,165254.0,2.181,0.555,6462643,6205416,257227,6462643,0,394063.0,0,0.0,0.0,498698.0,892761.0,0.041,892761.0,498698.0,283485.0,0.013,0.013,0.013,32025256,,32025256,94657814,,,-5880311.0,-0.363,1.0,7829190.0,0.357,9812773,215213.0,28760908,,5342430,0,0,0,17776955,17494729,282226,88391614,-242118.0,0.0,5062002.0,534294.0,0.0,5596296.0,-19909.0,0.0,-5860402.0,41897.0,227901.0,227901.0,227901.0,0.0,-62647.0,0.01,7393139.0,436051.0,5584374,0.0,2.76,,,1553629,0.0,3.5,,,12773174,-3815314,21906481.0,21906481.0,467976.0,,,,,39875.0,6531099.0,1.0,25254747,16182843,21241444.0,1.354,39989438,0,55584.0,0,2.471,20653025
92,TTWO,ARQ,1998-03-31,1998-06-15,1998-04-30,2021-08-03,332595,47460624,,35098851,12361773,,1.774,-166490.0,438562,438562,14955064.0,629153.0,1.7,0.804,6057497,5548094,509403,6057497,0,358847.0,0,0.0,0.0,1237608.0,1596455.0,0.07,1596455.0,1237608.0,637089.0,0.04,0.033,0.04,26302312,,26302312,77932372,,,1019087.0,0.069,1.0,7967049.0,0.348,10571636,600519.0,21859014,,7387278,0,0,0,21158312,20648909,509403,72313437,-648759.0,0.0,1009996.0,-2787393.0,0.0,-1777714.0,-399635.0,0.0,1185577.0,343013.0,629153.0,629153.0,629153.0,0.0,0.0,0.027,6504046.0,1463003.0,5871083,0.0,2.749,,,1562637,0.0,4.417,,,13031527,-3910872,22922113.0,22922113.0,429512.0,,,,,34950.0,5715687.0,1.0,16371618,14829968,18986349.0,1.546,36888988,0,7936.0,0,2.487,14449942
93,TTWO,ARQ,1997-12-31,1998-02-25,1998-01-31,2021-08-03,-10418,30647961,,18119202,12528759,,0.899,-29669.0,1087321,1087321,14981636.0,1240989.0,1.056,1.399,8906757,8196857,709900,8906757,0,337135.0,0,0.0,0.0,2413101.0,2750236.0,0.125,2750236.0,2413101.0,1281972.0,0.087,0.08,0.087,12777158,,12777158,78000992,,,2445015.0,0.172,1.0,7086801.0,0.321,11043288,1131129.0,10263206,,6067152,0,0,0,17870803,17160903,709900,70181556,-795594.0,-1186874.0,45000.0,-2088317.0,0.0,-2043317.0,-1216543.0,0.0,2474684.0,-10418.0,1240989.0,1240989.0,1240989.0,0.0,0.0,0.056,4673700.0,2413101.0,5386108,0.0,5.493,,,1226420,0.0,4.75,,,7226898,-4540026,22068437.0,22068437.0,454248.0,,,,,4312.0,3882317.0,1.0,14775064,14212564,16633762.0,1.553,19604673,0,40983.0,0,1.379,958299
94,TTWO,ARQ,1997-09-30,1998-02-06,1997-10-31,2021-08-03,-130706,25090200,,12898117,12192083,,0.79,,1882915,1882915,,,0.899,1.539,6404886,5625008,779878,6404886,0,,0,0.0,0.0,,,,,,,,,,9881888,,9881888,71548642,-23.0,-31.342,,,1.0,,,10570765,,4700315,,1149590,0,0,0,15208312,14341091,867221,67026671,,,,,,,,,,,,,,,,,,,5437419,,6.783,-14.896,-12.731,1207614,,4.583,3.525,3.015,4666862,-5650307,,,,,,,,,,1.0,14625064,12509144,,,14519435,0,,0,1.161,-1442974
0,TTWO,ART,2021-06-30,2021-08-03,2021-06-30,2021-08-03,-2770000,6314255000,6036181500.0,4013612000,2300643000,0.556,31.059,-146451000.0,2157378000,2157378000,1388111000.0,652637000.0,1.854,0.741,188312000,31361000,156951000,188312000,875838000,200049000.0,0,0.0,0.0,759348000.0,959397000.0,0.286,959397000.0,759348000.0,758899000.0,5.68,5.62,5.68,3618932000,3251849250.0,3618932000,16657554394,22.0,17.363,468686000.0,4.022,1.0,1966697000.0,0.586,1573125000,449000.0,606735000,495542250.0,11491000,1135188000,1135188000,0,2682948000,2165329000,517619000,18626620394,-3894000.0,-200356000.0,16941000.0,0.0,0.0,-64366000.0,-573116000.0,-226309000.0,615137000.0,18451000.0,652637000.0,652637000.0,652637000.0,0.0,0.0,0.195,1248982000.0,717715000.0,67136000,0.0,5.147,28.541,28.144,388344000,0.0,159.86,5.552,5.552,487171000,2023227000,3354808000.0,3354808000.0,336497000.0,0.108,0.201,1.532,0.226,106111000.0,857017000.0,1.0,116518331,116518331,,28.792,4741130000,78383000,106262000.0,0,40.69,1848283000
1,TTWO,ART,2021-03-31,2021-05-19,2021-03-31,2021-08-03,-8664000,6028218000,5799928000.0,4220515000,1807703000,0.582,28.809,-68923000.0,2060247000,2060247000,1535085000.0,588886000.0,1.889,0.809,191266000,31595000,159671000,191266000,965331000,232813000.0,0,0.0,0.0,669020000.0,901833000.0,0.267,901833000.0,669020000.0,677816000.0,5.14,5.09,5.14,3331892000,3009873250.0,3331892000,18873939280,28.0,20.928,843395000.0,7.292,1.0,1837687000.0,0.545,1191232000,-8796000.0,733290000,434381000.0,17742000,1308692000,1308692000,0,2696326000,2234715000,461611000,20742920280,66855000.0,-102469000.0,14214000.0,0.0,0.0,-57338000.0,-806724000.0,-635332000.0,912318000.0,18599000.0,588886000.0,588886000.0,588886000.0,0.0,0.0,0.175,1208303000.0,629384000.0,71001000,0.0,6.226,35.224,34.893,314127000,0.0,179.35,6.15,6.15,552762000,1870971000,3372772000.0,3372772000.0,317311000.0,0.102,0.196,1.54,0.198,110472000.0,835668000.0,1.0,115656093,115656093,,29.162,4836986000,90206000,88930000.0,0,41.822,1985800000
2,TTWO,ART,2020-12-31,2021-02-09,2020-12-31,2021-08-03,-5584000,5966099000,5530081500.0,4159959000,1806140000,0.596,27.395,-58801000.0,2512789000,2512789000,1651078000.0,492796000.0,1.776,0.891,187375000,30540000,156835000,187375000,1023289000,239656000.0,0,0.0,0.0,528754000.0,768410000.0,0.233,768410000.0,528754000.0,548859000.0,4.32,4.27,4.32,3155291000,2811711250.0,3155291000,20745821072,39.0,26.998,974563000.0,8.461,1.0,1642804000.0,0.499,1137639000,-20105000.0,161257000,304633250.0,26733000,772683000,772683000,0,2810808000,2341789000,469019000,23071235072,770355000.0,-79525000.0,14215000.0,0.0,0.0,-63079000.0,-209773000.0,-71447000.0,1033364000.0,9843000.0,492796000.0,492796000.0,492796000.0,0.0,0.0,0.15,1147353000.0,495451000.0,100159000,0.0,7.312,46.817,46.368,297007000,0.0,200.31,7.004,7.004,581136000,1652159000,3293882000.0,3293882000.0,302470000.0,0.089,0.175,1.736,0.161,221118000.0,792787000.0,1.0,115177650,115177650,,28.598,4828460000,127312000,56063000.0,0,41.922,1818170000
3,TTWO,ART,2020-09-30,2020-11-06,2020-09-30,2021-08-03,-34824000,5836154000,5258465000.0,3932098000,1904056000,0.64,25.224,-52873000.0,2084780000,2084780000,1741927000.0,474190000.0,1.691,1.012,179844000,29051000,150793000,179844000,1095944000,259491000.0,0,0.0,0.0,490239000.0,749730000.0,0.223,749730000.0,490239000.0,521189000.0,4.18,4.13,4.18,2901282000,2623397250.0,2901282000,18245701783,37.0,24.336,1115392000.0,9.697,1.0,1621195000.0,0.482,1124496000,-30950000.0,480887000,331171750.0,26934000,1040786000,1040786000,0,2934872000,2325835000,609037000,20150637783,654377000.0,-78807000.0,17018000.0,0.0,0.0,-57674000.0,-462375000.0,-330695000.0,1168265000.0,6161000.0,474190000.0,474190000.0,474190000.0,0.0,0.0,0.141,1124968000.0,496227000.0,85103000,0.0,6.945,42.495,41.911,289714000,0.0,175.19,5.992,5.992,787818000,1469911000,3363122000.0,3363122000.0,298562000.0,0.09,0.181,1.48,0.146,243401000.0,775856000.0,1.0,115021621,115021621,,29.239,4711658000,117692000,46999000.0,0,40.963,1606263000
4,TTWO,ART,2020-06-30,2020-08-04,2020-06-30,2021-08-03,-52131000,5369241000,5003204250.0,3686933000,1682308000,0.676,23.186,-52318000.0,2161272000,2161272000,1777670000.0,446684000.0,1.716,1.025,181108000,27602000,153506000,181108000,960951000,264650000.0,0,0.0,0.0,450347000.0,714997000.0,0.212,714997000.0,450347000.0,486645000.0,3.94,3.9,3.94,2651028000,2443517500.0,2651028000,18317266522,41.0,25.619,970248000.0,8.486,1.0,1602151000.0,0.474,878247000,-36298000.0,362090000,261113750.0,19486000,880825000,880825000,0,2718213000,2148740000,569473000,20297430522,549277000.0,-3325000.0,17018000.0,0.0,0.0,-57338000.0,-410209000.0,-354566000.0,1022566000.0,-5742000.0,446684000.0,446684000.0,446684000.0,0.0,0.0,0.132,1146471000.0,455680000.0,56410000,0.0,7.656,45.44,45.056,286922000,0.0,177.52,6.005,6.005,685169000,1370590000,3379821000.0,3379821000.0,300543000.0,0.089,0.183,1.725,0.133,253860000.0,796957000.0,1.0,114338838,114338838,,29.56,4490994000,120892000,39961000.0,0,39.278,1538193000
5,TTWO,ART,2020-03-31,2020-05-22,2020-03-31,2021-08-03,-58376000,4948832000,4752449500.0,3493351000,1455481000,0.65,22.285,-53384000.0,1993392000,1993392000,1542450000.0,404459000.0,1.714,0.949,177246000,25187000,152059000,177246000,806123000,236543000.0,0,0.0,0.0,419934000.0,656477000.0,0.213,656477000.0,419934000.0,458439000.0,3.58,3.54,3.58,2539244000,2302342250.0,2539244000,14193951208,34.0,21.621,632294000.0,5.549,1.0,1546520000.0,0.501,879848000,-38505000.0,214299000,132607250.0,19108000,644003000,644003000,0,2409588000,2038539000,371049000,16010097208,601406000.0,-12040000.0,10515000.0,0.0,0.0,-77453000.0,4049000.0,69473000.0,685678000.0,-10868000.0,404459000.0,404459000.0,404459000.0,0.0,0.0,0.131,1121253000.0,425267000.0,65684000,0.0,6.305,39.584,39.249,286172000,0.0,140.51,5.183,5.183,592555000,1282085000,3088970000.0,3088970000.0,296398000.0,0.085,0.176,3.167,0.136,257881000.0,776659000.0,1.0,113942760,113942760,,27.11,4068984000,116676000,53980000.0,0,35.711,1454812000
6,TTWO,ART,2019-12-31,2020-02-07,2019-12-31,2021-08-03,-38487000,4879633000,4576007750.0,3435037000,1444596000,0.627,21.177,-58113000.0,1742434000,1742434000,1405724000.0,338567000.0,1.639,1.031,175508000,24108000,151400000,175508000,874776000,226959000.0,0,0.0,0.0,361445000.0,588404000.0,0.205,588404000.0,361445000.0,398333000.0,2.99,2.96,2.99,2402035000,2177676250.0,2402035000,11204652770,31.0,19.042,835178000.0,7.363,1.0,1461712000.0,0.51,948965000,-36888000.0,267411000,32066750.0,24426000,699269000,699269000,0,2477598000,2096331000,381267000,12771578770,446939000.0,-37040000.0,-89485000.0,0.0,0.0,-176201000.0,-272931000.0,-177778000.0,893291000.0,2780000.0,338567000.0,338567000.0,338567000.0,0.0,0.0,0.118,1100267000.0,361445000.0,82491000,0.0,5.317,37.722,37.659,280470000,0.0,112.6,4.454,4.454,647460000,1159363000,2867436000.0,2867436000.0,284268000.0,0.074,0.155,11.272,0.126,245689000.0,767626000.0,1.0,113424323,113424323,,25.281,3930668000,110831000,59766000.0,0,34.655,1338706000
7,TTWO,ART,2019-09-30,2019-11-08,2019-09-30,2021-08-03,-54462000,4815111000,4452889500.0,3388333000,1426778000,0.716,19.249,-63357000.0,1430403000,1430403000,1867115000.0,354873000.0,1.479,1.207,141062000,22273000,118789000,141062000,927191000,321346000.0,0,0.0,0.0,236391000.0,557737000.0,0.175,557737000.0,236391000.0,269407000.0,3.14,3.1,3.14,2181763000,2084034250.0,2181763000,11967717336,51.0,21.458,1130351000.0,9.972,1.0,1318930000.0,0.414,1034887000,-33016000.0,200655000,-60222250.0,39293000,742613000,742613000,0,2633348000,2290228000,343120000,13257058336,597309000.0,-33715000.0,-208892000.0,0.0,0.0,-307696000.0,-279465000.0,-182393000.0,1193708000.0,-9238000.0,354873000.0,354873000.0,354873000.0,0.0,0.0,0.111,1082539000.0,236391000.0,114946000,0.0,6.076,37.357,37.248,248481000,0.0,116.96,4.161,4.161,858597000,995721000,3186045000.0,3186045000.0,264053000.0,0.08,0.17,-3.925,0.074,305958000.0,777987000.0,1.0,113346942,113346942,,28.109,3780224000,110167000,-85466000.0,0,33.351,1098105000
8,TTWO,ART,2019-06-30,2019-08-06,2019-06-30,2021-08-03,-43988000,4366222000,4162909000.0,2821079000,1545143000,0.678,18.434,-62651000.0,1611995000,1611995000,1633747000.0,308425000.0,1.453,1.093,146922000,21794000,125128000,146922000,848182000,290470000.0,0,0.0,0.0,187557000.0,478027000.0,0.169,478027000.0,187557000.0,217494000.0,2.73,2.69,2.73,2086327000,2024703250.0,2086327000,12632391510,67.0,26.426,900582000.0,7.957,1.0,1187124000.0,0.421,1111079000,-29937000.0,-151936000,-104351000.0,23847000,557653000,557653000,0,2279895000,1942006000,337889000,14097464510,637811000.0,-33715000.0,-208892000.0,0.0,0.0,-303900000.0,-16785000.0,79581000.0,963233000.0,-4737000.0,308425000.0,308425000.0,308425000.0,0.0,0.0,0.109,999567000.0,187557000.0,55379000,0.0,6.757,45.708,45.626,251252000,0.0,124.56,4.998,4.998,352625000,923906000,2820871000.0,2820871000.0,248421000.0,0.074,0.152,-1.797,0.066,280534000.0,713247000.0,1.0,113178103,113178103,,24.924,3255143000,108979000,-90931000.0,0,28.761,879073000
9,TTWO,ART,2019-03-31,2019-05-14,2019-03-31,2021-08-03,-37189000,4243065000,3935354500.0,2827835000,1415230000,0.678,18.132,-66969000.0,1391986000,1391986000,1523644000.0,333837000.0,1.449,1.079,0,0,0,0,864360000,264826000.0,0,0.0,0.0,206672000.0,471498000.0,0.177,471498000.0,206672000.0,232785000.0,2.95,2.9,2.95,2040580000,1966172750.0,2040580000,10261686429,50.0,21.764,776546000.0,6.9,1.0,1144750000.0,0.429,1087148000,-26113000.0,-187863000,-95365000.0,28200000,744485000,744485000,0,2202485000,1951794000,250691000,11653672429,145615000.0,-28149000.0,-362392000.0,0.0,0.0,-463685000.0,-223576000.0,-128458000.0,843515000.0,-10639000.0,333837000.0,333837000.0,333837000.0,0.0,0.0,0.125,938078000.0,206672000.0,72797000,0.0,5.711,34.908,35.102,127882000,0.0,103.55,4.367,4.367,395729000,877626000,2668394000.0,2668394000.0,230170000.0,0.085,0.17,-2.167,0.077,247700000.0,672634000.0,1.0,112541501,112541501,,23.71,3155917000,134732000,-101052000.0,0,28.042,876041000
10,TTWO,ART,2018-12-31,2019-02-06,2018-12-31,2021-08-03,-50954000,4387160000,3809048500.0,2974773000,1412387000,0.677,17.917,-57725000.0,1295495000,1295495000,1453940000.0,367861000.0,1.417,1.164,0,0,0,0,887548000,248387000.0,0,0.0,0.0,236436000.0,484823000.0,0.188,484823000.0,236436000.0,259534000.0,3.25,3.21,3.25,2027467000,1828270250.0,2027467000,9175379123,39.0,18.925,522336000.0,4.616,1.0,1125721000.0,0.436,1094052000,-23098000.0,-101745000,-149213000.0,39786000,545734000,545734000,0,2359693000,2099358000,260335000,10470874123,83642000.0,-3149000.0,-307048000.0,0.0,0.0,-424630000.0,-67034000.0,-6160000.0,580061000.0,-4755000.0,367861000.0,367861000.0,367861000.0,0.0,0.0,0.143,889285000.0,236436000.0,74615000,0.0,5.165,28.464,28.471,114672000,0.0,92.53,4.059,4.059,823482000,820796000,2579661000.0,2579661000.0,227710000.0,0.097,0.201,-1.585,0.092,198847000.0,627387000.0,1.0,113161938,113161938,,22.796,3293108000,146216000,-108327000.0,0,29.101,875415000
11,TTWO,ART,2018-09-30,2018-11-08,2018-09-30,2021-08-03,-37199000,3655189000,3632911000.0,2191736000,1463453000,0.499,17.076,-57984000.0,833094000,833094000,823439000.0,213053000.0,1.471,0.88,0,0,0,0,574431000,129710000.0,0,0.0,0.0,193509000.0,323219000.0,0.178,323219000.0,193509000.0,211910000.0,1.88,1.85,1.88,1944439000,1671608500.0,1944439000,12733625016,66.0,39.396,128859000.0,1.132,1.0,988324000.0,0.546,1308166000,-18401000.0,24140000,-286028000.0,40541000,562952000,562952000,0,1710750000,1489789000,220961000,13566719016,-353930000.0,-12550000.0,-308292000.0,0.0,0.0,-412809000.0,-130663000.0,-60129000.0,186843000.0,2699000.0,213053000.0,213053000.0,213053000.0,0.0,0.0,0.118,794815000.0,193509000.0,77298000,0.0,6.977,63.678,63.372,110900000,0.0,119.14,7.488,7.488,534633000,640849000,1811763000.0,1811763000.0,215382000.0,0.059,0.127,-0.677,0.107,88207000.0,540891000.0,1.0,113872075,113872075,,15.911,2347023000,0,-1143000.0,0,20.611,701947000
12,TTWO,ART,2018-06-30,2018-08-03,2018-06-30,2021-08-03,-41015000,3456004000,3643208750.0,2074347000,1381657000,0.484,16.272,-59754000.0,974184000,974184000,835107000.0,184950000.0,1.491,0.866,5232000,0,5232000,5232000,466429000,134958000.0,0,0.0,0.0,156204000.0,291162000.0,0.165,291162000.0,156204000.0,166661000.0,1.63,1.6,1.63,1852205000,1553610250.0,1852205000,13078588260,84.0,44.919,341638000.0,3.001,1.0,927551000.0,0.526,1211828000,-10457000.0,-115992000,-405919750.0,10642000,637456000,637456000,0,1603799000,1391216000,212583000,14047540260,-291326000.0,-13134000.0,-308292000.0,0.0,0.0,-435681000.0,-266410000.0,-193522000.0,401392000.0,9373000.0,184950000.0,184950000.0,184950000.0,0.0,0.0,0.105,771347000.0,156204000.0,33767000,0.0,7.584,75.953,75.712,105852000,0.0,123.41,7.97,7.97,239736000,615482000,1762658000.0,1762658000.0,204816000.0,0.051,0.119,-0.385,0.089,116876000.0,517144000.0,1.0,113828217,113828217,,15.485,2244176000,0,-18289000.0,0,19.715,683131000
13,TTWO,ART,2018-03-31,2018-05-17,2018-03-31,2021-08-03,-15732000,3737841000,3584100250.0,2409177000,1328664000,0.5,13.018,-61557000.0,1246371000,1246371000,898311000.0,173533000.0,1.395,1.51,8068000,0,8068000,8068000,1132741000,144919000.0,0,0.0,0.0,135577000.0,280496000.0,0.156,280496000.0,135577000.0,136625000.0,1.57,1.54,1.57,1488970000,1365497750.0,1488970000,11787248581,87.0,42.023,332390000.0,2.906,1.0,894581000.0,0.499,1175864000,-1048000.0,-403255000,-440442250.0,15162000,615406000,615406000,0,2248871000,1726929000,521942000,13025551581,-134423000.0,-35366000.0,-154792000.0,0.0,0.0,-281467000.0,-271827000.0,-174904000.0,393947000.0,24924000.0,173533000.0,173533000.0,173533000.0,0.0,0.0,0.097,759004000.0,135577000.0,35029000,0.0,8.748,75.061,72.535,102478000,0.0,113.88,7.265,7.265,247649000,73516000,1792892000.0,1792892000.0,196373000.0,0.048,0.127,-0.308,0.076,116349000.0,503920000.0,1.0,114379624,114379624,,15.675,2561977000,0,-36908000.0,0,22.399,682248000
14,TTWO,ART,2017-12-31,2018-02-08,2017-12-31,2021-08-03,-31095000,3682610000,3436928500.0,2447724000,1234886000,0.557,12.245,-54276000.0,1149261000,1149261000,1024000000.0,181960000.0,1.181,1.629,13838000,0,13838000,13838000,1163275000,185738000.0,0,0.0,0.0,159255000.0,344993000.0,0.18,344993000.0,159255000.0,156460000.0,1.86,1.83,1.86,1400820000,1244187250.0,1400820000,10705943687,67.0,31.032,241636000.0,2.112,1.0,890174000.0,0.465,1124075000,2795000.0,-649005000,-454386250.0,30857000,547329000,547329000,0,2281790000,2072117000,209673000,11841366687,-264975000.0,-165285000.0,-110136000.0,0.0,0.0,-219603000.0,-359732000.0,-140171000.0,295912000.0,18448000.0,181960000.0,181960000.0,181960000.0,0.0,0.0,0.095,730919000.0,159255000.0,45998000,0.0,8.453,65.077,55.651,96570000,0.0,103.51,6.186,6.186,425931000,-17311000,1914174000.0,1914174000.0,178666000.0,0.053,0.146,-0.35,0.083,122569000.0,496373000.0,1.0,114398287,114398287,,16.733,2558535000,0,-25500000.0,0,22.365,375607000
15,TTWO,ART,2017-09-30,2017-11-08,2017-09-30,2021-08-03,-28472000,3696380000,3288550750.0,2455515000,1240865000,0.581,12.91,-45601000.0,1218727000,1218727000,1067091000.0,126978000.0,1.327,1.51,52369000,0,52369000,52369000,989196000,228521000.0,0,0.0,0.0,121994000.0,350515000.0,0.184,350515000.0,121994000.0,112110000.0,1.31,1.29,1.31,1472446000,1099212500.0,1472446000,12251986509,100.0,34.954,337706000.0,2.961,1.0,842716000.0,0.441,1134945000,9884000.0,-455427000,-418097000.0,36431000,513516000,513516000,0,2223934000,1850504000,373430000,13418344509,-20377000.0,-156634000.0,0.0,0.0,0.0,-106419000.0,-306363000.0,-104128000.0,383307000.0,9098000.0,126978000.0,126978000.0,126978000.0,0.0,0.0,0.066,720722000.0,121994000.0,75810000,0.0,9.113,105.675,89.809,86689000,0.0,117.65,7.026,7.026,429019000,-42451000,1909807000.0,1909807000.0,166278000.0,0.039,0.116,-0.292,0.064,131629000.0,499668000.0,1.0,114053077,114053077,,16.745,2561435000,0,-14868000.0,0,22.458,605011000
16,TTWO,ART,2017-06-30,2017-08-03,2017-06-30,2021-08-03,-37582000,3219570000,3109225750.0,2113136000,1106434000,0.607,10.324,-33029000.0,1234448000,1234448000,1026148000.0,166146000.0,1.441,1.928,212864000,0,212864000,212864000,850965000,230155000.0,0,0.0,0.0,180507000.0,410662000.0,0.218,410662000.0,180507000.0,166514000.0,1.76,1.71,1.76,1099755000,876789250.0,1099755000,8468978949,47.0,20.623,327020000.0,3.07,1.0,860264000.0,0.456,986010000,13993000.0,-254082000,-320706750.0,11636000,452949000,452949000,0,2119815000,1466058000,653757000,9490562949,31784000.0,-156050000.0,0.0,0.0,0.0,-83182000.0,-247330000.0,-58251000.0,360049000.0,2247000.0,166146000.0,166146000.0,166146000.0,0.0,0.0,0.088,679757000.0,180507000.0,36934000,0.0,8.63,57.122,50.619,76613000,0.0,89.09,5.031,5.031,229197000,-39648000,1886412000.0,1886412000.0,146284000.0,0.053,0.189,-0.563,0.096,90850000.0,491802000.0,1.0,106527814,106527814,,17.708,2233560000,0,368000.0,0,20.967,647078000
17,TTWO,ART,2017-03-31,2017-05-24,2017-03-31,2021-08-03,-47142000,3149154000,2939015000.0,2195242000,953912000,0.606,9.666,-21167000.0,1281214000,1281214000,1022959000.0,67303000.0,1.302,2.137,251929000,0,251929000,251929000,913531000,252618000.0,0,0.0,0.0,92655000.0,345273000.0,0.194,345273000.0,92655000.0,76965000.0,0.73,0.72,0.73,1003728000,735235500.0,1003728000,7041956848,76.0,20.395,310262000.0,2.988,1.0,756789000.0,0.425,893008000,15690000.0,-459031000,-249203250.0,16323000,448932000,448932000,0,2145426000,1685892000,459534000,8071241848,144654000.0,-130669000.0,0.0,0.0,0.0,-49772000.0,-129030000.0,22806000.0,331429000.0,-7973000.0,67303000.0,67303000.0,67303000.0,0.0,0.0,0.038,665484000.0,91305000.0,31892000,0.0,8.041,119.924,106.479,67300000,0.0,77.73,4.535,4.535,219558000,-99694000,1779748000.0,1779748000.0,137915000.0,0.023,0.092,-0.372,0.052,81879000.0,496862000.0,1.0,103836895,103836895,,17.14,2256146000,0,9662000.0,0,21.728,509350000
18,TTWO,ART,2016-12-31,2017-02-08,2016-12-31,2021-08-03,-48175000,3089099000,2799295750.0,2451176000,637923000,0.566,8.095,-23070000.0,1317971000,1317971000,917516000.0,14422000.0,1.315,2.763,258876000,0,258876000,258876000,1084648000,211102000.0,0,0.0,0.0,28410000.0,239512000.0,0.151,239512000.0,28410000.0,6854000.0,0.19,0.16,0.19,820921000,629649750.0,820921000,4387646735,154.0,18.319,289014000.0,2.85,1.0,667882000.0,0.421,670035000,21556000.0,-503848000,-86199750.0,26665000,404523000,404523000,0,2268178000,1863817000,404361000,5446741735,204189000.0,-750000.0,0.0,0.0,0.0,-43733000.0,-51432000.0,-27263000.0,312084000.0,-12730000.0,14422000.0,14422000.0,14422000.0,0.0,0.0,0.009,643505000.0,24377000.0,54248000,0.0,6.635,377.669,282.684,65799000,0.0,53.71,3.436,3.436,327430000,-198974000,1585398000.0,1585398000.0,134802000.0,0.005,0.023,-0.33,0.018,71273000.0,478923000.0,1.0,101410198,101410198,,15.634,2419064000,0,-7568000.0,0,23.854,587359000
19,TTWO,ART,2016-09-30,2016-11-03,2016-09-30,2021-08-03,-42871000,2979080000,2673273250.0,2370770000,608310000,0.57,6.732,-19770000.0,1138112000,1138112000,864303000.0,1851000.0,1.379,4.112,511636000,0,511636000,511636000,876150000,186953000.0,0,0.0,0.0,-2378000.0,184575000.0,0.121,184575000.0,-2378000.0,-28237000.0,0.01,-0.02,0.01,582753000,556163000.0,582753000,3553521708,-1494.0,19.252,170712000.0,1.972,1.0,658843000.0,0.433,699236000,25859000.0,-65866000,34505500.0,77561000,404591000,404591000,0,2396327000,1719234000,677093000,4179997708,58290000.0,0.0,0.0,0.0,0.0,-50116000.0,-75477000.0,-55358000.0,190482000.0,-6599000.0,1851000.0,1851000.0,1851000.0,0.0,0.0,0.001,665254000.0,-6411000.0,144756000,0.0,7.173,2258.238,4829.0,68531000,0.0,48.29,2.744,2.744,381587000,-169132000,1523146000.0,1523146000.0,125157000.0,0.001,0.003,-0.069,-0.002,67923000.0,439071000.0,1.0,86560317,86560317,,17.596,2279844000,0,-30088000.0,0,26.338,651536000
20,TTWO,ART,2016-06-30,2016-08-05,2016-06-30,2021-08-03,-41319000,2538727000,2532628000.0,1977672000,561055000,0.573,6.203,-22741000.0,1114832000,1114832000,802638000.0,20154000.0,1.568,3.758,504385000,0,504385000,504385000,758323000,181519000.0,0,0.0,0.0,16859000.0,198378000.0,0.137,198378000.0,16859000.0,-10318000.0,0.22,0.14,0.22,533540000,551491000.0,533540000,2948006457,175.0,14.861,85834000.0,0.998,1.0,647315000.0,0.446,634721000,27177000.0,31932000,93889000.0,12734000,392489000,392489000,0,2005187000,1261627000,743560000,3558453457,-19456000.0,0.0,-26552000.0,0.0,0.0,-73851000.0,-45373000.0,-22283000.0,108575000.0,-8807000.0,20154000.0,20154000.0,20154000.0,0.0,0.0,0.014,634489000.0,12826000.0,37781000,0.0,6.67,176.563,188.045,72414000,0.0,41.37,2.454,2.454,141150000,-205564000,1449953000.0,1449953000.0,119565000.0,0.008,0.037,0.18,0.012,66010000.0,414036000.0,1.0,86015312,86015312,,16.857,1904006000,0,-30472000.0,0,22.136,716045000
21,TTWO,ART,2016-03-31,2016-05-19,2016-03-31,2021-08-03,-37896000,2590277000,2486097250.0,2045276000,545001000,0.569,6.853,-37280000.0,1059911000,1059911000,813873000.0,-8302000.0,1.676,3.455,497935000,0,497935000,497935000,798803000,163272000.0,0,0.0,0.0,-8145000.0,155127000.0,0.11,155127000.0,-8145000.0,-38350000.0,-0.1,-0.1,-0.1,581385000,549815750.0,581385000,2601488298,-319.0,16.77,224025000.0,2.641,1.0,599825000.0,0.424,614907000,30205000.0,192983000,122935500.0,15888000,470820000,470820000,0,2008892000,1220411000,788481000,3163464298,-112378000.0,0.0,-26552000.0,0.0,0.0,-48047000.0,-324516000.0,-286887000.0,261305000.0,-1120000.0,-8302000.0,-8302000.0,-8302000.0,0.0,0.0,-0.006,610653000.0,-10828000.0,30448000,0.0,5.441,-381.048,-372.9,77127000,0.0,37.29,2.238,2.238,168527000,-166997000,1413698000.0,1413698000.0,119807000.0,-0.003,-0.015,-0.066,-0.006,69996000.0,390761000.0,1.0,84834119,84834119,,16.664,1975370000,0,-30048000.0,0,23.285,824865000
22,TTWO,ART,2015-12-31,2016-02-04,2015-12-31,2021-08-03,-34735000,2585009000,2396303000.0,2106308000,478701000,0.558,6.213,-41501000.0,1039330000,1039330000,1015098000.0,-297492000.0,1.448,3.905,491576000,0,491576000,491576000,831643000,154137000.0,0,0.0,0.0,-297756000.0,-143619000.0,-0.107,-143619000.0,-297756000.0,-328908000.0,-3.71,-3.79,-3.71,526974000,545241500.0,526974000,2427470429,-8.0,-16.902,299610000.0,3.533,1.0,321483000.0,0.241,603308000,31152000.0,-21027000,112271750.0,20207000,379440000,379440000,0,2058035000,1454974000,603061000,2975224429,-62211000.0,0.0,-26552000.0,0.0,0.0,-48973000.0,-345758000.0,-304257000.0,341111000.0,-8591000.0,-297492000.0,-297492000.0,-297492000.0,0.0,0.0,-0.223,619239000.0,-297756000.0,59603000,0.0,5.646,-10.001,-9.456,76661000,0.0,35.08,2.226,2.226,263690000,-213396000,1336581000.0,1336581000.0,121656000.0,-0.124,-0.546,-2.652,-0.223,66916000.0,399015000.0,1.0,84812555,84812555,,15.759,1981701000,0,-31416000.0,0,23.366,651334000
23,TTWO,ART,2015-09-30,2015-11-06,2015-09-30,2021-08-03,-29349000,2416499000,2313505250.0,1964608000,451891000,0.628,6.666,-52240000.0,926939000,926939000,1035250000.0,-214986000.0,1.618,3.284,487601000,0,487601000,487601000,762133000,189743000.0,0,0.0,0.0,-174447000.0,15296000.0,0.011,15296000.0,-174447000.0,-207039000.0,-2.74,-2.86,-2.74,564065000,617345250.0,564065000,2454748183,-14.0,160.483,312410000.0,3.692,1.0,418257000.0,0.288,591608000,32592000.0,171668000,259462000.0,24020000,352961000,352961000,0,1852434000,1213885000,638549000,2894086183,-42697000.0,0.0,-26552000.0,0.0,0.0,-31324000.0,-362653000.0,-310413000.0,364650000.0,-13370000.0,-214986000.0,-214986000.0,-214986000.0,0.0,0.0,-0.148,591204000.0,-172947000.0,69138000,0.0,5.131,-13.462,-12.482,81694000,0.0,34.2,1.991,1.991,240859000,-170983000,1453507000.0,1453507000.0,124933000.0,-0.093,-0.348,-0.672,-0.12,76806000.0,440564000.0,1.0,84622403,84622403,,17.176,1824891000,0,7947000.0,0,21.565,750723000
24,TTWO,ART,2015-06-30,2015-08-10,2015-06-30,2021-08-03,-21563000,2352604000,2125683500.0,1907976000,444628000,0.58,6.169,-59878000.0,1045777000,1045777000,943326000.0,-311090000.0,1.725,3.466,481784000,0,481784000,481784000,745167000,173272000.0,0,0.0,0.0,-270415000.0,-97143000.0,-0.079,-97143000.0,-270415000.0,-302123000.0,-3.88,-3.92,-3.88,526839000,665081250.0,526839000,2078390950,-8.0,-21.395,345934000.0,4.051,1.0,289484000.0,0.235,534193000,31708000.0,148118000,307319500.0,12453000,375013000,375013000,0,1825765000,1106300000,719465000,2642383950,-6216000.0,0.0,0.0,0.0,0.0,2453000.0,-398592000.0,-338714000.0,405812000.0,-15889000.0,-311090000.0,-311090000.0,-311090000.0,0.0,0.0,-0.252,577375000.0,-287891000.0,29531000,0.0,5.016,-8.494,-7.974,83089000,0.0,30.94,2.143,2.143,130915000,-225718000,1232810000.0,1232810000.0,125053000.0,-0.146,-0.468,-0.88,-0.219,74353000.0,428838000.0,1.0,85403489,85403489,,14.435,1818411000,0,8967000.0,0,21.292,801676000
25,TTWO,ART,2015-03-31,2015-05-22,2015-03-31,2021-08-03,-30624000,2231100000,1939466500.0,1781308000,449792000,0.558,6.655,-49501000.0,1080798000,1080798000,794867000.0,-279470000.0,1.844,2.962,476057000,0,476057000,476057000,647351000,154510000.0,0,0.0,0.0,-240987000.0,-86477000.0,-0.08,-86477000.0,-240987000.0,-272880000.0,-3.48,-3.48,-3.48,563088000,729130750.0,563088000,1701712662,-7.0,-19.678,163313000.0,1.93,1.0,288071000.0,0.266,509771000,31893000.0,150328000,370331250.0,20051000,186929000,186929000,0,1668012000,966260000,701752000,2306453662,-24280000.0,0.0,0.0,0.0,0.0,928000.0,-220141000.0,-170640000.0,212814000.0,-17881000.0,-279470000.0,-279470000.0,-279470000.0,0.0,0.0,-0.258,546534000.0,-258463000.0,38789000,0.0,4.096,-8.253,-7.833,69792000,0.0,27.26,2.13,2.13,217860000,-158695000,1082938000.0,1082938000.0,115043000.0,-0.144,-0.383,-0.651,-0.223,65246000.0,410434000.0,1.0,84609452,84609452,,12.799,1721329000,0,6590000.0,0,20.344,815048000
26,TTWO,ART,2014-12-31,2015-02-06,2014-12-31,2021-08-03,-17543000,2253818000,1831599000.0,1806013000,447805000,0.534,9.665,-42937000.0,928753000,928753000,492473000.0,-67466000.0,2.554,1.764,470420000,0,470420000,470420000,535946000,121717000.0,0,0.0,0.0,-22231000.0,99486000.0,0.102,99486000.0,-22231000.0,-54455000.0,-0.73,-0.63,-0.73,815389000,788810250.0,815389000,1970640376,-89.0,19.808,-12942000.0,-0.153,1.0,485584000.0,0.496,520646000,32224000.0,567734000,380768000.0,24617000,79140000,79140000,0,1438429000,707105000,731324000,2428973376,-74718000.0,0.0,0.0,-2815000.0,0.0,10352000.0,-105638000.0,-62701000.0,29995000.0,-9427000.0,-67466000.0,-67466000.0,-67466000.0,13000.0,0.0,-0.069,525278000.0,-39694000.0,113240000,0.0,2.979,-36.003,-39.438,63436000,0.0,28.79,2.483,2.483,435709000,84096000,978057000.0,978057000.0,108518000.0,-0.037,-0.086,-0.058,-0.023,72998000.0,398115000.0,1.0,84368648,84368648,,11.593,1733172000,0,13011000.0,0,20.543,1098908000
27,TTWO,ART,2014-09-30,2014-10-30,2014-09-30,2021-08-03,-5417000,1665212000,1764482250.0,1266777000,398435000,1.31,8.975,-37415000.0,831973000,831973000,1334194000.0,470867000.0,3.341,1.206,464871000,0,464871000,464871000,107960000,207721000.0,0,0.0,0.0,519934000.0,727655000.0,0.315,727655000.0,519934000.0,491219000.0,4.69,3.64,4.69,755009000,790462750.0,755009000,1758706653,3.0,2.417,395904000.0,4.706,1.0,976585000.0,0.423,555870000,28715000.0,363098000,324450500.0,55948000,49367000,49367000,0,910203000,379142000,531061000,2125808653,92487000.0,-1000000.0,-276836000.0,-2815000.0,0.0,-271993000.0,-66030000.0,-27615000.0,433319000.0,-2809000.0,470867000.0,470867000.0,470867000.0,31000.0,0.0,0.204,475596000.0,500989000.0,85116000,0.0,2.816,4.515,5.388,56214000,0.0,25.27,0.92,0.92,25427000,44003000,2310779000.0,2310779000.0,106530000.0,0.267,0.596,1.603,0.225,80698000.0,352853000.0,1.0,84123809,84123809,,27.469,1109342000,0,20352000.0,0,13.187,887635000
28,TTWO,ART,2014-06-30,2014-08-06,2014-06-30,2021-08-03,6093000,1607736000,2023507750.0,1234352000,373384000,1.153,9.381,-30211000.0,883916000,883916000,1374641000.0,388116000.0,4.327,1.053,459408000,0,459408000,459408000,87371000,244000000.0,0,0.0,0.0,427913000.0,671913000.0,0.288,671913000.0,427913000.0,395963000.0,3.8,2.75,3.8,783037000,726426000.0,783037000,1292478725,3.0,1.924,575334000.0,6.893,1.0,958685000.0,0.411,497794000,31950000.0,400165000,303156750.0,23147000,19369000,19369000,0,824699000,285269000,539430000,1716986725,175685000.0,-1000000.0,-276836000.0,-129833000.0,0.0,-377891000.0,-50626000.0,-19415000.0,605545000.0,-1343000.0,388116000.0,388116000.0,388116000.0,56000.0,0.0,0.166,527074000.0,431611000.0,22575000,0.0,2.193,4.424,5.413,47011000,0.0,20.57,0.736,0.736,43165000,85372000,2333326000.0,2333326000.0,108517000.0,0.192,0.534,1.412,0.183,82150000.0,404107000.0,1.0,83470429,83470429,,27.954,1109942000,0,7847000.0,0,13.297,949083000
29,TTWO,ART,2014-03-31,2014-05-14,2014-03-31,2021-08-03,2116000,1799630000,1983600000.0,1399440000,400190000,1.185,8.101,-29813000.0,1129239000,1129239000,1414327000.0,361605000.0,2.947,1.244,454031000,0,454031000,454031000,61195000,278892000.0,0,0.0,0.0,409617000.0,688509000.0,0.293,688509000.0,409617000.0,376064000.0,3.79,3.2,3.79,801806000,682412000.0,801806000,1204235262,3.0,1.749,670449000.0,6.774,1.0,936241000.0,0.398,457527000,33553000.0,192075000,301533250.0,29780000,0,0,0,997824000,474820000,523004000,1879443262,532898000.0,-1000000.0,-276836000.0,114374000.0,0.0,-133684000.0,-30813000.0,0.0,700262000.0,-2867000.0,361605000.0,361605000.0,361605000.0,86000.0,0.0,0.154,520985000.0,415256000.0,16452000,0.0,2.344,5.198,5.011,42572000,0.0,18.99,0.8,0.8,53143000,120775000,2350568000.0,2350568000.0,105256000.0,0.182,0.53,1.358,0.174,78118000.0,402370000.0,1.0,98970156,98970156,,23.75,1342103000,0,14459000.0,0,13.561,924620000
30,TTWO,ART,2013-12-31,2014-02-04,2013-12-31,2021-08-03,2215000,1985351000,1853152250.0,1545656000,439695000,1.325,8.387,-27958000.0,972170000,972170000,1460359000.0,414865000.0,2.229,1.415,448737000,0,448737000,448737000,51366000,306301000.0,0,0.0,0.0,465490000.0,771791000.0,0.314,771791000.0,465490000.0,429772000.0,4.04,2.85,4.04,821999000,628959250.0,821999000,1148679187,2.0,1.488,656806000.0,6.701,1.0,994488000.0,0.405,425974000,35718000.0,342464000,339645750.0,45035000,0,0,0,1163352000,693480000,469872000,1672112187,523447000.0,-1000000.0,-276836000.0,117189000.0,0.0,-133684000.0,-28958000.0,0.0,684764000.0,1325000.0,414865000.0,414865000.0,414865000.0,-1230000.0,0.0,0.169,526586000.0,467902000.0,42850000,0.0,2.034,4.03,4.223,38768000,0.0,17.06,0.681,0.681,189519000,151562000,2454847000.0,2454847000.0,97807000.0,0.224,0.66,1.371,0.19,70581000.0,416136000.0,1.0,98013610,98013610,,25.046,1559377000,0,14907000.0,0,15.91,852176000
31,TTWO,ART,2013-09-30,2013-10-30,2013-09-30,2021-08-03,2622000,2701314000,1654259750.0,2251267000,450047000,0.609,5.138,-24251000.0,661923000,661923000,556924000.0,-92196000.0,1.295,4.415,443526000,0,443526000,443526000,1154419000,184362000.0,0,0.0,0.0,-59307000.0,125055000.0,0.124,125055000.0,-59307000.0,-97170000.0,-1.08,-1.18,-1.08,498862000,564663000.0,498862000,1445923636,-24.0,11.562,188621000.0,1.943,1.0,449827000.0,0.447,466788000,37863000.0,277923000,323511000.0,84033000,0,0,0,2202452000,1738206000,464246000,1664320636,333639000.0,0.0,0.0,117189000.0,0.0,143152000.0,-24251000.0,0.0,212872000.0,1866000.0,-92196000.0,-92196000.0,-92196000.0,-1736000.0,0.0,-0.092,507228000.0,-57401000.0,287672000,0.0,3.336,-18.052,-15.87,34271000,0.0,17.14,1.653,1.653,1011391000,-426864000,1006751000.0,1006751000.0,90943000.0,-0.056,-0.163,-0.183,-0.059,42934000.0,404546000.0,1.0,97101554,97101554,,10.368,2234526000,0,-4974000.0,0,23.012,513061000
32,TTWO,ART,2013-06-30,2013-07-31,2013-06-30,2021-08-03,-5560000,1448105000,1270117500.0,1020177000,427928000,0.89,6.535,-21524000.0,646315000,646315000,622948000.0,19433000.0,2.451,1.386,536693000,127768000,408925000,536693000,27983000,189420000.0,0,0.0,0.0,58264000.0,247684000.0,0.219,247684000.0,58264000.0,23729000.0,0.17,0.07,0.17,606981000,561074750.0,606981000,1520410294,26.0,6.139,33626000.0,0.362,1.0,508063000.0,0.449,528525000,34535000.0,393671000,330018250.0,27852000,0,0,0,841124000,416287000,424837000,1630032294,279259000.0,0.0,0.0,244207000.0,0.0,244207000.0,-21524000.0,0.0,55150000.0,1426000.0,19433000.0,19433000.0,19433000.0,-1707000.0,0.0,0.017,451506000.0,56557000.0,25382000,0.0,2.685,83.88,103.235,30285000,0.0,17.55,1.441,1.441,35202000,-302744000,1131011000.0,1131011000.0,83743000.0,0.015,0.035,0.177,0.052,34706000.0,356841000.0,1.0,92879333,92879333,,12.177,919580000,0,4296000.0,0,9.901,603890000
33,TTWO,ART,2013-03-31,2013-05-14,2013-03-31,2021-08-03,-4572000,1277839000,1176375500.0,866152000,411687000,1.032,6.4,-16820000.0,402502000,402502000,715837000.0,-29491000.0,2.57,1.173,335202000,0,335202000,335202000,26919000,241382000.0,0,0.0,0.0,6910000.0,248292000.0,0.204,248292000.0,6910000.0,-24441000.0,-0.34,-0.34,-0.34,587995000,528588250.0,587995000,1452230032,210.0,5.849,-21387000.0,-0.233,1.0,498646000.0,0.411,529015000,31351000.0,344525000,297244250.0,30218000,0,0,0,689844000,336999000,352845000,1519530032,-17777000.0,0.0,0.0,0.0,0.0,0.0,-16820000.0,0.0,-4567000.0,3610000.0,-29491000.0,-29491000.0,-29491000.0,-1671000.0,0.0,-0.024,493407000.0,5239000.0,79932000,0.0,2.584,-51.525,-48.647,25362000,0.0,16.54,1.251,1.251,189596000,-240830000,1214483000.0,1214483000.0,78184000.0,-0.025,-0.056,0.023,0.006,35765000.0,404589000.0,1.0,91870014,91870014,,13.22,748824000,0,5050000.0,0,8.151,529153000
34,TTWO,ART,2012-12-31,2013-02-06,2012-12-31,2021-08-03,7309000,1189781000,1144272500.0,817890000,371891000,0.929,6.163,-15119000.0,448723000,448723000,677983000.0,-118800000.0,2.908,1.107,330311000,0,330311000,330311000,26348000,233429000.0,0,0.0,0.0,-85428000.0,148001000.0,0.139,148001000.0,-85428000.0,-114358000.0,-1.49,-1.59,-1.49,564814000,530521250.0,564814000,1204906942,-14.0,8.141,-4016000.0,-0.044,1.0,385097000.0,0.362,512227000,28930000.0,277925000,277700250.0,29687000,0,0,0,624967000,281217000,343750000,1323318942,-4593000.0,-2626000.0,1000.0,0.0,0.0,1000.0,-17020000.0,0.0,11103000.0,1323000.0,-118800000.0,-118800000.0,-118800000.0,463000.0,0.0,-0.112,470062000.0,-84965000.0,42263000,0.0,2.343,-11.139,-9.691,23701000,0.0,14.44,1.245,1.245,94241000,-263303000,1063080000.0,1063080000.0,71823000.0,-0.104,-0.224,-0.308,-0.08,32809000.0,387671000.0,1.0,91642586,91642586,,11.6,677554000,0,4442000.0,0,7.393,536673000
35,TTWO,ART,2012-09-30,2012-10-31,2012-09-30,2021-08-03,7220000,1164745000,1131976250.0,797943000,366802000,0.781,5.339,-14027000.0,328284000,328284000,588151000.0,-176061000.0,2.368,1.404,325539000,0,325539000,325539000,38284000,219538000.0,0,0.0,0.0,-146741000.0,72797000.0,0.082,72797000.0,-146741000.0,-173767000.0,-2.09,-2.09,-2.09,484509000,549689000.0,484509000,1009152801,-7.0,13.863,-171077000.0,-1.885,1.0,295481000.0,0.334,521117000,27026000.0,303952000,280025250.0,60568000,0,0,0,680236000,336931000,343305000,1011897801,58544000.0,-2626000.0,44000.0,243125000.0,0.0,243169000.0,-15928000.0,0.0,-157050000.0,-11647000.0,-176061000.0,-176061000.0,-176061000.0,1032000.0,0.0,-0.199,441190000.0,-145709000.0,125079000,0.0,2.089,-5.747,-5.335,21879000,0.0,11.15,1.145,1.145,154951000,-334668000,883632000.0,883632000.0,66277000.0,-0.156,-0.32,-0.524,-0.166,34931000.0,364000000.0,1.0,90753166,90753166,,9.737,643628000,0,2294000.0,0,7.092,461012000
36,TTWO,ART,2012-06-30,2012-08-01,2012-06-30,2021-08-03,-4706000,1073137000,1073769000.0,719107000,354030000,0.668,5.291,-11676000.0,367056000,367056000,504367000.0,-210941000.0,2.798,1.25,320883000,0,320883000,320883000,14348000,185369000.0,0,0.0,0.0,-184373000.0,996000.0,0.001,996000.0,-184373000.0,-208313000.0,-2.51,-2.51,-2.51,477035000,570032250.0,477035000,663391961,-4.0,666.056,-120750000.0,-1.339,1.0,213215000.0,0.297,507396000,23940000.0,262575000,209649000.0,27987000,0,0,0,596102000,256993000,339109000,709564961,118297000.0,-4101000.0,77000.0,243125000.0,0.0,243202000.0,-13577000.0,0.0,-109074000.0,-2254000.0,-210941000.0,-210941000.0,-210941000.0,1088000.0,0.0,-0.294,396500000.0,-183285000.0,78224000,0.0,1.487,-3.364,-3.135,19354000,0.0,7.87,0.989,0.989,71707000,-322177000,717582000.0,717582000.0,62955000.0,-0.196,-0.37,-0.879,-0.257,32452000.0,321898000.0,1.0,90160732,90160732,,7.959,565741000,0,2628000.0,15598000,6.275,462114000
37,TTWO,ART,2012-03-31,2012-05-23,2012-03-31,2021-08-03,6733000,1149427000,1056379000.0,743617000,405810000,0.782,6.628,-10786000.0,420279000,420279000,528855000.0,-108816000.0,3.4,0.929,316340000,0,316340000,316340000,13864000,162823000.0,0,0.0,0.0,-85382000.0,77441000.0,0.094,77441000.0,-85382000.0,-104953000.0,-1.31,-1.31,-1.31,595727000,604590250.0,595727000,954816006,-11.0,12.33,-95750000.0,-1.065,1.0,296968000.0,0.36,560414000,19571000.0,266349000,173102000.0,22477000,0,0,0,553700000,218725000,334975000,1058755006,139920000.0,-4101000.0,239000.0,243125000.0,0.0,243364000.0,-14162000.0,0.0,-84964000.0,-4318000.0,-108816000.0,-108816000.0,-108816000.0,1116000.0,0.0,-0.132,381234000.0,-84266000.0,46681000,0.0,1.777,-9.73,-8.992,18949000,0.0,11.78,1.282,1.282,45035000,-211339000,825823000.0,825823000.0,64162000.0,-0.103,-0.18,-0.493,-0.103,33494000.0,304949000.0,1.0,89877335,89877335,,9.188,589013000,2669000,3863000.0,15621000,6.554,524892000
38,TTWO,ART,2011-12-31,2012-02-03,2011-12-31,2021-08-03,-1564000,1140596000,1011937000.0,752420000,388176000,0.85,7.161,-9391000.0,453316000,453316000,532432000.0,-64034000.0,4.45,0.778,311906000,0,311906000,311906000,11794000,150735000.0,0,0.0,0.0,-43007000.0,107728000.0,0.125,107728000.0,-43007000.0,-60334000.0,-0.78,-0.78,-0.78,641485000,609478250.0,641485000,1309743912,-30.0,12.158,-84369000.0,-0.942,1.0,327562000.0,0.381,542883000,17327000.0,287225000,120177750.0,22516000,0,0,0,499111000,169078000,330033000,1451153912,156198000.0,-1475000.0,868000.0,243125000.0,0.0,243993000.0,-10866000.0,0.0,-74978000.0,-1951000.0,-64034000.0,-64034000.0,-64034000.0,-77000.0,0.0,-0.074,370646000.0,-43084000.0,29400000,0.0,2.262,-22.662,-20.769,18556000,0.0,16.2,1.687,1.687,53274000,-144503000,859994000.0,859994000.0,66588000.0,-0.063,-0.105,-0.358,-0.05,28598000.0,290947000.0,1.0,89577402,89577402,,9.601,597713000,6067000,3700000.0,12711000,6.673,583342000
39,TTWO,ART,2011-09-30,2011-11-08,2011-09-30,2021-08-03,1219000,931916000,970937750.0,545939000,385977000,0.987,6.53,,269740000,269740000,594615000.0,-37279000.0,2.318,0.647,111299000,0,111299000,111299000,17193000,,0,0.0,0.0,-14453000.0,,,,-14453000.0,-29603000.0,-0.47,-0.49,-0.47,565882000,603879500.0,565882000,1198651076,-83.0,,,,1.0,363313000.0,0.379,515513000,15150000.0,22447000,65162250.0,45077000,0,0,0,366034000,235515000,130519000,1357092076,,,,,,,,,,,-37279000.0,-37279000.0,-37279000.0,-197000.0,0.0,-0.039,377963000.0,-14650000.0,90331000,0.0,2.398,-36.404,-33.319,18107000,0.0,15.66,1.417,1.417,19572000,-158607000,957928000.0,957928000.0,67838000.0,-0.038,-0.062,-0.222,-0.015,,296367000.0,1.0,86659775,86659775,,11.054,416403000,5834000,7676000.0,13498000,4.805,310424000
40,TTWO,ART,2011-06-30,2011-08-09,2011-06-30,2021-08-03,10727000,1003577000,,644648000,358929000,,7.093,,248759000,248759000,,,2.478,0.631,109236000,0,109236000,109236000,15314000,,0,0.0,0.0,,,,,,,,,,615267000,,615267000,867565784,,,,,1.0,,,487548000,,116387000,,25941000,0,0,0,388310000,260119000,128191000,1007088784,,,,,,,,,,,,,,,,,,,72480000,,1.637,,,19009000,,11.61,,,146694000,-111236000,,,,,,,,,,1.0,86743220,86743220,,,516029000,9049000,,12930000,5.949,384529000
41,TTWO,ART,2011-03-31,2011-05-25,2011-03-31,2021-08-03,10459000,971659000,,566603000,405056000,,7.098,-9653000.0,280359000,280359000,689381000.0,48458000.0,2.454,0.579,107239000,0,107239000,107239000,13434000,158810000.0,0,0.0,0.0,71796000.0,230606000.0,0.203,230606000.0,71796000.0,58277000.0,0.56,0.56,0.56,615279000,,615279000,1267483567,18.0,5.496,125145000.0,1.444,1.0,447495000.0,0.394,512999000,13519000.0,54652000,,24578000,0,0,0,356380000,230888000,125492000,1440603567,134521000.0,2075000.0,734000.0,0.0,0.0,734000.0,-7578000.0,0.0,134798000.0,6567000.0,48458000.0,48458000.0,48458000.0,5346000.0,0.0,0.043,370353000.0,77142000.0,56153000,0.0,2.341,29.729,29.679,19632000,0.0,16.62,1.267,1.267,84217000,-102523000,1136876000.0,1136876000.0,69576000.0,,,,0.063,28765000.0,285778000.0,1.0,86678915,86678915,,13.116,458660000,8280000,9819000.0,14998000,5.291,335715000
42,TTWO,ART,2010-12-31,2011-02-09,2010-12-31,2021-08-03,159000,976599000,,618294000,358305000,,7.238,,297118000,297118000,,,2.682,0.577,105305000,0,105305000,105305000,10412000,,0,0.0,0.0,,,,,,,,,,619090000,,619090000,1070609003,,,,,1.0,,,487062000,,67163000,,28592000,0,0,0,357509000,230561000,126948000,1262422003,,,,,,,,,,,,,,,,,,,48852000,,2.039,,,21326000,,14.76,,,83845000,-80469000,,,,,,,,,,1.0,85529946,85529946,,,489537000,8468000,,18525000,5.724,387733000
43,TTWO,ART,2010-06-30,2010-09-03,2010-07-31,2021-08-03,-4286000,944159000,928081750.0,558274000,385885000,1.216,6.451,-9939000.0,232127000,232127000,737810000.0,-33186000.0,1.981,0.722,102217000,0,102217000,102217000,12096000,167056000.0,0,0.0,0.0,-1938000.0,165118000.0,0.146,165118000.0,-1938000.0,-19858000.0,-0.45,-0.45,-0.45,548198000,525542250.0,548198000,677378777,-350.0,4.102,22451000.0,0.264,1.0,390898000.0,0.346,491097000,17920000.0,41392000,104592250.0,21267000,0,0,0,395961000,281760000,114201000,807288777,57338000.0,37024000.0,71000.0,-151000.0,0.0,-80000.0,27085000.0,0.0,32390000.0,-2057000.0,-33186000.0,-33186000.0,-33186000.0,6669000.0,0.0,-0.029,386167000.0,4731000.0,33013000,0.0,1.473,-24.326,-21.111,22122000,0.0,9.5,0.715,0.715,96226000,-133375000,1128708000.0,1128708000.0,60104000.0,-0.036,-0.063,-0.019,-0.002,33436000.0,295179000.0,1.0,84977766,84977766,,13.282,453062000,8468000,13328000.0,8615000,5.332,276514000
44,TTWO,ART,2010-03-31,2010-06-09,2010-04-30,2021-08-03,-2273000,866253000,913641500.0,517203000,349050000,1.0,6.337,-9352000.0,180516000,180516000,612460000.0,-94579000.0,2.343,0.613,100443000,0,100443000,100443000,13125000,130459000.0,0,0.0,0.0,-65770000.0,64689000.0,0.071,64689000.0,-65770000.0,-82424000.0,-1.24,-1.24,-1.24,537046000,516005250.0,537046000,742891573,-11.0,11.484,-85824000.0,-1.013,1.0,300736000.0,0.329,502903000,16654000.0,62490000,128132250.0,24761000,0,0,0,329207000,220787000,108420000,822964573,900000.0,34705000.0,18000.0,63016000.0,0.0,45784000.0,25353000.0,0.0,-76472000.0,6235000.0,-94579000.0,-94579000.0,-94579000.0,210000.0,0.0,-0.104,366296000.0,-65560000.0,34939000,0.0,1.532,-8.701,-7.831,23123000,0.0,9.71,0.901,0.901,39295000,-139295000,913196000.0,913196000.0,56409000.0,-0.104,-0.183,-0.513,-0.072,27993000.0,278605000.0,1.0,84754333,84754333,,10.775,363350000,8385000,12155000.0,7977000,4.287,296416000
45,TTWO,ART,2009-12-31,2010-03-10,2010-01-31,2021-08-03,252000,893344000,910873000.0,521340000,372004000,0.961,6.537,-10798000.0,105984000,105984000,617283000.0,-121417000.0,1.906,0.749,98726000,0,98726000,98726000,15939000,123969000.0,0,0.0,0.0,-107592000.0,16377000.0,0.019,16377000.0,-107592000.0,-116482000.0,-1.57,-1.57,-1.57,510793000,520292750.0,510793000,880530724,-8.0,53.766,-160164000.0,-2.05,1.0,257633000.0,0.294,501244000,8890000.0,111259000,133905750.0,50662000,0,0,0,382551000,273583000,108968000,887788724,-111852000.0,-5813000.0,18000.0,63016000.0,0.0,45784000.0,-16611000.0,0.0,-149366000.0,8341000.0,-121417000.0,-121417000.0,-121417000.0,52000.0,0.0,-0.139,363706000.0,-106073000.0,64037000,0.0,1.738,-7.312,-6.688,25052000,0.0,10.5,1.015,0.938,45063000,-156053000,874916000.0,874916000.0,58260000.0,-0.133,-0.233,-0.803,-0.123,26188000.0,273019000.0,1.0,84551307,78139000,78139000.0,11.197,392100000,9686000,4935000.0,10242000,5.018,247757000
46,TTWO,ART,2009-09-30,2009-12-18,2009-10-31,2021-08-03,8192000,1008571000,912724250.0,628224000,380347000,1.061,6.589,-11176000.0,102083000,102083000,717826000.0,-137930000.0,1.773,0.993,138000000,0,138000000,138000000,6334000,124144000.0,0,0.0,0.0,-130214000.0,-6070000.0,-0.006,-6070000.0,-130214000.0,-133409000.0,-1.8,-1.8,-1.8,506132000,530680250.0,506132000,785433555,-6.0,-129.396,-221380000.0,-2.882,1.0,250662000.0,0.259,486967000,3195000.0,203228000,124915500.0,93996000,0,0,0,502439000,354293000,148146000,749516555,-178194000.0,-5813000.0,22000.0,63016000.0,0.0,45788000.0,-16989000.0,0.0,-210204000.0,3211000.0,-137930000.0,-137930000.0,-137930000.0,0.0,0.0,-0.142,380876000.0,-130214000.0,172976000,0.0,1.481,-5.434,-5.006,27392000,0.0,9.01,0.774,0.715,199395000,-119655000,968488000.0,968488000.0,63748000.0,-0.151,-0.26,-1.042,-0.134,25933000.0,283751000.0,1.0,83187187,76815000,76815000.0,12.608,521604000,8814000,4521000.0,10146000,6.79,273931000
47,TTWO,ART,2009-06-30,2009-09-03,2009-07-31,2021-08-03,3167000,886398000,931419500.0,498074000,388324000,1.018,6.625,-11039000.0,174789000,174789000,702185000.0,-130895000.0,2.199,0.738,138000000,0,138000000,138000000,25705000,122671000.0,0,0.0,0.001,-130091000.0,-7420000.0,-0.008,-7420000.0,-130091000.0,-133283000.0,-1.72,-1.71,-1.72,510050000,557926750.0,510050000,829322802,-6.0,-111.769,-274221000.0,-3.562,1.0,246353000.0,0.26,487560000,3192000.0,135552000,92932750.0,63617000,0,0,0,376348000,226497000,149851000,866111802,-163912000.0,-966000.0,603000.0,133167000.0,0.0,116520000.0,-12005000.0,0.0,-263182000.0,-5245000.0,-130895000.0,-130895000.0,-130895000.0,0.0,0.0,-0.138,373724000.0,-127371000.0,72351000,-0.001,1.698,-6.617,-6.203,27634000,0.0,10.67,0.913,0.866,70133000,-97665000,948538000.0,948538000.0,65641000.0,-0.141,-0.235,-1.4,-0.137,25439000.0,286512000.0,1.0,81172615,76994000,76994000.0,12.32,398838000,8256000,-2388000.0,10540000,5.18,271577000
48,TTWO,ART,2009-03-31,2009-06-05,2009-04-30,2021-08-03,-19260000,855179000,982960500.0,518067000,337112000,1.265,7.236,-12846000.0,179616000,179616000,846932000.0,-23596000.0,2.428,0.543,70000000,0,70000000,70000000,25809000,150073000.0,0,0.0,0.001,-20568000.0,129505000.0,0.104,129505000.0,-20568000.0,-20568000.0,-0.32,-0.32,-0.32,554196000,596809500.0,554196000,574615596,-28.0,4.437,59560000.0,0.778,1.0,396878000.0,0.319,446589000,0.0,85584000,35880500.0,74020000,0,0,0,300983000,213390000,87593000,684231596,106698000.0,-966000.0,5477000.0,53995000.0,0.0,59472000.0,-13812000.0,0.0,72406000.0,-11368000.0,-23596000.0,-23596000.0,-23596000.0,0.0,0.0,-0.019,415600000.0,-18722000.0,68786000,-0.003,1.235,-28.998,-26.656,28860000,0.0,8.53,0.55,0.525,52117000,-42193000,1243810000.0,1243810000.0,68993000.0,-0.024,-0.04,-0.573,-0.017,33387000.0,321520000.0,1.0,80214724,76587000,76587000.0,16.24,408590000,20881000,3028000.0,16282000,5.335,304677000
49,TTWO,ART,2008-12-31,2009-03-11,2009-01-31,2021-08-03,-26763000,900749000,1043447750.0,544846000,355903000,1.489,7.258,-13105000.0,217836000,217836000,1003589000.0,84706000.0,2.233,0.631,70000000,0,70000000,70000000,53840000,172067000.0,0,0.0,0.001,97057000.0,269124000.0,0.173,269124000.0,97057000.0,97057000.0,1.12,1.1,1.12,552343000,607099500.0,552343000,367002874,4.0,1.364,120877000.0,1.588,1.0,550309000.0,0.354,433609000,0.0,75298000,54631250.0,75972000,0,0,0,348406000,244006000,104400000,514838874,163448000.0,-4352000.0,25029000.0,34017000.0,0.0,59046000.0,-17457000.0,0.0,133982000.0,-12123000.0,84706000.0,84706000.0,84706000.0,0.0,0.0,0.055,452043000.0,98266000.0,59487000,0.001,0.932,6.078,5.723,29358000,0.0,6.41,0.331,0.314,60320000,-32113000,1553898000.0,1553898000.0,69062000.0,0.081,0.14,1.777,0.062,40496000.0,354211000.0,1.0,80318077,76102000,76102000.0,20.419,467140000,24954000,12351000.0,27526000,6.138,300840000
50,TTWO,ART,2008-09-30,2008-12-19,2008-10-31,2021-08-03,-7513000,1083352000,1011531750.0,723774000,359578000,1.52,8.197,-12277000.0,280277000,280277000,988695000.0,97097000.0,1.981,0.761,70000000,0,70000000,70000000,56163000,171857000.0,0,0.0,0.001,112143000.0,284000000.0,0.185,284000000.0,112143000.0,112143000.0,1.29,1.28,1.29,615118000,584542750.0,615118000,444544983,4.0,1.565,139149000.0,1.854,1.0,548835000.0,0.357,432359000,0.0,75297000,56531000.0,104235000,0,0,0,468234000,365419000,102815000,654821983,202520000.0,-4503000.0,25962000.0,51038000.0,0.0,77000000.0,-16780000.0,0.0,151426000.0,-9126000.0,97097000.0,97097000.0,97097000.0,0.0,0.0,0.063,432982000.0,115853000.0,156167000,0.001,1.065,6.744,6.535,32361000,0.0,8.43,0.426,0.411,157458000,18275000,1537530000.0,1537530000.0,63929000.0,0.096,0.166,1.984,0.073,40387000.0,338820000.0,1.0,77677578,75039000,75943000.0,20.49,650993000,23763000,15046000.0,26399000,8.675,358355000
51,TTWO,ART,2008-06-30,2008-09-05,2008-07-31,2021-08-03,36987000,1092562000,948479500.0,715142000,377420000,1.589,8.773,-13991000.0,338701000,338701000,966871000.0,104988000.0,1.823,0.642,0,0,0,0,58332000,241288000.0,0,0.0,0.0,129626000.0,370914000.0,0.246,370914000.0,129626000.0,127313000.0,1.37,1.34,1.37,665581000,548551750.0,665581000,1493497047,12.0,4.027,262567000.0,3.461,1.0,539817000.0,0.358,454192000,2313000.0,-92657000,49509250.0,71574000,0,0,0,426981000,392326000,34655000,1832198047,277076000.0,-6072000.0,29365000.0,-12007000.0,0.0,17358000.0,-20063000.0,0.0,276558000.0,3223000.0,104988000.0,104988000.0,104988000.0,0.0,0.0,0.07,407603000.0,132214000.0,149526000,0.0,2.753,17.451,17.234,38247000,0.0,23.61,1.216,1.189,106354000,33229000,1506688000.0,1506688000.0,59036000.0,0.111,0.191,2.618,0.086,38045000.0,317453000.0,1.0,77602628,75866000,76975000.0,19.86,638370000,24656000,22325000.0,27436000,8.414,322816000
52,TTWO,ART,2008-03-31,2008-06-06,2008-04-30,2021-08-03,34360000,1097128000,864917250.0,723298000,373830000,1.479,7.928,-13502000.0,72918000,72918000,875494000.0,-5384000.0,1.694,0.843,16000000,0,16000000,16000000,64857000,202072000.0,0,0.0,0.0,13351000.0,215423000.0,0.168,215423000.0,13351000.0,11038000.0,-0.12,-0.14,-0.12,595356000,495288000.0,595356000,2056190752,154.0,9.545,-77231000.0,-1.028,1.0,403773000.0,0.316,452528000,2313000.0,160587000,92891750.0,91821000,0,0,0,501772000,427095000,74677000,2113108752,-35598000.0,-6072000.0,29190000.0,13234000.0,0.0,42424000.0,-19574000.0,0.0,-63729000.0,5281000.0,-5384000.0,-5384000.0,-5384000.0,0.0,0.0,-0.004,387708000.0,16065000.0,185530000,0.0,3.549,-392.479,-228.0,39727000,0.0,27.36,1.652,1.606,362765000,-18597000,1279267000.0,1279267000.0,53007000.0,-0.006,-0.011,0.144,0.01,27052000.0,297453000.0,1.0,77233507,75098000,75954000.0,17.035,644600000,24738000,16422000.0,28076000,8.583,296203000
53,TTWO,ART,2007-12-31,2008-03-11,2008-01-31,2021-08-03,28612000,773085000,784530000.0,415649000,357436000,1.204,6.318,-15222000.0,54388000,54388000,716817000.0,-154855000.0,1.922,0.673,36000000,0,36000000,36000000,57527000,135364000.0,0,0.0,0.0,-138660000.0,-3296000.0,-0.003,-3296000.0,-138660000.0,-140973000.0,-2.14,-2.14,-2.14,462116000,470758500.0,462116000,1876340067,-14.0,-569.278,-130755000.0,-1.788,1.0,228076000.0,0.241,455530000,2313000.0,82897000,62522250.0,82487000,0,0,0,310969000,216270000,94699000,1894728067,-83763000.0,-3168000.0,10452000.0,33212000.0,0.0,43664000.0,-18390000.0,0.0,-115533000.0,6496000.0,-154855000.0,-154855000.0,-154855000.0,0.0,0.0,-0.164,365874000.0,-137798000.0,68096000,0.0,4.1,-12.235,-11.519,41515000,0.0,24.65,2.005,1.908,63337000,-116819000,944893000.0,944893000.0,50115000.0,-0.197,-0.329,-2.218,-0.147,19955000.0,270933000.0,1.0,76865236,73148000,73148000.0,12.918,317555000,23479000,13882000.0,28414000,4.341,199379000
54,TTWO,ART,2007-09-30,2007-12-20,2007-10-31,2021-08-03,34861000,831143000,789630250.0,498523000,332620000,1.243,6.557,-21594000.0,77757000,77757000,735034000.0,-138406000.0,1.597,0.764,18000000,0,18000000,18000000,61544000,137340000.0,0,0.0,0.0,-126054000.0,11286000.0,0.011,11286000.0,-126054000.0,-128215000.0,-1.93,-1.93,-1.93,471154000,489069000.0,471154000,1359970028,-11.0,120.501,-85639000.0,-1.192,1.0,246757000.0,0.251,412015000,2161000.0,47210000,63303750.0,99331000,0,0,0,359989000,312161000,47828000,1419727028,-54723000.0,-3017000.0,9503000.0,16191000.0,0.0,25694000.0,-24611000.0,0.0,-64045000.0,8239000.0,-138406000.0,-138406000.0,-138406000.0,0.0,0.0,-0.141,372811000.0,-126054000.0,128782000,0.0,3.013,-10.258,-9.896,44986000,0.0,19.1,1.446,1.398,104937000,-77747000,981791000.0,981791000.0,48455000.0,-0.175,-0.283,-1.991,-0.128,17329000.0,279440000.0,1.0,74331258,71860000,71860000.0,13.663,419128000,40316000,10191000.0,0,5.833,186362000
55,TTWO,ART,2007-06-30,2007-09-10,2007-07-31,2021-08-03,17177000,758313000,799046000.0,435961000,322352000,,6.279,,61625000,61625000,,,1.813,0.676,11000000,0,11000000,11000000,62605000,,0,0.0,0.0,,,,,,,,,,452526000,508878500.0,452526000,1115497172,,,,,1.0,,,386338000,,80873000,82823750.0,75790000,0,0,0,305787000,240477000,65310000,1166122172,,,,,,,,,,,,,,,,,,,93305000,,2.577,,,46223000,,15.75,,,100427000,-70684000,,,,,,,,,,1.0,74039503,72075000,,,371975000,39146000,,0,5.161,195484000
56,TTWO,ART,2007-03-31,2007-06-11,2007-04-30,2021-08-03,13712000,775579000,840798000.0,451204000,324375000,1.178,6.95,-25165000.0,108516000,108516000,732619000.0,-178191000.0,1.827,0.56,0,0,0,0,61678000,84977000.0,0,0.0,0.0,-126297000.0,-41320000.0,-0.042,-41320000.0,-126297000.0,-128981000.0,-2.5,-2.5,-2.5,497238000,572383500.0,497238000,1285352144,-10.0,-31.107,-38486000.0,-0.538,1.0,257894000.0,0.26,381050000,2684000.0,39109000,100357500.0,80228000,0,0,0,278341000,246904000,31437000,1393868144,-32552000.0,-982000.0,1666000.0,0.0,0.0,1705000.0,-26147000.0,0.0,-13321000.0,5211000.0,-178191000.0,-178191000.0,-178191000.0,0.0,0.0,-0.18,391186000.0,-133292000.0,77818000,0.0,2.803,-7.822,-7.576,48784000,0.0,18.94,1.407,1.368,70406000,-12138000,990513000.0,990513000.0,56538000.0,-0.212,-0.311,-1.258,-0.128,20751000.0,289537000.0,1.0,73593883,71548000,71548000.0,13.844,394529000,39710000,49210000.0,0,5.514,204300000
57,TTWO,ART,2006-12-31,2007-03-12,2007-01-31,2021-08-03,8003000,793486000,831069500.0,460006000,333480000,,7.502,,138151000,138151000,,,2.275,0.482,0,0,0,0,50000000,,0,0.0,0.0,,,,,,,,,,535358000,611329500.0,535358000,1325490880,,,,,1.0,,,367102000,,86023000,125550500.0,82194000,0,0,0,258128000,202210000,55918000,1463641880,,,,,,,,,,,,,,,,,,,61819000,,2.734,,,49673000,,20.07,,,79107000,39111000,,,,,,,,,,1.0,72926850,71360000,,,426384000,39474000,,0,5.975,257796000
58,TTWO,ART,2006-09-30,2007-02-28,2006-10-31,2021-08-03,6902000,868806000,900841000.0,544873000,323933000,1.152,7.751,-25084000.0,132480000,132480000,825476000.0,-184889000.0,2.067,0.579,0,0,0,0,50000000,166380000.0,0,0.0,0.0,-181798000.0,-15418000.0,-0.015,-15418000.0,-181798000.0,-184482000.0,-2.6,-2.6,-2.6,550392000,623263000.0,550392000,1164039052,-6.0,-75.499,18278000.0,0.257,1.0,212364000.0,0.205,347490000,2684000.0,125290000,179864000.0,95520000,0,0,0,318414000,263546000,54868000,1296519052,25285000.0,-191000.0,2808000.0,0.0,0.0,2971000.0,-25275000.0,0.0,43362000.0,4227000.0,-184889000.0,-184889000.0,-184889000.0,0.0,0.0,-0.178,399530000.0,-187166000.0,123947000,0.0,2.356,-7.012,-6.846,47496000,0.0,17.8,1.249,1.218,143199000,60659000,1037840000.0,1037840000.0,64258000.0,-0.205,-0.297,-1.011,-0.175,20668000.0,293265000.0,1.0,72838149,71012000,71012000.0,14.615,521316000,60407000,407000.0,0,7.341,281327000
59,TTWO,ART,2006-03-31,2006-06-09,2006-04-30,2021-08-03,5041000,906017000,897442000.0,572845000,333172000,1.123,9.123,-27503000.0,141068000,141068000,770541000.0,-89083000.0,2.22,0.399,0,0,0,0,0,157451000.0,0,0.0,0.0,-144442000.0,13009000.0,0.013,13009000.0,-144442000.0,-144442000.0,-1.25,-1.26,-1.25,647529000,677646000.0,647529000,862282222,-6.0,66.284,-42534000.0,-0.599,1.0,237615000.0,0.236,345258000,0.0,161606000,175405250.0,91820000,0,0,0,258488000,258085000,403000,1003350222,-69173000.0,-14700000.0,-22985000.0,0.0,0.0,-16102000.0,-38953000.0,0.0,-15031000.0,913000.0,-89083000.0,-89083000.0,-89083000.0,0.0,0.0,-0.088,384325000.0,-146710000.0,108216000,0.0,1.55,-11.263,-11.064,49796000,0.0,13.83,0.995,0.974,130328000,208382000,1008156000.0,1008156000.0,69764000.0,-0.099,-0.131,-0.823,-0.143,16633000.0,282838000.0,1.0,72548823,70979000,70979000.0,14.204,560759000,115957000,-55359000.0,14361000,7.9,314760000
60,TTWO,ART,2005-12-31,2006-03-13,2006-01-31,2021-08-03,1203000,868653000,901993000.0,514006000,354647000,1.07,9.622,-29836000.0,142897000,142897000,673413000.0,-46896000.0,2.851,0.264,0,0,0,0,0,120657000.0,0,0.0,0.0,-78135000.0,42522000.0,0.044,42522000.0,-78135000.0,-78135000.0,-0.66,-0.67,-0.66,687301000,697311250.0,687301000,1017960664,-13.0,23.94,-139873000.0,-1.958,1.0,291689000.0,0.302,380396000,0.0,165078000,184131000.0,107413000,0,0,0,181352000,180282000,1070000,1160857664,-160173000.0,-13366000.0,-31223000.0,0.0,0.0,-20000.0,-47452000.0,0.0,-110037000.0,-2664000.0,-46896000.0,-46896000.0,-46896000.0,0.0,0.0,-0.049,373252000.0,-81563000.0,79887000,0.0,1.689,-24.754,-24.591,48215000,0.0,16.23,1.203,1.201,84282000,258755000,965102000.0,965102000.0,67452000.0,-0.052,-0.067,-0.424,-0.081,23455000.0,281919000.0,1.0,71525426,71429000,71429000.0,13.511,488257000,77817000,-31239000.0,6701000,6.836,333724000
61,TTWO,ART,2005-09-30,2006-01-31,2005-10-31,2021-08-03,686000,932876000,934557750.0,613242000,319634000,1.287,9.965,-29031000.0,107195000,107195000,785998000.0,37475000.0,2.618,0.34,0,0,0,0,0,107168000.0,0,0.0,0.0,43696000.0,150864000.0,0.125,150864000.0,43696000.0,43696000.0,0.54,0.53,0.54,696134000,702794000.0,696134000,1025810522,23.0,6.8,10949000.0,0.157,1.0,416597000.0,0.346,356968000,0.0,234438000,168195750.0,136227000,0,0,0,236742000,234275000,2467000,1133005522,-47900000.0,-37753000.0,-24929000.0,0.0,0.0,6223000.0,-91034000.0,0.0,39980000.0,-3069000.0,37475000.0,37475000.0,37475000.0,0.0,0.0,0.031,376616000.0,39981000.0,133353000,0.0,1.628,30.234,29.37,48617000,0.0,15.86,0.942,0.921,198068000,287877000,1202595000.0,1202595000.0,73160000.0,0.04,0.053,0.26,0.036,27146000.0,281440000.0,1.0,71437927,69859000,70899000.0,17.215,575908000,16449000,6221000.0,10220000,8.244,378967000
62,TTWO,ART,2005-06-30,2005-09-08,2005-07-31,2021-08-03,-1061000,882222000,938967000.0,526045000,356177000,1.419,9.632,-25045000.0,195355000,195355000,858462000.0,80914000.0,2.817,0.298,0,0,0,0,0,68602000.0,0,0.0,0.0,109618000.0,178220000.0,0.134,178220000.0,109618000.0,111594000.0,1.21,1.177,1.21,679620000,687628000.0,679620000,1410900079,13.0,7.917,65040000.0,0.922,1.0,473992000.0,0.356,359649000,-1976000.0,140499000,181146750.0,104414000,0,0,0,202602000,186719000,15883000,1606255079,-2596000.0,-53224000.0,-14998000.0,0.0,0.0,19792000.0,-106019000.0,0.0,90085000.0,-6454000.0,80914000.0,80914000.0,80914000.0,0.0,0.0,0.061,358235000.0,115757000.0,76839000,0.0,2.363,19.851,18.736,46644000,0.0,22.67,1.205,1.2,61735000,268685000,1332454000.0,1332454000.0,68011000.0,0.086,0.118,0.605,0.082,28593000.0,269781000.0,1.0,70853775,70556000,70556000.0,18.885,522573000,17905000,30680000.0,7452000,7.406,339326000
63,TTWO,ART,2005-03-31,2005-06-09,2005-04-30,2021-08-03,4631000,924221000,892806250.0,596442000,327779000,1.482,10.358,-25562000.0,210241000,210241000,854281000.0,95259000.0,3.237,0.273,0,0,0,0,0,54048000.0,0,0.0,0.0,130212000.0,184260000.0,0.139,184260000.0,130212000.0,132188000.0,1.407,1.373,1.407,726190000,657671500.0,726190000,1786192633,14.0,9.694,-7511000.0,-0.107,1.0,469132000.0,0.354,333207000,-1976000.0,196509000,192834000.0,116568000,0,0,0,198031000,184264000,13767000,1996433633,-51092000.0,-42948000.0,0.0,0.0,0.0,33521000.0,-99510000.0,0.0,18051000.0,-3154000.0,95259000.0,95259000.0,95259000.0,0.0,0.0,0.072,332050000.0,137082000.0,90524000,0.0,2.749,20.958,19.893,43075000,0.0,27.99,1.509,1.483,127278000,297465000,1323413000.0,1323413000.0,58804000.0,0.107,0.145,0.675,0.098,24021000.0,254167000.0,1.0,71326675,70112000,70112000.0,18.876,591014000,17920000,36929000.0,8758000,8.43,412178000
64,TTWO,ART,2004-12-31,2005-03-10,2005-01-31,2021-08-03,7795000,998912000,840385000.0,676438000,322474000,1.493,10.349,-21190000.0,303070000,303070000,823221000.0,88869000.0,2.442,0.408,0,0,0,0,0,35866000.0,0,0.0,0.0,117464000.0,153330000.0,0.122,153330000.0,117464000.0,119440000.0,1.307,1.273,1.307,709232000,618042500.0,709232000,1604714249,14.0,10.466,100848000.0,1.472,1.0,431492000.0,0.344,317503000,-1976000.0,101337000,177159250.0,134103000,0,0,0,289680000,277002000,12678000,1907784249,48917000.0,-46548000.0,7365000.0,0.0,0.0,21246000.0,-91238000.0,0.0,122038000.0,-3129000.0,88869000.0,88869000.0,88869000.0,0.0,0.0,0.071,306642000.0,124850000.0,87409000,0.0,2.69,21.467,20.78,37952000,0.0,27.16,1.52,1.483,136515000,305651000,1254713000.0,1254713000.0,53247000.0,0.106,0.144,0.663,0.094,15274000.0,235508000.0,1.0,70242424,68529000,69774000.0,18.309,681409000,17918000,30571000.0,14934000,9.943,399436000
65,TTWO,ART,2004-09-30,2004-12-22,2004-10-31,2021-08-03,6354000,950513000,783907500.0,704941000,245572000,1.439,9.47,-21586000.0,155095000,155095000,749680000.0,65378000.0,2.275,0.496,0,0,0,0,0,16846000.0,0,0.0,0.0,94634000.0,111480000.0,0.099,111480000.0,94634000.0,96610000.0,0.973,0.953,0.973,635470000,585327750.0,635470000,1360861825,14.0,12.207,-1128000.0,-0.017,1.0,378071000.0,0.335,199366000,-1976000.0,286242000,191211750.0,154345000,0,0,0,315043000,309810000,5233000,1515956825,-28382000.0,-39336000.0,0.0,0.0,0.0,16315000.0,-64422000.0,0.0,20458000.0,-733000.0,65378000.0,65378000.0,65378000.0,0.0,0.0,0.058,275937000.0,102134000.0,163961000,0.0,2.386,23.188,22.535,34291000,0.0,21.927,1.344,1.305,285709000,250402000,1127751000.0,1127751000.0,43259000.0,0.083,0.112,0.495,0.084,7467000.0,215832000.0,1.0,69136536,67104000,68523000.0,16.806,751147000,17773000,31232000.0,17319000,11.194,395131000
66,TTWO,ART,2004-06-30,2004-09-14,2004-07-31,2021-08-03,2183000,697579000,723103750.0,480163000,217416000,1.334,8.323,-23102000.0,197951000,197951000,662748000.0,27515000.0,3.714,0.246,0,0,0,0,0,15217000.0,0,0.0,0.0,46509000.0,61726000.0,0.064,61726000.0,46509000.0,47061000.0,0.427,0.4,0.427,559794000,559833250.0,559794000,1354047661,29.0,21.936,-25635000.0,-0.381,1.0,302089000.0,0.313,183081000,-552000.0,187248000,168671250.0,96882000,0,0,0,137785000,129299000,8486000,1551998661,-27908000.0,-19661000.0,0.0,130000.0,0.0,25936000.0,-44831000.0,0.0,-2533000.0,-6480000.0,27515000.0,27515000.0,27515000.0,0.0,0.0,0.029,257184000.0,44905000.0,63275000,0.0,2.772,56.406,53.693,30589000,0.0,22.927,1.609,1.598,79486000,187771000,964837000.0,964837000.0,39874000.0,0.038,0.049,0.276,0.048,13957000.0,202094000.0,1.0,67693054,67260000,67260000.0,14.345,514498000,8333000,19546000.0,167000,7.649,350864000
67,TTWO,ART,2004-03-31,2004-06-14,2004-04-30,2021-08-03,1011000,714536000,700848250.0,500530000,214006000,1.369,8.487,-18462000.0,261333000,261333000,638668000.0,49599000.0,3.618,0.259,141000,112000,29000,141000,0,13819000.0,0,0.0,0.0,79648000.0,93467000.0,0.097,93467000.0,79648000.0,80825000.0,0.76,0.733,0.76,567674000,540961000.0,567674000,1060998403,13.0,11.352,57477000.0,0.859,1.0,320898000.0,0.334,181187000,-1177000.0,133810000,149347750.0,100038000,0,0,0,146862000,138347000,8515000,1322190403,72983000.0,-20380000.0,0.0,71000.0,0.0,42607000.0,-41330000.0,0.0,75939000.0,-4233000.0,49599000.0,49599000.0,49599000.0,0.0,0.0,0.052,242324000.0,78574000.0,70978000,0.0,2.329,26.658,25.833,25691000,0.0,19.633,1.378,1.369,68601000,202206000,959566000.0,959566000.0,36388000.0,0.071,0.092,0.533,0.083,22653000.0,192117000.0,1.0,67345306,66891000,66891000.0,14.345,533349000,8333000,31226000.0,2706000,7.973,362183000
68,TTWO,ART,2003-12-31,2004-03-16,2004-01-31,2021-08-03,3044000,773002000,667458750.0,566268000,206734000,1.499,8.687,-17820000.0,254153000,254153000,641245000.0,79414000.0,3.043,0.337,168000,112000,56000,168000,0,13106000.0,0,0.0,0.0,128338000.0,141444000.0,0.141,141444000.0,128338000.0,130258000.0,1.227,1.193,1.227,578373000,510298000.0,578373000,1268707206,10.0,8.97,69136000.0,1.038,1.0,359166000.0,0.359,175383000,-1920000.0,157547000,143267000.0,110879000,0,0,0,194629000,186087000,8542000,1522692206,90068000.0,-16780000.0,0.0,25000.0,0.0,42217000.0,-36974000.0,114000.0,86956000.0,-2131000.0,79414000.0,79414000.0,79414000.0,0.0,0.0,0.079,231254000.0,127912000.0,107935000,0.0,2.633,19.174,18.549,23839000,0.0,22.76,1.522,1.515,145464000,216782000,1000411000.0,1000411000.0,32921000.0,0.119,0.156,0.896,0.128,23573000.0,185227000.0,1.0,66902118,66579000,68131500.0,15.026,597619000,8333000,50844000.0,10841000,8.976,380181000
69,TTWO,ART,2003-09-30,2004-02-12,2003-10-31,2021-08-03,-936000,707298000,618492500.0,513402000,193896000,1.671,8.475,-15464000.0,183477000,183477000,637554000.0,98118000.0,3.107,0.326,176000,103000,73000,176000,0,12516000.0,0,0.0,0.0,163050000.0,175566000.0,0.17,175566000.0,163050000.0,165315000.0,1.56,1.513,1.56,533492000,471372750.0,533492000,1200864872,7.0,6.84,65164000.0,1.035,1.0,396139000.0,0.383,162670000,-2265000.0,196080000,131099750.0,101748000,0,0,0,173806000,165247000,8559000,1384165872,75108000.0,-27973000.0,0.0,0.0,0.0,44562000.0,-45881000.0,114000.0,80628000.0,-4201000.0,98118000.0,98118000.0,98118000.0,0.0,0.0,0.095,233128000.0,163011000.0,106172000,0.0,2.595,14.107,13.269,22260000,0.0,20.7,1.339,1.261,166536000,185024000,1033693000.0,1033693000.0,25107000.0,0.159,0.208,1.244,0.158,24303000.0,191098000.0,1.0,66867916,62947500,64945500.0,16.422,544628000,8333000,67197000.0,2265000,8.652,348155000
70,TTWO,ART,2003-06-30,2003-09-12,2003-07-31,2021-08-03,-1530000,608557000,564908000.0,416780000,191777000,1.729,7.639,-12972000.0,225859000,225859000,595547000.0,95683000.0,3.533,0.257,200000,101000,99000,200000,0,13855000.0,0,0.0,0.0,161441000.0,175296000.0,0.179,175296000.0,161441000.0,163402000.0,1.573,1.527,1.573,484305000,427110250.0,484305000,1320771668,8.0,7.535,137716000.0,2.172,1.0,381306000.0,0.39,154969000,-1961000.0,109954000,113391750.0,73902000,0,0,0,124252000,117975000,6277000,1546430668,151961000.0,-31754000.0,0.0,-321000.0,0.0,41377000.0,-44714000.0,396000.0,150688000.0,4610000.0,95683000.0,95683000.0,95683000.0,0.0,0.0,0.098,219926000.0,161380000.0,56105000,0.0,3.193,16.162,15.135,20078000,0.0,23.807,1.583,1.545,65996000,161154000,976853000.0,976853000.0,21240000.0,0.169,0.224,1.424,0.165,21192000.0,180423000.0,1.0,64956974,63399000,65322000.0,15.408,453588000,13375000,67719000.0,15458000,7.154,298805000
71,TTWO,ART,2003-03-31,2003-06-06,2003-04-30,2021-08-03,-2235000,580978000,514371000.0,393477000,187501000,1.835,7.19,-11195000.0,188350000,188350000,578208000.0,92800000.0,3.035,0.306,225000,100000,125000,225000,0,13825000.0,0,0.0,0.0,156999000.0,170824000.0,0.181,170824000.0,156999000.0,158634000.0,1.533,1.487,1.533,445022000,383493750.0,445022000,958200166,6.0,5.609,130156000.0,2.103,1.0,365519000.0,0.387,153713000,-1635000.0,109487000,113870750.0,71342000,0,0,0,135956000,129653000,6303000,1146325166,118733000.0,-31013000.0,0.0,-332000.0,0.0,24338000.0,-51882000.0,396000.0,141351000.0,4926000.0,92800000.0,92800000.0,92800000.0,0.0,0.0,0.098,208581000.0,156938000.0,63902000,0.0,2.576,12.353,11.963,18432000,0.0,18.34,1.215,1.203,100213000,153505000,943727000.0,943727000.0,16009000.0,0.18,0.242,1.379,0.166,11974000.0,174340000.0,1.0,62504098,61893000,63421500.0,15.248,427265000,13375000,65834000.0,16124000,6.903,263824000
72,TTWO,ART,2002-12-31,2003-03-14,2003-01-31,2021-08-03,-2281000,577137000,461887000.0,393745000,183392000,1.991,6.909,-10878000.0,164085000,164085000,563144000.0,87198000.0,2.618,0.365,271000,97000,174000,271000,0,13145000.0,0,0.0,0.0,148233000.0,161378000.0,0.175,161378000.0,148233000.0,149072000.0,1.46,1.413,1.46,422672000,341594750.0,422672000,677929407,5.0,4.201,139656000.0,2.283,1.0,356700000.0,0.388,154039000,-839000.0,108878000,114578250.0,76604000,0,0,0,154465000,150406000,4059000,841743407,133113000.0,-31013000.0,0.0,-307000.0,0.0,24871000.0,-51608000.0,353000.0,150534000.0,9316000.0,87198000.0,87198000.0,87198000.0,0.0,0.0,0.095,207092000.0,149608000.0,55997000,0.0,1.991,9.653,9.306,16707000,0.0,13.587,0.915,0.904,120779000,138266000,919844000.0,919844000.0,15185000.0,0.189,0.255,1.294,0.161,15014000.0,174355000.0,1.0,61952116,61179000,63303000.0,15.035,423098000,13375000,61874000.0,17751000,6.916,243339000
73,TTWO,ART,2002-09-30,2002-12-23,2002-10-31,2021-08-03,-5041000,492960000,414030000.0,329885000,163075000,1.918,6.248,-10466000.0,108369000,108369000,497942000.0,71565000.0,2.491,0.383,296000,95000,201000,296000,0,12261000.0,0,0.0,0.0,121428000.0,133689000.0,0.168,133689000.0,121428000.0,120948000.0,1.253,1.207,1.253,356442000,299837000.0,356442000,869034125,7.0,6.5,134532000.0,2.358,1.0,296034000.0,0.373,127207000,480000.0,125248000,119778250.0,74391000,97000,0,97000,136518000,132432000,4086000,977107125,102313000.0,-3788000.0,0.0,-54378000.0,0.0,-31988000.0,-18084000.0,6170000.0,144998000.0,7387000.0,71565000.0,71565000.0,71565000.0,0.0,0.0,0.09,173319000.0,122715000.0,79660000,0.0,2.741,13.653,12.7,15319000,0.0,15.913,1.231,1.143,108441000,87804000,793976000.0,793976000.0,11524000.0,0.173,0.239,1.014,0.153,13752000.0,149534000.0,1.0,61403074,57045000,59355000.0,13.918,365753000,13375000,49383000.0,1603000,6.412,197453000
74,TTWO,ART,2002-06-30,2002-09-16,2002-07-31,2021-08-03,-6913000,406409000,379539250.0,245781000,160628000,1.891,5.337,-15450000.0,73898000,73898000,467374000.0,44417000.0,2.551,0.312,321000,92000,229000,321000,0,9285000.0,0,0.0,0.0,78292000.0,87577000.0,0.122,87577000.0,78292000.0,76303000.0,0.793,0.767,0.793,309839000,265741750.0,309839000,982403400,13.0,11.218,106439000.0,1.833,1.0,250351000.0,0.349,124621000,1989000.0,111870000,130628750.0,49591000,510000,448000,62000,96570000,96341000,229000,1055980400,58552000.0,2263000.0,50000.0,-65903000.0,0.0,-51981000.0,-17405000.0,5888000.0,121889000.0,6049000.0,44417000.0,44417000.0,44417000.0,0.0,0.0,0.062,164252000.0,86099000.0,47976000,0.0,3.408,23.774,22.564,15091000,0.0,17.893,1.471,1.447,64759000,65471000,717725000.0,717725000.0,8908000.0,0.117,0.167,0.599,0.109,1611000.0,146059000.0,1.0,59016398,58057500,60346500.0,12.362,281788000,25682000,31886000.0,11268000,4.854,149440000
75,TTWO,ART,2002-03-31,2002-06-14,2002-04-30,2021-08-03,-10348000,371042000,367989250.0,239173000,131869000,1.839,4.991,-15730000.0,69617000,69617000,440407000.0,38986000.0,2.562,0.337,346000,92000,254000,346000,0,9656000.0,0,0.0,0.0,72233000.0,81889000.0,0.121,81889000.0,72233000.0,67981000.0,0.7,0.673,0.7,277426000,248352250.0,277426000,690337315,10.0,8.43,96664000.0,1.739,1.0,236184000.0,0.349,96092000,4252000.0,112317000,145286250.0,45481000,598000,500000,98000,93616000,93362000,254000,759608315,62731000.0,2494000.0,20892000.0,-91919000.0,0.0,-45174000.0,-7348000.0,5888000.0,112394000.0,2859000.0,38986000.0,38986000.0,38986000.0,0.0,0.0,0.058,154847000.0,81337000.0,37962000,0.0,2.738,19.484,18.619,14837000,0.0,13.033,1.123,1.071,65095000,60705000,676591000.0,676591000.0,9080000.0,0.106,0.157,0.497,0.107,5754000.0,136111000.0,1.0,58283458,55585500,58152000.0,12.172,274950000,21765000,28995000.0,13794000,4.946,145811000
76,TTWO,ART,2001-12-31,2002-03-18,2002-01-31,2021-08-03,-11875000,385709000,363576500.0,258194000,127515000,1.658,4.641,-13619000.0,30972000,30972000,393721000.0,18499000.0,1.989,0.509,367000,92000,275000,367000,0,11898000.0,0,0.0,0.0,40836000.0,52734000.0,0.087,52734000.0,40836000.0,34282000.0,0.3,0.28,0.3,255641000,228620000.0,255641000,763280068,19.0,14.474,68400000.0,1.242,1.0,209035000.0,0.347,95633000,6554000.0,129678000,160200000.0,51804000,824000,769000,55000,130068000,129793000,275000,793885068,17314000.0,2494000.0,20892000.0,-100547000.0,0.0,-55930000.0,-5308000.0,5817000.0,82019000.0,-3467000.0,18499000.0,18499000.0,18499000.0,0.0,0.0,0.031,140215000.0,68820000.0,73220000,0.0,3.105,42.915,47.867,12992000,0.0,14.36,1.317,1.312,122701000,51068000,602756000.0,602756000.0,6744000.0,0.051,0.081,0.255,0.068,117000.0,117386000.0,1.0,55284476,55086000,56844000.0,10.942,290076000,21765000,15783000.0,21341000,5.266,128401000
77,TTWO,ART,2001-09-30,2002-02-28,2001-10-31,2021-08-03,-10452000,354997000,364498750.0,222874000,132123000,1.237,4.32,-11673000.0,6056000,6056000,306264000.0,-8580000.0,1.655,0.613,54463000,54172000,291000,54463000,0,12641000.0,0,0.0,0.0,-2270000.0,10371000.0,0.023,10371000.0,-2270000.0,-10780000.0,-0.167,-0.167,-0.167,220061000,216591000.0,220061000,734134693,-323.0,70.787,15646000.0,0.307,1.0,144792000.0,0.321,100109000,8510000.0,168650000,172301750.0,61937000,6316000,6241000,75000,134936000,134645000,291000,685727693,811000.0,-1806000.0,20892000.0,-55613000.0,0.0,-11790000.0,-13479000.0,0.0,27319000.0,-1239000.0,-8580000.0,-8580000.0,-8580000.0,0.0,0.0,-0.019,118951000.0,25841000.0,60223000,0.0,3.116,-79.922,-74.371,11033000,0.0,12.42,1.52,1.403,94950000,16239000,451056000.0,451056000.0,6190000.0,-0.024,-0.04,-0.013,-0.005,0.0,100120000.0,1.0,55211570,50941500,50941500.0,8.854,254888000,21765000,-2200000.0,0,5.004,88229000
78,TTWO,ART,2001-09-30,2002-02-12,2001-10-31,2021-08-03,-10452000,354997000,364498750.0,222874000,132123000,1.237,4.32,-11673000.0,6056000,6056000,306264000.0,-8580000.0,1.655,0.613,54463000,54172000,291000,54463000,0,12641000.0,0,0.0,0.0,-2270000.0,10371000.0,0.023,10371000.0,-2270000.0,-10780000.0,-0.167,-0.167,-0.167,220061000,216591000.0,220061000,731539749,-322.0,70.537,15646000.0,0.307,1.0,144792000.0,0.321,100109000,8510000.0,168650000,172301750.0,61937000,6316000,6241000,75000,134936000,134645000,291000,683132749,811000.0,-1806000.0,20892000.0,-55613000.0,0.0,-11790000.0,-13479000.0,0.0,27319000.0,-1239000.0,-8580000.0,-8580000.0,-8580000.0,0.0,0.0,-0.019,118951000.0,25841000.0,60223000,0.0,3.104,-79.619,-74.09,11033000,0.0,12.373,1.515,1.397,94950000,16239000,451056000.0,451056000.0,6190000.0,-0.024,-0.04,-0.013,-0.005,0.0,100120000.0,1.0,55211570,50941500,50941500.0,8.854,254888000,21765000,-2200000.0,0,5.004,88229000
79,TTWO,ART,2001-06-30,2001-09-14,2001-07-31,2021-08-03,-9877000,360209000,363659750.0,206712000,153497000,1.187,4.671,-5551080.0,15346000,15346000,277463846.0,9608161.0,1.724,0.499,69085000,69085000,0,69085000,0,13166070.0,0,0.0,0.0,23930431.0,37096501.0,0.086,37096501.0,23930431.0,15129139.0,0.227,0.22,0.227,240281000,208326250.0,240281000,472819479,20.0,12.746,-7363246.0,-0.143,1.0,154191769.0,0.357,123520000,8801292.0,170500000,178030500.0,52674000,7815000,2808000,5007000,119928000,119928000,0,419080479,12715494.0,-4178975.0,23438603.0,-5824182.0,0.0,34115766.0,-12419555.0,-2689500.0,-1812166.0,-7168551.0,9608161.0,9608161.0,9608161.0,0.0,0.0,0.022,109235021.0,44956748.0,35275000,0.0,1.744,43.617,33.599,10397000,0.0,7.627,0.971,0.909,86380000,39600000,431655615.0,431655615.0,6006955.0,0.026,0.046,0.134,0.055,7896000.0,86694277.0,1.0,54946962,51439500,53653500.0,8.392,236689000,8345000,5520978.0,0,4.601,86784000
80,TTWO,ART,2001-03-31,2001-06-08,2001-04-30,2021-08-03,-9911000,353391000,348449712.0,209557000,143834000,1.201,4.054,-4433091.0,6886000,6886000,266335190.0,12648132.0,1.483,0.78,91283000,77723000,13560000,91283000,0,13450546.0,0,0.0,0.0,27304773.0,40755319.0,0.097,40755319.0,27304773.0,18831863.0,0.3,0.293,0.3,198497000,193769680.0,198497000,891683849,33.0,21.879,-14939155.0,-0.305,1.0,152291012.0,0.364,124482000,8472910.0,171972000,167040055.0,48454000,6792000,1714000,5078000,154894000,141334000,13560000,807286849,3700896.0,-4651489.0,14292863.0,13555605.0,0.0,28418813.0,-7231580.0,1853000.0,-10506064.0,-6980273.0,12648132.0,12648132.0,12648132.0,0.0,0.0,0.03,104818922.0,47472090.0,43860000,0.0,4.067,63.827,52.643,8606000,0.0,15.793,1.928,1.847,104219000,39191000,418626202.0,418626202.0,5679692.0,0.036,0.065,0.163,0.065,3875234.0,81501684.0,1.0,51116751,48961107,48961107.0,8.55,228909000,8345000,6183731.0,0,4.675,68223000
81,TTWO,ART,2000-12-31,2001-03-19,2001-01-31,2021-08-03,-16312000,389398000,333862020.0,229989000,159409000,1.184,4.277,-3323718.0,13658000,13658000,249744393.0,27926343.0,1.365,0.876,95586000,82192000,13394000,95586000,0,11416333.0,0,0.0,0.0,50701837.0,62118170.0,0.157,62118170.0,50701837.0,43209173.0,0.633,0.627,0.633,207525000,184213963.0,207525000,492853885,10.0,7.934,-31771820.0,-0.655,1.0,145597882.0,0.368,124762000,7492664.0,178085000,151879355.0,46730000,26393000,1990000,24403000,181873000,168479000,13394000,410925885,-5596616.0,-9744183.0,26256051.0,15833682.0,0.0,42882143.0,-13189901.0,-122000.0,-28448102.0,-6840756.0,27926343.0,27926343.0,27926343.0,0.0,0.0,0.071,94876350.0,50721532.0,62720000,0.0,1.98,14.715,13.1,6082000,0.0,8.292,1.039,1.018,132165000,51115000,395342275.0,395342275.0,5442562.0,0.084,0.152,0.334,0.128,2901976.0,78017455.0,1.0,49556908,48520560,49438362.0,8.148,264636000,666000,15282830.0,0,5.454,61510000
82,TTWO,ART,2000-09-30,2001-01-29,2000-10-31,2021-08-03,-14408000,351641000,299037781.0,214908000,136733000,1.294,4.565,-2881000.0,5245000,5245000,247796000.0,24963000.0,1.414,0.88,97310000,84694000,12616000,97310000,0,9805000.0,0,0.0,0.0,44298000.0,54103000.0,0.14,54103000.0,44298000.0,38229000.0,0.607,0.587,0.607,187002000,155184222.0,187002000,454708538,10.0,8.404,-58140000.0,-1.419,1.0,139210000.0,0.36,100118000,6069000.0,191565000,135643110.0,44922000,31413000,2926000,28487000,164639000,152023000,12616000,362643538,-5129000.0,-5903000.0,28206000.0,43358000.0,0.0,71564000.0,-12906000.0,-4122000.0,-55259000.0,-8528000.0,24963000.0,24963000.0,24963000.0,0.0,0.0,0.065,94736000.0,44474000.0,47972000,0.0,1.939,14.527,12.081,5260000,0.0,7.333,0.937,0.776,134877000,43365000,387006000.0,387006000.0,5668000.0,0.083,0.161,0.327,0.114,2843000.0,79263000.0,1.0,49453640,40960500,42495000.0,9.448,251523000,666000,13266000.0,0,6.141,62885000
83,TTWO,ART,2000-06-30,2000-09-14,2000-07-31,2021-08-03,-6484819,299368847,269306626.0,164962997,134405850,1.435,4.176,-2714405.0,2631068,2631068,249723022.0,20758111.0,1.602,0.644,59012506,46561363,12451143,59012506,0,8760450.0,0,0.0,0.0,36921844.0,45682294.0,0.118,45682294.0,36921844.0,31548605.0,0.593,0.58,0.593,182054720,129709451.0,182054720,548531450,15.0,12.008,-39042247.0,-0.896,1.0,136598767.0,0.354,126239033,5373239.0,126538221,112238074.0,41214022,3559399,3559399,0,117314127,102973031,14341096,492150012,-287073.0,-21160529.0,25806962.0,35761108.0,0.0,65008688.0,-25307434.0,-1432500.0,-36327842.0,-3660485.0,20758111.0,20758111.0,20758111.0,0.0,0.0,0.054,98757937.0,37840830.0,38730790,0.0,2.703,23.709,17.847,6230260,0.0,10.583,1.274,1.194,85173092,31096526,386321789.0,386321789.0,7697758.0,0.077,0.16,0.329,0.096,448875.0,81413831.0,1.0,46503828,43592248,44818898.0,8.862,173129814,2357249,10790494.0,0,3.972,61989966
84,TTWO,ART,2000-03-31,2000-06-14,2000-04-30,2021-08-03,-2676246,295040233,231415028.0,169367886,125672347,1.635,4.158,-2527315.0,3185666,3185666,253553779.0,20016964.0,1.275,0.841,68255671,68211410,44261,68255671,0,5385120.0,0,0.0,0.0,34612419.0,39997539.0,0.106,39997539.0,34612419.0,30420973.0,0.593,0.58,0.593,160274132,102839868.0,160274132,433389302,13.0,10.835,-37960101.0,-0.985,1.0,124857893.0,0.33,115958200,4191446.0,111329198,101173670.0,39205394,11113750,7013750,4100000,134766101,132822840,1943261,368319297,1738521.0,-23500121.0,36184767.0,32167232.0,0.0,71792654.0,-32002436.0,-5975000.0,-35432786.0,-2618911.0,20016964.0,20016964.0,20016964.0,0.0,0.0,0.053,89437461.0,35420432.0,39578580,0.0,2.298,18.4,14.334,5539147,0.0,8.5,0.973,0.866,82628593,27647555,378411672.0,378411672.0,7027866.0,0.086,0.195,0.342,0.091,1595115.0,76957858.0,1.0,43331682,38548278,40228766.0,9.817,179082033,2004689,10404009.0,0,4.646,36545046
85,TTWO,ART,1999-12-31,2000-03-16,2000-01-31,2021-08-03,-1833263,250101045,187385518.0,202953577,47147468,1.924,2.627,-2884330.0,19255178,19255178,247857593.0,18223925.0,1.279,1.736,74584224,74569815,14409,74584224,0,3771339.0,0,0.0,0.0,31072510.0,34843849.0,0.097,34843849.0,31072510.0,27472865.0,0.56,0.547,0.56,91406034,74924798.0,91406034,405527487,13.0,11.638,-25286758.0,-0.727,1.0,112683338.0,0.313,33609466,3599645.0,113140023,90201790.0,45958636,7898363,0,7898363,158695011,158680602,14409,350198441,14493782.0,-19821139.0,25029497.0,39592423.0,0.0,65248399.0,-26705469.0,-4000000.0,-22402428.0,-1646720.0,18223925.0,18223925.0,18223925.0,0.0,0.0,0.051,81409193.0,31274145.0,56832836,0.0,3.831,19.216,17.709,4692271,0.0,9.917,0.971,0.957,95442481,23188283,360540931.0,360540931.0,6296001.0,0.097,0.243,0.344,0.086,1857710.0,71217732.0,1.0,35312942,34799092,36716900.0,10.361,216491579,2004689,9248940.0,0,6.221,44272975
86,TTWO,ART,1999-09-30,2000-01-27,1999-10-31,2021-08-03,-827019,232716377,151770528.0,188974183,43742194,2.016,2.742,-2178456.0,10374562,10374562,215121824.0,16332103.0,1.281,1.735,56221906,56143661,78245,56221906,0,2822087.0,0,0.0,0.0,27335899.0,30157986.0,0.099,30157986.0,27335899.0,24426073.0,0.527,0.507,0.527,85102917,61939932.0,85102917,327262217,12.0,10.852,-18924143.0,-0.61,1.0,90810034.0,0.297,33083653,2909826.0,97944853,76009090.0,41299838,4054668,0,4054668,147613460,147535215,78245,281414873,7611725.0,-19362322.0,24237445.0,22317466.0,0.0,46778800.0,-21540778.0,0.0,-16745687.0,-880610.0,16332103.0,16332103.0,16332103.0,0.0,0.0,0.053,63428803.0,27381231.0,71229744,0.0,3.307,17.231,15.199,4120317,0.0,8.01,0.92,0.813,108802903,18401625,305931858.0,305931858.0,5262708.0,0.108,0.264,0.36,0.089,2006562.0,55219887.0,1.0,35132943,31034526,32271938.0,9.858,199632724,2004689,8093970.0,0,6.433,41438968
87,TTWO,ART,1999-06-30,1999-09-07,1999-07-31,2021-08-03,-562432,147802459,120724906.0,123982998,23819461,2.553,2.216,-2268595.0,2918141,2918141,235748822.0,12011439.0,1.694,0.982,25038577,25013276,25301,25038577,0,2444023.0,0,0.0,0.0,18899326.0,21343349.0,0.069,21343349.0,18899326.0,15103472.0,0.393,0.373,0.393,74576390,49513715.0,74576390,226608912,12.0,10.617,-17381368.0,-0.516,1.0,72434275.0,0.235,14441523,3795854.0,82280604,64770703.0,33528830,4110973,0,4110973,73226069,73200768,25301,204488476,2192107.0,-3994818.0,24026479.0,-195429.0,0.0,24054976.0,-6030268.0,0.0,-15112773.0,-719828.0,12011439.0,11080439.0,11080439.0,0.0,0.0,0.036,53645922.0,18788353.0,33665640,0.0,2.742,18.455,15.056,3728281,931000.0,5.917,0.664,0.646,63261214,9233354,308183097.0,308183097.0,2262917.0,0.092,0.224,0.292,0.061,1600437.0,48881478.0,1.0,34559486,33660820,34938812.0,9.156,133360936,0,3092033.0,0,3.962,50782230
88,TTWO,ART,1999-03-31,1999-06-14,1999-04-30,2021-08-03,-398820,118922190,96224844.0,97856621,21065569,2.77,1.692,-1294583.0,1447145,1447145,205895012.0,9468869.0,1.393,1.446,35338174,35296070,42104,35338174,0,2107940.0,0,0.0,0.0,15078107.0,17186047.0,0.064,17186047.0,15078107.0,11520865.0,0.327,0.307,0.327,48613851,38875932.0,48613851,202529764,13.0,11.785,-15394916.0,-0.536,1.0,60632096.0,0.227,15105304,3557242.0,67441680,51390779.0,24067656,1332000,0,1332000,70308339,70266235,42104,168638735,478993.0,-1413712.0,7014416.0,10638954.0,0.0,17877259.0,-2475150.0,0.0,-14100333.0,-822783.0,9531516.0,8600516.0,8600516.0,0.0,-62647.0,0.032,45616636.0,15015460.0,22171619,0.0,3.469,19.608,15.037,3043923,931000.0,4.917,0.633,0.53,47381170,6525530,266527108.0,266527108.0,1744048.0,0.089,0.221,0.293,0.057,518838.0,41707143.0,1.0,34297078,28728564,31126680.0,9.277,103816886,941000,1989349.0,0,3.614,27590386
89,TTWO,ART,1998-12-31,1999-03-17,1999-01-31,2021-08-03,-261142,107641084,78359453.0,94009153,13631931,3.028,1.445,-769431.0,4761396,4761396,184765059.0,8536850.0,1.382,1.727,32060048,31914217,145831,32060048,0,1906781.0,0,0.0,0.0,12981560.0,14888341.0,0.063,14888341.0,12981560.0,9606752.0,0.313,0.287,0.313,39466569,33298047.0,39466569,196251306,15.0,13.182,-10762507.0,-0.394,1.0,52518830.0,0.221,10541831,3374808.0,56369221,39995113.0,23074122,0,0,0,68174515,68028684,145831,168952654,3144485.0,0.0,7216494.0,6797293.0,0.0,14013470.0,-769431.0,0.0,-9993076.0,-106478.0,8599497.0,7668497.0,7668497.0,0.0,-62647.0,0.032,39374522.0,13144308.0,22435940,0.0,4.281,22.032,19.304,1967358,931000.0,6.042,0.712,0.696,47493189,4964358,237283889.0,237283889.0,1541555.0,0.098,0.23,0.325,0.055,275451.0,35926185.0,1.0,27963034,27318360,29301616.0,8.686,97099253,941000,1007255.0,0,3.554,25980469
90,TTWO,ART,1998-09-30,1999-01-29,1998-10-31,2021-08-03,-7433,108533893,59111172.0,94601740,13932153,3.232,1.721,-614692.0,2713930,2713930,146208856.0,6883002.0,1.297,2.066,30671900,30454359,217541,30671900,0,1790501.0,0,0.0,0.0,10270107.0,12060608.0,0.063,12060608.0,10270107.0,6580687.0,0.293,0.253,0.293,35398051,26625694.0,35398051,267670801,26.0,22.194,-8310927.0,-0.404,1.0,44862816.0,0.235,10582254,3689420.0,52991308,28468609.0,25750541,0,0,0,73135842,72918301,217541,239712831,350332.0,-1186874.0,6103597.0,3621615.0,0.0,9724895.0,-1801566.0,0.0,-7696235.0,123238.0,6945649.0,6014649.0,6014649.0,0.0,-62647.0,0.031,34429961.0,10432855.0,31598864,0.0,6.772,39.855,29.72,1927967,931000.0,8.708,1.255,0.937,48863173,1903005,191071672.0,191071672.0,1403660.0,0.102,0.226,0.361,0.054,121887.0,31235800.0,1.0,27527886,20570277,24044205.0,9.289,97951639,941000,-364962.0,0,4.762,21683439
91,TTWO,ART,1998-06-30,1998-09-14,1998-07-31,2021-08-03,426332,49802211,38250249.0,38147754,11654457,,1.979,,196444,196444,,,2.181,0.555,6462643,6205416,257227,6462643,0,,0,0.0,0.0,,,,,,,,,,32025256,20246654.0,32025256,94657814,,,,,1.0,,,9812773,,28760908,16395861.0,5342430,0,0,0,17776955,17494729,282226,88391614,,,,,,,,,,,,,,,,,,,5584374,,2.76,,,1553629,,3.5,,,12773174,-3815314,,,,,,,,,,1.0,25254747,16182843,,,39989438,0,,0,2.471,20653025
92,TTWO,ART,1998-03-31,1998-06-15,1998-04-30,2021-08-03,332595,47460624,,35098851,12361773,,1.774,,438562,438562,,,1.7,0.804,6057497,5548094,509403,6057497,0,,0,0.0,0.0,,,,,,,,,,26302312,,26302312,77932372,,,,,1.0,,,10571636,,21859014,,7387278,0,0,0,21158312,20648909,509403,72313437,,,,,,,,,,,,,,,,,,,5871083,,2.749,,,1562637,,4.417,,,13031527,-3910872,,,,,,,,,,1.0,16371618,14829968,,,36888988,0,,0,2.487,14449942
93,TTWO,ART,1997-12-31,1998-02-25,1998-01-31,2021-08-03,-10418,30647961,,18119202,12528759,,0.899,,1087321,1087321,,,1.056,1.399,8906757,8196857,709900,8906757,0,,0,0.0,0.0,,,,,,,,,,12777158,,12777158,78000992,,,,,1.0,,,11043288,,10263206,,6067152,0,0,0,17870803,17160903,709900,70181556,,,,,,,,,,,,,,,,,,,5386108,,5.493,,,1226420,,4.75,,,7226898,-4540026,,,,,,,,,,1.0,14775064,14212564,,,19604673,0,,0,1.379,958299
94,TTWO,ART,1997-09-30,1998-02-06,1997-10-31,2021-08-03,-130706,25090200,,12898117,12192083,,0.79,-121566.0,1882915,1882915,12459189.0,-4162083.0,0.899,1.539,6404886,5625008,779878,6404886,0,844221.0,0,0.0,0.0,-3127050.0,-2282829.0,-0.12,-2282829.0,-3127050.0,-4143662.0,-0.36,-0.36,-0.36,9881888,,9881888,71548642,-23.0,-31.342,-7847271.0,-0.627,1.0,6554894.0,0.345,10570765,1016612.0,4700315,,1149590,0,0,0,15208312,14341091,867221,67026671,1190553.0,-914478.0,7463925.0,3217175.0,-237092.0,10083008.0,-1036044.0,0.0,-7725705.0,-130706.0,-4162083.0,-4499591.0,-4499591.0,0.0,0.0,-0.237,9681944.0,-3127050.0,5437419,0.0,6.783,-14.896,-12.731,1207614,337508.0,4.583,3.525,3.015,4666862,-5650307,19014083.0,19014083.0,1248258.0,,,,-0.164,17250.0,7589465.0,1.0,14625064,12509144,12517767.0,1.52,14519435,0,18421.0,0,1.161,-1442974
