None,ticker,dimension,calendardate,datekey,reportperiod,lastupdated,accoci,assets,assetsavg,assetsc,assetsnc,assetturnover,bvps,capex,cashneq,cashnequsd,cor,consolinc,currentratio,de,debt,debtc,debtnc,debtusd,deferredrev,depamor,deposits,divyield,dps,ebit,ebitda,ebitdamargin,ebitdausd,ebitusd,ebt,eps,epsdil,epsusd,equity,equityavg,equityusd,ev,evebit,evebitda,fcf,fcfps,fxusd,gp,grossmargin,intangibles,intexp,invcap,invcapavg,inventory,investments,investmentsc,investmentsnc,liabilities,liabilitiesc,liabilitiesnc,marketcap,ncf,ncfbus,ncfcommon,ncfdebt,ncfdiv,ncff,ncfi,ncfinv,ncfo,ncfx,netinc,netinccmn,netinccmnusd,netincdis,netincnci,netmargin,opex,opinc,payables,payoutratio,pb,pe,pe1,ppnenet,prefdivis,price,ps,ps1,receivables,retearn,revenue,revenueusd,rnd,roa,roe,roic,ros,sbcomp,sgna,sharefactor,sharesbas,shareswa,shareswadil,sps,tangibles,taxassets,taxexp,taxliabilities,tbvps,workingcapital
0,LLY,MRY,2020-12-31,2020-12-31,2020-12-31,2021-09-07,-6496400000.0,46633100000.0,43412225000.0,17462100000.0,29171000000.0,0.565,6.216,-1387900000.0,3657100000.0,3657100000.0,5483300000.0,6193700000.0,1.399,7.233,16595300000.0,8700000.0,16586600000.0,16595300000.0,0.0,1323900000.0,0.0,0.018,2.96,7229900000.0,8553800000.0,0.349,8553800000.0,7229900000.0,7229900000.0,6.82,6.79,6.82,5641600000.0,4410050000.0,5641600000.0,174836037006.0,24.0,20.44,5111700000.0,5.632,1.0,19056500000.0,0.777,11216500000.0,0.0,35873200000.0,33709525000.0,3980300000.0,2991000000.0,24200000.0,2966800000.0,40807900000.0,12481600000.0,28326300000.0,161509237006.0,1319600000.0,-849300000.0,-500000000.0,291600000.0,-2687100000.0,-3137100000.0,-2258900000.0,516700000.0,6499600000.0,216000000.0,6193700000.0,6193700000.0,6193700000.0,0.0,0.0,0.252,11826600000.0,7229900000.0,1606700000.0,0.434,28.628,26.076,24.757,8681900000.0,0.0,168.84,6.582,6.245,6929000000.0,7830200000.0,24539800000.0,24539800000.0,6085700000.0,0.143,1.404,0.214,0.295,308100000.0,6121200000.0,1.0,956581598.0,907634000.0,912505000.0,27.037,35416600000.0,2830400000.0,1036200000.0,6432800000.0,39.021,4980500000.0
1,LLY,MRY,2019-12-31,2019-12-31,2019-12-31,2021-09-07,-6523600000.0,39286100000.0,38463100000.0,13709600000.0,25576500000.0,0.58,2.8,-1033900000.0,2337500000.0,2337500000.0,4721200000.0,8318400000.0,1.164,14.035,15317200000.0,1499300000.0,13817900000.0,15317200000.0,0.0,1232600000.0,0.0,0.02,2.58,8946400000.0,10179000000.0,0.456,10179000000.0,8946400000.0,8946400000.0,8.93,8.89,8.93,2606900000.0,2812550000.0,2606900000.0,140336687233.0,16.0,13.787,3802700000.0,4.084,1.0,17598300000.0,0.788,10297400000.0,0.0,30193200000.0,30514100000.0,3190700000.0,2063400000.0,101000000.0,1962400000.0,36587000000.0,11775200000.0,24811800000.0,126189987233.0,-5660700000.0,-6936900000.0,-4400000000.0,4685400000.0,-2409800000.0,-2324500000.0,-8082900000.0,456200000.0,4836600000.0,-89900000.0,8318400000.0,8318400000.0,8318400000.0,-3680500000.0,0.0,0.373,12332400000.0,5265900000.0,1405300000.0,0.289,48.406,15.17,14.718,7872900000.0,0.0,131.43,5.654,5.483,5541500000.0,4920400000.0,22319500000.0,22319500000.0,5595000000.0,0.216,2.958,0.293,0.401,312400000.0,6213800000.0,1.0,960130771.0,931059000.0,935684000.0,23.972,28988700000.0,2572600000.0,628000000.0,5955300000.0,31.135,1934400000.0
2,LLY,MRY,2018-12-31,2018-12-31,2018-12-31,2021-09-07,-5729200000.0,43908400000.0,43812075000.0,20549600000.0,23358800000.0,0.491,9.564,-1210600000.0,7320700000.0,7320700000.0,4681700000.0,3232000000.0,1.729,3.357,10298600000.0,1102200000.0,9196400000.0,10298600000.0,0.0,1609000000.0,0.0,0.019,2.251,3761500000.0,5370500000.0,0.25,5370500000.0,3761500000.0,3761500000.0,3.14,3.13,3.14,9828700000.0,12246875000.0,9828700000.0,126301671349.0,34.0,23.518,4313900000.0,4.198,1.0,16811600000.0,0.782,2434600000.0,0.0,32563600000.0,30447950000.0,3098100000.0,2093600000.0,88200000.0,2005400000.0,32999300000.0,11888100000.0,21111200000.0,122584771349.0,1462000000.0,0.0,-4150700000.0,-729300000.0,-2311800000.0,-5904900000.0,1906000000.0,5111900000.0,5524500000.0,-63600000.0,3232000000.0,3232000000.0,3232000000.0,-81400000.0,0.0,0.15,13131500000.0,3680100000.0,1207100000.0,0.717,12.472,37.928,36.854,7996100000.0,0.0,115.72,5.703,5.533,5776800000.0,11395900000.0,21493300000.0,21493300000.0,5051200000.0,0.074,0.264,0.124,0.175,279500000.0,5975100000.0,1.0,1059322255.0,1027721000.0,1033667000.0,20.914,41473800000.0,2613700000.0,529500000.0,5406100000.0,40.355,8661500000.0
3,LLY,MRY,2017-12-31,2017-12-31,2017-12-31,2021-09-07,-5718600000.0,44981000000.0,41640550000.0,19202100000.0,25778900000.0,0.48,11.019,-1076800000.0,6536200000.0,6536200000.0,4447700000.0,-204100000.0,1.321,2.874,13647100000.0,3706600000.0,9940500000.0,13647100000.0,0.0,1567300000.0,0.0,0.025,2.08,2187100000.0,3754400000.0,0.188,3754400000.0,2187100000.0,2187100000.0,-0.19,-0.19,-0.19,11592200000.0,13653575000.0,11592200000.0,102738859291.0,47.0,27.365,4538800000.0,4.314,1.0,15526100000.0,0.777,8399300000.0,0.0,29156700000.0,29141525000.0,4458300000.0,7176700000.0,1497900000.0,5678800000.0,33313100000.0,14535900000.0,18777200000.0,92998459291.0,1954100000.0,-882100000.0,-299800000.0,2998900000.0,-2192100000.0,142600000.0,-3783600000.0,-562800000.0,5615600000.0,-20500000.0,-204100000.0,-204100000.0,-204100000.0,117700000.0,0.0,-0.01,13221300000.0,2304800000.0,1410700000.0,-10.947,8.023,-455.651,-444.526,8826500000.0,0.0,84.46,4.656,4.449,5262200000.0,13894100000.0,19973800000.0,19973800000.0,5096200000.0,-0.005,-0.015,0.075,0.109,281300000.0,5982400000.0,1.0,1101094711.0,1052023000.0,1052023000.0,18.986,36581700000.0,1166400000.0,2391200000.0,4309400000.0,34.773,4666200000.0
4,LLY,MRY,2016-12-31,2016-12-31,2016-12-31,2021-09-07,-5274000000.0,38805900000.0,36890825000.0,15101400000.0,23704500000.0,0.575,13.236,-963600000.0,4582100000.0,4582100000.0,5710100000.0,2737600000.0,1.375,1.765,10305200000.0,1937400000.0,8367800000.0,10305200000.0,0.0,1496600000.0,0.0,0.028,2.04,3374000000.0,4870600000.0,0.23,4870600000.0,3374000000.0,3374000000.0,2.59,2.58,2.59,14007700000.0,14811025000.0,14007700000.0,87055192316.0,26.0,17.874,3887400000.0,3.673,1.0,15512000000.0,0.731,8330600000.0,0.0,25211800000.0,25328000000.0,3561900000.0,6664000000.0,1456500000.0,5207500000.0,24725400000.0,10986600000.0,13738800000.0,81195392316.0,915700000.0,-45000000.0,-600100000.0,2499600000.0,-2158500000.0,-559800000.0,-3139100000.0,-1945400000.0,4851000000.0,-236400000.0,2737600000.0,2737600000.0,2737600000.0,0.0,0.0,0.129,12138000000.0,3374000000.0,1349300000.0,0.788,5.796,29.659,28.398,8252600000.0,0.0,73.55,3.826,3.668,4766300000.0,16046300000.0,21222100000.0,21222100000.0,5310300000.0,0.074,0.185,0.133,0.159,255300000.0,6528000000.0,1.0,1103948230.0,1058324000.0,1061825000.0,20.053,30475300000.0,0.0,636400000.0,808000000.0,28.796,4114800000.0
5,LLY,MRY,2015-12-31,2015-12-31,2015-12-31,2021-09-07,-4580700000.0,35568900000.0,35891025000.0,12573600000.0,22995300000.0,0.556,13.722,-973600000.0,3666400000.0,3666400000.0,5037200000.0,2408400000.0,1.528,1.44,7978500000.0,6100000.0,7972400000.0,7978500000.0,0.0,1427700000.0,0.0,0.024,2.0,2790000000.0,4217700000.0,0.211,4217700000.0,2790000000.0,2790000000.0,2.27,2.26,2.27,14571300000.0,14845700000.0,14571300000.0,98206630019.0,35.0,23.284,1991000000.0,1.875,1.0,14921500000.0,0.748,9074700000.0,0.0,22576700000.0,23485150000.0,3445800000.0,4432000000.0,785400000.0,3646600000.0,20978600000.0,8229600000.0,12749000000.0,93366530019.0,-205200000.0,122500000.0,-749500000.0,-181600000.0,-2127300000.0,-3111000000.0,26800000.0,1161500000.0,2964600000.0,-85600000.0,2408400000.0,2408400000.0,2408400000.0,0.0,0.0,0.121,12131500000.0,2790000000.0,1338200000.0,0.881,6.408,38.767,37.119,8053500000.0,0.0,84.26,4.678,4.483,4071600000.0,16011800000.0,19958700000.0,19958700000.0,4796400000.0,0.067,0.162,0.119,0.14,217800000.0,6533000000.0,1.0,1108076549.0,1061913000.0,1065720000.0,18.795,26494200000.0,0.0,381600000.0,1227800000.0,24.95,4344000000.0
6,LLY,MRY,2014-12-31,2014-12-31,2014-12-31,2021-09-07,-3991800000.0,36307600000.0,35182925000.0,11928300000.0,24379300000.0,0.558,14.368,-1147300000.0,9277200000.0,9277200000.0,4932500000.0,2390500000.0,1.225,1.361,8021500000.0,2688700000.0,5332800000.0,8021500000.0,0.0,1379000000.0,0.0,0.028,1.96,3000300000.0,4379300000.0,0.223,4379300000.0,3000300000.0,3000300000.0,2.23,2.23,2.23,15373200000.0,17341075000.0,15373200000.0,79255323075.0,26.0,18.098,3311100000.0,3.095,1.0,14683100000.0,0.749,4642300000.0,0.0,20668600000.0,23801700000.0,2740000000.0,5524300000.0,955400000.0,4568900000.0,20919500000.0,9741000000.0,11178500000.0,76815523075.0,41400000.0,-5957000000.0,-800000000.0,2638700000.0,-2101200000.0,-166400000.0,-3909100000.0,3623000000.0,4458400000.0,-341500000.0,2390500000.0,2390500000.0,2390500000.0,0.0,0.0,0.122,11682800000.0,3000300000.0,1128100000.0,0.879,4.997,32.134,30.937,7963900000.0,0.0,68.99,3.916,3.763,3801300000.0,16482700000.0,19615600000.0,19615600000.0,4733600000.0,0.068,0.138,0.126,0.153,156000000.0,6620800000.0,1.0,1113429817.0,1069932000.0,1074286000.0,18.334,31665300000.0,0.0,609800000.0,1092000000.0,29.596,2187300000.0
7,LLY,MRY,2013-12-31,2013-12-31,2013-12-31,2021-09-07,-2002700000.0,35248700000.0,33685100000.0,13104700000.0,22144000000.0,0.686,16.312,-832700000.0,3830200000.0,3830200000.0,4908100000.0,4684800000.0,1.47,0.999,5212900000.0,1012600000.0,4200300000.0,5212900000.0,0.0,1445600000.0,0.0,0.038,1.96,5889300000.0,7334900000.0,0.317,7334900000.0,5889300000.0,5889300000.0,4.33,4.32,4.33,17631400000.0,16179875000.0,17631400000.0,58373130365.0,10.0,7.958,4902300000.0,4.535,1.0,18205000000.0,0.788,4331100000.0,0.0,23383700000.0,22294875000.0,2928800000.0,9192000000.0,1567100000.0,7624900000.0,17608000000.0,8916600000.0,8691400000.0,57459130365.0,-188600000.0,-43700000.0,-1698100000.0,-10500000.0,-2120700000.0,-3829300000.0,-2072800000.0,-1017800000.0,5735000000.0,-21500000.0,4684800000.0,4684800000.0,4684800000.0,0.0,0.0,0.203,12315700000.0,5889300000.0,1119300000.0,0.453,3.259,12.265,11.778,7975500000.0,0.0,51.0,2.486,2.385,4022800000.0,16992400000.0,23113100000.0,23113100000.0,5531300000.0,0.139,0.29,0.264,0.255,144900000.0,7125600000.0,1.0,1126649615.0,1080874000.0,1084766000.0,21.384,30917600000.0,0.0,1204500000.0,2125900000.0,28.604,4188100000.0
8,LLY,MRY,2012-12-31,2012-12-31,2012-12-31,2021-09-07,-3797100000.0,34398900000.0,33192675000.0,13038700000.0,21360200000.0,0.681,13.264,-883400000.0,4018800000.0,4018800000.0,4796500000.0,4088600000.0,1.554,1.329,5531300000.0,11900000.0,5519400000.0,5531300000.0,0.0,1462200000.0,0.0,0.04,1.96,5408200000.0,6870400000.0,0.304,6870400000.0,5408200000.0,5408200000.0,3.67,3.66,3.67,14765200000.0,14988150000.0,14765200000.0,57434317645.0,11.0,8.36,4421400000.0,3.972,1.0,17806900000.0,0.788,4752700000.0,0.0,22769200000.0,22058050000.0,2643800000.0,7979400000.0,1665500000.0,6313900000.0,19625000000.0,8389500000.0,11235500000.0,57233517645.0,-1903700000.0,-199300000.0,-721100000.0,-1511100000.0,-2187400000.0,-4419600000.0,-2832800000.0,-2887800000.0,5304800000.0,43900000.0,4088600000.0,4088600000.0,4088600000.0,0.0,0.0,0.181,12398700000.0,5408200000.0,1188300000.0,0.534,3.876,13.998,13.439,7760200000.0,0.0,49.32,2.532,2.429,3888300000.0,16088200000.0,22603400000.0,22603400000.0,5278100000.0,0.123,0.273,0.245,0.239,141500000.0,7513500000.0,1.0,1160452507.0,1113178000.0,1117294000.0,20.305,29646200000.0,0.0,1319600000.0,2525800000.0,26.632,4649200000.0
9,LLY,MRY,2011-12-31,2011-12-31,2011-12-31,2021-09-07,-3858600000.0,33659800000.0,32794150000.0,14248200000.0,19411600000.0,0.741,11.691,-646700000.0,5922500000.0,5922500000.0,5067900000.0,4347700000.0,1.595,1.487,6987000000.0,1522300000.0,5464700000.0,6987000000.0,0.0,1373600000.0,0.0,0.047,1.96,5349500000.0,6723100000.0,0.277,6723100000.0,5349500000.0,5349500000.0,3.9,3.9,3.9,13535600000.0,14202100000.0,13535600000.0,48598894331.0,9.0,7.229,6587800000.0,5.69,1.0,19218600000.0,0.791,5128100000.0,0.0,20665300000.0,20011300000.0,2299800000.0,5004400000.0,974600000.0,4029800000.0,20124200000.0,8930900000.0,11193300000.0,48116594331.0,-70700000.0,-307800000.0,0.0,-195800000.0,-2180100000.0,-2369900000.0,-4824400000.0,-2736800000.0,7234500000.0,-110900000.0,4347700000.0,4347700000.0,4347700000.0,0.0,0.0,0.179,13869100000.0,5349500000.0,1125200000.0,0.503,3.555,11.067,10.656,7760300000.0,0.0,41.56,1.981,1.981,4237900000.0,14897800000.0,24286500000.0,24286500000.0,5020800000.0,0.133,0.306,0.267,0.22,147400000.0,7879900000.0,1.0,1157762135.0,1157762135.0,,20.977,28531700000.0,0.0,1001800000.0,1770200000.0,24.644,5317300000.0
10,LLY,MRY,2010-12-31,2010-12-31,2010-12-31,2021-09-07,-2670100000.0,31001400000.0,28956650000.0,14840000000.0,16161400000.0,0.797,10.764,-669700000.0,5993200000.0,5993200000.0,4366200000.0,5069500000.0,2.142,1.498,6926500000.0,156000000.0,6770500000.0,6926500000.0,0.0,1328200000.0,0.0,0.056,1.96,6525200000.0,7853400000.0,0.34,7853400000.0,6525200000.0,6525200000.0,4.58,4.58,4.58,12412800000.0,11381750000.0,12412800000.0,41634441617.0,6.0,5.301,6187100000.0,5.365,1.0,18709800000.0,0.811,4818800000.0,0.0,20189000000.0,19867100000.0,2517700000.0,2513300000.0,733800000.0,1779500000.0,18588600000.0,6926900000.0,11661700000.0,40406141617.0,1530300000.0,-609400000.0,0.0,124000000.0,-2165300000.0,-2021900000.0,-3159800000.0,-1169000000.0,6856800000.0,-144800000.0,5069500000.0,5069500000.0,5069500000.0,0.0,0.0,0.22,12184600000.0,6525200000.0,1072200000.0,0.428,3.255,7.97,7.651,7940700000.0,0.0,35.04,1.751,1.751,4158100000.0,12732600000.0,23076000000.0,23076000000.0,4884200000.0,0.175,0.445,0.328,0.283,231000000.0,7053400000.0,1.0,1153143311.0,1153143311.0,,20.011,26182600000.0,828300000.0,1455700000.0,1692300000.0,22.705,7913100000.0
11,LLY,MRY,2009-12-31,2009-12-31,2009-12-31,2021-09-07,-2471900000.0,27460900000.0,27029275000.0,12486500000.0,14974400000.0,0.808,8.289,-747300000.0,4462900000.0,4462900000.0,4247000000.0,4328800000.0,1.901,1.883,6662100000.0,27400000.0,6634700000.0,6662100000.0,0.0,1297800000.0,0.0,0.055,1.96,5357800000.0,6655600000.0,0.305,6655600000.0,5357800000.0,5357800000.0,3.94,3.94,3.94,9523700000.0,8928100000.0,9523700000.0,44575590083.0,8.0,6.697,3588200000.0,3.123,1.0,17589000000.0,0.806,3699800000.0,0.0,19392200000.0,20337975000.0,2849900000.0,1190500000.0,34700000.0,1155800000.0,17935600000.0,6568100000.0,11367500000.0,41031590083.0,-1033800000.0,0.0,0.0,-3424200000.0,-2152100000.0,-5533700000.0,142800000.0,1074600000.0,4335500000.0,21600000.0,4328800000.0,4328800000.0,4328800000.0,0.0,0.0,0.198,12231200000.0,5357800000.0,968100000.0,0.497,4.308,9.479,9.063,8197400000.0,0.0,35.71,1.879,1.879,3831800000.0,9830400000.0,21836000000.0,21836000000.0,4326500000.0,0.16,0.485,0.263,0.245,368500000.0,6892500000.0,1.0,1149022405.0,1149022405.0,,19.004,23761100000.0,714300000.0,1029000000.0,1435100000.0,20.679,5918400000.0
12,LLY,MRY,2008-12-31,2008-12-31,2008-12-31,2021-09-07,-2786800000.0,29212600000.0,27994725000.0,12453300000.0,16759300000.0,0.728,5.924,-921500000.0,5496700000.0,5496700000.0,4376700000.0,-2071900000.0,0.95,3.337,10462000000.0,5846300000.0,4615700000.0,10462000000.0,0.0,1122600000.0,0.0,0.047,1.88,-1307600000.0,-185000000.0,-0.009,-185000000.0,-1307600000.0,-1307600000.0,-1.89,-1.89,-1.89,6735300000.0,12491150000.0,6735300000.0,46043610720.0,-35.0,-248.884,6374100000.0,5.606,1.0,15995200000.0,0.785,3929100000.0,0.0,17139100000.0,20092300000.0,2493200000.0,1974000000.0,429400000.0,1544600000.0,22474900000.0,13109700000.0,9365200000.0,45785110720.0,2276200000.0,-6083000000.0,0.0,4410800000.0,-2056700000.0,2346000000.0,-7268800000.0,142500000.0,7295600000.0,-96600000.0,-2071900000.0,-2071900000.0,-2071900000.0,0.0,0.0,-0.102,17302800000.0,-1307600000.0,885800000.0,-0.995,6.798,-22.098,-21.307,8626300000.0,0.0,40.27,2.247,2.247,3277300000.0,7654900000.0,20371900000.0,20371900000.0,3840900000.0,-0.074,-0.166,-0.065,-0.064,255300000.0,6626400000.0,1.0,1136953333.0,1136953333.0,,17.918,25283500000.0,382100000.0,764300000.0,1210100000.0,22.238,-656400000.0
13,LLY,MRY,2007-12-31,2007-12-31,2007-12-31,2021-09-07,13200000.0,26874800000.0,24909300000.0,12316100000.0,14558700000.0,0.748,11.905,-1050100000.0,3220500000.0,3220500000.0,4248800000.0,2953000000.0,2.265,0.99,5007200000.0,413700000.0,4593500000.0,5007200000.0,0.0,1047900000.0,0.0,0.032,1.7,3876800000.0,4924700000.0,0.264,4924700000.0,3876800000.0,3876800000.0,2.71,2.71,2.71,13503900000.0,12386175000.0,13503900000.0,63039759378.0,16.0,12.801,4104400000.0,3.618,1.0,14384700000.0,0.772,2455400000.0,0.0,20769300000.0,20390675000.0,2523700000.0,2187800000.0,1610700000.0,577100000.0,13370900000.0,5436800000.0,7934100000.0,60560959378.0,111200000.0,-2673200000.0,0.0,984600000.0,-1853600000.0,-844900000.0,-4328100000.0,-327500000.0,5154500000.0,129700000.0,2953000000.0,2953000000.0,2953000000.0,0.0,0.0,0.158,10629900000.0,3754800000.0,924400000.0,0.627,4.485,20.508,19.701,8575100000.0,0.0,53.39,3.25,3.25,3704800000.0,11806700000.0,18633500000.0,18633500000.0,3486700000.0,0.119,0.238,0.19,0.208,282000000.0,6095100000.0,1.0,1134312781.0,1134312781.0,,16.427,24419400000.0,642800000.0,923800000.0,1722600000.0,21.528,6879300000.0
14,LLY,MRY,2006-12-31,2006-12-31,2006-12-31,2021-09-07,-1388700000.0,22042400000.0,23634575000.0,9753600000.0,12288800000.0,0.664,9.562,-1012600000.0,3109300000.0,3109300000.0,3546500000.0,2662700000.0,1.856,1.037,3713800000.0,219400000.0,3494400000.0,3713800000.0,0.0,801800000.0,0.0,0.031,1.6,3418000000.0,4219800000.0,0.269,4219800000.0,3418000000.0,3418000000.0,2.45,2.45,2.45,10820200000.0,11874400000.0,10820200000.0,61673358349.0,18.0,14.615,2963300000.0,2.619,1.0,12144500000.0,0.774,130000000.0,0.0,17262900000.0,21739800000.0,2270300000.0,1783600000.0,781700000.0,1001900000.0,11222200000.0,5254000000.0,5968200000.0,58955758349.0,102600000.0,0.0,-62500000.0,-2789900000.0,-1736300000.0,-4578800000.0,608400000.0,1442000000.0,3975900000.0,97100000.0,2662700000.0,2662700000.0,2662700000.0,0.0,0.0,0.17,8964300000.0,3180200000.0,789400000.0,0.653,5.449,22.141,21.265,8152300000.0,0.0,52.1,3.757,3.757,2694400000.0,10766200000.0,15691000000.0,15691000000.0,3129300000.0,0.113,0.224,0.157,0.218,359300000.0,4889800000.0,1.0,1131588452.0,1131588452.0,,13.866,21912400000.0,578400000.0,755300000.0,702800000.0,19.364,4499600000.0
15,LLY,MRY,2005-12-31,2005-12-31,2005-12-31,2021-09-07,-420600000.0,24580800000.0,24010875000.0,10795800000.0,13785000000.0,0.61,9.495,-1287000000.0,3006700000.0,3006700000.0,3474200000.0,1979600000.0,1.889,1.278,6498200000.0,734700000.0,5763500000.0,6498200000.0,0.0,726400000.0,0.0,0.027,1.52,2695500000.0,3421900000.0,0.234,3421900000.0,2695500000.0,2695500000.0,1.82,1.81,1.82,10791900000.0,11010400000.0,10791900000.0,65862289442.0,24.0,19.247,626600000.0,0.551,1.0,11171100000.0,0.763,0.0,0.0,22356000000.0,19359925000.0,1878000000.0,3327600000.0,2031000000.0,1296600000.0,13788900000.0,5716300000.0,8072600000.0,64321789442.0,-2358600000.0,0.0,-272000000.0,6600000.0,-1654900000.0,-1880500000.0,-2215900000.0,-575300000.0,1913600000.0,-175800000.0,1979600000.0,1979600000.0,1979600000.0,0.0,0.0,0.135,8767800000.0,2403300000.0,781300000.0,0.835,5.96,32.492,31.093,7912500000.0,0.0,56.59,4.392,4.392,2761700000.0,10027200000.0,14645300000.0,14645300000.0,3025500000.0,0.082,0.18,0.139,0.184,403500000.0,4497000000.0,1.0,1136628193.0,1136628193.0,,12.885,24580800000.0,756400000.0,715900000.0,1580000000.0,21.626,5079500000.0
16,LLY,MRY,2004-12-31,2004-12-31,2004-12-31,2021-09-07,218600000.0,24867000000.0,23556775000.0,12835800000.0,12031200000.0,0.588,9.65,-1877600000.0,5365300000.0,5365300000.0,3223900000.0,1810100000.0,1.69,1.277,6512500000.0,2020600000.0,4491900000.0,6512500000.0,0.0,597500000.0,0.0,0.025,1.42,2941900000.0,3539400000.0,0.255,3539400000.0,2941900000.0,2941900000.0,1.67,1.66,1.67,10919900000.0,10821900000.0,10919900000.0,67822218925.0,23.0,19.162,991900000.0,0.877,1.0,10634000000.0,0.767,0.0,0.0,18420500000.0,19549725000.0,2291600000.0,2660500000.0,2099100000.0,561400000.0,13947100000.0,7593700000.0,6353400000.0,64220518925.0,2609000000.0,-71700000.0,117900000.0,1639000000.0,-1539800000.0,203700000.0,-684800000.0,1762600000.0,2869500000.0,220600000.0,1810100000.0,1810100000.0,1810100000.0,0.0,0.0,0.131,7970500000.0,2663500000.0,648600000.0,0.85,5.881,35.479,33.982,7550900000.0,0.0,56.75,4.634,4.634,2553000000.0,9724600000.0,13857900000.0,13857900000.0,2691100000.0,0.077,0.167,0.15,0.212,53000000.0,4284200000.0,1.0,1131639100.0,1131639100.0,,12.246,24867000000.0,255300000.0,1131800000.0,2324300000.0,21.974,5242100000.0
17,LLY,MRY,2003-12-31,2003-12-31,2003-12-31,2021-09-07,-160100000.0,21688300000.0,20545300000.0,8768900000.0,12919400000.0,0.612,8.696,-1645400000.0,2756300000.0,2756300000.0,2675100000.0,2560800000.0,1.577,1.221,4884300000.0,196500000.0,4687800000.0,4884300000.0,0.0,548500000.0,0.0,0.019,1.34,3322700000.0,3871200000.0,0.308,3871200000.0,3322700000.0,3261700000.0,2.38,2.37,2.38,9764800000.0,9165775000.0,9764800000.0,81258258223.0,24.0,20.99,2001300000.0,1.782,1.0,9907400000.0,0.787,0.0,61000000.0,18255500000.0,18134075000.0,1963000000.0,4331600000.0,957000000.0,3374600000.0,11923500000.0,5560800000.0,6362700000.0,78973858223.0,810400000.0,0.0,-177500000.0,42700000.0,-1443000000.0,-1578300000.0,-1331500000.0,531100000.0,3646700000.0,73500000.0,2560800000.0,2560800000.0,2560800000.0,0.0,0.0,0.204,6787800000.0,3119600000.0,875900000.0,0.563,8.088,30.84,29.55,6539000000.0,0.0,70.33,6.276,6.276,2342500000.0,9470400000.0,12582500000.0,12582500000.0,2350200000.0,0.125,0.279,0.183,0.264,0.0,4055400000.0,1.0,1122904283.0,1122904283.0,,11.205,21688300000.0,500600000.0,700900000.0,2135900000.0,19.314,3208100000.0
18,LLY,MRY,2002-12-31,2002-12-31,2002-12-31,2021-09-07,-670800000.0,19042000000.0,18141250000.0,7804100000.0,11237900000.0,0.611,7.365,-1094100000.0,1945900000.0,1945900000.0,2176500000.0,2707900000.0,1.541,1.302,4903600000.0,545400000.0,4358200000.0,4903600000.0,0.0,493000000.0,0.0,0.02,1.24,3537400000.0,4030400000.0,0.364,4030400000.0,3537400000.0,3457700000.0,2.51,2.5,2.51,8273600000.0,7995600000.0,8273600000.0,73795425060.0,21.0,18.31,976600000.0,0.869,1.0,8901000000.0,0.804,0.0,79700000.0,16936200000.0,14971525000.0,1495400000.0,4859200000.0,1708800000.0,3150400000.0,10768400000.0,5063500000.0,5704900000.0,71334225060.0,-756400000.0,0.0,-320600000.0,1234400000.0,-1335800000.0,-422000000.0,-2474400000.0,-1064200000.0,2070700000.0,69300000.0,2707900000.0,2707900000.0,2707900000.0,0.0,0.0,0.244,5657300000.0,3243700000.0,676900000.0,0.494,8.622,26.343,25.299,5293000000.0,0.0,63.5,6.44,6.44,2074200000.0,8500100000.0,11077500000.0,11077500000.0,2149300000.0,0.149,0.339,0.236,0.319,0.0,3424000000.0,1.0,1123373623.0,1123373623.0,,9.861,19042000000.0,331700000.0,749800000.0,1761900000.0,16.951,2740600000.0
19,LLY,MRY,2001-12-31,2001-12-31,2001-12-31,2021-09-07,-748400000.0,16434100000.0,15804350000.0,6938900000.0,9495200000.0,0.73,6.319,-852400000.0,2702300000.0,2702300000.0,2160200000.0,2780000000.0,1.334,1.313,3418400000.0,286300000.0,3132100000.0,3418400000.0,0.0,454900000.0,0.0,0.014,1.1,3698600000.0,4153500000.0,0.36,4153500000.0,3698600000.0,3506900000.0,2.58,2.55,2.58,7104000000.0,6957025000.0,7104000000.0,89241279984.0,24.0,21.486,2809200000.0,2.499,1.0,9382300000.0,0.813,0.0,191700000.0,11947200000.0,11421375000.0,1060200000.0,3739600000.0,1028700000.0,2710900000.0,9330100000.0,5203000000.0,4127100000.0,88295279984.0,-1412600000.0,0.0,-436200000.0,594700000.0,-1207200000.0,-1048700000.0,-3964800000.0,-2742700000.0,3661600000.0,-60700000.0,2780000000.0,2780000000.0,2780000000.0,0.0,0.0,0.241,5964400000.0,3417900000.0,624100000.0,0.426,12.429,31.761,30.442,4532400000.0,0.0,78.54,7.65,7.65,1695200000.0,7411200000.0,11542500000.0,11542500000.0,2235100000.0,0.176,0.4,0.324,0.32,0.0,3417400000.0,1.0,1124207792.0,1124207792.0,,10.267,16434100000.0,223300000.0,726900000.0,2319500000.0,14.618,1735900000.0
20,LLY,MRY,2000-12-31,2000-12-31,2000-12-31,2021-09-07,-611200000.0,14690800000.0,13499875000.0,7943000000.0,6747800000.0,0.805,5.364,-672800000.0,4114900000.0,4114900000.0,2055700000.0,3057800000.0,1.601,1.429,2818000000.0,184300000.0,2633700000.0,2818000000.0,0.0,435800000.0,0.0,0.011,1.04,4041000000.0,4476800000.0,0.412,4476800000.0,4041000000.0,3858700000.0,2.83,2.79,2.83,6046900000.0,5820725000.0,6046900000.0,104618350639.0,26.0,23.369,3058700000.0,2.713,1.0,8806500000.0,0.811,0.0,182300000.0,8433200000.0,8782225000.0,883100000.0,899000000.0,503300000.0,395700000.0,8643900000.0,4960700000.0,3683200000.0,104904150639.0,414500000.0,0.0,-874400000.0,-229100000.0,-1126000000.0,-2229500000.0,-1056500000.0,-249300000.0,3731500000.0,-31000000.0,3057800000.0,3057800000.0,3057800000.0,0.0,0.0,0.282,5246800000.0,3559700000.0,661900000.0,0.367,17.348,34.307,32.883,4176600000.0,0.0,93.06,9.658,9.658,1966100000.0,6223200000.0,10862200000.0,10862200000.0,2018500000.0,0.227,0.525,0.46,0.372,0.0,3228300000.0,1.0,1127274346.0,1127274346.0,,9.636,14690800000.0,269500000.0,800900000.0,2200200000.0,13.032,2982300000.0
21,LLY,MRY,1999-12-31,1999-12-31,1999-12-31,2021-09-07,-406400000.0,12825200000.0,11800450000.0,7055500000.0,5769700000.0,0.848,4.597,-450000000.0,3700400000.0,3700400000.0,2098000000.0,2721000000.0,1.793,1.558,3053400000.0,241500000.0,2811900000.0,3053400000.0,0.0,439700000.0,0.0,0.014,0.92,3603500000.0,4043200000.0,0.404,4043200000.0,3603500000.0,3419700000.0,2.5,2.46,2.5,5013000000.0,4797575000.0,5013000000.0,72389671438.0,20.0,17.904,2292400000.0,2.102,1.0,7904900000.0,0.79,0.0,183800000.0,8242800000.0,8254400000.0,899600000.0,315900000.0,135600000.0,180300000.0,7812200000.0,3935400000.0,3876800000.0,72519671438.0,2204700000.0,1600000000.0,-1265500000.0,690600000.0,-1000500000.0,-1575400000.0,1086700000.0,53300000.0,2742400000.0,-49000000.0,2721000000.0,2721000000.0,2721000000.0,-174300000.0,0.0,0.272,4628600000.0,3276300000.0,445500000.0,0.368,14.466,26.652,26.6,3981500000.0,0.0,66.5,7.25,7.25,1842800000.0,4985600000.0,10002900000.0,10002900000.0,1783600000.0,0.231,0.567,0.437,0.36,0.0,2757600000.0,1.0,1090521375.0,1090521375.0,,9.173,12825200000.0,240300000.0,698700000.0,1582300000.0,11.761,3120100000.0
22,LLY,MRY,1998-12-31,1998-12-31,1998-12-31,2021-09-07,-229800000.0,12595500000.0,12273075000.0,5406800000.0,7188700000.0,0.753,4.028,-389300000.0,1495700000.0,1495700000.0,2015100000.0,2097900000.0,1.174,1.843,2366900000.0,181400000.0,2185500000.0,2366900000.0,0.0,490400000.0,0.0,0.009,0.8,2847900000.0,3338300000.0,0.361,3338300000.0,2847900000.0,2666600000.0,1.91,1.87,1.91,4429600000.0,4473400000.0,4429600000.0,98864118935.0,35.0,29.615,2487000000.0,2.262,1.0,7221700000.0,0.782,1517900000.0,181300000.0,7341600000.0,7981350000.0,999900000.0,305400000.0,101400000.0,204000000.0,8165900000.0,4607200000.0,3558700000.0,97741318935.0,-451800000.0,0.0,-1757300000.0,-176400000.0,-877700000.0,-2984200000.0,-368900000.0,215500000.0,2876300000.0,25000000.0,2097900000.0,2097900000.0,2097900000.0,-8800000.0,0.0,0.227,4524700000.0,2697000000.0,1186000000.0,0.419,22.065,46.59,46.534,4096300000.0,0.0,88.88,10.582,10.582,2243700000.0,4228800000.0,9236800000.0,9236800000.0,1738900000.0,0.171,0.469,0.357,0.308,0.0,2658300000.0,1.0,1099699808.0,1099699808.0,,8.399,11077600000.0,332700000.0,568700000.0,1538100000.0,10.073,799600000.0
23,LLY,MRY,1997-12-31,1997-12-31,1997-12-31,2021-09-07,-281200000.0,12577400000.0,12799775000.0,5320700000.0,7256700000.0,0.624,4.044,-354800000.0,1947500000.0,1947500000.0,1946000000.0,-385100000.0,1.269,1.768,2553700000.0,227600000.0,2326100000.0,2553700000.0,0.0,509800000.0,0.0,0.013,0.94,732800000.0,1242600000.0,0.156,1242600000.0,732800000.0,500100000.0,-0.35,-0.34,-0.35,4485600000.0,5028975000.0,4485600000.0,78504691613.0,107.0,63.178,2045600000.0,1.844,1.0,6041700000.0,0.756,1550500000.0,232700000.0,7441500000.0,8212300000.0,900700000.0,542700000.0,77100000.0,465600000.0,7931800000.0,4191600000.0,3740200000.0,77241591613.0,1133800000.0,1221500000.0,-145900000.0,-1150700000.0,-818000000.0,-1954600000.0,809700000.0,-22800000.0,2400400000.0,-121700000.0,-385100000.0,-385100000.0,-385100000.0,2401000000.0,0.0,-0.048,3701100000.0,2340600000.0,985500000.0,-2.686,17.22,-200.575,-198.943,4101700000.0,0.0,69.63,9.67,9.67,1883200000.0,4497300000.0,7987700000.0,7987700000.0,1370200000.0,-0.03,-0.077,0.089,0.092,0.0,2233100000.0,1.0,1109314830.0,1109314830.0,,7.201,11026900000.0,325700000.0,885200000.0,1403500000.0,9.94,1129100000.0
24,LLY,MRY,1996-12-31,1996-12-31,1996-12-31,2021-09-07,-57400000.0,14307200000.0,14359850000.0,3891300000.0,10415900000.0,0.487,5.5,-432700000.0,813700000.0,813700000.0,1872100000.0,1523500000.0,0.922,1.345,3729400000.0,1212900000.0,2516500000.0,3729400000.0,0.0,543500000.0,0.0,0.019,0.686,2317100000.0,2860600000.0,0.409,2860600000.0,2317100000.0,2029100000.0,1.39,1.36,1.39,6100100000.0,5766350000.0,6100100000.0,,,,1558700000.0,1.405,1.0,5126200000.0,0.732,4028200000.0,288000000.0,8972500000.0,8907500000.0,881400000.0,584900000.0,141400000.0,443500000.0,8207100000.0,4222200000.0,3984900000.0,40480568747.0,-185800000.0,-97100000.0,-96100000.0,-811800000.0,-753200000.0,-1661100000.0,-468000000.0,102600000.0,1991400000.0,-48100000.0,1523500000.0,1523500000.0,1523500000.0,102200000.0,0.0,0.218,3081900000.0,2044300000.0,829300000.0,0.494,6.636,26.571,26.259,4307000000.0,0.0,36.5,5.784,5.784,1737100000.0,7207300000.0,6998300000.0,6998300000.0,1189500000.0,0.106,0.264,0.26,0.331,0.0,1892400000.0,1.0,1109056678.0,1109056678.0,,6.31,10279000000.0,145200000.0,505600000.0,1067800000.0,9.268,-330900000.0
25,LLY,MRY,1995-12-31,1995-12-31,1995-12-31,2021-09-07,-600000.0,14412500000.0,,4138600000.0,10273900000.0,,,-529800000.0,999500000.0,999500000.0,1885700000.0,2290900000.0,0.833,1.653,4501700000.0,1908800000.0,2592900000.0,4501700000.0,0.0,553700000.0,0.0,0.023,0.655,3036200000.0,3589900000.0,0.531,3589900000.0,3036200000.0,2749900000.0,2.01,1.99,2.01,5432600000.0,,5432600000.0,,,,1294800000.0,,1.0,4878100000.0,0.721,4105200000.0,286300000.0,8842500000.0,,839600000.0,658400000.0,84600000.0,573800000.0,8979900000.0,4967000000.0,4012900000.0,,462600000.0,-36800000.0,-101300000.0,34800000.0,-747200000.0,-813700000.0,-562800000.0,57900000.0,1824600000.0,14500000.0,2290900000.0,2290900000.0,2290900000.0,-984300000.0,0.0,0.339,2896300000.0,1981800000.0,1018000000.0,0.326,,,13.993,4239300000.0,0.0,28.125,,,1808400000.0,6484300000.0,6763800000.0,6763800000.0,1042300000.0,,,,0.449,0.0,1854000000.0,1.0,,,,,10307300000.0,259200000.0,459000000.0,956000000.0,,-828400000.0
26,LLY,MRY,1994-12-31,1994-12-31,1994-12-31,2021-09-07,,,,,,,,-517800000.0,,,1679700000.0,1286100000.0,,,,,,,,432200000.0,,0.038,0.625,1903400000.0,2335600000.0,0.409,2335600000.0,1903400000.0,1799600000.0,1.11,,1.11,,,,,,,1014500000.0,,1.0,4031900000.0,0.706,,103800000.0,,,,,,,,,,,-2700000.0,-4050800000.0,-60500000.0,3428400000.0,-723100000.0,2837300000.0,-4405000000.0,236500000.0,1532300000.0,32700000.0,1286100000.0,1286100000.0,1286100000.0,-101000000.0,0.0,0.225,2361400000.0,1670500000.0,,0.563,,,14.779,,0.0,16.405,,,,,5711600000.0,5711600000.0,838700000.0,,,,0.333,0.0,1398300000.0,1.0,,,,,,,513500000.0,,,
0,LLY,MRQ,2021-06-30,2021-06-30,2021-06-30,2021-09-07,-6287100000.0,47809000000.0,,17295500000.0,30513500000.0,,7.103,-381300000.0,3220000000.0,3220000000.0,1953200000.0,1390200000.0,1.146,6.385,16515100000.0,1778500000.0,14736600000.0,16515100000.0,0.0,369300000.0,0.0,0.014,0.85,1593900000.0,1963200000.0,0.291,1963200000.0,1593900000.0,1593900000.0,1.53,1.53,1.53,6444400000.0,,6444400000.0,233317620366.0,33.0,27.703,1394200000.0,1.537,1.0,4786900000.0,0.71,11869600000.0,0.0,34141300000.0,,3824900000.0,3526100000.0,51200000.0,3474900000.0,41145500000.0,15093200000.0,26052300000.0,220115520366.0,217600000.0,0.0,-500000000.0,200000000.0,-768300000.0,-1083200000.0,-483300000.0,-24400000.0,1775500000.0,8600000.0,1390200000.0,1390200000.0,1390200000.0,0.0,0.0,0.206,3193000000.0,1593900000.0,1597800000.0,0.556,34.156,36.259,34.359,8855500000.0,0.0,229.52,8.236,7.792,6902800000.0,8530100000.0,6740100000.0,6740100000.0,1672800000.0,,,,,91900000.0,1685700000.0,1.0,959025446.0,907300000.0,910400000.0,7.429,35939400000.0,2674900000.0,203700000.0,6125200000.0,39.611,2202300000.0
1,LLY,MRQ,2021-03-31,2021-03-31,2021-03-31,2021-09-07,-6395600000.0,46838300000.0,,16604500000.0,30233800000.0,,7.591,-300300000.0,3002400000.0,3002400000.0,1878600000.0,1355300000.0,1.417,5.76,16204500000.0,4900000.0,16199600000.0,16204500000.0,0.0,350300000.0,0.0,0.016,0.85,1476400000.0,1826700000.0,0.268,1826700000.0,1476400000.0,1476400000.0,1.49,1.49,1.49,6898700000.0,,6898700000.0,191991287966.0,27.0,22.783,1397100000.0,1.537,1.0,4927000000.0,0.724,11965200000.0,0.0,36361000000.0,,3660800000.0,3281400000.0,49000000.0,3232400000.0,39739000000.0,11714200000.0,28024800000.0,179053087966.0,-654700000.0,-747400000.0,0.0,-3700000.0,-774800000.0,-1058400000.0,-1283500000.0,-22100000.0,1697400000.0,-10200000.0,1355300000.0,1355300000.0,1355300000.0,0.0,0.0,0.199,3450600000.0,1476400000.0,1639600000.0,0.57,25.955,29.389,27.842,8630100000.0,0.0,186.82,7.026,6.662,6658600000.0,9181300000.0,6805600000.0,6805600000.0,1684800000.0,,,,,85500000.0,1576000000.0,1.0,958425693.0,908800000.0,912400000.0,7.489,34873100000.0,2649900000.0,121100000.0,6909700000.0,38.373,4890300000.0
2,LLY,MRQ,2020-12-31,2020-12-31,2020-12-31,2021-09-07,-6496400000.0,46633100000.0,,17462100000.0,29171000000.0,,6.213,-454700000.0,3657100000.0,3657100000.0,1719800000.0,2116800000.0,1.399,7.233,16595300000.0,8700000.0,16586600000.0,16595300000.0,0.0,367500000.0,0.0,0.018,0.74,2469100000.0,2836600000.0,0.381,2836600000.0,2469100000.0,2469100000.0,2.33,2.32,2.33,5641600000.0,,5641600000.0,174836037006.0,24.0,20.44,1360500000.0,1.498,1.0,5720200000.0,0.769,11216500000.0,0.0,35873200000.0,,3980300000.0,2991000000.0,24200000.0,2966800000.0,40807900000.0,12481600000.0,28326300000.0,161509237006.0,61800000.0,0.0,0.0,-580100000.0,-670000000.0,-1291500000.0,-674100000.0,58900000.0,1815200000.0,212200000.0,2116800000.0,2116800000.0,2116800000.0,0.0,0.0,0.285,3251100000.0,2469100000.0,1606700000.0,0.318,28.628,26.076,24.757,8681900000.0,0.0,168.84,6.582,6.245,6929000000.0,7830200000.0,7440000000.0,7440000000.0,1838000000.0,,,,,87800000.0,1553900000.0,1.0,956581598.0,908036000.0,914320000.0,8.194,35416600000.0,2830400000.0,352300000.0,6432800000.0,39.004,4980500000.0
3,LLY,MRQ,2020-09-30,2020-09-30,2020-09-30,2021-09-07,-6555100000.0,43946000000.0,,16239900000.0,27706100000.0,,5.321,-393100000.0,3595300000.0,3595300000.0,1326400000.0,1208400000.0,1.356,8.069,16922100000.0,587500000.0,16334600000.0,16922100000.0,0.0,358400000.0,0.0,0.019,0.74,1437200000.0,1795600000.0,0.313,1795600000.0,1437200000.0,1437200000.0,1.33,1.33,1.33,4826900000.0,,4826900000.0,155539844463.0,24.0,20.145,1413500000.0,1.558,1.0,4414200000.0,0.769,11315000000.0,0.0,33980900000.0,,3555400000.0,2511200000.0,35000000.0,2476200000.0,38950000000.0,11976900000.0,26973100000.0,141576744463.0,1230200000.0,0.0,0.0,394800000.0,-671600000.0,-279100000.0,-313500000.0,89400000.0,1806600000.0,16200000.0,1208400000.0,1208400000.0,1208400000.0,0.0,0.0,0.211,2977000000.0,1437200000.0,1430100000.0,0.556,29.331,25.406,24.068,8281100000.0,0.0,148.02,6.099,5.785,5844800000.0,7154000000.0,5740600000.0,5740600000.0,1465400000.0,,,,,71700000.0,1569100000.0,1.0,956470372.0,907200000.0,911400000.0,6.328,32631000000.0,2555300000.0,228800000.0,6673900000.0,35.969,4263000000.0
4,LLY,MRQ,2020-06-30,2020-06-30,2020-06-30,2021-09-07,-6682900000.0,41967000000.0,,14581900000.0,27385100000.0,,4.512,-281800000.0,2365100000.0,2365100000.0,1222000000.0,1412000000.0,1.216,9.21,16328200000.0,1263800000.0,15064400000.0,16328200000.0,0.0,324400000.0,0.0,0.017,0.74,1643700000.0,1968100000.0,0.358,1968100000.0,1643700000.0,1643700000.0,1.56,1.55,1.56,4092900000.0,,4092900000.0,172561334553.0,27.0,22.648,2213600000.0,2.44,1.0,4277400000.0,0.778,11435700000.0,0.0,32505900000.0,,3313900000.0,2429200000.0,22800000.0,2406400000.0,37695000000.0,11988500000.0,25706500000.0,157030034553.0,666100000.0,0.0,0.0,-995500000.0,-674200000.0,-1673200000.0,-210400000.0,360100000.0,2495400000.0,54300000.0,1412000000.0,1412000000.0,1412000000.0,0.0,0.0,0.257,2633700000.0,1643700000.0,1247200000.0,0.474,38.366,27.951,26.523,7981100000.0,0.0,164.18,6.842,6.49,5775600000.0,6617200000.0,5499400000.0,5499400000.0,1390200000.0,,,,,76800000.0,1448600000.0,1.0,956450448.0,907200000.0,910900000.0,6.062,30531300000.0,2481800000.0,231700000.0,6877500000.0,33.654,2593400000.0
5,LLY,MRQ,2020-03-31,2020-03-31,2020-03-31,2021-09-07,-6885900000.0,41102800000.0,,13994200000.0,27108600000.0,,3.39,-258300000.0,1699000000.0,1699000000.0,1215100000.0,1456500000.0,1.11,12.312,17230300000.0,3248000000.0,13982300000.0,17230300000.0,0.0,273600000.0,0.0,0.019,0.74,1679900000.0,1953500000.0,0.333,1953500000.0,1679900000.0,1679900000.0,1.6,1.6,1.6,3078800000.0,,3078800000.0,146135739200.0,24.0,19.844,124100000.0,0.137,1.0,4644700000.0,0.793,11545800000.0,0.0,32478100000.0,,3102400000.0,2227100000.0,78400000.0,2148700000.0,37905600000.0,12610200000.0,25295400000.0,132669339200.0,-638500000.0,-849300000.0,-500000000.0,1472400000.0,-671300000.0,106700000.0,-1060900000.0,8300000.0,382400000.0,-66700000.0,1456500000.0,1456500000.0,1456500000.0,0.0,0.0,0.249,2964800000.0,1679900000.0,1207700000.0,0.463,43.091,23.977,22.853,7897900000.0,0.0,138.72,5.746,5.457,6352500000.0,5879400000.0,5859800000.0,5859800000.0,1392100000.0,,,,,71800000.0,1549600000.0,1.0,956382203.0,908200000.0,911700000.0,6.452,29557000000.0,2471600000.0,223400000.0,6475500000.0,32.545,1384000000.0
6,LLY,MRQ,2019-12-31,2019-12-31,2019-12-31,2021-09-07,-6523600000.0,39286100000.0,,13709600000.0,25576500000.0,,2.866,-326500000.0,2337500000.0,2337500000.0,1282600000.0,1495700000.0,1.164,14.035,15317200000.0,1499300000.0,13817900000.0,15317200000.0,0.0,340700000.0,0.0,0.02,0.645,1663100000.0,2003800000.0,0.328,2003800000.0,1663100000.0,1663100000.0,1.66,1.65,1.66,2606900000.0,,2606900000.0,140336687233.0,16.0,13.787,1637200000.0,1.8,1.0,4831400000.0,0.79,10297400000.0,0.0,30193200000.0,,3190700000.0,2063400000.0,101000000.0,1962400000.0,36587000000.0,11775200000.0,24811800000.0,126189987233.0,773700000.0,-19200000.0,-300000000.0,-221500000.0,-587200000.0,-1113600000.0,-41400000.0,72300000.0,1963700000.0,-35000000.0,1495700000.0,1495700000.0,1495700000.0,0.0,0.0,0.245,3168300000.0,1663100000.0,1405300000.0,0.389,48.406,15.17,14.718,7872900000.0,0.0,131.43,5.654,5.483,5541500000.0,4920400000.0,6114000000.0,6114000000.0,1581400000.0,,,,,81600000.0,1698100000.0,1.0,960130771.0,909636000.0,915536000.0,6.721,28988700000.0,2572600000.0,167400000.0,5955300000.0,31.868,1934400000.0
7,LLY,MRQ,2019-09-30,2019-09-30,2019-09-30,2021-09-07,-5734500000.0,37893100000.0,,12661800000.0,25231300000.0,,3.701,-263400000.0,1563800000.0,1563800000.0,1175000000.0,1253900000.0,1.169,10.179,15710500000.0,1563100000.0,14147400000.0,15710500000.0,0.0,288000000.0,0.0,0.022,0.645,1405800000.0,1693800000.0,0.309,1693800000.0,1405800000.0,1405800000.0,1.37,1.37,1.37,3382500000.0,,3382500000.0,121963667022.0,15.0,12.898,1246700000.0,1.364,1.0,4301600000.0,0.785,10461800000.0,0.0,30749400000.0,,3101300000.0,1914500000.0,89200000.0,1825300000.0,34430800000.0,10828600000.0,23602200000.0,107964367022.0,-726400000.0,0.0,-600000000.0,-505500000.0,-587400000.0,-1692900000.0,-423800000.0,58800000.0,1510100000.0,-119800000.0,1253900000.0,1253900000.0,1253900000.0,0.0,0.0,0.229,2895800000.0,1405800000.0,1114900000.0,0.471,31.919,13.584,13.572,8337200000.0,0.0,111.83,4.943,4.679,5537900000.0,4981900000.0,5476600000.0,5476600000.0,1380900000.0,,,,,75500000.0,1412300000.0,1.0,965432952.0,913900000.0,918500000.0,5.993,27431300000.0,2412800000.0,151900000.0,6120900000.0,30.016,1833200000.0
8,LLY,MRQ,2019-06-30,2019-06-30,2019-06-30,2021-09-07,-5600500000.0,38666400000.0,,13454500000.0,25211900000.0,,3.02,-240300000.0,2290200000.0,2290200000.0,1124900000.0,1327200000.0,1.135,12.879,16289500000.0,2068600000.0,14220900000.0,16289500000.0,0.0,247400000.0,0.0,0.022,0.645,1465900000.0,1713300000.0,0.304,1713300000.0,1465900000.0,1465900000.0,1.44,1.44,1.44,2780500000.0,,2780500000.0,121995251866.0,15.0,12.742,811200000.0,0.881,1.0,4511800000.0,0.8,10406700000.0,0.0,30403600000.0,,3181100000.0,1930400000.0,77700000.0,1852700000.0,35809100000.0,11855400000.0,23953700000.0,107558351866.0,253800000.0,0.0,0.0,-286300000.0,-598000000.0,-885800000.0,61000000.0,299900000.0,1051500000.0,27100000.0,1327200000.0,1327200000.0,1327200000.0,0.0,0.0,0.235,3045900000.0,1465900000.0,1198900000.0,0.448,38.683,13.713,13.849,8393000000.0,0.0,110.79,4.963,4.707,5590000000.0,4318100000.0,5636700000.0,5636700000.0,1402200000.0,,,,,79500000.0,1586300000.0,1.0,970830868.0,920800000.0,924600000.0,6.122,28259700000.0,2507400000.0,138700000.0,6089500000.0,30.69,1599100000.0
9,LLY,MRQ,2019-03-31,2019-03-31,2019-03-31,2021-09-07,-5687500000.0,38006800000.0,,12597500000.0,25409300000.0,,2.531,-203700000.0,2036400000.0,2036400000.0,1138700000.0,4241600000.0,1.121,14.289,16473300000.0,2354900000.0,14118400000.0,16473300000.0,0.0,356500000.0,0.0,0.018,0.645,4411600000.0,4768100000.0,0.936,4768100000.0,4411600000.0,4411600000.0,4.33,4.31,4.33,2480300000.0,,2480300000.0,139128612605.0,21.0,16.763,107600000.0,0.11,1.0,3953500000.0,0.776,10497400000.0,0.0,30710200000.0,,3055200000.0,2212100000.0,100700000.0,2111400000.0,35441800000.0,11236100000.0,24205700000.0,134355912605.0,-5961800000.0,-6917700000.0,-3500000000.0,5698700000.0,-637200000.0,1367800000.0,-7678700000.0,25200000.0,311300000.0,37800000.0,4241600000.0,4241600000.0,4241600000.0,-3680500000.0,0.0,0.833,3222400000.0,731100000.0,1168100000.0,0.149,54.169,21.476,20.564,8326500000.0,0.0,129.76,6.214,5.881,5178000000.0,4879400000.0,5092200000.0,5092200000.0,1230500000.0,,,,,75800000.0,1517100000.0,1.0,1035418562.0,979900000.0,984000000.0,5.197,27509400000.0,2511000000.0,170000000.0,6651300000.0,28.074,1361400000.0
10,LLY,MRQ,2018-12-31,2018-12-31,2018-12-31,2021-09-07,-5729200000.0,43908400000.0,,20549600000.0,23358800000.0,,9.719,-394300000.0,7320700000.0,7320700000.0,1129900000.0,1125000000.0,1.729,3.357,10298600000.0,1102200000.0,9196400000.0,10298600000.0,0.0,345500000.0,0.0,0.019,0.562,935200000.0,1280700000.0,0.227,1280700000.0,935200000.0,935200000.0,1.1,1.1,1.1,9828700000.0,,9828700000.0,126301671349.0,34.0,23.518,1054400000.0,1.043,1.0,4507700000.0,0.8,2434600000.0,0.0,32563600000.0,,3098100000.0,2093600000.0,88200000.0,2005400000.0,32999300000.0,11888100000.0,21111200000.0,122584771349.0,-961800000.0,0.0,-1100000000.0,91600000.0,-572600000.0,-1639700000.0,-659000000.0,-36400000.0,1448700000.0,-111800000.0,1125000000.0,1125000000.0,1125000000.0,-3600000.0,0.0,0.2,3576100000.0,931600000.0,1207100000.0,0.511,12.472,37.928,36.854,7996100000.0,0.0,115.72,5.703,5.533,5776800000.0,11395900000.0,5637600000.0,5637600000.0,1391800000.0,,,,,72800000.0,1693600000.0,1.0,1059322255.0,1011284000.0,1021268000.0,5.575,41473800000.0,2613700000.0,-189800000.0,5406100000.0,41.011,8661500000.0
11,LLY,MRQ,2018-09-30,2018-09-30,2018-09-30,2021-09-07,-5439500000.0,44625100000.0,,20685900000.0,23939200000.0,,12.815,-269800000.0,8960000000.0,8960000000.0,1152900000.0,1149500000.0,1.911,2.33,12676900000.0,1002200000.0,11674700000.0,12676900000.0,0.0,415500000.0,0.0,0.021,0.562,1397000000.0,1812500000.0,0.342,1812500000.0,1397000000.0,1397000000.0,1.13,1.12,1.13,13076600000.0,,13076600000.0,120651936827.0,39.0,25.265,1852000000.0,1.815,1.0,4154000000.0,0.783,7977800000.0,0.0,29537500000.0,,4118000000.0,2081900000.0,76100000.0,2005800000.0,30474200000.0,10826700000.0,19647500000.0,115249636827.0,2142700000.0,0.0,-1000000000.0,429300000.0,-572600000.0,432700000.0,-398100000.0,45200000.0,2121800000.0,-13700000.0,1149500000.0,1149500000.0,1149500000.0,-55900000.0,0.0,0.217,2812900000.0,1341100000.0,1281200000.0,0.497,8.813,256.053,228.319,8814100000.0,0.0,107.31,6.028,5.727,5652600000.0,14408700000.0,5306900000.0,5306900000.0,1280900000.0,,,,,68500000.0,1457200000.0,1.0,1073987856.0,1020400000.0,1026300000.0,5.201,36647300000.0,3132300000.0,247500000.0,4149700000.0,35.915,9859200000.0
12,LLY,MRQ,2018-06-30,2018-06-30,2018-06-30,2021-09-07,-6108700000.0,42359200000.0,,18332700000.0,24026500000.0,,11.216,-310000000.0,6817300000.0,6817300000.0,1234300000.0,-259900000.0,1.404,2.66,12219600000.0,3049100000.0,9170500000.0,12219600000.0,0.0,425200000.0,0.0,0.025,0.563,13400000.0,438600000.0,0.079,438600000.0,13400000.0,13400000.0,-0.25,-0.25,-0.25,11555200000.0,,11555200000.0,101233177739.0,44.0,25.775,1207500000.0,1.172,1.0,4350700000.0,0.779,8105200000.0,0.0,26601100000.0,,4155500000.0,2151800000.0,92200000.0,2059600000.0,30738400000.0,13055200000.0,17683200000.0,92619777739.0,3733000000.0,0.0,-950700000.0,752600000.0,-579300000.0,-831400000.0,3133400000.0,5015700000.0,1517500000.0,-86500000.0,-259900000.0,-259900000.0,-259900000.0,28300000.0,0.0,-0.047,4309000000.0,41700000.0,1316900000.0,-2.252,8.015,-644.087,-656.385,8770800000.0,0.0,85.33,4.757,4.515,5579100000.0,14247300000.0,5585000000.0,5585000000.0,1271000000.0,,,,,70200000.0,1485600000.0,1.0,1085430420.0,1030200000.0,1030200000.0,5.421,34254000000.0,3314400000.0,273300000.0,3971500000.0,33.25,5277500000.0
13,LLY,MRQ,2018-03-31,2018-03-31,2018-03-31,2021-09-07,-5437500000.0,44355600000.0,,16261500000.0,28094100000.0,,13.862,-236500000.0,3084300000.0,3084300000.0,1164600000.0,1217400000.0,1.408,2.049,11697700000.0,2304200000.0,9393500000.0,11697700000.0,0.0,422800000.0,0.0,0.027,0.563,1415900000.0,1838700000.0,0.37,1838700000.0,1415900000.0,1415900000.0,1.16,1.16,1.16,14527000000.0,,14527000000.0,91877284765.0,26.0,17.858,200000000.0,0.191,1.0,3799200000.0,0.765,8332400000.0,0.0,33089600000.0,,4631300000.0,7080300000.0,1705200000.0,5375100000.0,29767800000.0,11547000000.0,18220800000.0,84766384765.0,-3451900000.0,0.0,-1100000000.0,-2002800000.0,-587300000.0,-3866500000.0,-170300000.0,87400000.0,436500000.0,148400000.0,1217400000.0,1217400000.0,1217400000.0,-50200000.0,0.0,0.245,2433500000.0,1365700000.0,1267400000.0,0.485,5.835,75.408,71.639,8958200000.0,0.0,77.37,4.301,4.114,5270700000.0,16608200000.0,4963800000.0,4963800000.0,1107500000.0,,,,,68000000.0,1338700000.0,1.0,1095597580.0,1048000000.0,1049800000.0,4.736,36023200000.0,3681600000.0,198500000.0,4441100000.0,34.373,4714500000.0
14,LLY,MRQ,2017-12-31,2017-12-31,2017-12-31,2021-09-07,-5718600000.0,44981000000.0,,19202100000.0,25778900000.0,,11.107,-443500000.0,6536200000.0,6536200000.0,-58200000.0,-1656900000.0,1.321,2.874,13647100000.0,3706600000.0,9940500000.0,13647100000.0,0.0,411900000.0,0.0,0.025,0.52,273800000.0,685700000.0,0.21,685700000.0,273800000.0,273800000.0,-1.57,-1.56,-1.57,11592200000.0,,11592200000.0,102738859291.0,47.0,27.365,1300000000.0,1.246,1.0,3321400000.0,1.018,8399300000.0,0.0,29156700000.0,,4458300000.0,7176700000.0,1497900000.0,5678800000.0,33313100000.0,14535900000.0,18777200000.0,92998459291.0,2811900000.0,0.0,-99900000.0,170700000.0,-548300000.0,-542300000.0,1652900000.0,2143500000.0,1743500000.0,-42200000.0,-1656900000.0,-1656900000.0,-1656900000.0,117700000.0,0.0,-0.508,2929900000.0,391500000.0,1410700000.0,-0.331,8.023,-455.651,-444.526,8826500000.0,0.0,84.46,4.656,4.449,5262200000.0,13894100000.0,3263200000.0,3263200000.0,1225800000.0,,,,,72200000.0,1105800000.0,1.0,1101094711.0,1043692000.0,1037092000.0,3.127,36581700000.0,1166400000.0,1930700000.0,4309400000.0,35.05,4666200000.0
15,LLY,MRQ,2017-09-30,2017-09-30,2017-09-30,2021-09-07,-4609400000.0,43010400000.0,,17428400000.0,25582000000.0,,14.135,-242700000.0,3724300000.0,3724300000.0,1586300000.0,555600000.0,1.376,1.884,13464700000.0,3538100000.0,9926600000.0,13464700000.0,0.0,372900000.0,0.0,0.024,0.52,591600000.0,964500000.0,0.17,964500000.0,591600000.0,591600000.0,0.53,0.53,0.53,14890300000.0,,14890300000.0,103420794270.0,37.0,24.022,1638400000.0,1.555,1.0,4071700000.0,0.72,8637200000.0,0.0,31447100000.0,,4406900000.0,9367500000.0,3218800000.0,6148700000.0,28049800000.0,12666500000.0,15383300000.0,94178594270.0,654400000.0,0.0,0.0,1101000000.0,-547700000.0,500700000.0,-1758000000.0,-1249200000.0,1881100000.0,30600000.0,555600000.0,555600000.0,555600000.0,0.0,0.0,0.098,3480100000.0,591600000.0,1200100000.0,0.981,6.325,42.335,40.349,8598500000.0,0.0,85.54,4.191,4.01,5014500000.0,16145500000.0,5658000000.0,5658000000.0,1340000000.0,,,,,69900000.0,1578500000.0,1.0,1100988944.0,1053400000.0,1056000000.0,5.371,34373200000.0,0.0,36000000.0,1124400000.0,32.631,4761900000.0
16,LLY,MRQ,2017-06-30,2017-06-30,2017-06-30,2021-09-07,-4774900000.0,40946500000.0,,15746500000.0,25200000000.0,,13.366,-221600000.0,3069900000.0,3069900000.0,1571700000.0,1008000000.0,1.394,1.899,12312100000.0,2444200000.0,9867900000.0,12312100000.0,0.0,395600000.0,0.0,0.025,0.52,1260500000.0,1656100000.0,0.284,1656100000.0,1260500000.0,1260500000.0,0.96,0.95,0.96,14100800000.0,,14100800000.0,98438793549.0,31.0,20.925,1429500000.0,1.355,1.0,4252600000.0,0.73,8833400000.0,0.0,30060800000.0,,4346000000.0,8087500000.0,2364200000.0,5723300000.0,26776800000.0,11294500000.0,15482300000.0,90808893549.0,453000000.0,0.0,-199900000.0,1859900000.0,-548700000.0,1059900000.0,-2248900000.0,-1918200000.0,1651100000.0,-9100000.0,1008000000.0,1008000000.0,1008000000.0,0.0,0.0,0.173,2992100000.0,1260500000.0,1257200000.0,0.542,6.44,37.11,35.322,8582800000.0,0.0,82.3,4.127,3.946,4956100000.0,15590100000.0,5824300000.0,5824300000.0,1272100000.0,,,,,69900000.0,1730400000.0,1.0,1103388743.0,1055000000.0,1057100000.0,5.521,32113100000.0,0.0,252500000.0,941000000.0,30.439,4452000000.0
17,LLY,MRQ,2017-03-31,2017-03-31,2017-03-31,2021-09-07,-5064300000.0,37624300000.0,,12976200000.0,24648100000.0,,13.283,-169000000.0,2616900000.0,2616900000.0,1347900000.0,-110800000.0,1.242,1.676,10246800000.0,2609300000.0,7637500000.0,10246800000.0,0.0,386900000.0,0.0,0.024,0.52,61200000.0,448100000.0,0.086,448100000.0,61200000.0,61200000.0,-0.1,-0.1,-0.1,14031000000.0,,14031000000.0,98526074570.0,34.0,22.565,170900000.0,0.162,1.0,3880400000.0,0.742,8904700000.0,0.0,25901500000.0,,4035100000.0,6186400000.0,888700000.0,5297700000.0,23520600000.0,10448000000.0,13072600000.0,92802974570.0,-1965200000.0,-882100000.0,0.0,-132700000.0,-547400000.0,-875700000.0,-1429600000.0,461100000.0,339900000.0,200000.0,-110800000.0,-110800000.0,-110800000.0,0.0,0.0,-0.021,3819200000.0,61200000.0,1220100000.0,-5.2,6.614,42.44,40.438,8425500000.0,0.0,84.11,4.299,4.116,4613900000.0,15876700000.0,5228300000.0,5228300000.0,1258300000.0,,,,,69300000.0,1567700000.0,1.0,1103352450.0,1056300000.0,1056300000.0,4.95,28719600000.0,0.0,172000000.0,819200000.0,27.189,2528200000.0
18,LLY,MRQ,2016-12-31,2016-12-31,2016-12-31,2021-09-07,-5274000000.0,38805900000.0,,15101400000.0,23704500000.0,,13.239,-336400000.0,4582100000.0,4582100000.0,1521200000.0,771800000.0,1.375,1.765,10305200000.0,1937400000.0,8367800000.0,10305200000.0,0.0,344600000.0,0.0,0.028,0.51,892000000.0,1236600000.0,0.215,1236600000.0,892000000.0,892000000.0,0.73,0.73,0.73,14007700000.0,,14007700000.0,87055192316.0,26.0,17.874,1670100000.0,1.578,1.0,4239300000.0,0.736,8330600000.0,0.0,25211800000.0,,3561900000.0,6664000000.0,1456500000.0,5207500000.0,24725400000.0,10986600000.0,13738800000.0,81195392316.0,1093100000.0,0.0,-300000000.0,1294900000.0,-541100000.0,385200000.0,-1178100000.0,-731700000.0,2006500000.0,-120500000.0,771800000.0,771800000.0,771800000.0,0.0,0.0,0.134,3347300000.0,892000000.0,1349300000.0,0.699,5.796,29.659,28.398,8252600000.0,0.0,73.55,3.826,3.668,4766300000.0,16046300000.0,5760500000.0,5760500000.0,1517000000.0,,,,,66800000.0,1866100000.0,1.0,1103948230.0,1058096000.0,1064000000.0,5.444,30475300000.0,0.0,120200000.0,808000000.0,28.802,4114800000.0
19,LLY,MRQ,2016-09-30,2016-09-30,2016-09-30,2021-09-07,-4257700000.0,37590300000.0,,13385900000.0,24204400000.0,,14.739,-227500000.0,3489000000.0,3489000000.0,1400900000.0,778000000.0,1.618,1.41,9348800000.0,641500000.0,8707300000.0,9348800000.0,0.0,392800000.0,0.0,0.025,0.51,970700000.0,1363500000.0,0.263,1363500000.0,970700000.0,970700000.0,0.74,0.73,0.74,15589200000.0,,15589200000.0,94687774815.0,32.0,21.413,1434200000.0,1.356,1.0,3790800000.0,0.73,8646200000.0,0.0,26531100000.0,,3881200000.0,5764800000.0,737800000.0,5027000000.0,21974500000.0,8272800000.0,13701700000.0,88594474815.0,251000000.0,0.0,0.0,-400000.0,-537900000.0,-600100000.0,-794700000.0,-523900000.0,1661700000.0,-15900000.0,778000000.0,778000000.0,778000000.0,0.0,0.0,0.15,2820100000.0,970700000.0,1161200000.0,0.689,5.683,36.247,34.595,8251900000.0,0.0,80.26,4.252,4.074,4521400000.0,16601600000.0,5191700000.0,5191700000.0,1236400000.0,,,,,61500000.0,1565400000.0,1.0,1103843444.0,1057700000.0,1060800000.0,4.908,28944100000.0,0.0,192700000.0,988600000.0,27.365,5113100000.0
20,LLY,MRQ,2016-06-30,2016-06-30,2016-06-30,2021-09-07,-4371200000.0,36475300000.0,,12977300000.0,23498000000.0,,13.839,-245400000.0,3238000000.0,3238000000.0,1465000000.0,747700000.0,1.545,1.491,9331300000.0,645800000.0,8685500000.0,9331300000.0,0.0,373700000.0,0.0,0.026,0.51,944500000.0,1318200000.0,0.244,1318200000.0,944500000.0,944500000.0,0.71,0.71,0.71,14637300000.0,,14637300000.0,92745463908.0,31.0,20.774,1156500000.0,1.093,1.0,3939800000.0,0.729,8832800000.0,0.0,25334800000.0,,3759900000.0,5146000000.0,696800000.0,4449200000.0,21819100000.0,8401000000.0,13418100000.0,86927163908.0,930400000.0,-45000000.0,0.0,1206200000.0,-541200000.0,579300000.0,-1020900000.0,-735200000.0,1401900000.0,-29900000.0,747700000.0,747700000.0,747700000.0,0.0,0.0,0.138,2995300000.0,944500000.0,1207800000.0,0.718,5.939,35.252,33.798,8066100000.0,0.0,78.75,4.219,4.042,4493100000.0,15824100000.0,5404800000.0,5404800000.0,1335900000.0,,,,,65000000.0,1622600000.0,1.0,1103837002.0,1057700000.0,1060100000.0,5.11,27642500000.0,0.0,196800000.0,893100000.0,26.135,4576300000.0
21,LLY,MRQ,2016-03-31,2016-03-31,2016-03-31,2021-09-07,-4264700000.0,34691800000.0,,11714600000.0,22977200000.0,,14.162,-154300000.0,2307600000.0,2307600000.0,1323000000.0,440100000.0,1.596,1.31,8125900000.0,648300000.0,7477600000.0,8125900000.0,0.0,385500000.0,0.0,0.028,0.51,566800000.0,952300000.0,0.196,952300000.0,566800000.0,566800000.0,0.42,0.41,0.42,15009900000.0,,15009900000.0,83961891855.0,31.0,20.017,-373400000.0,-0.352,1.0,3542100000.0,0.728,8934900000.0,0.0,24234300000.0,,3740200000.0,4451700000.0,687400000.0,3764300000.0,19662400000.0,7340900000.0,12321500000.0,79649791855.0,-1358800000.0,0.0,-300100000.0,-1100000.0,-538300000.0,-924200000.0,-145400000.0,45400000.0,-219100000.0,-70100000.0,440100000.0,440100000.0,440100000.0,0.0,0.0,0.09,2975300000.0,566800000.0,1151600000.0,1.214,5.306,34.347,32.881,8033100000.0,0.0,72.01,3.947,3.782,4187400000.0,16155000000.0,4865100000.0,4865100000.0,1221000000.0,,,,,62000000.0,1473900000.0,1.0,1106093485.0,1059900000.0,1063100000.0,4.59,25756900000.0,0.0,126700000.0,1022600000.0,24.301,4373700000.0
22,LLY,MRQ,2015-12-31,2015-12-31,2015-12-31,2021-09-07,-4580700000.0,35568900000.0,,12573600000.0,22995300000.0,,13.741,-287600000.0,3666400000.0,3666400000.0,1389200000.0,478400000.0,1.528,1.44,7978500000.0,6100000.0,7972400000.0,7978500000.0,0.0,343400000.0,0.0,0.024,0.5,444600000.0,788000000.0,0.147,788000000.0,444600000.0,444600000.0,0.45,0.45,0.45,14571300000.0,,14571300000.0,98206630019.0,35.0,23.284,708500000.0,0.668,1.0,3986400000.0,0.742,9074700000.0,0.0,22576700000.0,,3445800000.0,4432000000.0,785400000.0,3646600000.0,20978600000.0,8229600000.0,12749000000.0,93366530019.0,427600000.0,4700000.0,-252900000.0,-4900000.0,-533300000.0,-871400000.0,253700000.0,741500000.0,996100000.0,49200000.0,478400000.0,478400000.0,478400000.0,0.0,0.0,0.089,3541800000.0,444600000.0,1338200000.0,1.111,6.408,38.767,37.119,8053500000.0,0.0,84.26,4.678,4.483,4071600000.0,16011800000.0,5375600000.0,5375600000.0,1444200000.0,,,,,58400000.0,1798400000.0,1.0,1108076549.0,1060452000.0,1064880000.0,5.069,26494200000.0,0.0,-33800000.0,1227800000.0,24.984,4344000000.0
23,LLY,MRQ,2015-09-30,2015-09-30,2015-09-30,2021-09-07,-4667000000.0,36304700000.0,,12567000000.0,23737700000.0,,14.341,-273500000.0,3238800000.0,3238800000.0,1236900000.0,799700000.0,1.513,1.384,8078900000.0,9300000.0,8069600000.0,8078900000.0,0.0,358300000.0,0.0,0.024,0.5,1047800000.0,1406100000.0,0.284,1406100000.0,1047800000.0,1047800000.0,0.75,0.75,0.75,15221400000.0,,15221400000.0,97457657876.0,34.0,22.756,831200000.0,0.783,1.0,3722800000.0,0.751,8670800000.0,0.0,24170700000.0,,3417700000.0,5182400000.0,1080400000.0,4102000000.0,21063800000.0,8303300000.0,12760500000.0,92773757876.0,-76700000.0,-11100000.0,-61100000.0,-2800000.0,-526300000.0,-595200000.0,-570100000.0,-194500000.0,1104700000.0,-16100000.0,799700000.0,799700000.0,799700000.0,0.0,0.0,0.161,2675000000.0,1047800000.0,1179300000.0,0.667,6.095,39.336,37.698,8075300000.0,0.0,83.69,4.708,4.508,4067700000.0,16856700000.0,4959700000.0,4959700000.0,1143400000.0,,,,,54700000.0,1575700000.0,1.0,1108540541.0,1061400000.0,1065200000.0,4.673,27633900000.0,0.0,248100000.0,2554200000.0,26.035,4263700000.0
24,LLY,MRQ,2015-06-30,2015-06-30,2015-06-30,2021-09-07,-4403200000.0,36036600000.0,,12346000000.0,23690600000.0,,13.818,-223900000.0,3315500000.0,3315500000.0,1218400000.0,600800000.0,1.5,1.454,7999400000.0,10800000.0,7988600000.0,7999400000.0,0.0,368500000.0,0.0,0.024,0.5,679700000.0,1048200000.0,0.211,1048200000.0,679700000.0,679700000.0,0.57,0.56,0.57,14670300000.0,,14670300000.0,97808187779.0,40.0,25.244,724700000.0,0.683,1.0,3760300000.0,0.755,8867600000.0,0.0,23620900000.0,,3288400000.0,5014500000.0,915400000.0,4099100000.0,21331200000.0,8232000000.0,13099200000.0,92652287779.0,250700000.0,0.0,-124900000.0,-267300000.0,-539800000.0,-943200000.0,182400000.0,601300000.0,948600000.0,62900000.0,600800000.0,600800000.0,600800000.0,0.0,0.0,0.121,3080600000.0,679700000.0,1153000000.0,0.877,6.316,44.99,43.036,8022600000.0,0.0,83.49,4.722,4.518,4096600000.0,16114900000.0,4978700000.0,4978700000.0,1169500000.0,,,,,55800000.0,1635400000.0,1.0,1109741140.0,1061700000.0,1065600000.0,4.689,27169000000.0,0.0,78900000.0,1939600000.0,25.59,4114000000.0
25,LLY,MRQ,2015-03-31,2015-03-31,2015-03-31,2021-09-07,-4657500000.0,35653900000.0,,11742700000.0,23911200000.0,,14.02,-188600000.0,3064800000.0,3064800000.0,1192700000.0,529500000.0,1.408,1.388,8220700000.0,805400000.0,7415300000.0,8220700000.0,0.0,357500000.0,0.0,0.027,0.5,617900000.0,975400000.0,0.21,975400000.0,617900000.0,617900000.0,0.5,0.5,0.5,14919800000.0,,14919800000.0,79500901386.0,29.0,19.319,-273400000.0,-0.257,1.0,3452000000.0,0.743,8894600000.0,0.0,23572300000.0,,2980200000.0,5651500000.0,1075000000.0,4576500000.0,20707400000.0,8342900000.0,12364500000.0,80721701386.0,-806800000.0,128900000.0,-310600000.0,93400000.0,-527900000.0,-701200000.0,160800000.0,13200000.0,-84800000.0,-181600000.0,529500000.0,529500000.0,529500000.0,0.0,0.0,0.114,2834100000.0,617900000.0,1179600000.0,1.0,5.41,36.824,35.439,7950700000.0,0.0,72.65,4.123,3.949,3825700000.0,16706800000.0,4644700000.0,4644700000.0,1039300000.0,,,,,48900000.0,1523500000.0,1.0,1111103942.0,1064200000.0,1067000000.0,4.364,26759300000.0,0.0,88400000.0,2250700000.0,25.145,3399800000.0
26,LLY,MRQ,2014-12-31,2014-12-31,2014-12-31,2021-09-07,-3991800000.0,36307600000.0,,11928300000.0,24379300000.0,,14.428,-393500000.0,9277200000.0,9277200000.0,1253100000.0,428500000.0,1.225,1.361,8021500000.0,2688700000.0,5332800000.0,8021500000.0,0.0,339400000.0,0.0,0.028,0.49,513600000.0,853000000.0,0.167,853000000.0,513600000.0,513600000.0,0.4,0.41,0.4,15373200000.0,,15373200000.0,79255323075.0,26.0,18.098,1047400000.0,0.983,1.0,3868200000.0,0.755,4642300000.0,0.0,20668600000.0,,2740000000.0,5524300000.0,955400000.0,4568900000.0,20919500000.0,9741000000.0,11178500000.0,76815523075.0,705800000.0,-5405600000.0,-300000000.0,2375200000.0,-525200000.0,1537100000.0,-2178900000.0,3644400000.0,1440900000.0,-93300000.0,428500000.0,428500000.0,428500000.0,0.0,0.0,0.084,3354600000.0,513600000.0,1128100000.0,1.225,4.997,32.134,30.937,7963900000.0,0.0,68.99,3.916,3.763,3801300000.0,16482700000.0,5121300000.0,5121300000.0,1185700000.0,,,,,40600000.0,1799900000.0,1.0,1113429817.0,1065528000.0,1070044000.0,4.806,31665300000.0,0.0,85100000.0,1092000000.0,29.718,2187300000.0
27,LLY,MRQ,2014-09-30,2014-09-30,2014-09-30,2021-09-07,-2551600000.0,34648800000.0,,12110500000.0,22538300000.0,,16.52,-296900000.0,3165800000.0,3165800000.0,1267000000.0,500600000.0,1.599,0.96,5605600000.0,313000000.0,5292600000.0,5605600000.0,0.0,342400000.0,0.0,0.03,0.49,655500000.0,997900000.0,0.205,997900000.0,655500000.0,655500000.0,0.47,0.47,0.47,17669300000.0,,17669300000.0,74003045200.0,22.0,15.458,1394400000.0,1.304,1.0,3608600000.0,0.74,4750800000.0,0.0,24763200000.0,,2844500000.0,9049600000.0,1644100000.0,7405500000.0,16966300000.0,7574600000.0,9391700000.0,72457445200.0,-599900000.0,0.0,-300000000.0,302100000.0,-525000000.0,-405900000.0,-1649700000.0,-1052000000.0,1691300000.0,-235600000.0,500600000.0,500600000.0,500600000.0,0.0,0.0,0.103,2953100000.0,655500000.0,1023300000.0,1.043,4.101,26.941,25.837,8043300000.0,0.0,64.85,3.569,3.416,3634600000.0,17406900000.0,4875600000.0,4875600000.0,1243200000.0,,,,,38500000.0,1672100000.0,1.0,1117308330.0,1069600000.0,1074400000.0,4.558,29898000000.0,0.0,154900000.0,2438800000.0,27.953,4535900000.0
28,LLY,MRQ,2014-06-30,2014-06-30,2014-06-30,2021-09-07,-1935300000.0,35018400000.0,,13156700000.0,21861700000.0,,16.781,-254900000.0,3765700000.0,3765700000.0,1189700000.0,733500000.0,1.774,0.947,5311300000.0,10300000.0,5301000000.0,5311300000.0,0.0,348400000.0,0.0,0.032,0.49,940400000.0,1288800000.0,0.261,1288800000.0,940400000.0,940400000.0,0.68,0.68,0.68,17983700000.0,,17983700000.0,70972671281.0,17.0,12.557,799000000.0,0.746,1.0,3745900000.0,0.759,4670100000.0,0.0,24476500000.0,,3190300000.0,8010500000.0,1360800000.0,6649700000.0,17023600000.0,7417400000.0,9606200000.0,69596271281.0,-122300000.0,-551400000.0,-145000000.0,-29500000.0,-526900000.0,-702500000.0,-468900000.0,403300000.0,1053900000.0,-4800000.0,733500000.0,733500000.0,733500000.0,0.0,0.0,0.149,2805500000.0,940400000.0,1124600000.0,0.721,3.87,20.518,19.737,8100900000.0,0.0,62.17,3.283,3.143,3754100000.0,17204300000.0,4935600000.0,4935600000.0,1195400000.0,,,,,38600000.0,1663900000.0,1.0,1119451042.0,1071700000.0,1076400000.0,4.605,30348300000.0,0.0,206900000.0,2153100000.0,28.318,5739300000.0
29,LLY,MRQ,2014-03-31,2014-03-31,2014-03-31,2021-09-07,-1957300000.0,34756900000.0,,13039300000.0,21717600000.0,,17.095,-202000000.0,3888000000.0,3888000000.0,1222700000.0,727900000.0,1.966,0.895,5264400000.0,9100000.0,5255300000.0,5264400000.0,0.0,348800000.0,0.0,0.033,0.49,890800000.0,1239600000.0,0.265,1239600000.0,890800000.0,890800000.0,0.68,0.68,0.68,18338100000.0,,18338100000.0,67289012124.0,14.0,10.78,70300000.0,0.066,1.0,3460400000.0,0.739,4203100000.0,0.0,25298500000.0,,2969000000.0,8529200000.0,1324400000.0,7204800000.0,16408200000.0,6631700000.0,9776500000.0,65906312124.0,57800000.0,0.0,-55000000.0,-9100000.0,-524100000.0,-595100000.0,388400000.0,627300000.0,272300000.0,-7800000.0,727900000.0,727900000.0,727900000.0,0.0,0.0,0.155,2569600000.0,890800000.0,1149900000.0,0.721,3.594,17.053,16.396,7970700000.0,0.0,58.86,2.97,2.845,3746100000.0,17665300000.0,4683100000.0,4683100000.0,1109300000.0,,,,,38300000.0,1484900000.0,1.0,1119713084.0,1072700000.0,1075800000.0,4.366,30553800000.0,0.0,162900000.0,1769500000.0,28.483,6407600000.0
30,LLY,MRQ,2013-12-31,2013-12-31,2013-12-31,2021-09-07,-2002700000.0,35248700000.0,,13104700000.0,22144000000.0,,16.4,-284600000.0,3830200000.0,3830200000.0,1386500000.0,727500000.0,1.47,0.999,5212900000.0,1012600000.0,4200300000.0,5212900000.0,0.0,351200000.0,0.0,0.038,0.49,909900000.0,1261100000.0,0.217,1261100000.0,909900000.0,909900000.0,0.68,0.68,0.68,17631400000.0,,17631400000.0,58373130365.0,10.0,7.958,1442200000.0,1.341,1.0,4422300000.0,0.761,4331100000.0,0.0,23383700000.0,,2928800000.0,9192000000.0,1567100000.0,7624900000.0,17608000000.0,8916600000.0,8691400000.0,57459130365.0,-538700000.0,0.0,-500000000.0,-7500000.0,-528900000.0,-1036400000.0,-1232400000.0,-860700000.0,1726800000.0,3300000.0,727500000.0,727500000.0,727500000.0,0.0,0.0,0.125,3512400000.0,909900000.0,1119300000.0,0.721,3.259,12.265,11.778,7975500000.0,0.0,51.0,2.486,2.385,4022800000.0,16992400000.0,5808800000.0,5808800000.0,1475400000.0,,,,,39800000.0,1953600000.0,1.0,1126649615.0,1075096000.0,1078964000.0,5.403,30917600000.0,0.0,182400000.0,2125900000.0,28.758,4188100000.0
31,LLY,MRQ,2013-09-30,2013-09-30,2013-09-30,2021-09-07,-3564100000.0,33965600000.0,,13202200000.0,20763400000.0,,15.642,-253800000.0,4368900000.0,4368900000.0,1198100000.0,1203100000.0,1.635,1.01,5282900000.0,1019100000.0,4263800000.0,5282900000.0,0.0,349000000.0,0.0,0.039,0.49,1513400000.0,1862400000.0,0.323,1862400000.0,1513400000.0,1513400000.0,1.11,1.11,1.11,16896100000.0,,16896100000.0,58231182789.0,10.0,7.836,1737800000.0,1.609,1.0,4574500000.0,0.792,4455100000.0,0.0,22348400000.0,,2974100000.0,8230600000.0,1010400000.0,7220200000.0,17069500000.0,8076100000.0,8993400000.0,56703682789.0,582400000.0,-43700000.0,0.0,-1300000.0,-527700000.0,-529000000.0,-943800000.0,-610500000.0,1991600000.0,63600000.0,1203100000.0,1203100000.0,1203100000.0,0.0,0.0,0.208,3061100000.0,1513400000.0,1247400000.0,0.441,3.356,11.851,11.439,7767400000.0,0.0,50.33,2.438,2.337,3995400000.0,17811000000.0,5772600000.0,5772600000.0,1377400000.0,,,,,36300000.0,1652400000.0,1.0,1126637846.0,1080200000.0,1084200000.0,5.344,29510500000.0,0.0,310300000.0,1732900000.0,27.319,5126100000.0
32,LLY,MRQ,2013-06-30,2013-06-30,2013-06-30,2021-09-07,-3948700000.0,33226000000.0,,12639300000.0,20586700000.0,,14.105,-136400000.0,3786500000.0,3786500000.0,1165200000.0,1206200000.0,1.503,1.181,5314000000.0,1023200000.0,4290800000.0,5314000000.0,0.0,363900000.0,0.0,0.04,0.49,1514900000.0,1878800000.0,0.317,1878800000.0,1514900000.0,1514900000.0,1.12,1.11,1.12,15236400000.0,,15236400000.0,56859699112.0,9.0,7.278,1500800000.0,1.389,1.0,4764500000.0,0.803,4508500000.0,0.0,21836500000.0,,2725400000.0,7485900000.0,924500000.0,6561400000.0,17989600000.0,8408500000.0,9581100000.0,55336699112.0,-150100000.0,0.0,0.0,-800000.0,-533000000.0,-533800000.0,-1251700000.0,-1078000000.0,1637200000.0,-1800000.0,1206200000.0,1206200000.0,1206200000.0,0.0,0.0,0.203,3249600000.0,1514900000.0,1141000000.0,0.438,3.632,11.275,10.989,7636700000.0,0.0,49.12,2.413,2.314,4214000000.0,16608600000.0,5929700000.0,5929700000.0,1330400000.0,,,,,33600000.0,1867600000.0,1.0,1126561464.0,1080200000.0,1084000000.0,5.489,28717500000.0,0.0,308700000.0,2361500000.0,26.585,4230800000.0
33,LLY,MRQ,2013-03-31,2013-03-31,2013-03-31,2021-09-07,-4014400000.0,32300100000.0,,12326100000.0,19974000000.0,,13.747,-157900000.0,3936600000.0,3936600000.0,1158300000.0,1548000000.0,1.623,1.16,5459600000.0,1028000000.0,4431600000.0,5459600000.0,0.0,381500000.0,0.0,0.035,0.49,1951100000.0,2332600000.0,0.416,2332600000.0,1951100000.0,1951100000.0,1.42,1.42,1.42,14955600000.0,,14955600000.0,65935743964.0,11.0,8.813,221500000.0,0.204,1.0,4443700000.0,0.793,4618600000.0,0.0,21610900000.0,,2576700000.0,6432000000.0,795800000.0,5636200000.0,17344500000.0,7593600000.0,9750900000.0,64423243964.0,-82200000.0,0.0,-1198100000.0,-900000.0,-531100000.0,-1730100000.0,1355100000.0,1531400000.0,379400000.0,-86600000.0,1548000000.0,1548000000.0,1548000000.0,0.0,0.0,0.276,2492600000.0,1951100000.0,974400000.0,0.345,4.308,13.928,13.586,7623400000.0,0.0,56.79,2.85,2.733,4029100000.0,16462400000.0,5602000000.0,5602000000.0,1348100000.0,,,,,35200000.0,1652000000.0,1.0,1134411762.0,1087900000.0,1091900000.0,5.149,27681500000.0,0.0,403100000.0,2443000000.0,25.445,4732500000.0
34,LLY,MRQ,2012-12-31,2012-12-31,2012-12-31,2021-09-07,-3797100000.0,34398900000.0,,13038700000.0,21360200000.0,,13.264,-391200000.0,4018800000.0,4018800000.0,1248300000.0,827300000.0,1.554,1.329,5531300000.0,11900000.0,5519400000.0,5531300000.0,0.0,344600000.0,0.0,0.04,0.49,1012500000.0,1357100000.0,0.228,1357100000.0,1012500000.0,1012500000.0,0.75,0.74,0.75,14765200000.0,,14765200000.0,57434317645.0,11.0,8.36,1210800000.0,1.088,1.0,4709100000.0,0.79,4752700000.0,0.0,22769200000.0,,2643800000.0,7979400000.0,1665500000.0,6313900000.0,19625000000.0,8389500000.0,11235500000.0,57233517645.0,-1300400000.0,0.0,-721100000.0,4100000.0,-548200000.0,-1265200000.0,-1662500000.0,-1360700000.0,1602000000.0,25300000.0,827300000.0,827300000.0,827300000.0,0.0,0.0,0.139,3696600000.0,1012500000.0,1188300000.0,0.653,3.876,13.998,13.439,7760200000.0,0.0,49.32,2.532,2.429,3888300000.0,16088200000.0,5957400000.0,5957400000.0,1463100000.0,,,,,41200000.0,1977500000.0,1.0,1160452507.0,1113178000.0,,5.352,29646200000.0,0.0,185200000.0,2525800000.0,26.632,4649200000.0
35,LLY,MRQ,2012-09-30,2012-09-30,2012-09-30,2021-09-07,-3535900000.0,34321000000.0,,14038900000.0,20282100000.0,,13.837,-182000000.0,5319200000.0,5319200000.0,1203600000.0,1326600000.0,2.017,1.137,5520000000.0,9100000.0,5510900000.0,5520000000.0,0.0,369700000.0,0.0,0.041,0.49,1874700000.0,2244400000.0,0.412,2244400000.0,1874700000.0,1874700000.0,1.18,1.18,1.18,16056900000.0,,16056900000.0,56179271011.0,10.0,8.173,1362300000.0,1.174,1.0,4239700000.0,0.779,5031100000.0,0.0,22530000000.0,,2553400000.0,6805000000.0,1580700000.0,5224300000.0,18264100000.0,6960700000.0,11303400000.0,55015771011.0,973400000.0,0.0,0.0,-500000.0,-544200000.0,-544700000.0,-132700000.0,-1110500000.0,1544300000.0,106500000.0,1326600000.0,1326600000.0,1326600000.0,0.0,0.0,0.244,2365000000.0,1874700000.0,1328700000.0,0.415,3.426,13.355,12.848,7638900000.0,0.0,47.41,2.424,2.424,3795500000.0,17062200000.0,5443300000.0,5443300000.0,1342800000.0,,,,,34500000.0,1757400000.0,1.0,1160425459.0,1160425459.0,,4.691,29289900000.0,0.0,548100000.0,1613300000.0,25.241,7078200000.0
36,LLY,MRQ,2012-06-30,2012-06-30,2012-06-30,2021-09-07,-3934200000.0,31812600000.0,,12307300000.0,19505300000.0,,12.33,-179500000.0,4345800000.0,4345800000.0,1146700000.0,923600000.0,1.862,1.223,5509300000.0,9100000.0,5500200000.0,5509300000.0,0.0,362000000.0,0.0,0.046,0.49,1185700000.0,1547700000.0,0.276,1547700000.0,1185700000.0,1185700000.0,0.83,0.83,0.83,14307900000.0,,14307900000.0,51085020823.0,10.0,7.871,1126500000.0,0.971,1.0,4454000000.0,0.795,5142800000.0,0.0,21223600000.0,,2320800000.0,5463300000.0,915700000.0,4547600000.0,17504700000.0,6609700000.0,10895000000.0,49793420823.0,223600000.0,-3900000.0,0.0,-2300000.0,-550400000.0,-552700000.0,-385300000.0,-141300000.0,1306000000.0,-144400000.0,923600000.0,923600000.0,923600000.0,0.0,0.0,0.165,3268300000.0,1185700000.0,1201600000.0,0.59,3.48,12.358,11.854,7619900000.0,0.0,42.91,2.128,2.128,3771700000.0,15736200000.0,5600700000.0,5600700000.0,1320700000.0,,,,,34900000.0,1931100000.0,1.0,1160415307.0,1160415307.0,,4.826,26669800000.0,0.0,262100000.0,1241000000.0,22.983,5697600000.0
37,LLY,MRQ,2012-03-31,2012-03-31,2012-03-31,2021-09-07,-3549200000.0,32238200000.0,,12602600000.0,19635600000.0,,12.774,-130700000.0,4122200000.0,4122200000.0,1197900000.0,1011100000.0,1.923,1.175,5413800000.0,10600000.0,5403200000.0,5413800000.0,0.0,385900000.0,0.0,0.049,0.49,1335300000.0,1721200000.0,0.307,1721200000.0,1335300000.0,1335300000.0,0.91,0.91,0.91,14822600000.0,,14822600000.0,47788281413.0,9.0,6.997,721800000.0,0.622,1.0,4404100000.0,0.786,5266700000.0,0.0,21709400000.0,,2424200000.0,5323500000.0,802400000.0,4521100000.0,17415600000.0,6553700000.0,10861900000.0,46723781413.0,-1800300000.0,-195400000.0,0.0,-1512400000.0,-544600000.0,-2057000000.0,-652300000.0,-275300000.0,852500000.0,56500000.0,1011100000.0,1011100000.0,1011100000.0,0.0,0.0,0.18,3068800000.0,1335300000.0,1246300000.0,0.538,3.152,10.859,10.431,7754600000.0,0.0,40.265,1.943,1.943,3931300000.0,15906700000.0,5602000000.0,5602000000.0,1151500000.0,,,,,30900000.0,1847500000.0,1.0,1160406840.0,1160406840.0,,4.828,26971500000.0,324000000.0,324200000.0,1547100000.0,23.243,6048900000.0
38,LLY,MRQ,2011-12-31,2011-12-31,2011-12-31,2021-09-07,-3858600000.0,33659800000.0,,14248200000.0,19411600000.0,,11.691,-230600000.0,5922500000.0,5922500000.0,1321700000.0,858200000.0,1.595,1.487,6987000000.0,1522300000.0,5464700000.0,6987000000.0,0.0,318900000.0,0.0,0.047,0.49,1041800000.0,1360700000.0,0.225,1360700000.0,1041800000.0,1041800000.0,0.77,0.77,0.77,13535600000.0,,13535600000.0,48598894331.0,9.0,7.229,1714100000.0,1.481,1.0,4724900000.0,0.781,5128100000.0,0.0,20665300000.0,,2299800000.0,5004400000.0,974600000.0,4029800000.0,20124200000.0,8930900000.0,11193300000.0,48116594331.0,-675200000.0,0.0,0.0,-112600000.0,-543900000.0,-650900000.0,-1876800000.0,-1540100000.0,1944700000.0,-92200000.0,858200000.0,858200000.0,858200000.0,0.0,0.0,0.142,3683100000.0,1041800000.0,1125200000.0,0.636,3.555,11.067,10.656,7760300000.0,0.0,41.56,1.981,1.981,4237900000.0,14897800000.0,6046600000.0,6046600000.0,1355300000.0,,,,,36700000.0,2133400000.0,1.0,1157762135.0,1157762135.0,,5.223,28531700000.0,0.0,183600000.0,1770200000.0,24.644,5317300000.0
39,LLY,MRQ,2011-09-30,2011-09-30,2011-09-30,2021-09-07,-2505400000.0,33042200000.0,,14572700000.0,18469500000.0,,13.007,-175700000.0,6597700000.0,6597700000.0,1338100000.0,1236300000.0,1.773,1.194,7080000000.0,1628700000.0,5451300000.0,7080000000.0,0.0,358200000.0,0.0,0.053,0.49,1502500000.0,1860700000.0,0.303,1860700000.0,1502500000.0,1502500000.0,1.11,1.11,1.11,15057900000.0,,15057900000.0,43414850684.0,8.0,6.106,1897700000.0,1.639,1.0,4809800000.0,0.782,5221900000.0,0.0,20083300000.0,,2513300000.0,3406200000.0,186600000.0,3219600000.0,17984300000.0,8219300000.0,9765000000.0,42799750684.0,484200000.0,-307800000.0,0.0,99900000.0,-540900000.0,-440900000.0,-1008300000.0,-350000000.0,2073400000.0,-140000000.0,1236300000.0,1236300000.0,1236300000.0,0.0,0.0,0.201,3307300000.0,1502500000.0,1154300000.0,0.441,2.842,9.186,8.844,7812200000.0,0.0,36.97,1.752,1.752,4097600000.0,15125900000.0,6147900000.0,6147900000.0,1280900000.0,,,,,36500000.0,1917800000.0,1.0,1157688685.0,1157688685.0,,5.31,27820300000.0,378400000.0,266200000.0,1203200000.0,24.031,6353400000.0
40,LLY,MRQ,2011-06-30,2011-06-30,2011-06-30,2021-09-07,-2009900000.0,32779300000.0,,14950300000.0,17829000000.0,,12.332,-139000000.0,6113500000.0,6113500000.0,1228000000.0,1197300000.0,1.734,1.296,6728600000.0,1528500000.0,5200100000.0,6728600000.0,0.0,355600000.0,0.0,0.052,0.49,1531300000.0,1886900000.0,0.302,1886900000.0,1531300000.0,1531300000.0,1.07,1.07,1.07,14276800000.0,,14276800000.0,43613121831.0,7.0,6.003,1901300000.0,1.642,1.0,5024800000.0,0.804,4955400000.0,0.0,19818500000.0,,2870200000.0,3159300000.0,216300000.0,2943000000.0,18502300000.0,8620500000.0,9881800000.0,43447221831.0,-392900000.0,0.0,0.0,-12300000.0,-552100000.0,-564300000.0,-1898600000.0,-1359300000.0,2040300000.0,29700000.0,1197300000.0,1197300000.0,1197300000.0,0.0,0.0,0.191,3493500000.0,1531300000.0,1187600000.0,0.458,3.043,9.194,8.831,7953700000.0,0.0,37.53,1.815,1.815,4446500000.0,13888200000.0,6252800000.0,6252800000.0,1260600000.0,,,,,36300000.0,2043000000.0,1.0,1157666449.0,1157666449.0,,5.401,27823900000.0,436500000.0,334000000.0,1466100000.0,24.034,6329800000.0
41,LLY,MRQ,2011-03-31,2011-03-31,2011-03-31,2021-09-07,-2188800000.0,31695300000.0,,15354300000.0,16341000000.0,,12.04,-101400000.0,6506400000.0,6506400000.0,1180100000.0,1055900000.0,2.007,1.274,6672300000.0,1539900000.0,5132400000.0,6672300000.0,0.0,340900000.0,0.0,0.056,0.49,1273900000.0,1614800000.0,0.277,1614800000.0,1273900000.0,1273900000.0,0.95,0.95,0.95,13938100000.0,,13938100000.0,41648370277.0,7.0,5.582,1074700000.0,0.928,1.0,4659100000.0,0.798,4731300000.0,0.0,19478100000.0,,2767200000.0,2105400000.0,206700000.0,1898700000.0,17761100000.0,7651800000.0,10109300000.0,40715070277.0,513200000.0,0.0,0.0,-170800000.0,-543200000.0,-713800000.0,-40700000.0,512600000.0,1176100000.0,91600000.0,1055900000.0,1055900000.0,1055900000.0,0.0,0.0,0.181,3385200000.0,1273900000.0,1183200000.0,0.516,2.921,8.348,7.993,7967700000.0,0.0,35.17,1.738,1.738,4183100000.0,13785300000.0,5839200000.0,5839200000.0,1124000000.0,,,,,37900000.0,1785700000.0,1.0,1157664779.0,1157664779.0,,5.044,26964000000.0,550100000.0,218000000.0,1539500000.0,23.292,7702500000.0
42,LLY,MRQ,2010-12-31,2010-12-31,2010-12-31,2021-09-07,-2670100000.0,31001400000.0,,14840000000.0,16161400000.0,,10.764,-226300000.0,5993200000.0,5993200000.0,1232200000.0,1169600000.0,2.142,1.498,6926500000.0,156000000.0,6770500000.0,6926500000.0,0.0,338500000.0,0.0,0.056,0.49,1409600000.0,1748100000.0,0.283,1748100000.0,1409600000.0,1409600000.0,1.05,1.05,1.05,12412800000.0,,12412800000.0,41634441617.0,6.0,5.301,2001800000.0,1.736,1.0,4954800000.0,0.801,4818800000.0,0.0,20189000000.0,,2517700000.0,2513300000.0,733800000.0,1779500000.0,18588600000.0,6926900000.0,11661700000.0,40406141617.0,84400000.0,-280700000.0,0.0,-1400000.0,-544100000.0,-549600000.0,-1564500000.0,-894600000.0,2228100000.0,-29600000.0,1169600000.0,1169600000.0,1169600000.0,0.0,0.0,0.189,3545200000.0,1409600000.0,1072200000.0,0.467,3.255,7.97,7.651,7940700000.0,0.0,35.04,1.751,1.751,4158100000.0,12732600000.0,6187000000.0,6187000000.0,1438100000.0,,,,,55800000.0,1988700000.0,1.0,1153143311.0,1153143311.0,,5.365,26182600000.0,828300000.0,240000000.0,1692300000.0,22.705,7913100000.0
43,LLY,MRQ,2010-09-30,2010-09-30,2010-09-30,2021-09-07,-2529800000.0,29904300000.0,,14184300000.0,15720000000.0,,10.765,-164100000.0,5908800000.0,5908800000.0,987600000.0,1302900000.0,2.326,1.41,7137100000.0,155100000.0,6982000000.0,7137100000.0,0.0,344700000.0,0.0,0.054,0.49,1671300000.0,2016000000.0,0.357,2016000000.0,1671300000.0,1671300000.0,1.18,1.18,1.18,12413100000.0,,12413100000.0,43849615561.0,7.0,5.756,1595000000.0,1.383,1.0,4667200000.0,0.825,4308500000.0,0.0,20726700000.0,,2679600000.0,1571500000.0,231300000.0,1340200000.0,17498800000.0,6097400000.0,11401400000.0,42124215561.0,745300000.0,-180300000.0,0.0,126000000.0,-545300000.0,-393800000.0,-788500000.0,-402600000.0,1759100000.0,168500000.0,1302900000.0,1302900000.0,1302900000.0,0.0,0.0,0.23,2995900000.0,1671300000.0,1034700000.0,0.415,3.394,8.748,8.378,7941900000.0,0.0,36.53,1.846,1.846,3874800000.0,12647100000.0,5654800000.0,5654800000.0,1219800000.0,,,,,47000000.0,1694900000.0,1.0,1153140311.0,1153140311.0,,4.904,25595800000.0,297800000.0,368400000.0,1669300000.0,22.197,8086900000.0
44,LLY,MRQ,2010-06-30,2010-06-30,2010-06-30,2021-09-07,-3307600000.0,27723100000.0,,12466400000.0,15256700000.0,,8.881,-154200000.0,5163500000.0,5163500000.0,1023900000.0,1348900000.0,1.971,1.708,6888900000.0,26700000.0,6862200000.0,6888900000.0,0.0,345600000.0,0.0,0.059,0.49,1736500000.0,2082100000.0,0.362,2082100000.0,1736500000.0,1736500000.0,1.22,1.22,1.22,10241500000.0,,10241500000.0,40586408124.0,7.0,5.813,1757400000.0,1.524,1.0,4724800000.0,0.822,4036000000.0,0.0,19087900000.0,,2174400000.0,1097800000.0,33100000.0,1064700000.0,17487800000.0,6324600000.0,11163200000.0,38630208124.0,438300000.0,-148400000.0,0.0,7300000.0,-536700000.0,-531500000.0,-754200000.0,-4800000.0,1911600000.0,-187600000.0,1348900000.0,1348900000.0,1348900000.0,0.0,0.0,0.235,2988300000.0,1736500000.0,950300000.0,0.402,3.772,8.673,8.292,7784400000.0,0.0,33.5,1.699,1.699,3653000000.0,11343700000.0,5748700000.0,5748700000.0,1187200000.0,,,,,54500000.0,1755400000.0,1.0,1153140541.0,1153140541.0,,4.985,23687100000.0,314400000.0,387600000.0,1743300000.0,20.541,6141800000.0
45,LLY,MRQ,2010-03-31,2010-03-31,2010-03-31,2021-09-07,-2776900000.0,27197800000.0,,12252400000.0,14945400000.0,,9.07,-125100000.0,4725200000.0,4725200000.0,1122500000.0,1248100000.0,2.166,1.6,6681400000.0,20100000.0,6661300000.0,6681400000.0,0.0,299400000.0,0.0,0.054,0.49,1707800000.0,2007200000.0,0.366,2007200000.0,1707800000.0,1707800000.0,1.13,1.13,1.13,10459600000.0,,10459600000.0,43966127547.0,8.0,6.589,832900000.0,0.722,1.0,4363000000.0,0.795,4031600000.0,0.0,19464800000.0,,2471100000.0,1132400000.0,33200000.0,1099200000.0,16735500000.0,5657600000.0,11077900000.0,41766927547.0,262300000.0,0.0,0.0,-7900000.0,-539200000.0,-547000000.0,-52600000.0,133000000.0,958000000.0,-96100000.0,1248100000.0,1248100000.0,1248100000.0,0.0,0.0,0.228,2655200000.0,1707800000.0,964000000.0,0.434,3.993,9.796,9.335,7987000000.0,0.0,36.22,1.875,1.875,3729900000.0,11077200000.0,5485500000.0,5485500000.0,1039100000.0,,,,,73700000.0,1614400000.0,1.0,1153145432.0,1153145432.0,,4.757,23166200000.0,275200000.0,459700000.0,1411600000.0,20.09,6594800000.0
46,LLY,MRQ,2009-12-31,2009-12-31,2009-12-31,2021-09-07,-2471900000.0,27460900000.0,,12486500000.0,14974400000.0,,8.289,-239100000.0,4462900000.0,4462900000.0,1431300000.0,915400000.0,1.901,1.883,6662100000.0,27400000.0,6634700000.0,6662100000.0,0.0,375800000.0,0.0,0.055,0.49,1137200000.0,1513000000.0,0.255,1513000000.0,1137200000.0,1137200000.0,0.83,0.83,0.83,9523700000.0,,9523700000.0,44575590083.0,8.0,6.697,1779500000.0,1.549,1.0,4502900000.0,0.759,3699800000.0,0.0,19392200000.0,,2849900000.0,1190500000.0,34700000.0,1155800000.0,17935600000.0,6568100000.0,11367500000.0,41031590083.0,614700000.0,0.0,0.0,-594800000.0,-539700000.0,-1128500000.0,-254300000.0,98500000.0,2018600000.0,-21100000.0,915400000.0,915400000.0,915400000.0,0.0,0.0,0.154,3365700000.0,1137200000.0,968100000.0,0.59,4.308,9.479,9.063,8197400000.0,0.0,35.71,1.879,1.879,3831800000.0,9830400000.0,5934200000.0,5934200000.0,1216700000.0,,,,,104100000.0,1953300000.0,1.0,1149022405.0,1149022405.0,,5.165,23761100000.0,714300000.0,221800000.0,1435100000.0,20.679,5918400000.0
47,LLY,MRQ,2009-09-30,2009-09-30,2009-09-30,2021-09-07,-2175400000.0,27127900000.0,,11810000000.0,15317900000.0,,8.62,-174300000.0,3848200000.0,3848200000.0,1051900000.0,941800000.0,1.946,1.739,7392200000.0,622500000.0,6769700000.0,7392200000.0,0.0,309700000.0,0.0,0.059,0.49,1069500000.0,1379200000.0,0.248,1379200000.0,1069500000.0,1069500000.0,0.86,0.86,0.86,9904600000.0,,9904600000.0,42352780475.0,48.0,20.308,1131400000.0,0.985,1.0,4510100000.0,0.811,3738900000.0,0.0,20865500000.0,,3128200000.0,1254700000.0,80900000.0,1173800000.0,17222900000.0,6067500000.0,11155400000.0,37952180475.0,525900000.0,0.0,0.0,-416600000.0,-536600000.0,-913200000.0,67700000.0,273700000.0,1305700000.0,65700000.0,941800000.0,941800000.0,941800000.0,0.0,0.0,0.169,3440600000.0,1069500000.0,887700000.0,0.57,3.832,-175.705,-173.842,8232700000.0,0.0,33.03,1.798,1.798,3482900000.0,9992700000.0,5562000000.0,5562000000.0,1122100000.0,,,,,104000000.0,1701800000.0,1.0,1149021510.0,1149021510.0,,4.841,23389000000.0,263700000.0,127700000.0,1367700000.0,20.356,5742500000.0
48,LLY,MRQ,2009-06-30,2009-06-30,2009-06-30,2021-09-07,-2466800000.0,26931500000.0,,10935300000.0,15996200000.0,,7.453,-176900000.0,3322300000.0,3322300000.0,947400000.0,1158500000.0,1.565,2.145,7722900000.0,1034900000.0,6688000000.0,7722900000.0,0.0,306000000.0,0.0,0.055,0.49,1467700000.0,1773700000.0,0.335,1773700000.0,1467700000.0,1467700000.0,1.06,1.06,1.06,8563100000.0,,8563100000.0,44962397128.0,-107.0,59.411,746400000.0,0.65,1.0,4345400000.0,0.821,3790300000.0,0.0,20552500000.0,,2999700000.0,1407100000.0,168100000.0,1239000000.0,18371500000.0,6989300000.0,11382200000.0,39801897128.0,9200000.0,0.0,0.0,-569200000.0,-539000000.0,-1111600000.0,102100000.0,299100000.0,923300000.0,95400000.0,1158500000.0,1158500000.0,1158500000.0,0.0,0.0,0.219,2877700000.0,1467700000.0,918600000.0,0.462,4.648,-24.518,-23.405,8594300000.0,0.0,34.64,1.918,1.918,3329900000.0,9049500000.0,5292800000.0,5292800000.0,1040400000.0,,,,,94300000.0,1708200000.0,1.0,1149015506.0,1149015506.0,,4.606,23141200000.0,290600000.0,309200000.0,1391800000.0,20.14,3946000000.0
49,LLY,MRQ,2009-03-31,2009-03-31,2009-03-31,2021-09-07,-3130300000.0,26596800000.0,,10260400000.0,16336400000.0,,6.72,-157000000.0,3313100000.0,3313100000.0,816400000.0,1313100000.0,1.395,2.444,8473600000.0,1602800000.0,6870800000.0,8473600000.0,0.0,306300000.0,0.0,0.057,0.49,1683400000.0,1989700000.0,0.394,1989700000.0,1683400000.0,1683400000.0,1.2,1.2,1.2,7721000000.0,,7721000000.0,43353920618.0,-64.0,92.066,-69100000.0,-0.06,1.0,4230600000.0,0.838,3857900000.0,0.0,20541700000.0,,2549000000.0,1559000000.0,195200000.0,1363800000.0,18872000000.0,7357700000.0,11514300000.0,38388620618.0,-2183600000.0,0.0,0.0,-1843600000.0,-536800000.0,-2380400000.0,227300000.0,403300000.0,87900000.0,-118400000.0,1313100000.0,1313100000.0,1313100000.0,0.0,0.0,0.26,2547200000.0,1683400000.0,1022700000.0,0.408,4.972,-21.057,-20.127,8450200000.0,0.0,33.41,1.863,1.863,3159900000.0,8967900000.0,5047000000.0,5047000000.0,947300000.0,,,,,66100000.0,1529200000.0,1.0,1149015882.0,1149015882.0,,4.392,22738900000.0,391200000.0,370300000.0,1724500000.0,19.79,2902700000.0
50,LLY,MRQ,2008-12-31,2008-12-31,2008-12-31,2021-09-07,-2786800000.0,29212600000.0,,12453300000.0,16759300000.0,,5.924,-250000000.0,5496700000.0,5496700000.0,909300000.0,-3629400000.0,0.95,3.337,10462000000.0,5846300000.0,4615700000.0,10462000000.0,0.0,280300000.0,0.0,0.047,0.47,-3337400000.0,-3057100000.0,-0.587,-3057100000.0,-3337400000.0,-3337400000.0,-3.31,-3.31,-3.31,6735300000.0,,6735300000.0,46043610720.0,-35.0,-248.884,2130500000.0,1.874,1.0,4295100000.0,0.825,3929100000.0,0.0,17139100000.0,,2493200000.0,1974000000.0,429400000.0,1544600000.0,22474900000.0,13109700000.0,9365200000.0,45785110720.0,1143100000.0,-6038600000.0,0.0,4813700000.0,-515200000.0,4297200000.0,-5466300000.0,1021700000.0,2380500000.0,-68300000.0,-3629400000.0,-3629400000.0,-3629400000.0,0.0,0.0,-0.697,7632500000.0,-3337400000.0,885800000.0,-0.142,6.798,-22.098,-21.307,8626300000.0,0.0,40.27,2.247,2.247,3277300000.0,7654900000.0,5204400000.0,5204400000.0,1059300000.0,,,,,62600000.0,1726600000.0,1.0,1136953333.0,1136953333.0,,4.577,25283500000.0,382100000.0,292000000.0,1210100000.0,22.238,-656400000.0
51,LLY,MRQ,2008-09-30,2008-09-30,2008-09-30,2021-09-07,-395900000.0,27707100000.0,,12945800000.0,14761300000.0,,12.086,-220900000.0,4353600000.0,4353600000.0,1155200000.0,-465600000.0,1.989,1.016,4612100000.0,426500000.0,4185600000.0,4612100000.0,0.0,283300000.0,0.0,0.042,0.47,-232800000.0,50500000.0,0.01,50500000.0,-232800000.0,-232800000.0,-0.43,-0.43,-0.43,13741600000.0,,13741600000.0,51805415545.0,17.0,12.337,1910700000.0,1.681,1.0,4054300000.0,0.778,2298800000.0,0.0,19157000000.0,,2111600000.0,2951800000.0,1765200000.0,1186600000.0,13965500000.0,6509800000.0,7455700000.0,50059915545.0,1485300000.0,-44400000.0,0.0,-46300000.0,-520300000.0,-565800000.0,71600000.0,356000000.0,2131600000.0,-152100000.0,-465600000.0,-465600000.0,-465600000.0,0.0,0.0,-0.089,4287100000.0,-232800000.0,854400000.0,-1.093,3.643,20.755,20.014,8262100000.0,0.0,44.03,2.459,2.459,3259000000.0,12336300000.0,5209500000.0,5209500000.0,953000000.0,,,,,77900000.0,1649200000.0,1.0,1136950160.0,1136950160.0,,4.582,25408300000.0,631400000.0,232800000.0,1618700000.0,22.348,6436000000.0
52,LLY,MRQ,2008-06-30,2008-06-30,2008-06-30,2021-09-07,214100000.0,27752000000.0,,12677100000.0,15074900000.0,,12.962,-266400000.0,2868300000.0,2868300000.0,1200900000.0,958800000.0,2.411,0.883,4613800000.0,68000000.0,4545800000.0,4613800000.0,0.0,281500000.0,0.0,0.039,0.47,1206300000.0,1487800000.0,0.289,1487800000.0,1206300000.0,1206300000.0,0.88,0.88,0.88,14738000000.0,,14738000000.0,54058653906.0,12.0,9.666,814500000.0,0.716,1.0,3949500000.0,0.767,2337400000.0,0.0,21901300000.0,,2546400000.0,3372500000.0,2301700000.0,1070800000.0,13014000000.0,5258800000.0,7755200000.0,52482753906.0,-277100000.0,0.0,0.0,-14200000.0,-507600000.0,-523500000.0,-840100000.0,-514000000.0,1080900000.0,5600000.0,958800000.0,958800000.0,958800000.0,0.0,0.0,0.186,2743200000.0,1206300000.0,810700000.0,0.534,3.561,13.797,13.264,8670500000.0,0.0,46.16,2.659,2.659,3477200000.0,12800400000.0,5150400000.0,5150400000.0,951500000.0,,,,,56300000.0,1700100000.0,1.0,1136974738.0,1136974738.0,,4.53,25414600000.0,622500000.0,247500000.0,1537900000.0,22.353,7418300000.0
53,LLY,MRQ,2008-03-31,2008-03-31,2008-03-31,2021-09-07,207000000.0,27307200000.0,,12553400000.0,14753800000.0,,12.973,-184200000.0,3145400000.0,3145400000.0,1111300000.0,1064300000.0,2.897,0.851,4721300000.0,73000000.0,4648300000.0,4721300000.0,0.0,277500000.0,0.0,0.034,0.47,1056300000.0,1333800000.0,0.277,1333800000.0,1056300000.0,1056300000.0,0.97,0.97,0.97,14749700000.0,,14749700000.0,60443757079.0,14.0,11.417,1518400000.0,1.335,1.0,3696300000.0,0.769,2378500000.0,0.0,22171800000.0,,2594400000.0,2885200000.0,2289100000.0,596100000.0,12557500000.0,4332800000.0,8224700000.0,58657057079.0,-75100000.0,0.0,0.0,-342400000.0,-513600000.0,-861900000.0,-1034000000.0,-721200000.0,1702600000.0,118200000.0,1064300000.0,1064300000.0,1064300000.0,0.0,0.0,0.221,2640000000.0,1056300000.0,789800000.0,0.485,3.977,16.718,16.072,8662100000.0,0.0,51.59,3.053,3.053,3370100000.0,12873300000.0,4807600000.0,4807600000.0,877100000.0,,,,,58500000.0,1550500000.0,1.0,1136985018.0,1136985018.0,,4.228,24928700000.0,624600000.0,-8000000.0,1570800000.0,21.925,8220600000.0
54,LLY,MRQ,2007-12-31,2007-12-31,2007-12-31,2021-09-07,13200000.0,26874800000.0,,12316100000.0,14558700000.0,,11.905,-334400000.0,3220500000.0,3220500000.0,1272800000.0,854400000.0,2.265,0.99,5007200000.0,413700000.0,4593500000.0,5007200000.0,0.0,274800000.0,0.0,0.032,0.425,1052300000.0,1327100000.0,0.256,1327100000.0,1052300000.0,1052300000.0,0.78,0.78,0.78,13503900000.0,,13503900000.0,63039759378.0,16.0,12.801,1895300000.0,1.671,1.0,3916800000.0,0.755,2455400000.0,0.0,20769300000.0,,2523700000.0,2187800000.0,1610700000.0,577100000.0,13370900000.0,5436800000.0,7934100000.0,60560959378.0,725000000.0,-5700000.0,-21600000.0,-25600000.0,-463800000.0,-490700000.0,-1064100000.0,-555700000.0,2229700000.0,50100000.0,854400000.0,854400000.0,854400000.0,0.0,0.0,0.165,2896600000.0,1020200000.0,924400000.0,0.545,4.485,20.508,19.701,8575100000.0,0.0,53.39,3.25,3.25,3704800000.0,11806700000.0,5189600000.0,5189600000.0,953600000.0,,,,,67500000.0,1755800000.0,1.0,1134312781.0,1134312781.0,,4.575,24419400000.0,642800000.0,197900000.0,1722600000.0,21.528,6879300000.0
55,LLY,MRQ,2007-09-30,2007-09-30,2007-09-30,2021-09-07,-767600000.0,24973500000.0,,10453700000.0,14519800000.0,,11.414,-230100000.0,2495500000.0,2495500000.0,1054600000.0,926300000.0,2.567,0.929,4974300000.0,442100000.0,4532200000.0,4974300000.0,0.0,265500000.0,0.0,0.029,0.425,1178400000.0,1443900000.0,0.315,1443900000.0,1178400000.0,1178400000.0,0.85,0.85,0.85,12946900000.0,,12946900000.0,67392426693.0,22.0,16.906,1214400000.0,1.071,1.0,3532200000.0,0.77,2453600000.0,0.0,20927100000.0,,2498000000.0,1640900000.0,1070300000.0,570600000.0,12026600000.0,4071600000.0,7955000000.0,64574726693.0,275000000.0,-87600000.0,21600000.0,-114700000.0,-463300000.0,-573200000.0,-655700000.0,-288700000.0,1444500000.0,59400000.0,926300000.0,926300000.0,926300000.0,0.0,0.0,0.202,2403600000.0,1128600000.0,744900000.0,0.5,4.988,28.946,27.771,8440700000.0,0.0,56.93,3.651,3.651,2938700000.0,12090100000.0,4586800000.0,4586800000.0,844500000.0,,,,,79300000.0,1477800000.0,1.0,1134282921.0,1134282921.0,,4.044,22519900000.0,380900000.0,252100000.0,1266000000.0,19.854,6382100000.0
56,LLY,MRQ,2007-06-30,2007-06-30,2007-06-30,2021-09-07,-1142000000.0,24055600000.0,,9561300000.0,14494300000.0,,10.194,-246200000.0,2220500000.0,2220500000.0,998900000.0,663600000.0,2.104,1.081,5038200000.0,464200000.0,4574000000.0,5038200000.0,0.0,262500000.0,0.0,0.03,0.425,926700000.0,1189200000.0,0.257,1189200000.0,926700000.0,926700000.0,0.61,0.61,0.61,11560000000.0,,11560000000.0,66237133066.0,22.0,17.15,342300000.0,0.302,1.0,3632100000.0,0.784,2494300000.0,0.0,19833800000.0,,2330000000.0,1336800000.0,783900000.0,552900000.0,12495600000.0,4545200000.0,7950400000.0,63370333066.0,-270900000.0,-354300000.0,-7600000.0,-274000000.0,-463600000.0,-724600000.0,-153000000.0,475400000.0,588500000.0,18200000.0,663600000.0,663600000.0,663600000.0,0.0,0.0,0.143,2707200000.0,924900000.0,719300000.0,0.697,5.482,29.093,27.94,8309700000.0,0.0,55.88,3.735,3.735,2814200000.0,11163100000.0,4631000000.0,4631000000.0,854400000.0,,,,,62500000.0,1524700000.0,1.0,1134043183.0,1134043183.0,,4.084,21561300000.0,494900000.0,263100000.0,1271900000.0,19.013,5016100000.0
57,LLY,MRQ,2007-03-31,2007-03-31,2007-03-31,2021-09-07,-1357000000.0,23733300000.0,,9246000000.0,14487300000.0,,10.171,-239400000.0,2491400000.0,2491400000.0,922500000.0,508700000.0,2.227,1.058,5358200000.0,734000000.0,4624200000.0,5358200000.0,0.0,245100000.0,0.0,0.03,0.425,719400000.0,964500000.0,0.228,964500000.0,719400000.0,719400000.0,0.47,0.47,0.47,11533900000.0,,11533900000.0,61513478708.0,20.0,15.681,652400000.0,0.575,1.0,3303600000.0,0.782,2415300000.0,0.0,20032500000.0,,2277800000.0,1817900000.0,872500000.0,945400000.0,12199400000.0,4152300000.0,8047100000.0,60908978708.0,-617900000.0,-2225600000.0,7600000.0,1398900000.0,-462900000.0,943600000.0,-2455300000.0,41500000.0,891800000.0,2000000.0,508700000.0,508700000.0,508700000.0,0.0,0.0,0.12,2622500000.0,681100000.0,606000000.0,0.904,5.281,26.067,24.981,8209100000.0,0.0,53.71,3.759,3.759,2706600000.0,11427200000.0,4226100000.0,4226100000.0,834200000.0,,,,,72700000.0,1336800000.0,1.0,1134034234.0,1134034234.0,,3.727,21318000000.0,507100000.0,210700000.0,1357100000.0,18.798,5093700000.0
58,LLY,MRQ,2006-12-31,2006-12-31,2006-12-31,2021-09-07,-1388700000.0,22042400000.0,,9753600000.0,12288800000.0,,9.562,-344800000.0,3109300000.0,3109300000.0,1019000000.0,132300000.0,1.856,1.037,3713800000.0,219400000.0,3494400000.0,3713800000.0,0.0,173600000.0,0.0,0.031,0.4,215000000.0,388600000.0,0.092,388600000.0,215000000.0,215000000.0,0.12,0.12,0.12,10820200000.0,,10820200000.0,61673358349.0,18.0,14.615,1512900000.0,1.337,1.0,3226300000.0,0.76,130000000.0,0.0,17262900000.0,,2270300000.0,1783600000.0,781700000.0,1001900000.0,11222200000.0,5254000000.0,5968200000.0,58955758349.0,939400000.0,0.0,15400000.0,-1189100000.0,-434800000.0,-1604900000.0,655000000.0,945200000.0,1857700000.0,31600000.0,132300000.0,132300000.0,132300000.0,0.0,0.0,0.031,3114000000.0,112300000.0,789400000.0,3.333,5.449,22.141,21.265,8152300000.0,0.0,52.1,3.757,3.757,2694400000.0,10766200000.0,4245300000.0,4245300000.0,858000000.0,,,,,85000000.0,1310800000.0,1.0,1131588452.0,1131588452.0,,3.752,21912400000.0,578400000.0,82700000.0,702800000.0,19.364,4499600000.0
59,LLY,MRQ,2006-09-30,2006-09-30,2006-09-30,2021-09-07,12400000.0,23913400000.0,,9771200000.0,14142200000.0,,11.549,-275700000.0,2169900000.0,2169900000.0,860400000.0,873600000.0,2.517,0.832,4887500000.0,334200000.0,4553300000.0,4887500000.0,0.0,214200000.0,0.0,0.028,0.4,1105800000.0,1320000000.0,0.342,1320000000.0,1105800000.0,1105800000.0,0.8,0.8,0.8,13054700000.0,,13054700000.0,68079631372.0,17.0,13.812,900300000.0,0.796,1.0,3003700000.0,0.777,0.0,0.0,22748200000.0,,2199800000.0,2743100000.0,1448600000.0,1294500000.0,10858700000.0,3882800000.0,6975900000.0,64432731372.0,-499800000.0,0.0,30300000.0,-1505600000.0,-436900000.0,-1906100000.0,211700000.0,489900000.0,1176000000.0,18600000.0,873600000.0,873600000.0,873600000.0,0.0,0.0,0.226,1953900000.0,1049800000.0,630600000.0,0.5,4.936,19.942,19.192,8215400000.0,0.0,57.0,4.204,4.204,2477500000.0,11692500000.0,3864100000.0,3864100000.0,755700000.0,,,,,83000000.0,1198200000.0,1.0,1130398796.0,1130398796.0,,3.418,23913400000.0,731200000.0,232200000.0,1573000000.0,21.155,5888400000.0
60,LLY,MRQ,2006-06-30,2006-06-30,2006-06-30,2021-09-07,-120000000.0,24435600000.0,,10588600000.0,13847000000.0,,10.555,-231400000.0,2669700000.0,2669700000.0,860600000.0,822000000.0,2.279,1.049,6316600000.0,738600000.0,5578000000.0,6316600000.0,0.0,209100000.0,0.0,0.028,0.4,1040500000.0,1249600000.0,0.323,1249600000.0,1040500000.0,1040500000.0,0.76,0.76,0.76,11928500000.0,,11928500000.0,66352526221.0,17.0,13.791,456300000.0,0.404,1.0,3006300000.0,0.777,0.0,0.0,23437200000.0,,2099200000.0,3208800000.0,1921000000.0,1287800000.0,12507100000.0,4645300000.0,7861800000.0,62462326221.0,211400000.0,0.0,6100000.0,-1300000.0,-431100000.0,-427500000.0,-86600000.0,103000000.0,687700000.0,37800000.0,822000000.0,822000000.0,822000000.0,0.0,0.0,0.213,2012700000.0,993600000.0,648900000.0,0.526,5.236,19.818,19.059,8088000000.0,0.0,55.27,4.147,4.147,2516800000.0,10817600000.0,3866900000.0,3866900000.0,774800000.0,,,,,91100000.0,1237900000.0,1.0,1130130744.0,1130130744.0,,3.422,24435600000.0,648900000.0,218500000.0,1460300000.0,21.622,5943300000.0
61,LLY,MRQ,2006-03-31,2006-03-31,2006-03-31,2021-09-07,-290400000.0,24146900000.0,,10360600000.0,13786300000.0,,10.349,-160700000.0,2458300000.0,2458300000.0,806500000.0,834800000.0,2.289,1.065,6348500000.0,736000000.0,5612500000.0,6348500000.0,0.0,204900000.0,0.0,0.028,0.4,1056700000.0,1261600000.0,0.34,1261600000.0,1056700000.0,1056700000.0,0.77,0.77,0.77,11694200000.0,,11694200000.0,65979536674.0,23.0,18.428,93800000.0,0.083,1.0,2908200000.0,0.783,0.0,0.0,23510900000.0,,1969100000.0,3363800000.0,2045400000.0,1318400000.0,12452700000.0,4526200000.0,7926500000.0,62488036674.0,-548400000.0,0.0,-114300000.0,-93900000.0,-433500000.0,-640300000.0,-171700000.0,-96100000.0,254500000.0,9100000.0,834800000.0,834800000.0,834800000.0,0.0,0.0,0.225,1883700000.0,1024500000.0,637700000.0,0.519,5.344,30.074,28.953,7946300000.0,0.0,55.3,4.204,4.204,2491000000.0,10865000000.0,3714700000.0,3714700000.0,740800000.0,,,,,100200000.0,1142900000.0,1.0,1129982580.0,1129982580.0,,3.287,24146900000.0,661100000.0,221900000.0,1643400000.0,21.369,5834400000.0
62,LLY,MRQ,2005-12-31,2005-12-31,2005-12-31,2021-09-07,-420600000.0,24580800000.0,,10795800000.0,13785000000.0,,9.495,-408500000.0,3006700000.0,3006700000.0,898200000.0,700600000.0,1.889,1.278,6498200000.0,734700000.0,5763500000.0,6498200000.0,0.0,225100000.0,0.0,0.027,0.38,872700000.0,1097800000.0,0.283,1097800000.0,872700000.0,872700000.0,0.64,0.64,0.64,10791900000.0,,10791900000.0,65862289442.0,24.0,19.247,405800000.0,0.357,1.0,2980900000.0,0.768,0.0,0.0,22356000000.0,,1878000000.0,3327600000.0,2031000000.0,1296600000.0,13788900000.0,5716300000.0,8072600000.0,64321789442.0,-1963000000.0,0.0,-343200000.0,-6800000.0,-409200000.0,-752600000.0,-2009200000.0,-1463500000.0,814300000.0,-15500000.0,700600000.0,700600000.0,700600000.0,0.0,0.0,0.181,2171400000.0,809500000.0,781300000.0,0.594,5.96,32.492,31.093,7912500000.0,0.0,56.59,4.392,4.392,2761700000.0,10027200000.0,3879100000.0,3879100000.0,809900000.0,,,,,94000000.0,1189600000.0,1.0,1136628193.0,1136628193.0,,3.413,24580800000.0,756400000.0,172100000.0,1580000000.0,21.626,5079500000.0
63,LLY,MRQ,2005-09-30,2005-09-30,2005-09-30,2021-09-07,-250100000.0,24803400000.0,,11946900000.0,12856500000.0,,10.04,-258600000.0,4969700000.0,4969700000.0,845700000.0,794400000.0,2.346,1.179,6510200000.0,629100000.0,5881100000.0,6510200000.0,0.0,183900000.0,0.0,0.028,0.38,1018500000.0,1202400000.0,0.334,1202400000.0,1018500000.0,1018500000.0,0.73,0.73,0.73,11383300000.0,,11383300000.0,60715429080.0,26.0,20.613,-638200000.0,-0.563,1.0,2755400000.0,0.765,0.0,0.0,21252400000.0,,1949900000.0,1783200000.0,1262300000.0,520900000.0,13420100000.0,5091500000.0,8328600000.0,60681729080.0,327300000.0,0.0,36300000.0,1899300000.0,-424500000.0,1536400000.0,-832200000.0,-502300000.0,-379600000.0,2700000.0,794400000.0,794400000.0,794400000.0,0.0,0.0,0.221,1821900000.0,933500000.0,611300000.0,0.521,5.331,47.534,45.356,7834800000.0,0.0,53.52,4.211,4.211,2417600000.0,10172300000.0,3601100000.0,3601100000.0,751000000.0,,,,,101300000.0,1070900000.0,1.0,1133814071.0,1133814071.0,,3.176,24803400000.0,614900000.0,224100000.0,1877200000.0,21.876,6855400000.0
64,LLY,MRQ,2005-06-30,2005-06-30,2005-06-30,2021-09-07,-298400000.0,23419600000.0,,10953800000.0,12465800000.0,,9.062,-377700000.0,4642400000.0,4642400000.0,871300000.0,-252000000.0,1.695,1.281,4676100000.0,230600000.0,4445500000.0,4676100000.0,0.0,158700000.0,0.0,0.026,0.38,-140100000.0,18600000.0,0.005,18600000.0,-140100000.0,-140100000.0,-0.23,-0.23,-0.23,10268600000.0,,10268600000.0,62107018439.0,27.0,21.468,296400000.0,0.262,1.0,2796400000.0,0.762,0.0,0.0,16990900000.0,,1988800000.0,1262200000.0,760100000.0,502100000.0,13151000000.0,6462400000.0,6688600000.0,63124618439.0,-965300000.0,0.0,22400000.0,-600000.0,-408000000.0,-379200000.0,-1198000000.0,-742800000.0,674100000.0,-62200000.0,-252000000.0,-252000000.0,-252000000.0,0.0,0.0,-0.069,2981900000.0,-185500000.0,608500000.0,-1.652,6.147,51.014,48.443,7737900000.0,0.0,55.71,4.48,4.48,2459500000.0,9381900000.0,3667700000.0,3667700000.0,762400000.0,,,,,100000000.0,1146100000.0,1.0,1133093133.0,1133093133.0,,3.237,23419600000.0,392400000.0,111900000.0,2324900000.0,20.669,4491400000.0
65,LLY,MRQ,2005-03-31,2005-03-31,2005-03-31,2021-09-07,47600000.0,23239700000.0,,11257300000.0,11982400000.0,,10.239,-242200000.0,5607700000.0,5607700000.0,859000000.0,736600000.0,2.092,1.004,4590100000.0,233100000.0,4357000000.0,4590100000.0,0.0,158700000.0,0.0,0.028,0.38,944400000.0,1103100000.0,0.315,1103100000.0,944400000.0,944400000.0,0.68,0.68,0.68,11597800000.0,,11597800000.0,60161954670.0,18.0,15.545,562600000.0,0.497,1.0,2638400000.0,0.754,0.0,0.0,16840400000.0,,2198300000.0,513200000.0,12600000.0,500600000.0,11641900000.0,5381700000.0,6260200000.0,59014754670.0,242400000.0,0.0,12500000.0,-1885300000.0,-413200000.0,-2285100000.0,1823500000.0,2133300000.0,804800000.0,-100800000.0,736600000.0,736600000.0,736600000.0,0.0,0.0,0.211,1792600000.0,845800000.0,670500000.0,0.559,5.088,27.496,26.181,7581900000.0,0.0,52.1,4.222,4.222,2581800000.0,10462400000.0,3497400000.0,3497400000.0,702200000.0,,,,,108200000.0,1090400000.0,1.0,1132720819.0,1132720819.0,,3.088,23239700000.0,501900000.0,207800000.0,2797600000.0,20.517,5875600000.0
66,LLY,MRQ,2004-12-31,2004-12-31,2004-12-31,2021-09-07,218600000.0,24867000000.0,,12835800000.0,12031200000.0,,9.65,-449500000.0,5365300000.0,5365300000.0,865700000.0,-2400000.0,1.69,1.277,6512500000.0,2020600000.0,4491900000.0,6512500000.0,0.0,136700000.0,0.0,0.025,0.355,484700000.0,621400000.0,0.171,621400000.0,484700000.0,520000000.0,0.0,0.0,0.0,10919900000.0,,10919900000.0,67822218925.0,23.0,19.162,98900000.0,0.087,1.0,2778600000.0,0.762,0.0,-35300000.0,18420500000.0,,2291600000.0,2660500000.0,2099100000.0,561400000.0,13947100000.0,7593700000.0,6353400000.0,64220518925.0,2787900000.0,0.0,29000000.0,347600000.0,-385500000.0,-22300000.0,2035100000.0,2779600000.0,548400000.0,226700000.0,-2400000.0,-2400000.0,-2400000.0,0.0,0.0,-0.001,2327700000.0,450900000.0,648600000.0,,5.881,35.479,33.982,7550900000.0,0.0,56.75,4.634,4.634,2553000000.0,9724600000.0,3644300000.0,3644300000.0,705500000.0,,,,,-16300000.0,1098200000.0,1.0,1131639100.0,1131639100.0,,3.22,24867000000.0,255300000.0,522400000.0,2324300000.0,21.974,5242100000.0
67,LLY,MRQ,2004-09-30,2004-09-30,2004-09-30,2021-09-07,-164900000.0,24185900000.0,,9585700000.0,14600200000.0,,10.004,-456400000.0,2577400000.0,2577400000.0,810100000.0,755200000.0,1.465,1.138,6179100000.0,1668600000.0,4510500000.0,6179100000.0,0.0,163200000.0,0.0,0.023,0.355,986700000.0,1149900000.0,0.351,1149900000.0,986700000.0,968200000.0,0.7,0.69,0.7,11310000000.0,,11310000000.0,70623828183.0,21.0,17.663,343500000.0,0.304,1.0,2470300000.0,0.753,0.0,18500000.0,21245700000.0,,2092000000.0,5262200000.0,1596900000.0,3665300000.0,12875900000.0,6541900000.0,6334000000.0,67890828183.0,180700000.0,0.0,13100000.0,967300000.0,-385100000.0,600000000.0,-1199900000.0,-600900000.0,799900000.0,-19300000.0,755200000.0,755200000.0,755200000.0,0.0,0.0,0.23,1606700000.0,863600000.0,680400000.0,0.507,6.003,26.523,25.231,7482900000.0,0.0,60.05,4.963,4.963,2342800000.0,10526900000.0,3280400000.0,3280400000.0,654800000.0,,,,,18900000.0,951900000.0,1.0,1130571660.0,1130571660.0,,2.902,24185900000.0,643600000.0,213000000.0,1874400000.0,21.393,3043800000.0
68,LLY,MRQ,2004-06-30,2004-06-30,2004-06-30,2021-09-07,-176800000.0,22771800000.0,,8788200000.0,13983600000.0,,9.296,-508100000.0,2396700000.0,2396700000.0,796400000.0,656900000.0,1.307,1.169,5129700000.0,1597700000.0,3532000000.0,5129700000.0,0.0,150000000.0,0.0,0.02,0.355,845700000.0,995700000.0,0.28,995700000.0,845700000.0,838200000.0,0.61,0.6,0.61,10499200000.0,,10499200000.0,81862633612.0,24.0,20.812,436100000.0,0.386,1.0,2759900000.0,0.776,0.0,7500000.0,18781100000.0,,2058900000.0,4590900000.0,1014800000.0,3576100000.0,12272600000.0,6723700000.0,5548900000.0,78962333612.0,-13700000.0,0.0,29300000.0,-34500000.0,-384900000.0,-392500000.0,-573800000.0,-3500000.0,944200000.0,8400000.0,656900000.0,656900000.0,656900000.0,0.0,0.0,0.185,1963300000.0,796600000.0,788800000.0,0.582,7.521,31.348,29.876,7135100000.0,0.0,69.91,5.833,5.833,2432900000.0,9756200000.0,3556300000.0,3556300000.0,684200000.0,,,,,25200000.0,1170200000.0,1.0,1129485533.0,1129485533.0,,3.149,22771800000.0,589100000.0,181300000.0,1723000000.0,20.161,2064500000.0
69,LLY,MRQ,2004-03-31,2004-03-31,2004-03-31,2021-09-07,-184900000.0,22402400000.0,,8798900000.0,13603500000.0,,9.353,-463600000.0,2410400000.0,2410400000.0,751700000.0,400400000.0,1.585,1.122,5310700000.0,807100000.0,4503600000.0,5310700000.0,0.0,147600000.0,0.0,0.02,0.355,624800000.0,772400000.0,0.229,772400000.0,624800000.0,615500000.0,0.37,0.37,0.37,10558500000.0,,10558500000.0,77650367899.0,23.0,19.463,113400000.0,0.1,1.0,2625200000.0,0.777,0.0,9300000.0,19751600000.0,,2039500000.0,4730100000.0,1065300000.0,3664800000.0,11843900000.0,5551100000.0,6292800000.0,75522367899.0,-345900000.0,-71700000.0,46500000.0,358600000.0,-384300000.0,18500000.0,-946200000.0,-412600000.0,577000000.0,4800000.0,400400000.0,400400000.0,400400000.0,0.0,0.0,0.119,2072800000.0,552400000.0,800500000.0,0.959,7.153,29.568,28.228,6846600000.0,0.0,66.9,5.778,5.778,2412400000.0,9884900000.0,3376900000.0,3376900000.0,646600000.0,,,,,25200000.0,1063900000.0,1.0,1128884423.0,1128884423.0,,2.991,22402400000.0,569100000.0,215100000.0,1849100000.0,19.845,3247800000.0
70,LLY,MRQ,2003-12-31,2003-12-31,2003-12-31,2021-09-07,-160100000.0,21688300000.0,,8768900000.0,12919400000.0,,8.696,-596600000.0,2756300000.0,2756300000.0,731500000.0,747200000.0,1.577,1.221,4884300000.0,196500000.0,4687800000.0,4884300000.0,0.0,106600000.0,0.0,0.019,0.335,973800000.0,1080400000.0,0.312,1080400000.0,973800000.0,964000000.0,0.7,0.69,0.7,9764800000.0,,9764800000.0,81258258223.0,24.0,20.99,570000000.0,0.508,1.0,2734000000.0,0.789,0.0,9800000.0,18255500000.0,,1963000000.0,4331600000.0,957000000.0,3374600000.0,11923500000.0,5560800000.0,6362700000.0,78973858223.0,-159800000.0,0.0,33900000.0,-282500000.0,-360900000.0,-610000000.0,-745200000.0,-9100000.0,1166600000.0,28800000.0,747200000.0,747200000.0,747200000.0,0.0,0.0,0.216,1872500000.0,861500000.0,875900000.0,0.479,8.088,30.84,29.55,6539000000.0,0.0,70.33,6.276,6.276,2342500000.0,9470400000.0,3465500000.0,3465500000.0,710000000.0,,,,,0.0,1134200000.0,1.0,1122904283.0,1122904283.0,,3.086,21688300000.0,500600000.0,216800000.0,2135900000.0,19.314,3208100000.0
71,LLY,MRQ,2003-09-30,2003-09-30,2003-09-30,2021-09-07,-406300000.0,20800800000.0,,8583400000.0,12217400000.0,,8.45,-382400000.0,2916100000.0,2916100000.0,679300000.0,714400000.0,1.831,1.193,5200500000.0,202500000.0,4998000000.0,5200500000.0,0.0,153300000.0,0.0,0.022,0.335,931700000.0,1085000000.0,0.346,1085000000.0,931700000.0,915900000.0,0.66,0.66,0.66,9485200000.0,,9485200000.0,69664987225.0,21.0,18.055,680700000.0,0.606,1.0,2460100000.0,0.784,0.0,15800000.0,18397600000.0,,1699700000.0,4276100000.0,950900000.0,3325200000.0,11315600000.0,4687600000.0,6628000000.0,66680287225.0,878800000.0,0.0,24000000.0,269800000.0,-363000000.0,-69200000.0,-116300000.0,321300000.0,1063100000.0,1200000.0,714400000.0,714400000.0,714400000.0,0.0,0.0,0.228,1531500000.0,928600000.0,588300000.0,0.508,7.03,26.15,25.169,5943500000.0,0.0,59.4,5.523,5.523,2034000000.0,9438300000.0,3139400000.0,3139400000.0,568100000.0,,,,,0.0,963400000.0,1.0,1122563758.0,1122563758.0,,2.797,20800800000.0,424600000.0,201500000.0,1789700000.0,18.53,3895800000.0
72,LLY,MRQ,2003-06-30,2003-06-30,2003-06-30,2021-09-07,-441300000.0,20050500000.0,,7762900000.0,12287600000.0,,7.731,-387800000.0,2037300000.0,2037300000.0,643000000.0,692200000.0,1.563,1.309,5022000000.0,160100000.0,4861900000.0,5022000000.0,0.0,144000000.0,0.0,0.019,0.335,907800000.0,1051800000.0,0.341,1051800000.0,907800000.0,887900000.0,0.64,0.64,0.64,8685500000.0,,8685500000.0,80239872124.0,25.0,21.176,440200000.0,0.392,1.0,2445200000.0,0.792,0.0,19900000.0,18067600000.0,,1709900000.0,4635500000.0,947700000.0,3687800000.0,11365000000.0,4967600000.0,6397400000.0,77489172124.0,-166800000.0,0.0,-187500000.0,-9900000.0,-358600000.0,-556000000.0,-471000000.0,-118100000.0,828000000.0,32200000.0,692200000.0,692200000.0,692200000.0,0.0,0.0,0.224,1585800000.0,859400000.0,580100000.0,0.523,8.922,30.757,29.474,5692100000.0,0.0,68.97,6.612,6.612,2107400000.0,8675400000.0,3088200000.0,3088200000.0,542500000.0,,,,,0.0,1043300000.0,1.0,1123519967.0,1123519967.0,,2.749,20050500000.0,419000000.0,195700000.0,1695400000.0,17.846,2795300000.0
73,LLY,MRQ,2003-03-31,2003-03-31,2003-03-31,2021-09-07,-605900000.0,19641600000.0,,8159800000.0,11481800000.0,,7.774,-278600000.0,2204100000.0,2204100000.0,621300000.0,407000000.0,1.783,1.251,4954800000.0,168100000.0,4786700000.0,4954800000.0,0.0,144600000.0,0.0,0.022,0.335,509400000.0,654000000.0,0.226,654000000.0,509400000.0,493900000.0,0.38,0.38,0.38,8727600000.0,,8727600000.0,67118623913.0,21.0,17.962,310400000.0,0.276,1.0,2268100000.0,0.785,0.0,15500000.0,17815600000.0,,1584700000.0,4525400000.0,1342200000.0,3183200000.0,10914000000.0,4576700000.0,6337300000.0,64160923913.0,258200000.0,0.0,-47900000.0,65300000.0,-360500000.0,-343100000.0,1000000.0,337000000.0,589000000.0,11300000.0,407000000.0,407000000.0,407000000.0,0.0,0.0,0.141,1798000000.0,470100000.0,602000000.0,0.882,7.351,25.812,24.74,5453800000.0,0.0,57.15,5.625,5.625,2117300000.0,8886800000.0,2889400000.0,2889400000.0,529600000.0,,,,,0.0,914500000.0,1.0,1122675834.0,1122675834.0,,2.574,19641600000.0,374600000.0,86900000.0,1645400000.0,17.495,3583100000.0
74,LLY,MRQ,2002-12-31,2002-12-31,2002-12-31,2021-09-07,-670800000.0,19042000000.0,,7804100000.0,11237900000.0,,7.365,-354100000.0,1945900000.0,1945900000.0,567800000.0,736300000.0,1.541,1.302,4903600000.0,545400000.0,4358200000.0,4903600000.0,0.0,99700000.0,0.0,0.02,0.31,967900000.0,1067600000.0,0.361,1067600000.0,967900000.0,944000000.0,0.68,0.68,0.68,8273600000.0,,8273600000.0,73795425060.0,21.0,18.31,340900000.0,0.303,1.0,2387800000.0,0.808,0.0,23900000.0,16936200000.0,,1495400000.0,4859200000.0,1708800000.0,3150400000.0,10768400000.0,5063500000.0,5704900000.0,71334225060.0,-840300000.0,0.0,-125300000.0,-361600000.0,-333800000.0,-820700000.0,-663000000.0,-240100000.0,695000000.0,-51600000.0,736300000.0,736300000.0,736300000.0,0.0,0.0,0.249,1495100000.0,892700000.0,676900000.0,0.456,8.622,26.343,25.299,5293000000.0,0.0,63.5,6.44,6.44,2074200000.0,8500100000.0,2955600000.0,2955600000.0,574300000.0,,,,,0.0,920800000.0,1.0,1123373623.0,1123373623.0,,2.631,19042000000.0,331700000.0,207700000.0,1761900000.0,16.951,2740600000.0
75,LLY,MRQ,2002-09-30,2002-09-30,2002-09-30,2021-09-07,-774400000.0,18920100000.0,,8313200000.0,10606900000.0,,7.354,-320200000.0,2786200000.0,2786200000.0,553700000.0,683900000.0,1.657,1.29,5247400000.0,884300000.0,4363100000.0,5247400000.0,0.0,130600000.0,0.0,0.022,0.31,885100000.0,1015700000.0,0.365,1015700000.0,885100000.0,862800000.0,0.64,0.63,0.64,8261500000.0,,8261500000.0,63100530406.0,19.0,16.514,249000000.0,0.222,1.0,2231900000.0,0.801,0.0,22300000.0,16363800000.0,,1378400000.0,4583500000.0,1549300000.0,3034200000.0,10658600000.0,5017500000.0,5641100000.0,62173230406.0,-265000000.0,0.0,-56000000.0,1092400000.0,-334500000.0,701900000.0,-1543300000.0,-1087300000.0,569200000.0,7200000.0,683900000.0,683900000.0,683900000.0,0.0,0.0,0.246,1421400000.0,810500000.0,499400000.0,0.484,7.526,24.41,23.35,4988400000.0,0.0,55.34,5.678,5.678,1830500000.0,8614200000.0,2785600000.0,2785600000.0,526700000.0,,,,,0.0,810700000.0,1.0,1123477239.0,1123477239.0,,2.479,18920100000.0,212800000.0,178900000.0,1919800000.0,16.841,3295700000.0
76,LLY,MRQ,2002-06-30,2002-06-30,2002-06-30,2021-09-07,-629900000.0,17543900000.0,,8117900000.0,9426000000.0,,6.891,-227100000.0,3051200000.0,3051200000.0,524900000.0,658500000.0,1.596,1.265,3978500000.0,479400000.0,3499100000.0,3978500000.0,0.0,131300000.0,0.0,0.021,0.31,868100000.0,999400000.0,0.36,999400000.0,868100000.0,844200000.0,0.61,0.61,0.61,7746900000.0,,7746900000.0,64380607662.0,20.0,17.516,341200000.0,0.303,1.0,2250300000.0,0.811,0.0,23900000.0,13385500000.0,,1358700000.0,3461700000.0,1038400000.0,2423300000.0,9797000000.0,5085700000.0,4711300000.0,63406007662.0,170300000.0,0.0,-111300000.0,18100000.0,-333500000.0,-426700000.0,-99200000.0,188700000.0,568300000.0,127900000.0,658500000.0,658500000.0,658500000.0,0.0,0.0,0.237,1460700000.0,789600000.0,555900000.0,0.508,8.185,26.059,24.956,4804000000.0,0.0,56.4,5.744,5.744,1945600000.0,7935800000.0,2775200000.0,2775200000.0,545500000.0,,,,,0.0,915200000.0,1.0,1124219994.0,1124219994.0,,2.469,17543900000.0,229300000.0,185700000.0,2079400000.0,15.605,3032200000.0
77,LLY,MRQ,2002-03-31,2002-03-31,2002-03-31,2021-09-07,-794900000.0,17059000000.0,,7424100000.0,9634900000.0,,6.851,-192700000.0,2880900000.0,2880900000.0,530100000.0,629200000.0,1.536,1.215,3855500000.0,472400000.0,3383100000.0,3855500000.0,0.0,131400000.0,0.0,0.015,0.31,816300000.0,947700000.0,0.37,947700000.0,816300000.0,806700000.0,0.58,0.58,0.58,7700400000.0,,7700400000.0,86365827659.0,25.0,22.117,45500000.0,0.04,1.0,2031000000.0,0.793,0.0,9600000.0,13200600000.0,,1097200000.0,3643400000.0,977100000.0,2666300000.0,9358600000.0,4833000000.0,4525600000.0,85649727659.0,178600000.0,0.0,-28000000.0,485500000.0,-334000000.0,123500000.0,-168900000.0,74500000.0,238200000.0,-14200000.0,629200000.0,629200000.0,629200000.0,0.0,0.0,0.246,1280100000.0,750900000.0,510400000.0,0.534,11.123,32.912,31.488,4599100000.0,0.0,76.2,7.581,7.581,1733600000.0,8055000000.0,2561100000.0,2561100000.0,502800000.0,,,,,0.0,777300000.0,1.0,1124012174.0,1124012174.0,,2.279,17059000000.0,215200000.0,177500000.0,2293600000.0,15.177,2591100000.0
78,LLY,MRQ,2001-12-31,2001-12-31,2001-12-31,2021-09-07,-748400000.0,16434100000.0,,6938900000.0,9495200000.0,,6.319,-281800000.0,2702300000.0,2702300000.0,566700000.0,575400000.0,1.334,1.313,3418400000.0,286300000.0,3132100000.0,3418400000.0,0.0,77600000.0,0.0,0.014,0.28,780700000.0,858300000.0,0.303,858300000.0,780700000.0,712700000.0,0.54,0.53,0.54,7104000000.0,,7104000000.0,89241279984.0,24.0,21.486,798800000.0,0.711,1.0,2262200000.0,0.8,0.0,68000000.0,11947200000.0,,1060200000.0,3739600000.0,1028700000.0,2710900000.0,9330100000.0,5203000000.0,4127100000.0,88295279984.0,56000000.0,0.0,-98100000.0,-104300000.0,-301800000.0,-504200000.0,-485200000.0,-29400000.0,1080600000.0,-35200000.0,575400000.0,575400000.0,575400000.0,0.0,0.0,0.203,1572600000.0,689600000.0,624100000.0,0.519,12.429,31.761,30.442,4532400000.0,0.0,78.54,7.65,7.65,1695200000.0,7411200000.0,2828900000.0,2828900000.0,589900000.0,,,,,0.0,882700000.0,1.0,1124207792.0,1124207792.0,,2.516,16434100000.0,223300000.0,137300000.0,2319500000.0,14.618,1735900000.0
79,LLY,MRQ,2001-09-30,2001-09-30,2001-09-30,2021-09-07,-663600000.0,16397400000.0,,6976900000.0,9420500000.0,,6.554,-228000000.0,2646300000.0,2646300000.0,549000000.0,570100000.0,1.459,1.226,3592300000.0,438400000.0,3153900000.0,3592300000.0,0.0,129500000.0,0.0,0.013,0.28,740600000.0,870100000.0,0.303,870100000.0,740600000.0,698700000.0,0.53,0.52,0.53,7367100000.0,,7367100000.0,91064248641.0,23.0,20.693,805400000.0,0.717,1.0,2325400000.0,0.809,0.0,41900000.0,12560200000.0,,1052000000.0,3699100000.0,945300000.0,2753800000.0,9030300000.0,4783200000.0,4247100000.0,90707648641.0,-325500000.0,0.0,-60600000.0,183500000.0,-302100000.0,-179200000.0,-1239400000.0,-865700000.0,1033400000.0,59700000.0,570100000.0,570100000.0,570100000.0,0.0,0.0,0.198,1643800000.0,681600000.0,483400000.0,0.528,12.313,30.522,29.239,4406700000.0,0.0,80.7,7.759,7.759,1687800000.0,7587000000.0,2874400000.0,2874400000.0,566000000.0,,,,,0.0,865900000.0,1.0,1124010516.0,1124010516.0,,2.557,16397400000.0,230300000.0,128600000.0,2241200000.0,14.588,2193700000.0
80,LLY,MRQ,2001-06-30,2001-06-30,2001-06-30,2021-09-07,-735200000.0,15633500000.0,,6864500000.0,8769000000.0,,6.018,-188600000.0,2971800000.0,2971800000.0,522200000.0,827700000.0,1.386,1.311,3328400000.0,430000000.0,2898400000.0,3328400000.0,0.0,127400000.0,0.0,0.014,0.26,1101500000.0,1228900000.0,0.405,1228900000.0,1101500000.0,1061100000.0,0.77,0.76,0.77,6763400000.0,,6763400000.0,83025017062.0,20.0,17.681,831400000.0,0.74,1.0,2511300000.0,0.828,0.0,40400000.0,11037200000.0,,956800000.0,2757600000.0,527100000.0,2230500000.0,8870100000.0,4952900000.0,3917200000.0,83167317062.0,-259500000.0,0.0,-13200000.0,240600000.0,-301300000.0,-73900000.0,-1173600000.0,-954500000.0,1020000000.0,-32000000.0,827700000.0,827700000.0,827700000.0,0.0,0.0,0.273,1463600000.0,1047700000.0,477500000.0,0.338,12.297,26.148,25.085,4243300000.0,0.0,74.0,7.152,7.152,1776300000.0,7057600000.0,3033500000.0,3033500000.0,563700000.0,,,,,0.0,899900000.0,1.0,1123882663.0,1123882663.0,,2.699,15633500000.0,199000000.0,233400000.0,2294900000.0,13.91,1911600000.0
81,LLY,MRQ,2001-03-31,2001-03-31,2001-03-31,2021-09-07,-709100000.0,14752400000.0,,6868100000.0,7884300000.0,,5.858,-154000000.0,3231300000.0,3231300000.0,522300000.0,806800000.0,1.537,1.237,3089000000.0,432500000.0,2656500000.0,3089000000.0,0.0,120400000.0,0.0,0.014,0.28,1075800000.0,1196200000.0,0.426,1196200000.0,1075800000.0,1034400000.0,0.75,0.74,0.75,6593600000.0,,6593600000.0,84986464840.0,21.0,18.938,373600000.0,0.332,1.0,2283400000.0,0.814,0.0,41400000.0,10140900000.0,,883300000.0,1791800000.0,514300000.0,1277500000.0,8158800000.0,4469200000.0,3689600000.0,86283364840.0,-883600000.0,0.0,-264300000.0,274900000.0,-302000000.0,-291400000.0,-1066600000.0,-893100000.0,527600000.0,-53200000.0,806800000.0,806800000.0,806800000.0,0.0,0.0,0.288,1284400000.0,999000000.0,495400000.0,0.373,13.086,28.579,27.379,4174600000.0,0.0,76.66,7.692,7.692,1764800000.0,6866800000.0,2805700000.0,2805700000.0,515500000.0,,,,,0.0,768900000.0,1.0,1125533066.0,1125533066.0,,2.493,14752400000.0,97300000.0,227600000.0,2367200000.0,13.107,2398900000.0
82,LLY,MRQ,2000-12-31,2000-12-31,2000-12-31,2021-09-07,-611200000.0,14690800000.0,,7943000000.0,6747800000.0,,5.364,-239800000.0,4114900000.0,4114900000.0,565200000.0,767300000.0,1.601,1.429,2818000000.0,184300000.0,2633700000.0,2818000000.0,0.0,75900000.0,0.0,0.011,0.26,1029600000.0,1105500000.0,0.371,1105500000.0,1029600000.0,983700000.0,0.71,0.7,0.71,6046900000.0,,6046900000.0,104618350639.0,26.0,23.369,840100000.0,0.745,1.0,2412500000.0,0.81,0.0,45900000.0,8433200000.0,,883100000.0,899000000.0,503300000.0,395700000.0,8643900000.0,4960700000.0,3683200000.0,104904150639.0,998700000.0,0.0,-244700000.0,-13800000.0,-281000000.0,-539500000.0,423200000.0,700500000.0,1079900000.0,35100000.0,767300000.0,767300000.0,767300000.0,0.0,0.0,0.258,1489400000.0,923100000.0,661900000.0,0.366,17.348,34.307,32.883,4176600000.0,0.0,93.06,9.658,9.658,1966100000.0,6223200000.0,2977700000.0,2977700000.0,545100000.0,,,,,0.0,944300000.0,1.0,1127274346.0,1127274346.0,,2.642,14690800000.0,269500000.0,216400000.0,2200200000.0,13.032,2982300000.0
83,LLY,MRQ,2000-09-30,2000-09-30,2000-09-30,2021-09-07,-629200000.0,13585000000.0,,6892100000.0,6692900000.0,,5.369,-157000000.0,3116200000.0,3116200000.0,490100000.0,778800000.0,1.866,1.24,2830400000.0,45000000.0,2785400000.0,2830400000.0,0.0,122500000.0,0.0,0.012,0.26,1042500000.0,1165000000.0,0.414,1165000000.0,1042500000.0,998400000.0,0.72,0.71,0.72,6064100000.0,,6064100000.0,91113113921.0,22.0,20.046,1039300000.0,0.92,1.0,2321800000.0,0.826,108100000.0,44100000.0,9497100000.0,,905000000.0,1607800000.0,738500000.0,869300000.0,7520900000.0,3694000000.0,3826900000.0,91636113921.0,-254300000.0,0.0,-203700000.0,-14500000.0,-281700000.0,-499900000.0,-908300000.0,-720500000.0,1196300000.0,-42400000.0,778800000.0,778800000.0,778800000.0,0.0,0.0,0.277,1306400000.0,1015400000.0,375900000.0,0.361,15.111,29.783,28.567,4003500000.0,0.0,81.13,8.56,8.56,1634900000.0,6259100000.0,2811900000.0,2811900000.0,506100000.0,,,,,0.0,800300000.0,1.0,1129497275.0,1129497275.0,,2.49,13476900000.0,164300000.0,219600000.0,1808600000.0,11.932,3198100000.0
84,LLY,MRQ,2000-06-30,2000-06-30,2000-06-30,2021-09-07,-553100000.0,13029600000.0,,6752100000.0,6277500000.0,,4.882,-166000000.0,3370500000.0,3370500000.0,491700000.0,666200000.0,1.877,1.363,2847500000.0,50100000.0,2797400000.0,2847500000.0,0.0,121200000.0,0.0,0.01,0.26,899600000.0,1020800000.0,0.389,1020800000.0,899600000.0,854100000.0,0.62,0.61,0.62,5513500000.0,,5513500000.0,111836904108.0,28.0,24.956,679100000.0,0.601,1.0,2129800000.0,0.812,106300000.0,45500000.0,8803700000.0,,935800000.0,872500000.0,256600000.0,615900000.0,7516100000.0,3596600000.0,3919500000.0,112799804108.0,-427300000.0,0.0,-228900000.0,-6400000.0,-281100000.0,-516400000.0,-751000000.0,-541800000.0,845100000.0,-5000000.0,666200000.0,666200000.0,666200000.0,0.0,0.0,0.254,1304200000.0,825600000.0,390000000.0,0.419,20.459,37.22,35.671,3991900000.0,0.0,99.88,10.765,10.765,1658400000.0,5631000000.0,2621500000.0,2621500000.0,508800000.0,,,,,0.0,795400000.0,1.0,1129353265.0,1129353265.0,,2.321,12923300000.0,170400000.0,187900000.0,1623000000.0,11.443,3155500000.0
85,LLY,MRQ,2000-03-31,2000-03-31,2000-03-31,2021-09-07,-494600000.0,12694100000.0,,6952800000.0,5741300000.0,,5.179,-110000000.0,3797800000.0,3797800000.0,508700000.0,845500000.0,2.155,1.243,2834900000.0,51800000.0,2783100000.0,2834900000.0,0.0,116200000.0,0.0,0.015,0.26,1069300000.0,1185500000.0,0.484,1185500000.0,1069300000.0,1022500000.0,0.78,0.77,0.78,5658400000.0,,5658400000.0,67780382964.0,17.0,15.565,500200000.0,0.458,1.0,1942400000.0,0.792,110000000.0,46800000.0,8394900000.0,,899600000.0,328500000.0,37000000.0,291500000.0,7035700000.0,3226300000.0,3809400000.0,68427382964.0,97400000.0,0.0,-197100000.0,-194400000.0,-282200000.0,-673700000.0,179600000.0,312500000.0,610200000.0,-18700000.0,845500000.0,845500000.0,845500000.0,0.0,0.0,0.345,1146800000.0,795600000.0,395000000.0,0.333,12.093,23.268,23.111,3946400000.0,0.0,62.63,6.71,6.71,1644700000.0,5717500000.0,2451100000.0,2451100000.0,458500000.0,,,,,0.0,688300000.0,1.0,1092565591.0,1092565591.0,,2.243,12584100000.0,213000000.0,177000000.0,1626000000.0,11.518,3726500000.0
86,LLY,MRQ,1999-12-31,1999-12-31,1999-12-31,2021-09-07,-406400000.0,12825200000.0,,7055500000.0,5769700000.0,,4.597,-129800000.0,3700400000.0,3700400000.0,565200000.0,786300000.0,1.793,1.558,3053400000.0,241500000.0,2811900000.0,3053400000.0,0.0,99300000.0,0.0,0.014,0.23,1074700000.0,1174000000.0,0.416,1174000000.0,1074700000.0,1023700000.0,0.72,0.71,0.72,5013000000.0,,5013000000.0,72389671438.0,20.0,17.904,944100000.0,0.866,1.0,2255300000.0,0.8,0.0,51000000.0,8242800000.0,,899600000.0,315900000.0,135600000.0,180300000.0,7812200000.0,3935400000.0,3876800000.0,72519671438.0,408500000.0,0.0,-104800000.0,-106900000.0,-249000000.0,-460700000.0,-190500000.0,-36800000.0,1073900000.0,-14200000.0,786300000.0,786300000.0,786300000.0,0.0,0.0,0.279,1311800000.0,943500000.0,445500000.0,0.319,14.466,26.652,26.6,3981500000.0,0.0,66.5,7.25,7.25,1842800000.0,4985600000.0,2820500000.0,2820500000.0,467100000.0,,,,,0.0,818700000.0,1.0,1090521375.0,1090521375.0,,2.586,12825200000.0,240300000.0,237400000.0,1582300000.0,11.761,3120100000.0
87,LLY,MRQ,1999-09-30,1999-09-30,1999-09-30,2021-09-07,-370800000.0,12330800000.0,,6595300000.0,5735500000.0,,4.453,-126200000.0,3291900000.0,3291900000.0,548200000.0,732600000.0,2.069,1.534,3161900000.0,345700000.0,2816200000.0,3161900000.0,0.0,116000000.0,0.0,0.014,0.23,985100000.0,1101100000.0,0.426,1101100000.0,985100000.0,939200000.0,0.68,0.67,0.68,4866500000.0,,4866500000.0,70453743233.0,21.0,18.702,935200000.0,0.856,1.0,2037000000.0,0.788,125800000.0,45900000.0,8887600000.0,,1029300000.0,240500000.0,66300000.0,174200000.0,7464300000.0,3187400000.0,4276900000.0,70147643233.0,1260200000.0,0.0,-270200000.0,818100000.0,-249300000.0,298600000.0,-106300000.0,1300000.0,1061400000.0,6500000.0,732600000.0,732600000.0,732600000.0,0.0,0.0,0.283,1139300000.0,897700000.0,439900000.0,0.338,14.414,28.037,27.909,3888600000.0,0.0,64.19,7.145,7.145,1638500000.0,4804000000.0,2585200000.0,2585200000.0,442900000.0,,,,,0.0,696400000.0,1.0,1092812638.0,1092812638.0,,2.366,12205000000.0,247400000.0,206600000.0,1430500000.0,11.168,3407900000.0
88,LLY,MRQ,1999-06-30,1999-06-30,1999-06-30,2021-09-07,-408200000.0,10820200000.0,,5247500000.0,5572700000.0,,4.043,-109300000.0,2031700000.0,2031700000.0,491100000.0,576400000.0,1.726,1.431,2337800000.0,358700000.0,1979100000.0,2337800000.0,0.0,112000000.0,0.0,0.012,0.23,782000000.0,894000000.0,0.382,894000000.0,782000000.0,739000000.0,0.53,0.52,0.53,4450800000.0,,4450800000.0,78790806881.0,27.0,22.912,607000000.0,0.551,1.0,1850500000.0,0.79,119900000.0,43000000.0,7966700000.0,,943400000.0,239300000.0,65100000.0,174200000.0,6369400000.0,3039700000.0,3329700000.0,78856306881.0,-372700000.0,0.0,-640800000.0,700000.0,-250600000.0,-890700000.0,-177800000.0,-12500000.0,716300000.0,-20500000.0,576400000.0,576400000.0,576400000.0,0.0,0.0,0.246,1110100000.0,740400000.0,345200000.0,0.434,17.717,34.471,34.273,3853400000.0,0.0,71.63,8.221,8.221,1611200000.0,4425600000.0,2341600000.0,2341600000.0,460500000.0,,,,,0.0,649600000.0,1.0,1100883804.0,1100883804.0,,2.127,10700300000.0,276700000.0,162600000.0,1374500000.0,9.72,2207800000.0
89,LLY,MRQ,1999-03-31,1999-03-31,1999-03-31,2021-09-07,-372400000.0,11225600000.0,,5700500000.0,5525100000.0,,4.413,-84700000.0,2404400000.0,2404400000.0,493500000.0,625700000.0,1.828,1.31,2338900000.0,356700000.0,1982200000.0,2338900000.0,0.0,112400000.0,0.0,0.01,0.23,761700000.0,874100000.0,0.388,874100000.0,761700000.0,717800000.0,0.57,0.56,0.57,4860000000.0,,4860000000.0,94345837630.0,33.0,28.142,-193900000.0,-0.176,1.0,1762100000.0,0.781,120700000.0,43900000.0,7920500000.0,,929800000.0,204600000.0,46100000.0,158500000.0,6365600000.0,3118900000.0,3246700000.0,93474637630.0,908700000.0,1600000000.0,-249700000.0,-21300000.0,-251600000.0,-522600000.0,1561300000.0,101300000.0,-109200000.0,-20800000.0,625700000.0,625700000.0,625700000.0,-174300000.0,0.0,0.277,1067400000.0,694700000.0,319000000.0,0.404,19.233,42.44,42.229,3852800000.0,0.0,84.88,9.938,9.938,1686900000.0,4797200000.0,2255600000.0,2255600000.0,413100000.0,,,,,0.0,592900000.0,1.0,1101256334.0,1101256334.0,,2.048,11104900000.0,311500000.0,92100000.0,1404600000.0,10.084,2581600000.0
90,LLY,MRQ,1998-12-31,1998-12-31,1998-12-31,2021-09-07,-229800000.0,12595500000.0,,5406800000.0,7188700000.0,,4.028,-125200000.0,1495700000.0,1495700000.0,583500000.0,567300000.0,1.174,1.843,2366900000.0,181400000.0,2185500000.0,2366900000.0,0.0,131600000.0,0.0,0.009,0.2,766300000.0,897900000.0,0.341,897900000.0,766300000.0,721000000.0,0.52,0.51,0.52,4429600000.0,,4429600000.0,98864118935.0,35.0,29.615,1176800000.0,1.07,1.0,2051900000.0,0.779,1517900000.0,45300000.0,7341600000.0,,999900000.0,305400000.0,101400000.0,204000000.0,8165900000.0,4607200000.0,3558700000.0,97741318935.0,-47800000.0,0.0,-478600000.0,-303900000.0,-215400000.0,-1170700000.0,-180300000.0,58000000.0,1302000000.0,1200000.0,567300000.0,567300000.0,567300000.0,-5700000.0,0.0,0.215,1329200000.0,722700000.0,1186000000.0,0.385,22.065,46.59,46.534,4096300000.0,0.0,88.88,10.582,10.582,2243700000.0,4228800000.0,2635400000.0,2635400000.0,519400000.0,,,,,0.0,809800000.0,1.0,1099699808.0,1099699808.0,,2.396,11077600000.0,332700000.0,153700000.0,1538100000.0,10.073,799600000.0
91,LLY,MRQ,1998-09-30,1998-09-30,1998-09-30,2021-09-07,-246500000.0,12581300000.0,,5329900000.0,7251400000.0,,3.949,-86600000.0,1543500000.0,1543500000.0,495700000.0,518200000.0,1.33,1.856,2666300000.0,397400000.0,2268900000.0,2666300000.0,0.0,122400000.0,0.0,0.013,0.2,650500000.0,772900000.0,0.328,772900000.0,650500000.0,605100000.0,0.47,0.46,0.47,4349000000.0,,4349000000.0,87431140606.0,32.0,27.3,696300000.0,0.632,1.0,1863700000.0,0.79,1501400000.0,45400000.0,8194800000.0,,1028500000.0,321800000.0,72900000.0,248900000.0,8072300000.0,4007900000.0,4064400000.0,86243740606.0,228300000.0,0.0,-414700000.0,164900000.0,-221600000.0,-471400000.0,-108200000.0,25100000.0,782900000.0,25000000.0,518200000.0,518200000.0,518200000.0,-6000000.0,0.0,0.22,1235000000.0,628700000.0,881800000.0,0.426,19.831,43.38,43.265,4045600000.0,0.0,78.31,10.162,10.162,1987700000.0,4325800000.0,2359400000.0,2359400000.0,439900000.0,,,,,0.0,667600000.0,1.0,1101311973.0,1101311973.0,,2.142,11079900000.0,365900000.0,86900000.0,1678800000.0,10.061,1322000000.0
92,LLY,MRQ,1998-06-30,1998-06-30,1998-06-30,2021-09-07,-313600000.0,11868700000.0,,4798000000.0,7070700000.0,,4.047,-99800000.0,1315200000.0,1315200000.0,478600000.0,491300000.0,1.392,1.613,2502600000.0,195100000.0,2307500000.0,2502600000.0,0.0,117200000.0,0.0,0.015,0.2,690400000.0,807600000.0,0.375,807600000.0,690400000.0,647700000.0,0.45,0.44,0.45,4481600000.0,,4481600000.0,74659418572.0,27.0,23.157,634300000.0,0.573,1.0,1676400000.0,0.778,1508000000.0,42700000.0,8101100000.0,,985200000.0,368300000.0,67600000.0,300700000.0,7227100000.0,3447000000.0,3780100000.0,73366918572.0,50500000.0,-24600000.0,-402100000.0,-40500000.0,-220000000.0,-662600000.0,-31900000.0,120400000.0,734100000.0,10900000.0,491300000.0,491300000.0,491300000.0,-400000.0,0.0,0.228,1054100000.0,622300000.0,897100000.0,0.444,16.371,38.077,37.857,4044700000.0,0.0,66.25,8.852,8.852,1818300000.0,4524500000.0,2155000000.0,2155000000.0,416700000.0,,,,,0.0,637400000.0,1.0,1107425186.0,1107425186.0,,1.946,10360700000.0,320000000.0,156400000.0,1490300000.0,9.356,1351000000.0
93,LLY,MRQ,1998-03-31,1998-03-31,1998-03-31,2021-09-07,-187400000.0,12046800000.0,,4779000000.0,7267800000.0,,4.17,-77700000.0,1264700000.0,1264700000.0,457300000.0,521100000.0,1.354,1.565,2557200000.0,220000000.0,2337200000.0,2557200000.0,0.0,119200000.0,0.0,0.016,0.2,740700000.0,859900000.0,0.412,859900000.0,740700000.0,692800000.0,0.47,0.46,0.47,4633400000.0,,4633400000.0,66870544713.0,80.0,50.426,-20400000.0,-0.018,1.0,1629700000.0,0.781,1520900000.0,47900000.0,8287900000.0,,977800000.0,493000000.0,63100000.0,429900000.0,7253400000.0,3530500000.0,3722900000.0,66264344713.0,-682800000.0,24600000.0,-461900000.0,3100000.0,-220700000.0,-679500000.0,-48500000.0,12000000.0,57300000.0,-12100000.0,521100000.0,521100000.0,521100000.0,3300000.0,0.0,0.25,906400000.0,723300000.0,841400000.0,0.426,14.301,-223.413,-220.852,4041800000.0,0.0,59.63,8.159,8.159,1833700000.0,4551800000.0,2087000000.0,2087000000.0,362900000.0,,,,,0.0,543500000.0,1.0,1111258506.0,1111258506.0,,1.878,10525900000.0,342100000.0,171700000.0,1562600000.0,9.472,1248500000.0
94,LLY,MRQ,1997-12-31,1997-12-31,1997-12-31,2021-09-07,-281200000.0,12577400000.0,,5320700000.0,7256700000.0,,4.044,-141100000.0,1947500000.0,1947500000.0,268100000.0,457500000.0,1.269,1.768,2553700000.0,227600000.0,2326100000.0,2553700000.0,0.0,110000000.0,0.0,0.013,0.4,652200000.0,762200000.0,0.404,762200000.0,652200000.0,599900000.0,0.42,0.43,0.42,4485600000.0,,4485600000.0,78504691613.0,107.0,63.178,817900000.0,0.737,1.0,1617800000.0,0.858,1550500000.0,52300000.0,7441500000.0,,900700000.0,542700000.0,77100000.0,465600000.0,7931800000.0,4191600000.0,3740200000.0,77241591613.0,443400000.0,10400000.0,33600000.0,-207800000.0,-223200000.0,-237400000.0,-267000000.0,-126500000.0,959000000.0,-11200000.0,457500000.0,457500000.0,457500000.0,2401000000.0,0.0,0.243,-1346800000.0,2964600000.0,985500000.0,0.952,17.22,-200.575,-198.943,4101700000.0,0.0,69.63,9.67,9.67,1883200000.0,4497300000.0,1885900000.0,1885900000.0,396900000.0,,,,,0.0,601500000.0,1.0,1109314830.0,1109314830.0,,1.7,11026900000.0,325700000.0,142400000.0,1403500000.0,9.94,1129100000.0
95,LLY,MRQ,1997-09-30,1997-09-30,1997-09-30,2021-09-07,-233700000.0,11819200000.0,,4609100000.0,7210100000.0,,3.947,-77700000.0,1504100000.0,1504100000.0,587800000.0,456900000.0,1.264,1.692,2767200000.0,423400000.0,2343800000.0,2767200000.0,0.0,124800000.0,0.0,0.012,0.18,669600000.0,794400000.0,0.368,794400000.0,669600000.0,612300000.0,0.41,0.4,0.41,4390900000.0,,4390900000.0,68532270518.0,109.0,58.665,416600000.0,0.374,1.0,1572300000.0,0.728,1544100000.0,57300000.0,7891200000.0,,914700000.0,453700000.0,36800000.0,416900000.0,7428300000.0,3647000000.0,3781300000.0,67305470518.0,-348900000.0,11100000.0,-277000000.0,-306300000.0,-198000000.0,-781300000.0,-24900000.0,47600000.0,494300000.0,-37000000.0,456900000.0,456900000.0,456900000.0,0.0,0.0,0.212,932600000.0,639700000.0,729500000.0,0.439,15.328,-143.325,-140.698,4095200000.0,0.0,60.5,8.613,8.613,1735700000.0,5302400000.0,2160100000.0,2160100000.0,345400000.0,,,,,0.0,587200000.0,1.0,1112487116.0,1112487116.0,,1.942,10275100000.0,225300000.0,155400000.0,1314100000.0,9.236,962100000.0
96,LLY,MRQ,1997-06-30,1997-06-30,1997-06-30,2021-09-07,-182600000.0,12288900000.0,,4992100000.0,7296800000.0,,4.204,-77300000.0,1853000000.0,1853000000.0,548800000.0,-1732100000.0,1.349,1.632,3079800000.0,578000000.0,2501800000.0,3079800000.0,0.0,136000000.0,0.0,0.013,0.18,-1226400000.0,-1090400000.0,-0.548,-1090400000.0,-1226400000.0,-1288900000.0,-1.57,-1.57,-1.57,4669900000.0,,4669900000.0,63560612293.0,107.0,55.599,566100000.0,0.51,1.0,1439900000.0,0.724,1557300000.0,62500000.0,8258500000.0,,945800000.0,494500000.0,100200000.0,394300000.0,7619000000.0,3699900000.0,3919100000.0,60759512293.0,810900000.0,1200200000.0,44500000.0,-759100000.0,-198900000.0,-913500000.0,1099400000.0,-21100000.0,643400000.0,-18400000.0,-1732100000.0,-1732100000.0,-1732100000.0,0.0,0.0,-0.871,3342400000.0,-1902500000.0,815400000.0,-0.115,13.011,-118.926,-118.913,4156500000.0,0.0,54.7,8.146,8.146,1665400000.0,5633600000.0,1988700000.0,1988700000.0,326700000.0,,,,,0.0,572700000.0,1.0,1110777190.0,1110777190.0,,1.79,10731600000.0,189300000.0,443200000.0,1519400000.0,9.661,1292200000.0
97,LLY,MRQ,1997-03-31,1997-03-31,1997-03-31,2021-09-07,-169700000.0,14513600000.0,,4275700000.0,10237900000.0,,5.924,-58700000.0,1042100000.0,1042100000.0,541300000.0,432600000.0,1.053,1.209,3843200000.0,1333600000.0,2509600000.0,3843200000.0,0.0,139000000.0,0.0,0.017,0.18,637400000.0,776400000.0,0.398,776400000.0,637400000.0,576800000.0,0.39,0.38,0.39,6569500000.0,,6569500000.0,48525655883.0,21.0,16.672,245000000.0,0.221,1.0,1411700000.0,0.723,3995000000.0,60600000.0,9258000000.0,,876300000.0,483600000.0,75400000.0,408200000.0,7944100000.0,4061700000.0,3882400000.0,45609955883.0,228400000.0,-200000.0,53000000.0,122500000.0,-197900000.0,-22400000.0,2200000.0,77200000.0,303700000.0,-55100000.0,432600000.0,432600000.0,432600000.0,0.0,0.0,0.222,772900000.0,638800000.0,694800000.0,0.462,6.943,29.108,28.86,4194300000.0,0.0,41.125,6.363,6.363,1794800000.0,7629300000.0,1953000000.0,1953000000.0,301200000.0,,,,,0.0,471700000.0,1.0,1109056678.0,1109056678.0,,1.761,10518600000.0,312900000.0,144200000.0,1340900000.0,9.484,214000000.0
98,LLY,MRQ,1996-12-31,1996-12-31,1996-12-31,2021-09-07,-57400000.0,14307200000.0,,3891300000.0,10415900000.0,,5.5,-71800000.0,813700000.0,813700000.0,346100000.0,373000000.0,0.922,1.345,3729400000.0,1212900000.0,2516500000.0,3729400000.0,0.0,138700000.0,0.0,0.019,0.172,549100000.0,687800000.0,0.402,687800000.0,549100000.0,480600000.0,0.34,,0.34,6100100000.0,,6100100000.0,,,,631600000.0,0.569,1.0,1366700000.0,0.798,4028200000.0,68500000.0,8972500000.0,,881400000.0,584900000.0,141400000.0,443500000.0,8207100000.0,4222200000.0,3984900000.0,40480568747.0,75600000.0,-3800000.0,75700000.0,-381300000.0,-190900000.0,-496500000.0,-119600000.0,-35300000.0,703400000.0,-11700000.0,373000000.0,373000000.0,373000000.0,102200000.0,0.0,0.218,829700000.0,537000000.0,829300000.0,0.506,6.636,26.571,26.259,4307000000.0,0.0,36.5,5.784,5.784,1737100000.0,7207300000.0,1712800000.0,1712800000.0,349400000.0,,,,,0.0,480300000.0,1.0,1109056678.0,1109056678.0,,1.544,10279000000.0,145200000.0,107600000.0,1067800000.0,9.268,-330900000.0
99,LLY,MRQ,1996-09-30,1996-09-30,1996-09-30,2021-09-07,,,,,,,,-128100000.0,,,502900000.0,415600000.0,,,,,,,,135900000.0,,0.021,0.172,633500000.0,769400000.0,0.427,769400000.0,633500000.0,559400000.0,0.38,,0.38,,,,,,,352300000.0,,1.0,1301000000.0,0.721,,74100000.0,,,,,,,,,,,-386900000.0,-4200000.0,-102100000.0,-450200000.0,-187200000.0,-739500000.0,-133400000.0,11200000.0,480400000.0,5600000.0,415600000.0,415600000.0,415600000.0,0.0,0.0,0.23,763800000.0,537200000.0,,0.453,,,,,0.0,32.25,,,,,1803900000.0,1803900000.0,290700000.0,,,,,0.0,473100000.0,1.0,,,,,,,143800000.0,,,
100,LLY,MRQ,1996-06-30,1996-06-30,1996-06-30,2021-09-07,,,,,,,,-131700000.0,,,505100000.0,345700000.0,,,,,,,,136200000.0,,0.021,0.172,540800000.0,677000000.0,0.399,677000000.0,540800000.0,465300000.0,0.315,,0.315,,,,,,,454900000.0,,1.0,1193200000.0,0.703,,75500000.0,,,,,,,,,,,226600000.0,-3100000.0,-61900000.0,-89500000.0,-187500000.0,-338900000.0,1900000.0,146900000.0,586600000.0,-23000000.0,345700000.0,345700000.0,345700000.0,0.0,0.0,0.204,752400000.0,440800000.0,,0.546,,,,,0.0,32.875,,,,,1698300000.0,1698300000.0,273400000.0,,,,,0.0,479000000.0,1.0,,,,,,,119600000.0,,,
101,LLY,MRQ,1996-03-31,1996-03-31,1996-03-31,2021-09-07,,,,,,,,-101100000.0,,,518000000.0,389200000.0,,,,,,,,132700000.0,,0.02,0.172,593700000.0,726400000.0,0.407,726400000.0,593700000.0,523800000.0,0.355,,0.355,,,,,,,119900000.0,,1.0,1265300000.0,0.71,,69900000.0,,,,,,,,,,,-101100000.0,-86000000.0,-7800000.0,109200000.0,-187600000.0,-86200000.0,-216900000.0,-20200000.0,221000000.0,-19000000.0,389200000.0,389200000.0,389200000.0,0.0,0.0,0.218,736000000.0,529300000.0,,0.485,,,,,0.0,32.688,,,,,1783300000.0,1783300000.0,276000000.0,,,,,0.0,460000000.0,1.0,,,,,,,134600000.0,,,
102,LLY,MRQ,1995-12-31,1995-12-31,1995-12-31,2021-09-07,-600000.0,14412500000.0,,4138600000.0,10273900000.0,,,,999500000.0,999500000.0,,,0.833,1.653,4501700000.0,1908800000.0,2592900000.0,4501700000.0,0.0,,0.0,0.023,0.171,,,,,,,,,,5432600000.0,,5432600000.0,,,,,,1.0,,,4105200000.0,,8842500000.0,,839600000.0,658400000.0,84600000.0,573800000.0,8979900000.0,4967000000.0,4012900000.0,,,,,,,,,,,,,,,,,,,,1018000000.0,,,,13.993,4239300000.0,,28.125,,,1808400000.0,6484300000.0,,,,,,,,,,1.0,,,,,10307300000.0,259200000.0,,956000000.0,,-828400000.0
0,LLY,MRT,2021-06-30,2021-06-30,2021-06-30,2021-09-07,-6287100000.0,47809000000.0,46306600000.0,17295500000.0,30513500000.0,0.577,7.103,-1529400000.0,3220000000.0,3220000000.0,6878000000.0,6070700000.0,1.146,6.385,16515100000.0,1778500000.0,14736600000.0,16515100000.0,0.0,1445500000.0,0.0,0.014,3.18,6976600000.0,8422100000.0,0.315,8422100000.0,6976600000.0,6976600000.0,6.68,6.67,6.68,6444400000.0,5952900000.0,6444400000.0,233317620366.0,33.0,27.703,5565300000.0,6.134,1.0,19848300000.0,0.743,11869600000.0,0.0,34141300000.0,35089100000.0,3824900000.0,3526100000.0,51200000.0,3474900000.0,41145500000.0,15093200000.0,26052300000.0,220115520366.0,854900000.0,-747400000.0,-500000000.0,11000000.0,-2884700000.0,-3712200000.0,-2754400000.0,101800000.0,7094700000.0,226800000.0,6070700000.0,6070700000.0,6070700000.0,0.0,0.0,0.227,12871700000.0,6976600000.0,1597800000.0,0.476,34.156,36.259,34.359,8855500000.0,0.0,229.52,8.236,7.792,6902800000.0,8530100000.0,26726300000.0,26726300000.0,6661000000.0,0.131,1.02,0.199,0.261,336900000.0,6384700000.0,1.0,959025446.0,907300000.0,910400000.0,29.457,35939400000.0,2674900000.0,905900000.0,6125200000.0,39.611,2202300000.0
1,LLY,MRT,2021-03-31,2021-03-31,2021-03-31,2021-09-07,-6395600000.0,46838300000.0,44846100000.0,16604500000.0,30233800000.0,0.568,7.591,-1429900000.0,3002400000.0,3002400000.0,6146800000.0,6092500000.0,1.417,5.76,16204500000.0,4900000.0,16199600000.0,16204500000.0,0.0,1400600000.0,0.0,0.016,3.07,7026400000.0,8427000000.0,0.331,8427000000.0,7026400000.0,7026400000.0,6.71,6.69,6.71,6898700000.0,5365025000.0,6898700000.0,191991287966.0,27.0,22.783,6384700000.0,7.025,1.0,19338800000.0,0.759,11965200000.0,0.0,36361000000.0,34680250000.0,3660800000.0,3281400000.0,49000000.0,3232400000.0,39739000000.0,11714200000.0,28024800000.0,179053087966.0,1303400000.0,-747400000.0,0.0,-1184500000.0,-2790600000.0,-4302200000.0,-2481500000.0,486300000.0,7814600000.0,272500000.0,6092500000.0,6092500000.0,6092500000.0,0.0,0.0,0.239,12312400000.0,7026400000.0,1639600000.0,0.458,25.955,29.389,27.842,8630100000.0,0.0,186.82,7.026,6.662,6658600000.0,9181300000.0,25485600000.0,25485600000.0,6378400000.0,0.136,1.136,0.203,0.276,321800000.0,6147600000.0,1.0,958425693.0,908800000.0,912400000.0,28.043,34873100000.0,2649900000.0,933900000.0,6909700000.0,38.373,4890300000.0
2,LLY,MRT,2020-12-31,2020-12-31,2020-12-31,2021-09-07,-6496400000.0,46633100000.0,43412225000.0,17462100000.0,29171000000.0,0.565,6.216,-1387900000.0,3657100000.0,3657100000.0,5483300000.0,6193700000.0,1.399,7.233,16595300000.0,8700000.0,16586600000.0,16595300000.0,0.0,1323900000.0,0.0,0.018,2.96,7229900000.0,8553800000.0,0.349,8553800000.0,7229900000.0,7229900000.0,6.82,6.79,6.82,5641600000.0,4410050000.0,5641600000.0,174836037006.0,24.0,20.44,5111700000.0,5.632,1.0,19056500000.0,0.777,11216500000.0,0.0,35873200000.0,33709525000.0,3980300000.0,2991000000.0,24200000.0,2966800000.0,40807900000.0,12481600000.0,28326300000.0,161509237006.0,1319600000.0,-849300000.0,-500000000.0,291600000.0,-2687100000.0,-3137100000.0,-2258900000.0,516700000.0,6499600000.0,216000000.0,6193700000.0,6193700000.0,6193700000.0,0.0,0.0,0.252,11826600000.0,7229900000.0,1606700000.0,0.434,28.628,26.076,24.757,8681900000.0,0.0,168.84,6.582,6.245,6929000000.0,7830200000.0,24539800000.0,24539800000.0,6085700000.0,0.143,1.404,0.214,0.295,308100000.0,6121200000.0,1.0,956581598.0,907634000.0,912505000.0,27.037,35416600000.0,2830400000.0,1036200000.0,6432800000.0,39.021,4980500000.0
3,LLY,MRT,2020-09-30,2020-09-30,2020-09-30,2021-09-07,-6555100000.0,43946000000.0,41575475000.0,16239900000.0,27706100000.0,0.558,5.321,-1259700000.0,3595300000.0,3595300000.0,5046100000.0,5572600000.0,1.356,8.069,16922100000.0,587500000.0,16334600000.0,16922100000.0,0.0,1297100000.0,0.0,0.019,2.865,6423900000.0,7721000000.0,0.333,7721000000.0,6423900000.0,6423900000.0,6.15,6.13,6.15,4826900000.0,3651375000.0,4826900000.0,155539844463.0,24.0,20.145,5388400000.0,5.94,1.0,18167700000.0,0.783,11315000000.0,0.0,33980900000.0,32289525000.0,3555400000.0,2511200000.0,35000000.0,2476200000.0,38950000000.0,11976900000.0,26973100000.0,141576744463.0,2031500000.0,-868500000.0,-800000000.0,650200000.0,-2604300000.0,-2959200000.0,-1626200000.0,530100000.0,6648100000.0,-31200000.0,5572600000.0,5572600000.0,5572600000.0,0.0,0.0,0.24,11743800000.0,6423900000.0,1430100000.0,0.466,29.331,25.406,24.068,8281100000.0,0.0,148.02,6.099,5.785,5844800000.0,7154000000.0,23213800000.0,23213800000.0,5829100000.0,0.134,1.526,0.199,0.277,301900000.0,6265400000.0,1.0,956470372.0,907200000.0,911400000.0,25.588,32631000000.0,2555300000.0,851300000.0,6673900000.0,35.969,4263000000.0
4,LLY,MRT,2020-06-30,2020-06-30,2020-06-30,2021-09-07,-6682900000.0,41967000000.0,40062250000.0,14581900000.0,27385100000.0,0.573,4.512,-1130000000.0,2365100000.0,2365100000.0,4894700000.0,5618100000.0,1.216,9.21,16328200000.0,1263800000.0,15064400000.0,16328200000.0,0.0,1226700000.0,0.0,0.017,2.77,6392500000.0,7619200000.0,0.332,7619200000.0,6392500000.0,6392500000.0,6.19,6.17,6.19,4092900000.0,3290275000.0,4092900000.0,172561334553.0,27.0,22.648,5221600000.0,5.756,1.0,18055100000.0,0.787,11435700000.0,0.0,32505900000.0,31481650000.0,3313900000.0,2429200000.0,22800000.0,2406400000.0,37695000000.0,11988500000.0,25706500000.0,157030034553.0,74900000.0,-868500000.0,-1400000000.0,-250100000.0,-2520100000.0,-4373000000.0,-1736500000.0,499500000.0,6351600000.0,-167200000.0,5618100000.0,5618100000.0,5618100000.0,0.0,0.0,0.245,11662600000.0,6392500000.0,1247200000.0,0.447,38.366,27.951,26.523,7981100000.0,0.0,164.18,6.842,6.49,5775600000.0,6617200000.0,22949800000.0,22949800000.0,5744600000.0,0.14,1.707,0.203,0.279,305700000.0,6108600000.0,1.0,956450448.0,907200000.0,910900000.0,25.297,30531300000.0,2481800000.0,774400000.0,6877500000.0,33.654,2593400000.0
5,LLY,MRT,2020-03-31,2020-03-31,2020-03-31,2021-09-07,-6885900000.0,41102800000.0,39237100000.0,13994200000.0,27108600000.0,0.588,3.39,-1088500000.0,1699000000.0,1699000000.0,4797600000.0,5533300000.0,1.11,12.312,17230300000.0,3248000000.0,13982300000.0,17230300000.0,0.0,1149700000.0,0.0,0.019,2.675,6214700000.0,7364400000.0,0.319,7364400000.0,6214700000.0,6214700000.0,6.07,6.06,6.07,3078800000.0,2962175000.0,3078800000.0,146135739200.0,24.0,19.844,3819200000.0,4.205,1.0,18289500000.0,0.792,11545800000.0,0.0,32478100000.0,30956075000.0,3102400000.0,2227100000.0,78400000.0,2148700000.0,37905600000.0,12610200000.0,25295400000.0,132669339200.0,-337400000.0,-868500000.0,-1400000000.0,459100000.0,-2443900000.0,-3585600000.0,-1465100000.0,439300000.0,4907700000.0,-194400000.0,5533300000.0,5533300000.0,5533300000.0,0.0,0.0,0.24,12074800000.0,6214700000.0,1207700000.0,0.441,43.091,23.977,22.853,7897900000.0,0.0,138.72,5.746,5.457,6352500000.0,5879400000.0,23087100000.0,23087100000.0,5756600000.0,0.141,1.868,0.201,0.269,308400000.0,6246300000.0,1.0,956382203.0,908200000.0,911700000.0,25.421,29557000000.0,2471600000.0,681400000.0,6475500000.0,32.545,1384000000.0
6,LLY,MRT,2019-12-31,2019-12-31,2019-12-31,2021-09-07,-6523600000.0,39286100000.0,38463100000.0,13709600000.0,25576500000.0,0.58,2.8,-1033900000.0,2337500000.0,2337500000.0,4721200000.0,8318400000.0,1.164,14.035,15317200000.0,1499300000.0,13817900000.0,15317200000.0,0.0,1232600000.0,0.0,0.02,2.58,8946400000.0,10179000000.0,0.456,10179000000.0,8946400000.0,8946400000.0,8.93,8.89,8.93,2606900000.0,2812550000.0,2606900000.0,140336687233.0,16.0,13.787,3802700000.0,4.084,1.0,17598300000.0,0.788,10297400000.0,0.0,30193200000.0,30514100000.0,3190700000.0,2063400000.0,101000000.0,1962400000.0,36587000000.0,11775200000.0,24811800000.0,126189987233.0,-5660700000.0,-6936900000.0,-4400000000.0,4685400000.0,-2409800000.0,-2324500000.0,-8082900000.0,456200000.0,4836600000.0,-89900000.0,8318400000.0,8318400000.0,8318400000.0,-3680500000.0,0.0,0.373,12332400000.0,5265900000.0,1405300000.0,0.289,48.406,15.17,14.718,7872900000.0,0.0,131.43,5.654,5.483,5541500000.0,4920400000.0,22319500000.0,22319500000.0,5595000000.0,0.216,2.958,0.293,0.401,312400000.0,6213800000.0,1.0,960130771.0,931059000.0,935684000.0,23.972,28988700000.0,2572600000.0,628000000.0,5955300000.0,31.135,1934400000.0
7,LLY,MRT,2019-09-30,2019-09-30,2019-09-30,2021-09-07,-5734500000.0,37893100000.0,39618675000.0,12661800000.0,25231300000.0,0.551,3.701,-1101700000.0,1563800000.0,1563800000.0,4568500000.0,7947700000.0,1.169,10.179,15710500000.0,1563100000.0,14147400000.0,15710500000.0,0.0,1237400000.0,0.0,0.022,2.498,8218500000.0,9455900000.0,0.433,9455900000.0,8218500000.0,8218500000.0,8.24,8.22,8.24,3382500000.0,4618000000.0,3382500000.0,121963667022.0,15.0,12.898,3219900000.0,3.523,1.0,17274600000.0,0.791,10461800000.0,0.0,30749400000.0,31106700000.0,3101300000.0,1914500000.0,89200000.0,1825300000.0,34430800000.0,10828600000.0,23602200000.0,107964367022.0,-7396200000.0,-6917700000.0,-5200000000.0,4998500000.0,-2395200000.0,-2850600000.0,-8700500000.0,347500000.0,4321600000.0,-166700000.0,7947700000.0,7947700000.0,7947700000.0,-3684100000.0,0.0,0.364,12740200000.0,4534400000.0,1114900000.0,0.303,31.919,13.584,13.572,8337200000.0,0.0,111.83,4.943,4.679,5537900000.0,4981900000.0,21843100000.0,21843100000.0,5405400000.0,0.201,1.721,0.264,0.376,303600000.0,6209300000.0,1.0,965432952.0,913900000.0,918500000.0,23.901,27431300000.0,2412800000.0,270800000.0,6120900000.0,30.016,1833200000.0
8,LLY,MRT,2019-06-30,2019-06-30,2019-06-30,2021-09-07,-5600500000.0,38666400000.0,41301675000.0,13454500000.0,25211900000.0,0.525,3.02,-1108100000.0,2290200000.0,2290200000.0,4546400000.0,7843300000.0,1.135,12.879,16289500000.0,2068600000.0,14220900000.0,16289500000.0,0.0,1364900000.0,0.0,0.022,2.415,8209700000.0,9574600000.0,0.442,9574600000.0,8209700000.0,8209700000.0,8.0,7.97,8.0,2780500000.0,7041525000.0,2780500000.0,121995251866.0,15.0,12.742,3825200000.0,4.154,1.0,17127000000.0,0.79,10406700000.0,0.0,30403600000.0,30803725000.0,3181100000.0,1930400000.0,77700000.0,1852700000.0,35809100000.0,11855400000.0,23953700000.0,107558351866.0,-4527100000.0,-6917700000.0,-5600000000.0,5933300000.0,-2380400000.0,-725000000.0,-8674800000.0,333900000.0,4933300000.0,-60600000.0,7843300000.0,7843300000.0,7843300000.0,-3740000000.0,0.0,0.362,12657300000.0,4469700000.0,1198900000.0,0.302,38.683,13.713,13.849,8393000000.0,0.0,110.79,4.963,4.707,5590000000.0,4318100000.0,21673400000.0,21673400000.0,5305400000.0,0.19,1.114,0.267,0.379,296600000.0,6254200000.0,1.0,970830868.0,920800000.0,924600000.0,23.538,28259700000.0,2507400000.0,366400000.0,6089500000.0,30.69,1599100000.0
9,LLY,MRT,2019-03-31,2019-03-31,2019-03-31,2021-09-07,-5687500000.0,38006800000.0,42224875000.0,12597500000.0,25409300000.0,0.512,2.531,-1177800000.0,2036400000.0,2036400000.0,4655800000.0,6256200000.0,1.121,14.289,16473300000.0,2354900000.0,14118400000.0,16473300000.0,0.0,1542700000.0,0.0,0.018,2.333,6757200000.0,8299900000.0,0.384,8299900000.0,6757200000.0,6757200000.0,6.31,6.28,6.31,2480300000.0,9235200000.0,2480300000.0,139128612605.0,21.0,16.763,4221500000.0,4.308,1.0,16965900000.0,0.785,10497400000.0,0.0,30710200000.0,29853100000.0,3055200000.0,2212100000.0,100700000.0,2111400000.0,35441800000.0,11236100000.0,24205700000.0,134355912605.0,-1047900000.0,-6917700000.0,-6550700000.0,6972200000.0,-2361700000.0,-670600000.0,-5602400000.0,5049700000.0,5399300000.0,-174200000.0,6256200000.0,6256200000.0,6256200000.0,-3711700000.0,0.0,0.289,13920400000.0,3045500000.0,1168100000.0,0.37,54.169,21.476,20.564,8326500000.0,0.0,129.76,6.214,5.881,5178000000.0,4879400000.0,21621700000.0,21621700000.0,5174200000.0,0.148,0.677,0.226,0.313,287300000.0,6153500000.0,1.0,1035418562.0,979900000.0,984000000.0,22.065,27509400000.0,2511000000.0,501000000.0,6651300000.0,28.074,1361400000.0
10,LLY,MRT,2018-12-31,2018-12-31,2018-12-31,2021-09-07,-5729200000.0,43908400000.0,43812075000.0,20549600000.0,23358800000.0,0.491,9.564,-1210600000.0,7320700000.0,7320700000.0,4681700000.0,3232000000.0,1.729,3.357,10298600000.0,1102200000.0,9196400000.0,10298600000.0,0.0,1609000000.0,0.0,0.019,2.251,3761500000.0,5370500000.0,0.25,5370500000.0,3761500000.0,3761500000.0,3.14,3.13,3.14,9828700000.0,12246875000.0,9828700000.0,126301671349.0,34.0,23.518,4313900000.0,4.198,1.0,16811600000.0,0.782,2434600000.0,0.0,32563600000.0,30447950000.0,3098100000.0,2093600000.0,88200000.0,2005400000.0,32999300000.0,11888100000.0,21111200000.0,122584771349.0,1462000000.0,0.0,-4150700000.0,-729300000.0,-2311800000.0,-5904900000.0,1906000000.0,5111900000.0,5524500000.0,-63600000.0,3232000000.0,3232000000.0,3232000000.0,-81400000.0,0.0,0.15,13131500000.0,3680100000.0,1207100000.0,0.717,12.472,37.928,36.854,7996100000.0,0.0,115.72,5.703,5.533,5776800000.0,11395900000.0,21493300000.0,21493300000.0,5051200000.0,0.074,0.264,0.124,0.175,279500000.0,5975100000.0,1.0,1059322255.0,1027721000.0,1033667000.0,20.914,41473800000.0,2613700000.0,529500000.0,5406100000.0,40.355,8661500000.0
11,LLY,MRT,2018-09-30,2018-09-30,2018-09-30,2021-09-07,-5439500000.0,44625100000.0,44080225000.0,20685900000.0,23939200000.0,0.434,12.815,-1259800000.0,8960000000.0,8960000000.0,3493600000.0,450100000.0,1.911,2.33,12676900000.0,1002200000.0,11674700000.0,12676900000.0,0.0,1675400000.0,0.0,0.021,2.208,3100100000.0,4775500000.0,0.25,4775500000.0,3100100000.0,3100100000.0,0.47,0.47,0.47,13076600000.0,12687750000.0,13076600000.0,120651936827.0,39.0,25.265,4559500000.0,4.468,1.0,15625300000.0,0.817,7977800000.0,0.0,29537500000.0,29596225000.0,4118000000.0,2081900000.0,76100000.0,2005800000.0,30474200000.0,10826700000.0,19647500000.0,115249636827.0,5235700000.0,0.0,-3150600000.0,-650200000.0,-2287500000.0,-4807500000.0,4217900000.0,7291800000.0,5819300000.0,6000000.0,450100000.0,450100000.0,450100000.0,39900000.0,0.0,0.024,12485300000.0,3140000000.0,1281200000.0,4.698,8.813,256.053,228.319,8814100000.0,0.0,107.31,6.028,5.727,5652600000.0,14408700000.0,19118900000.0,19118900000.0,4885200000.0,0.01,0.035,0.105,0.162,278900000.0,5387300000.0,1.0,1073987856.0,1020400000.0,1026300000.0,18.737,36647300000.0,3132300000.0,2650000000.0,4149700000.0,35.915,9859200000.0
12,LLY,MRT,2018-06-30,2018-06-30,2018-06-30,2021-09-07,-6108700000.0,42359200000.0,43676550000.0,18332700000.0,24026500000.0,0.446,11.216,-1232700000.0,6817300000.0,6817300000.0,3927000000.0,-143800000.0,1.404,2.66,12219600000.0,3049100000.0,9170500000.0,12219600000.0,0.0,1632800000.0,0.0,0.025,2.166,2294700000.0,3927500000.0,0.202,3927500000.0,2294700000.0,2294700000.0,-0.13,-0.12,-0.13,11555200000.0,13141175000.0,11555200000.0,101233177739.0,44.0,25.775,4345900000.0,4.219,1.0,15543000000.0,0.798,8105200000.0,0.0,26601100000.0,30073625000.0,4155500000.0,2151800000.0,92200000.0,2059600000.0,30738400000.0,13055200000.0,17683200000.0,92619777739.0,3747400000.0,0.0,-2150600000.0,21500000.0,-2262600000.0,-4739500000.0,2858000000.0,5997400000.0,5578600000.0,50300000.0,-143800000.0,-143800000.0,-143800000.0,95800000.0,0.0,-0.007,13152500000.0,2390500000.0,1316900000.0,-16.662,8.015,-644.087,-656.385,8770800000.0,0.0,85.33,4.757,4.515,5579100000.0,14247300000.0,19470000000.0,19470000000.0,4944300000.0,-0.003,-0.011,0.076,0.118,280300000.0,5508600000.0,1.0,1085430420.0,1030200000.0,1030200000.0,18.899,34254000000.0,3314400000.0,2438500000.0,3971500000.0,33.25,5277500000.0
13,LLY,MRT,2018-03-31,2018-03-31,2018-03-31,2021-09-07,-5437500000.0,44355600000.0,43323375000.0,16261500000.0,28094100000.0,0.455,13.862,-1144300000.0,3084300000.0,3084300000.0,4264400000.0,1124100000.0,1.408,2.049,11697700000.0,2304200000.0,9393500000.0,11697700000.0,0.0,1603200000.0,0.0,0.027,2.123,3541800000.0,5145000000.0,0.261,5145000000.0,3541800000.0,3541800000.0,1.08,1.08,1.08,14527000000.0,13777575000.0,14527000000.0,91877284765.0,26.0,17.858,4567900000.0,4.359,1.0,15444900000.0,0.784,8332400000.0,0.0,33089600000.0,30938550000.0,4631300000.0,7080300000.0,1705200000.0,5375100000.0,29767800000.0,11547000000.0,18220800000.0,84766384765.0,467400000.0,0.0,-1399800000.0,1128800000.0,-2232000000.0,-2848200000.0,-2524300000.0,-936500000.0,5712200000.0,127700000.0,1124100000.0,1124100000.0,1124100000.0,67500000.0,0.0,0.057,11835600000.0,3609300000.0,1267400000.0,1.966,5.835,75.408,71.639,8958200000.0,0.0,77.37,4.301,4.114,5270700000.0,16608200000.0,19709300000.0,19709300000.0,4945400000.0,0.026,0.082,0.114,0.18,280000000.0,5753400000.0,1.0,1095597580.0,1048000000.0,1049800000.0,18.807,36023200000.0,3681600000.0,2417700000.0,4441100000.0,34.373,4714500000.0
14,LLY,MRT,2017-12-31,2017-12-31,2017-12-31,2021-09-07,-5718600000.0,44981000000.0,41640550000.0,19202100000.0,25778900000.0,0.48,11.019,-1076800000.0,6536200000.0,6536200000.0,4447700000.0,-204100000.0,1.321,2.874,13647100000.0,3706600000.0,9940500000.0,13647100000.0,0.0,1567300000.0,0.0,0.025,2.08,2187100000.0,3754400000.0,0.188,3754400000.0,2187100000.0,2187100000.0,-0.19,-0.19,-0.19,11592200000.0,13653575000.0,11592200000.0,102738859291.0,47.0,27.365,4538800000.0,4.314,1.0,15526100000.0,0.777,8399300000.0,0.0,29156700000.0,29141525000.0,4458300000.0,7176700000.0,1497900000.0,5678800000.0,33313100000.0,14535900000.0,18777200000.0,92998459291.0,1954100000.0,-882100000.0,-299800000.0,2998900000.0,-2192100000.0,142600000.0,-3783600000.0,-562800000.0,5615600000.0,-20500000.0,-204100000.0,-204100000.0,-204100000.0,117700000.0,0.0,-0.01,13221300000.0,2304800000.0,1410700000.0,-10.947,8.023,-455.651,-444.526,8826500000.0,0.0,84.46,4.656,4.449,5262200000.0,13894100000.0,19973800000.0,19973800000.0,5096200000.0,-0.005,-0.015,0.075,0.109,281300000.0,5982400000.0,1.0,1101094711.0,1052023000.0,1052023000.0,18.986,36581700000.0,1166400000.0,2391200000.0,4309400000.0,34.773,4666200000.0
15,LLY,MRT,2017-09-30,2017-09-30,2017-09-30,2021-09-07,-4609400000.0,43010400000.0,40096775000.0,17428400000.0,25582000000.0,0.56,14.135,-969700000.0,3724300000.0,3724300000.0,6027100000.0,2224600000.0,1.376,1.884,13464700000.0,3538100000.0,9926600000.0,13464700000.0,0.0,1500000000.0,0.0,0.024,2.07,2805300000.0,4305300000.0,0.192,4305300000.0,2805300000.0,2805300000.0,2.12,2.11,2.12,14890300000.0,14257450000.0,14890300000.0,103420794270.0,37.0,24.022,4908900000.0,4.66,1.0,16444000000.0,0.732,8637200000.0,0.0,31447100000.0,28155300000.0,4406900000.0,9367500000.0,3218800000.0,6148700000.0,28049800000.0,12666500000.0,15383300000.0,94178594270.0,235300000.0,-882100000.0,-499900000.0,4123100000.0,-2184900000.0,1070100000.0,-6614600000.0,-3438000000.0,5878600000.0,-98800000.0,2224600000.0,2224600000.0,2224600000.0,0.0,0.0,0.099,13638700000.0,2805300000.0,1200100000.0,0.976,6.325,42.335,40.349,8598500000.0,0.0,85.54,4.191,4.01,5014500000.0,16145500000.0,22471100000.0,22471100000.0,5387400000.0,0.055,0.156,0.1,0.125,275900000.0,6742700000.0,1.0,1100988944.0,1053400000.0,1056000000.0,21.332,34373200000.0,0.0,580700000.0,1124400000.0,32.631,4761900000.0
16,LLY,MRT,2017-06-30,2017-06-30,2017-06-30,2021-09-07,-4774900000.0,40946500000.0,38741750000.0,15746500000.0,25200000000.0,0.568,13.366,-954500000.0,3069900000.0,3069900000.0,5841700000.0,2447000000.0,1.394,1.899,12312100000.0,2444200000.0,9867900000.0,12312100000.0,0.0,1519900000.0,0.0,0.025,2.06,3184400000.0,4704300000.0,0.214,4704300000.0,3184400000.0,3184400000.0,2.33,2.31,2.33,14100800000.0,14432175000.0,14100800000.0,98438793549.0,31.0,20.925,4704700000.0,4.459,1.0,16163100000.0,0.735,8833400000.0,0.0,30060800000.0,26926300000.0,4346000000.0,8087500000.0,2364200000.0,5723300000.0,26776800000.0,11294500000.0,15482300000.0,90808893549.0,-168100000.0,-882100000.0,-499900000.0,3021700000.0,-2175100000.0,-30700000.0,-5651300000.0,-2712700000.0,5659200000.0,-145300000.0,2447000000.0,2447000000.0,2447000000.0,0.0,0.0,0.111,12978700000.0,3184400000.0,1257200000.0,0.884,6.44,37.11,35.322,8582800000.0,0.0,82.3,4.127,3.946,4956100000.0,15590100000.0,22004800000.0,22004800000.0,5283800000.0,0.063,0.17,0.118,0.145,267500000.0,6729600000.0,1.0,1103388743.0,1055000000.0,1057100000.0,20.858,32113100000.0,0.0,737400000.0,941000000.0,30.439,4452000000.0
17,LLY,MRT,2017-03-31,2017-03-31,2017-03-31,2021-09-07,-5064300000.0,37624300000.0,37623950000.0,12976200000.0,24648100000.0,0.574,13.283,-978300000.0,2616900000.0,2616900000.0,5735000000.0,2186700000.0,1.242,1.676,10246800000.0,2609300000.0,7637500000.0,10246800000.0,0.0,1498000000.0,0.0,0.024,2.05,2868400000.0,4366400000.0,0.202,4366400000.0,2868400000.0,2868400000.0,2.08,2.07,2.08,14031000000.0,14566300000.0,14031000000.0,98526074570.0,34.0,22.565,4431700000.0,4.195,1.0,15850300000.0,0.734,8904700000.0,0.0,25901500000.0,25744800000.0,4035100000.0,6186400000.0,888700000.0,5297700000.0,23520600000.0,10448000000.0,13072600000.0,92802974570.0,309300000.0,-927100000.0,-300000000.0,2368000000.0,-2167600000.0,-511300000.0,-4423300000.0,-1529700000.0,5410000000.0,-166100000.0,2186700000.0,2186700000.0,2186700000.0,0.0,0.0,0.101,12981900000.0,2868400000.0,1220100000.0,0.986,6.614,42.44,40.438,8425500000.0,0.0,84.11,4.299,4.116,4613900000.0,15876700000.0,21585300000.0,21585300000.0,5347600000.0,0.058,0.15,0.111,0.133,262600000.0,6621800000.0,1.0,1103352450.0,1056300000.0,1056300000.0,20.435,28719600000.0,0.0,681700000.0,819200000.0,27.189,2528200000.0
18,LLY,MRT,2016-12-31,2016-12-31,2016-12-31,2021-09-07,-5274000000.0,38805900000.0,36890825000.0,15101400000.0,23704500000.0,0.575,13.236,-963600000.0,4582100000.0,4582100000.0,5710100000.0,2737600000.0,1.375,1.765,10305200000.0,1937400000.0,8367800000.0,10305200000.0,0.0,1496600000.0,0.0,0.028,2.04,3374000000.0,4870600000.0,0.23,4870600000.0,3374000000.0,3374000000.0,2.59,2.58,2.59,14007700000.0,14811025000.0,14007700000.0,87055192316.0,26.0,17.874,3887400000.0,3.673,1.0,15512000000.0,0.731,8330600000.0,0.0,25211800000.0,25328000000.0,3561900000.0,6664000000.0,1456500000.0,5207500000.0,24725400000.0,10986600000.0,13738800000.0,81195392316.0,915700000.0,-45000000.0,-600100000.0,2499600000.0,-2158500000.0,-559800000.0,-3139100000.0,-1945400000.0,4851000000.0,-236400000.0,2737600000.0,2737600000.0,2737600000.0,0.0,0.0,0.129,12138000000.0,3374000000.0,1349300000.0,0.788,5.796,29.659,28.398,8252600000.0,0.0,73.55,3.826,3.668,4766300000.0,16046300000.0,21222100000.0,21222100000.0,5310300000.0,0.074,0.185,0.133,0.159,255300000.0,6528000000.0,1.0,1103948230.0,1058324000.0,1061825000.0,20.053,30475300000.0,0.0,636400000.0,808000000.0,28.796,4114800000.0
19,LLY,MRT,2016-09-30,2016-09-30,2016-09-30,2021-09-07,-4257700000.0,37590300000.0,36081575000.0,13385900000.0,24204400000.0,0.578,14.739,-914800000.0,3489000000.0,3489000000.0,5578100000.0,2444200000.0,1.618,1.41,9348800000.0,641500000.0,8707300000.0,9348800000.0,0.0,1495400000.0,0.0,0.025,2.03,2926600000.0,4422000000.0,0.212,4422000000.0,2926600000.0,2926600000.0,2.32,2.3,2.32,15589200000.0,14951925000.0,15589200000.0,94687774815.0,32.0,21.413,2925800000.0,2.766,1.0,15259100000.0,0.732,8646200000.0,0.0,26531100000.0,24669225000.0,3881200000.0,5764800000.0,737800000.0,5027000000.0,21974500000.0,8272800000.0,13701700000.0,88594474815.0,250200000.0,-40300000.0,-553000000.0,1199800000.0,-2150700000.0,-1816400000.0,-1707300000.0,-472200000.0,3840600000.0,-66700000.0,2444200000.0,2444200000.0,2444200000.0,0.0,0.0,0.117,12332500000.0,2926600000.0,1161200000.0,0.875,5.683,36.247,34.595,8251900000.0,0.0,80.26,4.252,4.074,4521400000.0,16601600000.0,20837200000.0,20837200000.0,5237500000.0,0.068,0.163,0.119,0.14,246900000.0,6460300000.0,1.0,1103843444.0,1057700000.0,1060800000.0,19.7,28944100000.0,0.0,482400000.0,988600000.0,27.365,5113100000.0
20,LLY,MRT,2016-06-30,2016-06-30,2016-06-30,2021-09-07,-4371200000.0,36475300000.0,35760175000.0,12977300000.0,23498000000.0,0.576,13.839,-960800000.0,3238000000.0,3238000000.0,5414100000.0,2465900000.0,1.545,1.491,9331300000.0,645800000.0,8685500000.0,9331300000.0,0.0,1460900000.0,0.0,0.026,2.02,3003700000.0,4464600000.0,0.217,4464600000.0,3003700000.0,3003700000.0,2.33,2.32,2.33,14637300000.0,14859975000.0,14637300000.0,92745463908.0,31.0,20.774,2322800000.0,2.196,1.0,15191100000.0,0.737,8832800000.0,0.0,25334800000.0,24079125000.0,3759900000.0,5146000000.0,696800000.0,4449200000.0,21819100000.0,8401000000.0,13418100000.0,86927163908.0,-77500000.0,-51400000.0,-614100000.0,1197400000.0,-2139100000.0,-1811500000.0,-1482700000.0,-142800000.0,3283600000.0,-66900000.0,2465900000.0,2465900000.0,2465900000.0,0.0,0.0,0.12,12187400000.0,3003700000.0,1207800000.0,0.867,5.939,35.252,33.798,8066100000.0,0.0,78.75,4.219,4.042,4493100000.0,15824100000.0,20605200000.0,20605200000.0,5144500000.0,0.069,0.166,0.125,0.146,240100000.0,6470600000.0,1.0,1103837002.0,1057700000.0,1060100000.0,19.481,27642500000.0,0.0,537800000.0,893100000.0,26.135,4576300000.0
21,LLY,MRT,2016-03-31,2016-03-31,2016-03-31,2021-09-07,-4264700000.0,34691800000.0,35650500000.0,11714600000.0,22977200000.0,0.566,14.162,-939300000.0,2307600000.0,2307600000.0,5167500000.0,2319000000.0,1.596,1.31,8125900000.0,648300000.0,7477600000.0,8125900000.0,0.0,1455700000.0,0.0,0.028,2.01,2738900000.0,4194600000.0,0.208,4194600000.0,2738900000.0,2738900000.0,2.19,2.17,2.19,15009900000.0,14868225000.0,15009900000.0,83961891855.0,31.0,20.017,1891000000.0,1.784,1.0,15011600000.0,0.744,8934900000.0,0.0,24234300000.0,23650650000.0,3740200000.0,4451700000.0,687400000.0,3764300000.0,19662400000.0,7340900000.0,12321500000.0,79649791855.0,-757200000.0,-6400000.0,-739000000.0,-276100000.0,-2137700000.0,-3334000000.0,-279400000.0,1193700000.0,2830300000.0,25900000.0,2319000000.0,2319000000.0,2319000000.0,0.0,0.0,0.115,12272700000.0,2738900000.0,1151600000.0,0.918,5.306,34.347,32.881,8033100000.0,0.0,72.01,3.947,3.782,4187400000.0,16155000000.0,20179100000.0,20179100000.0,4978100000.0,0.065,0.156,0.116,0.136,230900000.0,6483400000.0,1.0,1106093485.0,1059900000.0,1063100000.0,19.039,25756900000.0,0.0,419900000.0,1022600000.0,24.301,4373700000.0
22,LLY,MRT,2015-12-31,2015-12-31,2015-12-31,2021-09-07,-4580700000.0,35568900000.0,35891025000.0,12573600000.0,22995300000.0,0.556,13.722,-973600000.0,3666400000.0,3666400000.0,5037200000.0,2408400000.0,1.528,1.44,7978500000.0,6100000.0,7972400000.0,7978500000.0,0.0,1427700000.0,0.0,0.024,2.0,2790000000.0,4217700000.0,0.211,4217700000.0,2790000000.0,2790000000.0,2.27,2.26,2.27,14571300000.0,14845700000.0,14571300000.0,98206630019.0,35.0,23.284,1991000000.0,1.875,1.0,14921500000.0,0.748,9074700000.0,0.0,22576700000.0,23485150000.0,3445800000.0,4432000000.0,785400000.0,3646600000.0,20978600000.0,8229600000.0,12749000000.0,93366530019.0,-205200000.0,122500000.0,-749500000.0,-181600000.0,-2127300000.0,-3111000000.0,26800000.0,1161500000.0,2964600000.0,-85600000.0,2408400000.0,2408400000.0,2408400000.0,0.0,0.0,0.121,12131500000.0,2790000000.0,1338200000.0,0.881,6.408,38.767,37.119,8053500000.0,0.0,84.26,4.678,4.483,4071600000.0,16011800000.0,19958700000.0,19958700000.0,4796400000.0,0.067,0.162,0.119,0.14,217800000.0,6533000000.0,1.0,1108076549.0,1061913000.0,1065720000.0,18.795,26494200000.0,0.0,381600000.0,1227800000.0,24.95,4344000000.0
23,LLY,MRT,2015-09-30,2015-09-30,2015-09-30,2021-09-07,-4667000000.0,36304700000.0,36075700000.0,12567000000.0,23737700000.0,0.546,14.341,-1079500000.0,3238800000.0,3238800000.0,4901100000.0,2358500000.0,1.513,1.384,8078900000.0,9300000.0,8069600000.0,8078900000.0,0.0,1423700000.0,0.0,0.024,1.99,2859000000.0,4282700000.0,0.217,4282700000.0,2859000000.0,2859000000.0,2.22,2.22,2.22,15221400000.0,15046175000.0,15221400000.0,97457657876.0,34.0,22.756,2329900000.0,2.195,1.0,14803300000.0,0.751,8670800000.0,0.0,24170700000.0,23008125000.0,3417700000.0,5182400000.0,1080400000.0,4102000000.0,21063800000.0,8303300000.0,12760500000.0,92773757876.0,73000000.0,-5287800000.0,-796600000.0,2198500000.0,-2119200000.0,-702500000.0,-2405800000.0,4064400000.0,3409400000.0,-228100000.0,2358500000.0,2358500000.0,2358500000.0,0.0,0.0,0.12,11944300000.0,2859000000.0,1179300000.0,0.896,6.095,39.336,37.698,8075300000.0,0.0,83.69,4.708,4.508,4067700000.0,16856700000.0,19704400000.0,19704400000.0,4537900000.0,0.065,0.157,0.124,0.145,200000000.0,6534500000.0,1.0,1108540541.0,1061400000.0,1065200000.0,18.565,27633900000.0,0.0,500500000.0,2554200000.0,26.035,4263700000.0
24,LLY,MRT,2015-06-30,2015-06-30,2015-06-30,2021-09-07,-4403200000.0,36036600000.0,35661725000.0,12346000000.0,23690600000.0,0.55,13.818,-1102900000.0,3315500000.0,3315500000.0,4931200000.0,2059400000.0,1.5,1.454,7999400000.0,10800000.0,7988600000.0,7999400000.0,0.0,1407800000.0,0.0,0.024,1.98,2466700000.0,3874500000.0,0.197,3874500000.0,2466700000.0,2466700000.0,1.94,1.94,1.94,14670300000.0,15658150000.0,14670300000.0,97808187779.0,40.0,25.244,2893100000.0,2.725,1.0,14689100000.0,0.749,8867600000.0,0.0,23620900000.0,23156250000.0,3288400000.0,5014500000.0,915400000.0,4099100000.0,21331200000.0,8232000000.0,13099200000.0,92652287779.0,-450200000.0,-5276700000.0,-1035500000.0,2503400000.0,-2117900000.0,-513200000.0,-3485400000.0,3206900000.0,3996000000.0,-447600000.0,2059400000.0,2059400000.0,2059400000.0,0.0,0.0,0.105,12222400000.0,2466700000.0,1153000000.0,1.021,6.316,44.99,43.036,8022600000.0,0.0,83.49,4.722,4.518,4096600000.0,16114900000.0,19620300000.0,19620300000.0,4637700000.0,0.058,0.132,0.107,0.126,183800000.0,6630900000.0,1.0,1109741140.0,1061700000.0,1065600000.0,18.48,27169000000.0,0.0,407300000.0,1939600000.0,25.59,4114000000.0
25,LLY,MRT,2015-03-31,2015-03-31,2015-03-31,2021-09-07,-4657500000.0,35653900000.0,35407175000.0,11742700000.0,23911200000.0,0.553,14.02,-1133900000.0,3064800000.0,3064800000.0,4902500000.0,2192100000.0,1.408,1.388,8220700000.0,805400000.0,7415300000.0,8220700000.0,0.0,1387700000.0,0.0,0.027,1.97,2727400000.0,4115100000.0,0.21,4115100000.0,2727400000.0,2727400000.0,2.05,2.06,2.05,14919800000.0,16486500000.0,14919800000.0,79500901386.0,29.0,19.319,2967400000.0,2.788,1.0,14674700000.0,0.75,8894600000.0,0.0,23572300000.0,23370150000.0,2980200000.0,5651500000.0,1075000000.0,4576500000.0,20707400000.0,8342900000.0,12364500000.0,80721701386.0,-823200000.0,-5828100000.0,-1055600000.0,2741200000.0,-2105000000.0,-272500000.0,-4136700000.0,3008900000.0,4101300000.0,-515300000.0,2192100000.0,2192100000.0,2192100000.0,0.0,0.0,0.112,11947300000.0,2727400000.0,1179600000.0,0.961,5.41,36.824,35.439,7950700000.0,0.0,72.65,4.123,3.949,3825700000.0,16706800000.0,19577200000.0,19577200000.0,4663600000.0,0.062,0.133,0.117,0.139,166600000.0,6659400000.0,1.0,1111103942.0,1064200000.0,1067000000.0,18.396,26759300000.0,0.0,535300000.0,2250700000.0,25.145,3399800000.0
26,LLY,MRT,2014-12-31,2014-12-31,2014-12-31,2021-09-07,-3991800000.0,36307600000.0,35182925000.0,11928300000.0,24379300000.0,0.558,14.368,-1147300000.0,9277200000.0,9277200000.0,4932500000.0,2390500000.0,1.225,1.361,8021500000.0,2688700000.0,5332800000.0,8021500000.0,0.0,1379000000.0,0.0,0.028,1.96,3000300000.0,4379300000.0,0.223,4379300000.0,3000300000.0,3000300000.0,2.23,2.23,2.23,15373200000.0,17341075000.0,15373200000.0,79255323075.0,26.0,18.098,3311100000.0,3.095,1.0,14683100000.0,0.749,4642300000.0,0.0,20668600000.0,23801700000.0,2740000000.0,5524300000.0,955400000.0,4568900000.0,20919500000.0,9741000000.0,11178500000.0,76815523075.0,41400000.0,-5957000000.0,-800000000.0,2638700000.0,-2101200000.0,-166400000.0,-3909100000.0,3623000000.0,4458400000.0,-341500000.0,2390500000.0,2390500000.0,2390500000.0,0.0,0.0,0.122,11682800000.0,3000300000.0,1128100000.0,0.879,4.997,32.134,30.937,7963900000.0,0.0,68.99,3.916,3.763,3801300000.0,16482700000.0,19615600000.0,19615600000.0,4733600000.0,0.068,0.138,0.126,0.153,156000000.0,6620800000.0,1.0,1113429817.0,1069932000.0,1074286000.0,18.334,31665300000.0,0.0,609800000.0,1092000000.0,29.596,2187300000.0
27,LLY,MRT,2014-09-30,2014-09-30,2014-09-30,2021-09-07,-2551600000.0,34648800000.0,34918200000.0,12110500000.0,22538300000.0,0.581,16.52,-1038400000.0,3165800000.0,3165800000.0,5065900000.0,2689500000.0,1.599,0.96,5605600000.0,313000000.0,5292600000.0,5605600000.0,0.0,1390800000.0,0.0,0.03,1.96,3396600000.0,4787400000.0,0.236,4787400000.0,3396600000.0,3396600000.0,2.51,2.51,2.51,17669300000.0,17905625000.0,17669300000.0,74003045200.0,22.0,15.458,3705900000.0,3.465,1.0,15237200000.0,0.75,4750800000.0,0.0,24763200000.0,24480475000.0,2844500000.0,9049600000.0,1644100000.0,7405500000.0,16966300000.0,7574600000.0,9391700000.0,72457445200.0,-1203100000.0,-551400000.0,-1000000000.0,256000000.0,-2104900000.0,-2739900000.0,-2962600000.0,-882100000.0,4744300000.0,-244900000.0,2689500000.0,2689500000.0,2689500000.0,0.0,0.0,0.132,11840600000.0,3396600000.0,1023300000.0,0.781,4.101,26.941,25.837,8043300000.0,0.0,64.85,3.569,3.416,3634600000.0,17406900000.0,20303100000.0,20303100000.0,5023300000.0,0.077,0.15,0.139,0.167,155200000.0,6774500000.0,1.0,1117308330.0,1069600000.0,1074400000.0,18.982,29898000000.0,0.0,707100000.0,2438800000.0,27.953,4535900000.0
28,LLY,MRT,2014-06-30,2014-06-30,2014-06-30,2021-09-07,-1935300000.0,35018400000.0,34747400000.0,13156700000.0,21861700000.0,0.61,16.781,-995300000.0,3765700000.0,3765700000.0,4997000000.0,3392000000.0,1.774,0.947,5311300000.0,10300000.0,5301000000.0,5311300000.0,0.0,1397400000.0,0.0,0.032,1.96,4254500000.0,5651900000.0,0.267,5651900000.0,4254500000.0,4254500000.0,3.15,3.15,3.15,17983700000.0,17712325000.0,17983700000.0,70972671281.0,17.0,12.557,4049300000.0,3.778,1.0,16203100000.0,0.764,4670100000.0,0.0,24476500000.0,23876775000.0,3190300000.0,8010500000.0,1360800000.0,6649700000.0,17023600000.0,7417400000.0,9606200000.0,69596271281.0,-20800000.0,-595100000.0,-700000000.0,-47400000.0,-2107600000.0,-2863000000.0,-2256700000.0,-440600000.0,5044600000.0,54300000.0,3392000000.0,3392000000.0,3392000000.0,0.0,0.0,0.16,11948600000.0,4254500000.0,1124600000.0,0.622,3.87,20.518,19.737,8100900000.0,0.0,62.17,3.283,3.143,3754100000.0,17204300000.0,21200100000.0,21200100000.0,5157500000.0,0.098,0.192,0.178,0.201,153000000.0,6754800000.0,1.0,1119451042.0,1071700000.0,1076400000.0,19.782,30348300000.0,0.0,862500000.0,2153100000.0,28.318,5739300000.0
29,LLY,MRT,2014-03-31,2014-03-31,2014-03-31,2021-09-07,-1957300000.0,34756900000.0,34299300000.0,13039300000.0,21717600000.0,0.647,17.095,-876800000.0,3888000000.0,3888000000.0,4972500000.0,3864700000.0,1.966,0.895,5264400000.0,9100000.0,5255300000.0,5264400000.0,0.0,1412900000.0,0.0,0.033,1.96,4829000000.0,6241900000.0,0.281,6241900000.0,4829000000.0,4829000000.0,3.59,3.58,3.59,18338100000.0,17025500000.0,18338100000.0,67289012124.0,14.0,10.78,4751100000.0,4.429,1.0,17221700000.0,0.776,4203100000.0,0.0,25298500000.0,23216775000.0,2969000000.0,8529200000.0,1324400000.0,7204800000.0,16408200000.0,6631700000.0,9776500000.0,65906312124.0,-48600000.0,-43700000.0,-555000000.0,-18700000.0,-2113700000.0,-2694300000.0,-3039500000.0,-1921900000.0,5627900000.0,57300000.0,3864700000.0,3864700000.0,3864700000.0,0.0,0.0,0.174,12392700000.0,4829000000.0,1149900000.0,0.546,3.594,17.053,16.396,7970700000.0,0.0,58.86,2.97,2.845,3746100000.0,17665300000.0,22194200000.0,22194200000.0,5292500000.0,0.113,0.227,0.208,0.218,148000000.0,6958500000.0,1.0,1119713084.0,1072700000.0,1075800000.0,20.69,30553800000.0,0.0,964300000.0,1769500000.0,28.483,6407600000.0
30,LLY,MRT,2013-12-31,2013-12-31,2013-12-31,2021-09-07,-2002700000.0,35248700000.0,33685100000.0,13104700000.0,22144000000.0,0.686,16.312,-832700000.0,3830200000.0,3830200000.0,4908100000.0,4684800000.0,1.47,0.999,5212900000.0,1012600000.0,4200300000.0,5212900000.0,0.0,1445600000.0,0.0,0.038,1.96,5889300000.0,7334900000.0,0.317,7334900000.0,5889300000.0,5889300000.0,4.33,4.32,4.33,17631400000.0,16179875000.0,17631400000.0,58373130365.0,10.0,7.958,4902300000.0,4.535,1.0,18205000000.0,0.788,4331100000.0,0.0,23383700000.0,22294875000.0,2928800000.0,9192000000.0,1567100000.0,7624900000.0,17608000000.0,8916600000.0,8691400000.0,57459130365.0,-188600000.0,-43700000.0,-1698100000.0,-10500000.0,-2120700000.0,-3829300000.0,-2072800000.0,-1017800000.0,5735000000.0,-21500000.0,4684800000.0,4684800000.0,4684800000.0,0.0,0.0,0.203,12315700000.0,5889300000.0,1119300000.0,0.453,3.259,12.265,11.778,7975500000.0,0.0,51.0,2.486,2.385,4022800000.0,16992400000.0,23113100000.0,23113100000.0,5531300000.0,0.139,0.29,0.264,0.255,144900000.0,7125600000.0,1.0,1126649615.0,1080874000.0,1084766000.0,21.384,30917600000.0,0.0,1204500000.0,2125900000.0,28.604,4188100000.0
31,LLY,MRT,2013-09-30,2013-09-30,2013-09-30,2021-09-07,-3564100000.0,33965600000.0,33472650000.0,13202200000.0,20763400000.0,0.695,15.642,-939300000.0,4368900000.0,4368900000.0,4769900000.0,4784600000.0,1.635,1.01,5282900000.0,1019100000.0,4263800000.0,5282900000.0,0.0,1439000000.0,0.0,0.039,1.96,5991900000.0,7430900000.0,0.319,7430900000.0,5991900000.0,5991900000.0,4.4,4.38,4.4,16896100000.0,15463325000.0,16896100000.0,58231182789.0,10.0,7.836,4670900000.0,4.324,1.0,18491800000.0,0.795,4455100000.0,0.0,22348400000.0,22141250000.0,2974100000.0,8230600000.0,1010400000.0,7220200000.0,17069500000.0,8076100000.0,8993400000.0,56703682789.0,-950300000.0,-43700000.0,-1919200000.0,1100000.0,-2140000000.0,-4058100000.0,-2502900000.0,-1517800000.0,5610200000.0,500000.0,4784600000.0,4784600000.0,4784600000.0,0.0,0.0,0.206,12499900000.0,5991900000.0,1247400000.0,0.445,3.356,11.851,11.439,7767400000.0,0.0,50.33,2.438,2.337,3995400000.0,17811000000.0,23261700000.0,23261700000.0,5519000000.0,0.143,0.309,0.271,0.258,146300000.0,7149500000.0,1.0,1126637846.0,1080200000.0,,21.535,29510500000.0,0.0,1207300000.0,1732900000.0,27.319,5126100000.0
32,LLY,MRT,2013-06-30,2013-06-30,2013-06-30,2021-09-07,-3948700000.0,33226000000.0,33561500000.0,12639300000.0,20586700000.0,0.683,14.105,-867500000.0,3786500000.0,3786500000.0,4775400000.0,4908100000.0,1.503,1.181,5314000000.0,1023200000.0,4290800000.0,5314000000.0,0.0,1459700000.0,0.0,0.04,1.96,6353200000.0,7812900000.0,0.341,7812900000.0,6353200000.0,6353200000.0,4.47,4.45,4.47,15236400000.0,15253525000.0,15236400000.0,56859699112.0,9.0,7.278,4295400000.0,3.976,1.0,18157000000.0,0.792,4508500000.0,0.0,21836500000.0,22186650000.0,2725400000.0,7485900000.0,924500000.0,6561400000.0,17989600000.0,8408500000.0,9581100000.0,55336699112.0,-559300000.0,0.0,-1919200000.0,1900000.0,-2156500000.0,-4073800000.0,-1691800000.0,-2017800000.0,5162900000.0,43400000.0,4908100000.0,4908100000.0,4908100000.0,0.0,0.0,0.214,11803800000.0,6353200000.0,1141000000.0,0.438,3.632,11.275,10.989,7636700000.0,0.0,49.12,2.413,2.314,4214000000.0,16608600000.0,22932400000.0,22932400000.0,5484400000.0,0.146,0.322,0.286,0.277,144500000.0,7254500000.0,1.0,1126561464.0,1080200000.0,,21.23,28717500000.0,0.0,1445100000.0,2361500000.0,26.585,4230800000.0
33,LLY,MRT,2013-03-31,2013-03-31,2013-03-31,2021-09-07,-4014400000.0,32300100000.0,33208150000.0,12326100000.0,19974000000.0,0.681,13.747,-910600000.0,3936600000.0,3936600000.0,4756900000.0,4625500000.0,1.623,1.16,5459600000.0,1028000000.0,4431600000.0,5459600000.0,0.0,1457800000.0,0.0,0.035,1.96,6024000000.0,7481800000.0,0.331,7481800000.0,6024000000.0,6024000000.0,4.18,4.17,4.18,14955600000.0,15021400000.0,14955600000.0,65935743964.0,11.0,8.813,3921100000.0,3.604,1.0,17846500000.0,0.79,4618600000.0,0.0,21610900000.0,22033425000.0,2576700000.0,6432000000.0,795800000.0,5636200000.0,17344500000.0,7593600000.0,9750900000.0,64423243964.0,-185600000.0,-3900000.0,-1919200000.0,400000.0,-2173900000.0,-4092700000.0,-825400000.0,-1081100000.0,4831700000.0,-99200000.0,4625500000.0,4625500000.0,4625500000.0,0.0,0.0,0.205,11822500000.0,6024000000.0,974400000.0,0.469,4.308,13.928,13.586,7623400000.0,0.0,56.79,2.85,2.733,4029100000.0,16462400000.0,22603400000.0,22603400000.0,5474700000.0,0.139,0.308,0.273,0.267,145800000.0,7318000000.0,1.0,1134411762.0,1087900000.0,,20.777,27681500000.0,0.0,1398500000.0,2443000000.0,25.445,4732500000.0
34,LLY,MRT,2012-12-31,2012-12-31,2012-12-31,2021-09-07,-3797100000.0,34398900000.0,33192675000.0,13038700000.0,21360200000.0,0.681,13.264,-883400000.0,4018800000.0,4018800000.0,4796500000.0,4088600000.0,1.554,1.329,5531300000.0,11900000.0,5519400000.0,5531300000.0,0.0,1462200000.0,0.0,0.04,1.96,5408200000.0,6870400000.0,0.304,6870400000.0,5408200000.0,5408200000.0,3.67,3.66,3.67,14765200000.0,14988150000.0,14765200000.0,57434317645.0,11.0,8.36,4421400000.0,3.972,1.0,17806900000.0,0.788,4752700000.0,0.0,22769200000.0,22058050000.0,2643800000.0,7979400000.0,1665500000.0,6313900000.0,19625000000.0,8389500000.0,11235500000.0,57233517645.0,-1903700000.0,-199300000.0,-721100000.0,-1511100000.0,-2187400000.0,-4419600000.0,-2832800000.0,-2887800000.0,5304800000.0,43900000.0,4088600000.0,4088600000.0,4088600000.0,0.0,0.0,0.181,12398700000.0,5408200000.0,1188300000.0,0.534,3.876,13.998,13.439,7760200000.0,0.0,49.32,2.532,2.429,3888300000.0,16088200000.0,22603400000.0,22603400000.0,5278100000.0,0.123,0.273,0.245,0.239,141500000.0,7513500000.0,1.0,1160452507.0,1113178000.0,1117294000.0,20.305,29646200000.0,0.0,1319600000.0,2525800000.0,26.632,4649200000.0
35,LLY,MRT,2012-09-30,2012-09-30,2012-09-30,2021-09-07,-3535900000.0,34321000000.0,33007900000.0,14038900000.0,20282100000.0,0.687,13.837,-722800000.0,5319200000.0,5319200000.0,4869900000.0,4119500000.0,2.017,1.137,5520000000.0,9100000.0,5510900000.0,5520000000.0,0.0,1436500000.0,0.0,0.041,1.96,5437500000.0,6874000000.0,0.303,6874000000.0,5437500000.0,5437500000.0,3.69,3.69,3.69,16056900000.0,14680750000.0,16056900000.0,56179271011.0,10.0,8.173,4924700000.0,4.244,1.0,17822700000.0,0.785,5031100000.0,0.0,22530000000.0,21532075000.0,2553400000.0,6805000000.0,1580700000.0,5224300000.0,18264100000.0,6960700000.0,11303400000.0,55015771011.0,-1278500000.0,-199300000.0,0.0,-1627800000.0,-2183100000.0,-3805300000.0,-3047100000.0,-3067200000.0,5647500000.0,-73600000.0,4119500000.0,4119500000.0,4119500000.0,0.0,0.0,0.182,12385200000.0,5437500000.0,1328700000.0,0.531,3.426,13.355,12.848,7638900000.0,0.0,47.41,2.424,2.424,3795500000.0,17062200000.0,22692600000.0,22692600000.0,5170300000.0,0.125,0.281,0.253,0.24,137000000.0,7669400000.0,1.0,1160425459.0,1160425459.0,,19.555,29289900000.0,0.0,1318000000.0,1613300000.0,25.241,7078200000.0
36,LLY,MRT,2012-06-30,2012-06-30,2012-06-30,2021-09-07,-3934200000.0,31812600000.0,32688200000.0,12307300000.0,19505300000.0,0.716,12.33,-716500000.0,4345800000.0,4345800000.0,5004400000.0,4029200000.0,1.862,1.223,5509300000.0,9100000.0,5500200000.0,5509300000.0,0.0,1425000000.0,0.0,0.046,1.96,5065300000.0,6490300000.0,0.277,6490300000.0,5065300000.0,5065300000.0,3.62,3.62,3.62,14307900000.0,14431000000.0,14307900000.0,51085020823.0,10.0,7.871,5460100000.0,4.705,1.0,18392800000.0,0.786,5142800000.0,0.0,21223600000.0,20920400000.0,2320800000.0,5463300000.0,915700000.0,4547600000.0,17504700000.0,6609700000.0,10895000000.0,49793420823.0,-1767700000.0,-507100000.0,0.0,-1527400000.0,-2179800000.0,-3701500000.0,-3922700000.0,-2306700000.0,6176600000.0,-320100000.0,4029200000.0,4029200000.0,4029200000.0,0.0,0.0,0.172,13327500000.0,5065300000.0,1201600000.0,0.541,3.48,12.358,11.854,7619900000.0,0.0,42.91,2.128,2.128,3771700000.0,15736200000.0,23397200000.0,23397200000.0,5108400000.0,0.123,0.279,0.242,0.216,139000000.0,7829800000.0,1.0,1160415307.0,1160415307.0,,20.163,26669800000.0,0.0,1036100000.0,1241000000.0,22.983,5697600000.0
37,LLY,MRT,2012-03-31,2012-03-31,2012-03-31,2021-09-07,-3549200000.0,32238200000.0,32929875000.0,12602600000.0,19635600000.0,0.73,12.774,-676000000.0,4122200000.0,4122200000.0,5085700000.0,4302900000.0,1.923,1.175,5413800000.0,10600000.0,5403200000.0,5413800000.0,0.0,1418600000.0,0.0,0.049,1.96,5410900000.0,6829500000.0,0.284,6829500000.0,5410900000.0,5410900000.0,3.86,3.86,3.86,14822600000.0,14423225000.0,14822600000.0,47788281413.0,9.0,6.997,6234900000.0,5.373,1.0,18963600000.0,0.789,5266700000.0,0.0,21709400000.0,20569125000.0,2424200000.0,5323500000.0,802400000.0,4521100000.0,17415600000.0,6553700000.0,10861900000.0,46723781413.0,-2384200000.0,-503200000.0,0.0,-1537400000.0,-2181500000.0,-3713100000.0,-5436000000.0,-3524700000.0,6910900000.0,-146000000.0,4302900000.0,4302900000.0,4302900000.0,0.0,0.0,0.179,13552700000.0,5410900000.0,1246300000.0,0.508,3.152,10.859,10.431,7754600000.0,0.0,40.265,1.943,1.943,3931300000.0,15906700000.0,24049300000.0,24049300000.0,5048300000.0,0.131,0.298,0.263,0.225,140400000.0,7941700000.0,1.0,1160406840.0,1160406840.0,,20.725,26971500000.0,324000000.0,1108000000.0,1547100000.0,23.243,6048900000.0
38,LLY,MRT,2011-12-31,2011-12-31,2011-12-31,2021-09-07,-3858600000.0,33659800000.0,32794150000.0,14248200000.0,19411600000.0,0.741,11.691,-646700000.0,5922500000.0,5922500000.0,5067900000.0,4347700000.0,1.595,1.487,6987000000.0,1522300000.0,5464700000.0,6987000000.0,0.0,1373600000.0,0.0,0.047,1.96,5349500000.0,6723100000.0,0.277,6723100000.0,5349500000.0,5349500000.0,3.9,3.9,3.9,13535600000.0,14202100000.0,13535600000.0,48598894331.0,9.0,7.229,6587800000.0,5.69,1.0,19218600000.0,0.791,5128100000.0,0.0,20665300000.0,20011300000.0,2299800000.0,5004400000.0,974600000.0,4029800000.0,20124200000.0,8930900000.0,11193300000.0,48116594331.0,-70700000.0,-307800000.0,0.0,-195800000.0,-2180100000.0,-2369900000.0,-4824400000.0,-2736800000.0,7234500000.0,-110900000.0,4347700000.0,4347700000.0,4347700000.0,0.0,0.0,0.179,13869100000.0,5349500000.0,1125200000.0,0.503,3.555,11.067,10.656,7760300000.0,0.0,41.56,1.981,1.981,4237900000.0,14897800000.0,24286500000.0,24286500000.0,5020800000.0,0.133,0.306,0.267,0.22,147400000.0,7879900000.0,1.0,1157762135.0,1157762135.0,,20.977,28531700000.0,0.0,1001800000.0,1770200000.0,24.644,5317300000.0
39,LLY,MRT,2011-09-30,2011-09-30,2011-09-30,2021-09-07,-2505400000.0,33042200000.0,32129550000.0,14572700000.0,18469500000.0,0.76,13.007,-642400000.0,6597700000.0,6597700000.0,4978400000.0,4659100000.0,1.773,1.194,7080000000.0,1628700000.0,5451300000.0,7080000000.0,0.0,1393200000.0,0.0,0.053,1.96,5717300000.0,7110500000.0,0.291,7110500000.0,5717300000.0,5717300000.0,4.18,4.18,4.18,15057900000.0,13921400000.0,15057900000.0,43414850684.0,8.0,6.106,6875500000.0,5.939,1.0,19448500000.0,0.796,5221900000.0,0.0,20083300000.0,19892225000.0,2513300000.0,3406200000.0,186600000.0,3219600000.0,17984300000.0,8219300000.0,9765000000.0,42799750684.0,688900000.0,-588500000.0,0.0,-84600000.0,-2180300000.0,-2268600000.0,-4512100000.0,-2091300000.0,7517900000.0,-48300000.0,4659100000.0,4659100000.0,4659100000.0,0.0,0.0,0.191,13731200000.0,5717300000.0,1154300000.0,0.469,2.842,9.186,8.844,7812200000.0,0.0,36.97,1.752,1.752,4097600000.0,15125900000.0,24426900000.0,24426900000.0,5103600000.0,0.145,0.335,0.287,0.234,166500000.0,7735200000.0,1.0,1157688685.0,1157688685.0,,21.1,27820300000.0,378400000.0,1058200000.0,1203200000.0,24.031,6353400000.0
40,LLY,MRT,2011-06-30,2011-06-30,2011-06-30,2021-09-07,-2009900000.0,32779300000.0,31345075000.0,14950300000.0,17829000000.0,0.764,12.332,-630800000.0,6113500000.0,6113500000.0,4627900000.0,4725700000.0,1.734,1.296,6728600000.0,1528500000.0,5200100000.0,6728600000.0,0.0,1379700000.0,0.0,0.052,1.96,5886100000.0,7265800000.0,0.304,7265800000.0,5886100000.0,5886100000.0,4.25,4.25,4.25,14276800000.0,13260200000.0,14276800000.0,43613121831.0,7.0,6.003,6572800000.0,5.678,1.0,19305900000.0,0.807,4955400000.0,0.0,19818500000.0,20053075000.0,2870200000.0,3159300000.0,216300000.0,2943000000.0,18502300000.0,8620500000.0,9881800000.0,43447221831.0,950000000.0,-461000000.0,0.0,-58500000.0,-2184700000.0,-2221500000.0,-4292300000.0,-2143900000.0,7203600000.0,260200000.0,4725700000.0,4725700000.0,4725700000.0,0.0,0.0,0.197,13419800000.0,5886100000.0,1187600000.0,0.461,3.043,9.194,8.831,7953700000.0,0.0,37.53,1.815,1.815,4446500000.0,13888200000.0,23933800000.0,23933800000.0,5042500000.0,0.151,0.356,0.294,0.246,177000000.0,7512300000.0,1.0,1157666449.0,1157666449.0,,20.674,27823900000.0,436500000.0,1160400000.0,1466100000.0,24.034,6329800000.0
41,LLY,MRT,2011-03-31,2011-03-31,2011-03-31,2021-09-07,-2188800000.0,31695300000.0,30081025000.0,15354300000.0,16341000000.0,0.779,12.04,-646000000.0,6506400000.0,6506400000.0,4423800000.0,4877300000.0,2.007,1.274,6672300000.0,1539900000.0,5132400000.0,6672300000.0,0.0,1369700000.0,0.0,0.056,1.96,6091300000.0,7461000000.0,0.318,7461000000.0,6091300000.0,6091300000.0,4.4,4.4,4.4,13938100000.0,12251375000.0,13938100000.0,41648370277.0,7.0,5.582,6428900000.0,5.553,1.0,19005900000.0,0.811,4731300000.0,0.0,19478100000.0,19870425000.0,2767200000.0,2105400000.0,206700000.0,1898700000.0,17761100000.0,7651800000.0,10109300000.0,40715070277.0,1781200000.0,-609400000.0,0.0,-38900000.0,-2169300000.0,-2188700000.0,-3147900000.0,-789400000.0,7074900000.0,42900000.0,4877300000.0,4877300000.0,4877300000.0,0.0,0.0,0.208,12914600000.0,6091300000.0,1183200000.0,0.445,2.921,8.348,7.993,7967700000.0,0.0,35.17,1.738,1.738,4183100000.0,13785300000.0,23429700000.0,23429700000.0,4969100000.0,0.162,0.398,0.307,0.26,195200000.0,7224700000.0,1.0,1157664779.0,1157664779.0,,20.239,26964000000.0,550100000.0,1214000000.0,1539500000.0,23.292,7702500000.0
42,LLY,MRT,2010-12-31,2010-12-31,2010-12-31,2021-09-07,-2670100000.0,31001400000.0,28956650000.0,14840000000.0,16161400000.0,0.797,10.764,-669700000.0,5993200000.0,5993200000.0,4366200000.0,5069500000.0,2.142,1.498,6926500000.0,156000000.0,6770500000.0,6926500000.0,0.0,1328200000.0,0.0,0.056,1.96,6525200000.0,7853400000.0,0.34,7853400000.0,6525200000.0,6525200000.0,4.58,4.58,4.58,12412800000.0,11381750000.0,12412800000.0,41634441617.0,6.0,5.301,6187100000.0,5.365,1.0,18709800000.0,0.811,4818800000.0,0.0,20189000000.0,19867100000.0,2517700000.0,2513300000.0,733800000.0,1779500000.0,18588600000.0,6926900000.0,11661700000.0,40406141617.0,1530300000.0,-609400000.0,0.0,124000000.0,-2165300000.0,-2021900000.0,-3159800000.0,-1169000000.0,6856800000.0,-144800000.0,5069500000.0,5069500000.0,5069500000.0,0.0,0.0,0.22,12184600000.0,6525200000.0,1072200000.0,0.428,3.255,7.97,7.651,7940700000.0,0.0,35.04,1.751,1.751,4158100000.0,12732600000.0,23076000000.0,23076000000.0,4884200000.0,0.175,0.445,0.328,0.283,231000000.0,7053400000.0,1.0,1153143311.0,1153143311.0,,20.011,26182600000.0,828300000.0,1455700000.0,1692300000.0,22.705,7913100000.0
43,LLY,MRT,2010-09-30,2010-09-30,2010-09-30,2021-09-07,-2529800000.0,29904300000.0,28071525000.0,14184300000.0,15720000000.0,0.813,10.765,-682500000.0,5908800000.0,5908800000.0,4565300000.0,4815300000.0,2.326,1.41,7137100000.0,155100000.0,6982000000.0,7137100000.0,0.0,1365500000.0,0.0,0.054,1.96,6252800000.0,7618300000.0,0.334,7618300000.0,6252800000.0,6252800000.0,4.36,4.36,4.36,12413100000.0,10659475000.0,12413100000.0,43849615561.0,7.0,5.756,5964800000.0,5.173,1.0,18257900000.0,0.8,4308500000.0,0.0,20726700000.0,19667900000.0,2679600000.0,1571500000.0,231300000.0,1340200000.0,17498800000.0,6097400000.0,11401400000.0,42124215561.0,2060600000.0,-328700000.0,0.0,-469400000.0,-2160900000.0,-2600800000.0,-1849600000.0,-175900000.0,6647300000.0,-136300000.0,4815300000.0,4815300000.0,4815300000.0,0.0,0.0,0.211,12005100000.0,6252800000.0,1034700000.0,0.45,3.394,8.748,8.378,7941900000.0,0.0,36.53,1.846,1.846,3874800000.0,12647100000.0,22823200000.0,22823200000.0,4662800000.0,0.172,0.452,0.318,0.274,279300000.0,7018000000.0,1.0,1153140311.0,1153140311.0,,19.792,25595800000.0,297800000.0,1437500000.0,1669300000.0,22.197,8086900000.0
44,LLY,MRT,2010-06-30,2010-06-30,2010-06-30,2021-09-07,-3307600000.0,27723100000.0,27377425000.0,12466400000.0,15256700000.0,0.83,8.881,-692700000.0,5163500000.0,5163500000.0,4629600000.0,4454200000.0,1.971,1.708,6888900000.0,26700000.0,6862200000.0,6888900000.0,0.0,1330500000.0,0.0,0.059,1.96,5651000000.0,6981500000.0,0.307,6981500000.0,5651000000.0,5651000000.0,4.04,4.04,4.04,10241500000.0,10032350000.0,10241500000.0,40586408124.0,7.0,5.813,5501200000.0,4.771,1.0,18100800000.0,0.796,4036000000.0,0.0,19087900000.0,19702600000.0,2174400000.0,1097800000.0,33100000.0,1064700000.0,17487800000.0,6324600000.0,11163200000.0,38630208124.0,1841200000.0,-148400000.0,0.0,-1012000000.0,-2152200000.0,-3120200000.0,-993400000.0,500400000.0,6193900000.0,-239100000.0,4454200000.0,4454200000.0,4454200000.0,0.0,0.0,0.196,12449800000.0,5651000000.0,950300000.0,0.485,3.772,8.673,8.292,7784400000.0,0.0,33.5,1.699,1.699,3653000000.0,11343700000.0,22730400000.0,22730400000.0,4565100000.0,0.163,0.444,0.287,0.249,336300000.0,7024900000.0,1.0,1153140541.0,1153140541.0,,19.712,23687100000.0,314400000.0,1196800000.0,1743300000.0,20.541,6141800000.0
45,LLY,MRT,2010-03-31,2010-03-31,2010-03-31,2021-09-07,-2776900000.0,27197800000.0,27179525000.0,12252400000.0,14945400000.0,0.82,9.07,-715400000.0,4725200000.0,4725200000.0,4553100000.0,4263800000.0,2.166,1.6,6681400000.0,20100000.0,6661300000.0,6681400000.0,0.0,1290900000.0,0.0,0.054,1.96,5382200000.0,6673100000.0,0.3,6673100000.0,5382200000.0,5382200000.0,3.88,3.88,3.88,10459600000.0,9612750000.0,10459600000.0,43966127547.0,8.0,6.589,4490200000.0,3.894,1.0,17721400000.0,0.796,4031600000.0,0.0,19464800000.0,20068750000.0,2471100000.0,1132400000.0,33200000.0,1099200000.0,16735500000.0,5657600000.0,11077900000.0,41766927547.0,1412100000.0,0.0,0.0,-1588500000.0,-2154500000.0,-3700300000.0,-137100000.0,804300000.0,5205600000.0,43900000.0,4263800000.0,4263800000.0,4263800000.0,0.0,0.0,0.191,12339200000.0,5382200000.0,964000000.0,0.505,3.993,9.796,9.335,7987000000.0,0.0,36.22,1.875,1.875,3729900000.0,11077200000.0,22274500000.0,22274500000.0,4418300000.0,0.157,0.444,0.268,0.242,376100000.0,6977700000.0,1.0,1153145432.0,1153145432.0,,19.316,23166200000.0,275200000.0,1118400000.0,1411600000.0,20.09,6594800000.0
46,LLY,MRT,2009-12-31,2009-12-31,2009-12-31,2021-09-07,-2471900000.0,27460900000.0,27029275000.0,12486500000.0,14974400000.0,0.808,8.289,-747300000.0,4462900000.0,4462900000.0,4247000000.0,4328800000.0,1.901,1.883,6662100000.0,27400000.0,6634700000.0,6662100000.0,0.0,1297800000.0,0.0,0.055,1.96,5357800000.0,6655600000.0,0.305,6655600000.0,5357800000.0,5357800000.0,3.94,3.94,3.94,9523700000.0,8928100000.0,9523700000.0,44575590083.0,8.0,6.697,3588200000.0,3.123,1.0,17589000000.0,0.806,3699800000.0,0.0,19392200000.0,20337975000.0,2849900000.0,1190500000.0,34700000.0,1155800000.0,17935600000.0,6568100000.0,11367500000.0,41031590083.0,-1033800000.0,0.0,0.0,-3424200000.0,-2152100000.0,-5533700000.0,142800000.0,1074600000.0,4335500000.0,21600000.0,4328800000.0,4328800000.0,4328800000.0,0.0,0.0,0.198,12231200000.0,5357800000.0,968100000.0,0.497,4.308,9.479,9.063,8197400000.0,0.0,35.71,1.879,1.879,3831800000.0,9830400000.0,21836000000.0,21836000000.0,4326500000.0,0.16,0.485,0.263,0.245,368500000.0,6892500000.0,1.0,1149022405.0,1149022405.0,,19.004,23761100000.0,714300000.0,1029000000.0,1435100000.0,20.679,5918400000.0
47,LLY,MRT,2009-09-30,2009-09-30,2009-09-30,2021-09-07,-2175400000.0,27127900000.0,27467200000.0,11810000000.0,15317900000.0,0.768,8.62,-758200000.0,3848200000.0,3848200000.0,3725000000.0,-216000000.0,1.946,1.739,7392200000.0,622500000.0,6769700000.0,7392200000.0,0.0,1202300000.0,0.0,0.059,1.94,883200000.0,2085500000.0,0.099,2085500000.0,883200000.0,883200000.0,-0.19,-0.19,-0.19,9904600000.0,8231000000.0,9904600000.0,42352780475.0,48.0,20.308,3939200000.0,3.428,1.0,17381200000.0,0.824,3738900000.0,0.0,20865500000.0,19774700000.0,3128200000.0,1254700000.0,80900000.0,1173800000.0,17222900000.0,6067500000.0,11155400000.0,37952180475.0,-505400000.0,-6038600000.0,0.0,1984300000.0,-2127600000.0,-108000000.0,-5069200000.0,1997800000.0,4697400000.0,-25600000.0,-216000000.0,-216000000.0,-216000000.0,0.0,0.0,-0.01,16498000000.0,883200000.0,887700000.0,-10.211,3.832,-175.705,-173.842,8232700000.0,0.0,33.03,1.798,1.798,3482900000.0,9992700000.0,21106200000.0,21106200000.0,4169100000.0,-0.008,-0.026,0.045,0.042,327000000.0,6665800000.0,1.0,1149021510.0,1149021510.0,,18.369,23389000000.0,263700000.0,1099200000.0,1367700000.0,20.356,5742500000.0
48,LLY,MRT,2009-06-30,2009-06-30,2009-06-30,2021-09-07,-2466800000.0,26931500000.0,27612000000.0,10935300000.0,15996200000.0,0.752,7.453,-804800000.0,3322300000.0,3322300000.0,3828300000.0,-1623400000.0,1.565,2.145,7722900000.0,1034900000.0,6688000000.0,7722900000.0,0.0,1175900000.0,0.0,0.055,1.92,-419100000.0,756800000.0,0.036,756800000.0,-419100000.0,-419100000.0,-1.48,-1.48,-1.48,8563100000.0,9190250000.0,8563100000.0,44962397128.0,-107.0,59.411,4718500000.0,4.107,1.0,16925400000.0,0.816,3790300000.0,0.0,20552500000.0,19347575000.0,2999700000.0,1407100000.0,168100000.0,1239000000.0,18371500000.0,6989300000.0,11382200000.0,39801897128.0,454000000.0,-6083000000.0,0.0,2354600000.0,-2111300000.0,239400000.0,-5065300000.0,2080100000.0,5523300000.0,-243400000.0,-1623400000.0,-1623400000.0,-1623400000.0,0.0,0.0,-0.078,17344500000.0,-419100000.0,918600000.0,-1.297,4.648,-24.518,-23.405,8594300000.0,0.0,34.64,1.918,1.918,3329900000.0,9049500000.0,20753700000.0,20753700000.0,4000000000.0,-0.059,-0.177,-0.022,-0.02,300900000.0,6613200000.0,1.0,1149015506.0,1149015506.0,,18.062,23141200000.0,290600000.0,1204300000.0,1391800000.0,20.14,3946000000.0
49,LLY,MRT,2009-03-31,2009-03-31,2009-03-31,2021-09-07,-3130300000.0,26596800000.0,27817125000.0,10260400000.0,16336400000.0,0.741,6.72,-894300000.0,3313100000.0,3313100000.0,4081800000.0,-1823100000.0,1.395,2.444,8473600000.0,1602800000.0,6870800000.0,8473600000.0,0.0,1151400000.0,0.0,0.057,1.9,-680500000.0,470900000.0,0.023,470900000.0,-680500000.0,-680500000.0,-1.66,-1.66,-1.66,7721000000.0,10733975000.0,7721000000.0,43353920618.0,-64.0,92.066,4786600000.0,4.166,1.0,16529500000.0,0.802,3857900000.0,0.0,20541700000.0,19684775000.0,2549000000.0,1559000000.0,195200000.0,1363800000.0,18872000000.0,7357700000.0,11514300000.0,38388620618.0,167700000.0,-6083000000.0,0.0,2909600000.0,-2079900000.0,827500000.0,-6007500000.0,1267000000.0,5680900000.0,-333200000.0,-1823100000.0,-1823100000.0,-1823100000.0,0.0,0.0,-0.088,17210000000.0,-680500000.0,1022700000.0,-1.145,4.972,-21.057,-20.127,8450200000.0,0.0,33.41,1.863,1.863,3159900000.0,8967900000.0,20611300000.0,20611300000.0,3911100000.0,-0.066,-0.17,-0.035,-0.033,262900000.0,6605100000.0,1.0,1149015882.0,1149015882.0,,17.938,22738900000.0,391200000.0,1142600000.0,1724500000.0,19.79,2902700000.0
50,LLY,MRT,2008-12-31,2008-12-31,2008-12-31,2021-09-07,-2786800000.0,29212600000.0,27994725000.0,12453300000.0,16759300000.0,0.728,5.924,-921500000.0,5496700000.0,5496700000.0,4376700000.0,-2071900000.0,0.95,3.337,10462000000.0,5846300000.0,4615700000.0,10462000000.0,0.0,1122600000.0,0.0,0.047,1.88,-1307600000.0,-185000000.0,-0.009,-185000000.0,-1307600000.0,-1307600000.0,-1.89,-1.89,-1.89,6735300000.0,12491150000.0,6735300000.0,46043610720.0,-35.0,-248.884,6374100000.0,5.606,1.0,15995200000.0,0.785,3929100000.0,0.0,17139100000.0,20092300000.0,2493200000.0,1974000000.0,429400000.0,1544600000.0,22474900000.0,13109700000.0,9365200000.0,45785110720.0,2276200000.0,-6083000000.0,0.0,4410800000.0,-2056700000.0,2346000000.0,-7268800000.0,142500000.0,7295600000.0,-96600000.0,-2071900000.0,-2071900000.0,-2071900000.0,0.0,0.0,-0.102,17302800000.0,-1307600000.0,885800000.0,-0.995,6.798,-22.098,-21.307,8626300000.0,0.0,40.27,2.247,2.247,3277300000.0,7654900000.0,20371900000.0,20371900000.0,3840900000.0,-0.074,-0.166,-0.065,-0.064,255300000.0,6626400000.0,1.0,1136953333.0,1136953333.0,,17.918,25283500000.0,382100000.0,764300000.0,1210100000.0,22.238,-656400000.0
51,LLY,MRT,2008-09-30,2008-09-30,2008-09-30,2021-09-07,-395900000.0,27707100000.0,27410275000.0,12945800000.0,14761300000.0,0.743,12.086,-1005900000.0,4353600000.0,4353600000.0,4740200000.0,2411900000.0,1.989,1.016,4612100000.0,426500000.0,4185600000.0,4612100000.0,0.0,1117100000.0,0.0,0.042,1.835,3082100000.0,4199200000.0,0.206,4199200000.0,3082100000.0,3082100000.0,2.2,2.2,2.2,13741600000.0,14183300000.0,13741600000.0,51805415545.0,17.0,12.337,6138900000.0,5.399,1.0,15616900000.0,0.767,2298800000.0,0.0,19157000000.0,20999850000.0,2111600000.0,2951800000.0,1765200000.0,1186600000.0,13965500000.0,6509800000.0,7455700000.0,50059915545.0,1858100000.0,-50100000.0,-21600000.0,-428500000.0,-2005300000.0,-2441900000.0,-2866600000.0,-1434900000.0,7144800000.0,21800000.0,2411900000.0,2411900000.0,2411900000.0,0.0,0.0,0.118,12566900000.0,3050000000.0,854400000.0,0.834,3.643,20.755,20.014,8262100000.0,0.0,44.03,2.459,2.459,3259000000.0,12336300000.0,20357100000.0,20357100000.0,3735200000.0,0.088,0.17,0.147,0.151,260200000.0,6655600000.0,1.0,1136950160.0,1136950160.0,,17.905,25408300000.0,631400000.0,670200000.0,1618700000.0,22.348,6436000000.0
52,LLY,MRT,2008-06-30,2008-06-30,2008-06-30,2021-09-07,214100000.0,27752000000.0,26726875000.0,12677100000.0,15074900000.0,0.738,12.962,-1015100000.0,2868300000.0,2868300000.0,4639600000.0,3803800000.0,2.411,0.883,4613800000.0,68000000.0,4545800000.0,4613800000.0,0.0,1099300000.0,0.0,0.039,1.79,4493300000.0,5592600000.0,0.283,5592600000.0,4493300000.0,4493300000.0,3.48,3.48,3.48,14738000000.0,13984625000.0,14738000000.0,54058653906.0,12.0,9.666,5442600000.0,4.787,1.0,15094800000.0,0.765,2337400000.0,0.0,21901300000.0,21442375000.0,2546400000.0,3372500000.0,2301700000.0,1070800000.0,13014000000.0,5258800000.0,7755200000.0,52482753906.0,647800000.0,-93300000.0,0.0,-496900000.0,-1948300000.0,-2449300000.0,-3593900000.0,-2079600000.0,6457700000.0,233300000.0,3803800000.0,3803800000.0,3803800000.0,0.0,0.0,0.193,10683400000.0,4411400000.0,810700000.0,0.514,3.561,13.797,13.264,8670500000.0,0.0,46.16,2.659,2.659,3477200000.0,12800400000.0,19734400000.0,19734400000.0,3626700000.0,0.142,0.272,0.21,0.228,261600000.0,6484200000.0,1.0,1136974738.0,1136974738.0,,17.357,25414600000.0,622500000.0,689500000.0,1537900000.0,22.353,7418300000.0
53,LLY,MRT,2008-03-31,2008-03-31,2008-03-31,2021-09-07,207000000.0,27307200000.0,25802775000.0,12553400000.0,14753800000.0,0.745,12.973,-994900000.0,3145400000.0,3145400000.0,4437600000.0,3508600000.0,2.897,0.851,4721300000.0,73000000.0,4648300000.0,4721300000.0,0.0,1080300000.0,0.0,0.034,1.745,4213700000.0,5294000000.0,0.276,5294000000.0,4213700000.0,4213700000.0,3.21,3.21,3.21,14749700000.0,13190125000.0,14749700000.0,60443757079.0,14.0,11.417,4970400000.0,4.372,1.0,14777400000.0,0.769,2378500000.0,0.0,22171800000.0,20925500000.0,2594400000.0,2885200000.0,2289100000.0,596100000.0,12557500000.0,4332800000.0,8224700000.0,58657057079.0,654000000.0,-447600000.0,-7600000.0,-756700000.0,-1904300000.0,-2650400000.0,-2906800000.0,-1090200000.0,5965300000.0,245900000.0,3508600000.0,3508600000.0,3508600000.0,0.0,0.0,0.183,10647400000.0,4130000000.0,789800000.0,0.544,3.977,16.718,16.072,8662100000.0,0.0,51.59,3.053,3.053,3370100000.0,12873300000.0,19215000000.0,19215000000.0,3529600000.0,0.136,0.266,0.201,0.219,267800000.0,6308800000.0,1.0,1136985018.0,1136985018.0,,16.9,24928700000.0,624600000.0,705100000.0,1570800000.0,21.925,8220600000.0
54,LLY,MRT,2007-12-31,2007-12-31,2007-12-31,2021-09-07,13200000.0,26874800000.0,24909300000.0,12316100000.0,14558700000.0,0.748,11.905,-1050100000.0,3220500000.0,3220500000.0,4248800000.0,2953000000.0,2.265,0.99,5007200000.0,413700000.0,4593500000.0,5007200000.0,0.0,1047900000.0,0.0,0.032,1.7,3876800000.0,4924700000.0,0.264,4924700000.0,3876800000.0,3876800000.0,2.71,2.71,2.71,13503900000.0,12386175000.0,13503900000.0,63039759378.0,16.0,12.801,4104400000.0,3.618,1.0,14384700000.0,0.772,2455400000.0,0.0,20769300000.0,20390675000.0,2523700000.0,2187800000.0,1610700000.0,577100000.0,13370900000.0,5436800000.0,7934100000.0,60560959378.0,111200000.0,-2673200000.0,0.0,984600000.0,-1853600000.0,-844900000.0,-4328100000.0,-327500000.0,5154500000.0,129700000.0,2953000000.0,2953000000.0,2953000000.0,0.0,0.0,0.158,10629900000.0,3754800000.0,924400000.0,0.627,4.485,20.508,19.701,8575100000.0,0.0,53.39,3.25,3.25,3704800000.0,11806700000.0,18633500000.0,18633500000.0,3486700000.0,0.119,0.238,0.19,0.208,282000000.0,6095100000.0,1.0,1134312781.0,1134312781.0,,16.427,24419400000.0,642800000.0,923800000.0,1722600000.0,21.528,6879300000.0
55,LLY,MRT,2007-09-30,2007-09-30,2007-09-30,2021-09-07,-767600000.0,24973500000.0,23701200000.0,10453700000.0,14519800000.0,0.746,11.414,-1060500000.0,2495500000.0,2495500000.0,3995000000.0,2230900000.0,2.567,0.929,4974300000.0,442100000.0,4532200000.0,4974300000.0,0.0,946700000.0,0.0,0.029,1.675,3039500000.0,3986200000.0,0.225,3986200000.0,3039500000.0,3039500000.0,2.05,2.05,2.05,12946900000.0,11715250000.0,12946900000.0,67392426693.0,22.0,16.906,3722000000.0,3.281,1.0,13694200000.0,0.774,2453600000.0,0.0,20927100000.0,19514075000.0,2498000000.0,1640900000.0,1070300000.0,570600000.0,12026600000.0,4071600000.0,7955000000.0,64574726693.0,325600000.0,-2667500000.0,37000000.0,-178900000.0,-1824600000.0,-1959100000.0,-2609000000.0,1173400000.0,4782500000.0,111200000.0,2230900000.0,2230900000.0,2230900000.0,0.0,0.0,0.126,10847300000.0,2846900000.0,744900000.0,0.817,4.988,28.946,27.771,8440700000.0,0.0,56.93,3.651,3.651,2938700000.0,12090100000.0,17689200000.0,17689200000.0,3391100000.0,0.094,0.19,0.156,0.172,299500000.0,5650100000.0,1.0,1134282921.0,1134282921.0,,15.595,22519900000.0,380900000.0,808600000.0,1266000000.0,19.854,6382100000.0
56,LLY,MRT,2007-06-30,2007-06-30,2007-06-30,2021-09-07,-1142000000.0,24055600000.0,23436175000.0,9561300000.0,14494300000.0,0.724,10.194,-1106100000.0,2220500000.0,2220500000.0,3800800000.0,2178200000.0,2.104,1.081,5038200000.0,464200000.0,4574000000.0,5038200000.0,0.0,895400000.0,0.0,0.03,1.65,2966900000.0,3862300000.0,0.228,3862300000.0,2966900000.0,2966900000.0,2.0,2.0,2.0,11560000000.0,11742200000.0,11560000000.0,66237133066.0,22.0,17.15,3407900000.0,3.005,1.0,13165700000.0,0.776,2494300000.0,0.0,19833800000.0,19969350000.0,2330000000.0,1336800000.0,783900000.0,552900000.0,12495600000.0,4545200000.0,7950400000.0,63370333066.0,-449200000.0,-2579900000.0,45700000.0,-1569800000.0,-1798200000.0,-3292000000.0,-1741600000.0,1952000000.0,4514000000.0,70400000.0,2178200000.0,2178200000.0,2178200000.0,0.0,0.0,0.128,10397600000.0,2768100000.0,719300000.0,0.825,5.482,29.093,27.94,8309700000.0,0.0,55.88,3.735,3.735,2814200000.0,11163100000.0,16966500000.0,16966500000.0,3302300000.0,0.093,0.186,0.149,0.175,303200000.0,5370500000.0,1.0,1134043183.0,1134043183.0,,14.961,21561300000.0,494900000.0,788700000.0,1271900000.0,19.013,5016100000.0
57,LLY,MRT,2007-03-31,2007-03-31,2007-03-31,2021-09-07,-1357000000.0,23733300000.0,23531175000.0,9246000000.0,14487300000.0,0.689,10.171,-1091300000.0,2491400000.0,2491400000.0,3662500000.0,2336600000.0,2.227,1.058,5358200000.0,734000000.0,4624200000.0,5358200000.0,0.0,842000000.0,0.0,0.03,1.625,3080700000.0,3922700000.0,0.242,3922700000.0,3080700000.0,3080700000.0,2.15,2.15,2.15,11533900000.0,11834325000.0,11533900000.0,61513478708.0,20.0,15.681,3521900000.0,3.106,1.0,12539900000.0,0.774,2415300000.0,0.0,20032500000.0,20870200000.0,2277800000.0,1817900000.0,872500000.0,945400000.0,12199400000.0,4152300000.0,8047100000.0,60908978708.0,33100000.0,-2225600000.0,59400000.0,-1297100000.0,-1765700000.0,-2994900000.0,-1675200000.0,1579600000.0,4613200000.0,90000000.0,2336600000.0,2336600000.0,2336600000.0,0.0,0.0,0.144,9703100000.0,2836800000.0,606000000.0,0.756,5.281,26.067,24.981,8209100000.0,0.0,53.71,3.759,3.759,2706600000.0,11427200000.0,16202400000.0,16202400000.0,3222700000.0,0.099,0.197,0.148,0.19,331800000.0,5083700000.0,1.0,1134034234.0,1134034234.0,,14.287,21318000000.0,507100000.0,744100000.0,1357100000.0,18.798,5093700000.0
58,LLY,MRT,2006-12-31,2006-12-31,2006-12-31,2021-09-07,-1388700000.0,22042400000.0,23634575000.0,9753600000.0,12288800000.0,0.664,9.562,-1012600000.0,3109300000.0,3109300000.0,3546500000.0,2662700000.0,1.856,1.037,3713800000.0,219400000.0,3494400000.0,3713800000.0,0.0,801800000.0,0.0,0.031,1.6,3418000000.0,4219800000.0,0.269,4219800000.0,3418000000.0,3418000000.0,2.45,2.45,2.45,10820200000.0,11874400000.0,10820200000.0,61673358349.0,18.0,14.615,2963300000.0,2.619,1.0,12144500000.0,0.774,130000000.0,0.0,17262900000.0,21739800000.0,2270300000.0,1783600000.0,781700000.0,1001900000.0,11222200000.0,5254000000.0,5968200000.0,58955758349.0,102600000.0,0.0,-62500000.0,-2789900000.0,-1736300000.0,-4578800000.0,608400000.0,1442000000.0,3975900000.0,97100000.0,2662700000.0,2662700000.0,2662700000.0,0.0,0.0,0.17,8964300000.0,3180200000.0,789400000.0,0.653,5.449,22.141,21.265,8152300000.0,0.0,52.1,3.757,3.757,2694400000.0,10766200000.0,15691000000.0,15691000000.0,3129300000.0,0.113,0.224,0.157,0.218,359300000.0,4889800000.0,1.0,1131588452.0,1131588452.0,,13.866,21912400000.0,578400000.0,755300000.0,702800000.0,19.364,4499600000.0
59,LLY,MRT,2006-09-30,2006-09-30,2006-09-30,2021-09-07,12400000.0,23913400000.0,24269175000.0,9771200000.0,14142200000.0,0.631,11.549,-1076300000.0,2169900000.0,2169900000.0,3425700000.0,3231000000.0,2.517,0.832,4887500000.0,334200000.0,4553300000.0,4887500000.0,0.0,853300000.0,0.0,0.028,1.58,4075700000.0,4929000000.0,0.322,4929000000.0,4075700000.0,4075700000.0,2.97,2.97,2.97,13054700000.0,11867325000.0,13054700000.0,68079631372.0,17.0,13.812,1856200000.0,1.642,1.0,11899100000.0,0.776,0.0,0.0,22748200000.0,23013075000.0,2199800000.0,2743100000.0,1448600000.0,1294500000.0,10858700000.0,3882800000.0,6975900000.0,64432731372.0,-2799800000.0,0.0,-421100000.0,-1607600000.0,-1710700000.0,-3726500000.0,-2055800000.0,-966700000.0,2932500000.0,50000000.0,3231000000.0,3231000000.0,3231000000.0,0.0,0.0,0.211,8021700000.0,3877400000.0,630600000.0,0.532,4.936,19.942,19.192,8215400000.0,0.0,57.0,4.204,4.204,2477500000.0,11692500000.0,15324800000.0,15324800000.0,3081200000.0,0.133,0.272,0.177,0.266,368300000.0,4768600000.0,1.0,1130398796.0,1130398796.0,,13.557,23913400000.0,731200000.0,844700000.0,1573000000.0,21.155,5888400000.0
60,LLY,MRT,2006-06-30,2006-06-30,2006-06-30,2021-09-07,-120000000.0,24435600000.0,24491675000.0,10588600000.0,13847000000.0,0.615,10.555,-1059200000.0,2669700000.0,2669700000.0,3411000000.0,3151800000.0,2.279,1.049,6316600000.0,738600000.0,5578000000.0,6316600000.0,0.0,823000000.0,0.0,0.028,1.56,3988400000.0,4811400000.0,0.319,4811400000.0,3988400000.0,3988400000.0,2.9,2.9,2.9,11928500000.0,11449475000.0,11928500000.0,66352526221.0,17.0,13.791,317700000.0,0.281,1.0,11650800000.0,0.774,0.0,0.0,23437200000.0,22639125000.0,2099200000.0,3208800000.0,1921000000.0,1287800000.0,12507100000.0,4645300000.0,7861800000.0,62462326221.0,-1972700000.0,0.0,-415100000.0,1797300000.0,-1698300000.0,-284000000.0,-3099700000.0,-1958900000.0,1376900000.0,34100000.0,3151800000.0,3151800000.0,3151800000.0,0.0,0.0,0.209,7889700000.0,3761100000.0,648900000.0,0.538,5.236,19.818,19.059,8088000000.0,0.0,55.27,4.147,4.147,2516800000.0,10817600000.0,15061800000.0,15061800000.0,3076500000.0,0.129,0.275,0.176,0.265,386600000.0,4641300000.0,1.0,1130130744.0,1130130744.0,,13.327,24435600000.0,648900000.0,836600000.0,1460300000.0,21.622,5943300000.0
61,LLY,MRT,2006-03-31,2006-03-31,2006-03-31,2021-09-07,-290400000.0,24146900000.0,24237675000.0,10360600000.0,13786300000.0,0.613,10.349,-1205500000.0,2458300000.0,2458300000.0,3421700000.0,2077800000.0,2.289,1.065,6348500000.0,736000000.0,5612500000.0,6348500000.0,0.0,772600000.0,0.0,0.028,1.54,2807800000.0,3580400000.0,0.241,3580400000.0,2807800000.0,2807800000.0,1.91,1.91,1.91,11694200000.0,11034500000.0,11694200000.0,65979536674.0,23.0,18.428,157800000.0,0.14,1.0,11440900000.0,0.77,0.0,0.0,23510900000.0,21027550000.0,1969100000.0,3363800000.0,2045400000.0,1318400000.0,12452700000.0,4526200000.0,7926500000.0,62488036674.0,-3149400000.0,0.0,-398800000.0,1798000000.0,-1675200000.0,-235700000.0,-4211100000.0,-2804700000.0,1363300000.0,-65900000.0,2077800000.0,2077800000.0,2077800000.0,0.0,0.0,0.14,8858900000.0,2582000000.0,637700000.0,0.806,5.344,30.074,28.953,7946300000.0,0.0,55.3,4.204,4.204,2491000000.0,10865000000.0,14862600000.0,14862600000.0,3064100000.0,0.086,0.188,0.134,0.189,395500000.0,4549500000.0,1.0,1129982580.0,1129982580.0,,13.153,24146900000.0,661100000.0,730000000.0,1643400000.0,21.369,5834400000.0
62,LLY,MRT,2005-12-31,2005-12-31,2005-12-31,2021-09-07,-420600000.0,24580800000.0,24010875000.0,10795800000.0,13785000000.0,0.61,9.495,-1287000000.0,3006700000.0,3006700000.0,3474200000.0,1979600000.0,1.889,1.278,6498200000.0,734700000.0,5763500000.0,6498200000.0,0.0,726400000.0,0.0,0.027,1.52,2695500000.0,3421900000.0,0.234,3421900000.0,2695500000.0,2695500000.0,1.82,1.81,1.82,10791900000.0,11010400000.0,10791900000.0,65862289442.0,24.0,19.247,626600000.0,0.551,1.0,11171100000.0,0.763,0.0,0.0,22356000000.0,19359925000.0,1878000000.0,3327600000.0,2031000000.0,1296600000.0,13788900000.0,5716300000.0,8072600000.0,64321789442.0,-2358600000.0,0.0,-272000000.0,6600000.0,-1654900000.0,-1880500000.0,-2215900000.0,-575300000.0,1913600000.0,-175800000.0,1979600000.0,1979600000.0,1979600000.0,0.0,0.0,0.135,8767800000.0,2403300000.0,781300000.0,0.835,5.96,32.492,31.093,7912500000.0,0.0,56.59,4.392,4.392,2761700000.0,10027200000.0,14645300000.0,14645300000.0,3025500000.0,0.082,0.18,0.139,0.184,403500000.0,4497000000.0,1.0,1136628193.0,1136628193.0,,12.885,24580800000.0,756400000.0,715900000.0,1580000000.0,21.626,5079500000.0
63,LLY,MRT,2005-09-30,2005-09-30,2005-09-30,2021-09-07,-250100000.0,24803400000.0,24082425000.0,11946900000.0,12856500000.0,0.598,10.04,-1328000000.0,4969700000.0,4969700000.0,3441700000.0,1276600000.0,2.346,1.179,6510200000.0,629100000.0,5881100000.0,6510200000.0,0.0,638000000.0,0.0,0.028,1.495,2307500000.0,2945500000.0,0.204,2945500000.0,2307500000.0,2342800000.0,1.18,1.18,1.18,11383300000.0,11042400000.0,11383300000.0,60715429080.0,26.0,20.613,319700000.0,0.282,1.0,10968800000.0,0.761,0.0,-35300000.0,21252400000.0,18376050000.0,1949900000.0,1783200000.0,1262300000.0,520900000.0,13420100000.0,5091500000.0,8328600000.0,60681729080.0,2392300000.0,0.0,100200000.0,361000000.0,-1631200000.0,-1150200000.0,1828400000.0,3667800000.0,1647700000.0,66400000.0,1276600000.0,1276600000.0,1276600000.0,0.0,0.0,0.089,8924100000.0,2044700000.0,611300000.0,1.267,5.331,47.534,45.356,7834800000.0,0.0,53.52,4.211,4.211,2417600000.0,10172300000.0,14410500000.0,14410500000.0,2921100000.0,0.053,0.116,0.126,0.16,293200000.0,4405600000.0,1.0,1133814071.0,1133814071.0,,12.71,24803400000.0,614900000.0,1066200000.0,1877200000.0,21.876,6855400000.0
64,LLY,MRT,2005-06-30,2005-06-30,2005-06-30,2021-09-07,-298400000.0,23419600000.0,23928050000.0,10953800000.0,12465800000.0,0.589,9.062,-1525800000.0,4642400000.0,4642400000.0,3406100000.0,1237400000.0,1.695,1.281,4676100000.0,230600000.0,4445500000.0,4676100000.0,0.0,617300000.0,0.0,0.026,1.47,2275700000.0,2893000000.0,0.205,2893000000.0,2275700000.0,2292500000.0,1.15,1.14,1.15,10268600000.0,11024075000.0,10268600000.0,62107018439.0,27.0,21.468,1301400000.0,1.149,1.0,10683700000.0,0.758,0.0,-16800000.0,16990900000.0,18374375000.0,1988800000.0,1262200000.0,760100000.0,502100000.0,13151000000.0,6462400000.0,6688600000.0,63124618439.0,2245700000.0,0.0,77000000.0,-571000000.0,-1591800000.0,-2086600000.0,1460700000.0,3569200000.0,2827200000.0,44400000.0,1237400000.0,1237400000.0,1237400000.0,0.0,0.0,0.088,8708900000.0,1974800000.0,608500000.0,1.278,6.147,51.014,48.443,7737900000.0,0.0,55.71,4.48,4.48,2459500000.0,9381900000.0,14089800000.0,14089800000.0,2824900000.0,0.052,0.112,0.124,0.162,210800000.0,4286600000.0,1.0,1133093133.0,1133093133.0,,12.435,23419600000.0,392400000.0,1055100000.0,2324900000.0,20.669,4491400000.0
65,LLY,MRT,2005-03-31,2005-03-31,2005-03-31,2021-09-07,47600000.0,23239700000.0,23766100000.0,11257300000.0,11982400000.0,0.588,10.239,-1656200000.0,5607700000.0,5607700000.0,3331200000.0,2146300000.0,2.092,1.004,4590100000.0,233100000.0,4357000000.0,4590100000.0,0.0,608600000.0,0.0,0.028,1.445,3261500000.0,3870100000.0,0.277,3870100000.0,3261500000.0,3270800000.0,1.99,1.97,1.99,11597800000.0,11081725000.0,11597800000.0,60161954670.0,18.0,15.545,1441100000.0,1.272,1.0,10647200000.0,0.762,0.0,-9300000.0,16840400000.0,18821925000.0,2198300000.0,513200000.0,12600000.0,500600000.0,11641900000.0,5381700000.0,6260200000.0,59014754670.0,3197300000.0,0.0,83900000.0,-604900000.0,-1568700000.0,-2099900000.0,2084900000.0,4308500000.0,3097300000.0,115000000.0,2146300000.0,2146300000.0,2146300000.0,0.0,0.0,0.154,7690300000.0,2956900000.0,670500000.0,0.726,5.088,27.496,26.181,7581900000.0,0.0,52.1,4.222,4.222,2581800000.0,10462400000.0,13978400000.0,13978400000.0,2746700000.0,0.09,0.194,0.173,0.233,136000000.0,4310700000.0,1.0,1132720819.0,1132720819.0,,12.341,23239700000.0,501900000.0,1124500000.0,2797600000.0,20.517,5875600000.0
66,LLY,MRT,2004-12-31,2004-12-31,2004-12-31,2021-09-07,218600000.0,24867000000.0,23556775000.0,12835800000.0,12031200000.0,0.588,9.65,-1877600000.0,5365300000.0,5365300000.0,3223900000.0,1810100000.0,1.69,1.277,6512500000.0,2020600000.0,4491900000.0,6512500000.0,0.0,597500000.0,0.0,0.025,1.42,2941900000.0,3539400000.0,0.255,3539400000.0,2941900000.0,2941900000.0,1.67,1.66,1.67,10919900000.0,10821900000.0,10919900000.0,67822218925.0,23.0,19.162,991900000.0,0.877,1.0,10634000000.0,0.767,0.0,0.0,18420500000.0,19549725000.0,2291600000.0,2660500000.0,2099100000.0,561400000.0,13947100000.0,7593700000.0,6353400000.0,64220518925.0,2609000000.0,-71700000.0,117900000.0,1639000000.0,-1539800000.0,203700000.0,-684800000.0,1762600000.0,2869500000.0,220600000.0,1810100000.0,1810100000.0,1810100000.0,0.0,0.0,0.131,7970500000.0,2663500000.0,648600000.0,0.85,5.881,35.479,33.982,7550900000.0,0.0,56.75,4.634,4.634,2553000000.0,9724600000.0,13857900000.0,13857900000.0,2691100000.0,0.077,0.167,0.15,0.212,53000000.0,4284200000.0,1.0,1131639100.0,1131639100.0,,12.246,24867000000.0,255300000.0,1131800000.0,2324300000.0,21.974,5242100000.0
67,LLY,MRT,2004-09-30,2004-09-30,2004-09-30,2021-09-07,-164900000.0,24185900000.0,22762100000.0,9585700000.0,14600200000.0,0.601,10.004,-2024700000.0,2577400000.0,2577400000.0,3089700000.0,2559700000.0,1.465,1.138,6179100000.0,1668600000.0,4510500000.0,6179100000.0,0.0,567400000.0,0.0,0.023,1.4,3431000000.0,3998400000.0,0.292,3998400000.0,3431000000.0,3385900000.0,2.38,2.35,2.38,11310000000.0,10533125000.0,11310000000.0,70623828183.0,21.0,17.663,1463000000.0,1.294,1.0,10589400000.0,0.774,0.0,45100000.0,21245700000.0,19508475000.0,2092000000.0,5262200000.0,1596900000.0,3665300000.0,12875900000.0,6541900000.0,6334000000.0,67890828183.0,-338700000.0,-71700000.0,122800000.0,1008900000.0,-1515200000.0,-384000000.0,-3465100000.0,-1026100000.0,3487700000.0,22700000.0,2559700000.0,2559700000.0,2559700000.0,0.0,0.0,0.187,7515300000.0,3074100000.0,680400000.0,0.588,6.003,26.523,25.231,7482900000.0,0.0,60.05,4.963,4.963,2342800000.0,10526900000.0,13679100000.0,13679100000.0,2695600000.0,0.112,0.243,0.176,0.251,69300000.0,4320200000.0,1.0,1130571660.0,1130571660.0,,12.099,24185900000.0,643600000.0,826200000.0,1874400000.0,21.393,3043800000.0
68,LLY,MRT,2004-06-30,2004-06-30,2004-06-30,2021-09-07,-176800000.0,22771800000.0,21915825000.0,8788200000.0,13983600000.0,0.618,9.296,-1950700000.0,2396700000.0,2396700000.0,2958900000.0,2518900000.0,1.307,1.169,5129700000.0,1597700000.0,3532000000.0,5129700000.0,0.0,557500000.0,0.0,0.02,1.38,3376000000.0,3933500000.0,0.291,3933500000.0,3376000000.0,3333600000.0,2.34,2.32,2.34,10499200000.0,10076925000.0,10499200000.0,81862633612.0,24.0,20.812,1800200000.0,1.594,1.0,10579200000.0,0.781,0.0,42400000.0,18781100000.0,18796450000.0,2058900000.0,4590900000.0,1014800000.0,3576100000.0,12272600000.0,6723700000.0,5548900000.0,78962333612.0,359400000.0,-71700000.0,133700000.0,311400000.0,-1493100000.0,-1053200000.0,-2381500000.0,-103900000.0,3750900000.0,43200000.0,2518900000.0,2518900000.0,2518900000.0,0.0,0.0,0.186,7440100000.0,3139100000.0,788800000.0,0.59,7.521,31.348,29.876,7135100000.0,0.0,69.91,5.833,5.833,2432900000.0,9756200000.0,13538100000.0,13538100000.0,2608900000.0,0.115,0.25,0.18,0.249,50400000.0,4331700000.0,1.0,1129485533.0,1129485533.0,,11.986,22771800000.0,589100000.0,814700000.0,1723000000.0,20.161,2064500000.0
69,LLY,MRT,2004-03-31,2004-03-31,2004-03-31,2021-09-07,-184900000.0,22402400000.0,21235500000.0,8798900000.0,13603500000.0,0.615,9.353,-1830400000.0,2410400000.0,2410400000.0,2805500000.0,2554200000.0,1.585,1.122,5310700000.0,807100000.0,4503600000.0,5310700000.0,0.0,551500000.0,0.0,0.02,1.36,3438100000.0,3989600000.0,0.305,3989600000.0,3438100000.0,3383300000.0,2.37,2.36,2.37,10558500000.0,9623500000.0,10558500000.0,77650367899.0,23.0,19.463,1804300000.0,1.598,1.0,10264500000.0,0.785,0.0,54800000.0,19751600000.0,18618075000.0,2039500000.0,4730100000.0,1065300000.0,3664800000.0,11843900000.0,5551100000.0,6292800000.0,75522367899.0,206300000.0,-71700000.0,-83100000.0,336000000.0,-1466800000.0,-1216700000.0,-2278700000.0,-218500000.0,3634700000.0,67000000.0,2554200000.0,2554200000.0,2554200000.0,0.0,0.0,0.195,7062600000.0,3201900000.0,800500000.0,0.574,7.153,29.568,28.228,6846600000.0,0.0,66.9,5.778,5.778,2412400000.0,9884900000.0,13070000000.0,13070000000.0,2467200000.0,0.12,0.265,0.185,0.263,25200000.0,4204800000.0,1.0,1128884423.0,1128884423.0,,11.578,22402400000.0,569100000.0,829100000.0,1849100000.0,19.845,3247800000.0
70,LLY,MRT,2003-12-31,2003-12-31,2003-12-31,2021-09-07,-160100000.0,21688300000.0,20545300000.0,8768900000.0,12919400000.0,0.612,8.696,-1645400000.0,2756300000.0,2756300000.0,2675100000.0,2560800000.0,1.577,1.221,4884300000.0,196500000.0,4687800000.0,4884300000.0,0.0,548500000.0,0.0,0.019,1.34,3322700000.0,3871200000.0,0.308,3871200000.0,3322700000.0,3261700000.0,2.38,2.37,2.38,9764800000.0,9165775000.0,9764800000.0,81258258223.0,24.0,20.99,2001300000.0,1.782,1.0,9907400000.0,0.787,0.0,61000000.0,18255500000.0,18134075000.0,1963000000.0,4331600000.0,957000000.0,3374600000.0,11923500000.0,5560800000.0,6362700000.0,78973858223.0,810400000.0,0.0,-177500000.0,42700000.0,-1443000000.0,-1578300000.0,-1331500000.0,531100000.0,3646700000.0,73500000.0,2560800000.0,2560800000.0,2560800000.0,0.0,0.0,0.204,6787800000.0,3119600000.0,875900000.0,0.563,8.088,30.84,29.55,6539000000.0,0.0,70.33,6.276,6.276,2342500000.0,9470400000.0,12582500000.0,12582500000.0,2350200000.0,0.125,0.279,0.183,0.264,0.0,4055400000.0,1.0,1122904283.0,1122904283.0,,11.205,21688300000.0,500600000.0,700900000.0,2135900000.0,19.314,3208100000.0
71,LLY,MRT,2003-09-30,2003-09-30,2003-09-30,2021-09-07,-406300000.0,20800800000.0,19883725000.0,8583400000.0,12217400000.0,0.607,8.45,-1402900000.0,2916100000.0,2916100000.0,2511400000.0,2549900000.0,1.831,1.193,5200500000.0,202500000.0,4998000000.0,5200500000.0,0.0,541600000.0,0.0,0.022,1.315,3316800000.0,3858400000.0,0.32,3858400000.0,3316800000.0,3241700000.0,2.36,2.36,2.36,9485200000.0,8792975000.0,9485200000.0,69664987225.0,21.0,18.055,1772200000.0,1.579,1.0,9561200000.0,0.792,0.0,75100000.0,18397600000.0,17804250000.0,1699700000.0,4276100000.0,950900000.0,3325200000.0,11315600000.0,4687600000.0,6628000000.0,66680287225.0,129900000.0,0.0,-336700000.0,-36400000.0,-1415900000.0,-1789000000.0,-1249300000.0,300100000.0,3175100000.0,-6900000.0,2549900000.0,2549900000.0,2549900000.0,0.0,0.0,0.211,6410400000.0,3150800000.0,588300000.0,0.557,7.03,26.15,25.169,5943500000.0,0.0,59.4,5.523,5.523,2034000000.0,9438300000.0,12072600000.0,12072600000.0,2214500000.0,0.128,0.29,0.186,0.275,0.0,3842000000.0,1.0,1122563758.0,1122563758.0,,10.754,20800800000.0,424600000.0,691800000.0,1789700000.0,18.53,3895800000.0
72,LLY,MRT,2003-06-30,2003-06-30,2003-06-30,2021-09-07,-441300000.0,20050500000.0,19413550000.0,7762900000.0,12287600000.0,0.604,7.731,-1340700000.0,2037300000.0,2037300000.0,2385800000.0,2519400000.0,1.563,1.309,5022000000.0,160100000.0,4861900000.0,5022000000.0,0.0,518900000.0,0.0,0.019,1.29,3270200000.0,3789100000.0,0.323,3789100000.0,3270200000.0,3188600000.0,2.34,2.33,2.34,8685500000.0,8487050000.0,8685500000.0,80239872124.0,25.0,21.176,1340500000.0,1.193,1.0,9333000000.0,0.796,0.0,81600000.0,18067600000.0,17295800000.0,1709900000.0,4635500000.0,947700000.0,3687800000.0,11365000000.0,4967600000.0,6397400000.0,77489172124.0,-1013900000.0,0.0,-416700000.0,786200000.0,-1387400000.0,-1017900000.0,-2676300000.0,-1108500000.0,2681200000.0,-900000.0,2519400000.0,2519400000.0,2519400000.0,0.0,0.0,0.215,6300300000.0,3032700000.0,580100000.0,0.551,8.922,30.757,29.474,5692100000.0,0.0,68.97,6.612,6.612,2107400000.0,8675400000.0,11718800000.0,11718800000.0,2173100000.0,0.13,0.297,0.189,0.279,0.0,3689300000.0,1.0,1123519967.0,1123519967.0,,10.43,20050500000.0,419000000.0,669200000.0,1695400000.0,17.846,2795300000.0
73,LLY,MRT,2003-03-31,2003-03-31,2003-03-31,2021-09-07,-605900000.0,19641600000.0,18786900000.0,8159800000.0,11481800000.0,0.607,7.774,-1180000000.0,2204100000.0,2204100000.0,2267700000.0,2485700000.0,1.783,1.251,4954800000.0,168100000.0,4786700000.0,4954800000.0,0.0,506200000.0,0.0,0.022,1.265,3230500000.0,3736700000.0,0.328,3736700000.0,3230500000.0,3144900000.0,2.31,2.3,2.31,8727600000.0,8252400000.0,8727600000.0,67118623913.0,21.0,17.962,1241500000.0,1.106,1.0,9138100000.0,0.801,0.0,85600000.0,17815600000.0,16125275000.0,1584700000.0,4525400000.0,1342200000.0,3183200000.0,10914000000.0,4576700000.0,6337300000.0,64160923913.0,-676800000.0,0.0,-340500000.0,814200000.0,-1362300000.0,-888600000.0,-2304500000.0,-801700000.0,2421500000.0,94800000.0,2485700000.0,2485700000.0,2485700000.0,0.0,0.0,0.218,6175200000.0,2962900000.0,602000000.0,0.548,7.351,25.812,24.74,5453800000.0,0.0,57.15,5.625,5.625,2117300000.0,8886800000.0,11405800000.0,11405800000.0,2176100000.0,0.132,0.301,0.2,0.283,0.0,3561200000.0,1.0,1122675834.0,1122675834.0,,10.159,19641600000.0,374600000.0,659200000.0,1645400000.0,17.495,3583100000.0
74,LLY,MRT,2002-12-31,2002-12-31,2002-12-31,2021-09-07,-670800000.0,19042000000.0,18141250000.0,7804100000.0,11237900000.0,0.611,7.365,-1094100000.0,1945900000.0,1945900000.0,2176500000.0,2707900000.0,1.541,1.302,4903600000.0,545400000.0,4358200000.0,4903600000.0,0.0,493000000.0,0.0,0.02,1.24,3537400000.0,4030400000.0,0.364,4030400000.0,3537400000.0,3457700000.0,2.51,2.5,2.51,8273600000.0,7995600000.0,8273600000.0,73795425060.0,21.0,18.31,976600000.0,0.869,1.0,8901000000.0,0.804,0.0,79700000.0,16936200000.0,14971525000.0,1495400000.0,4859200000.0,1708800000.0,3150400000.0,10768400000.0,5063500000.0,5704900000.0,71334225060.0,-756400000.0,0.0,-320600000.0,1234400000.0,-1335800000.0,-422000000.0,-2474400000.0,-1064200000.0,2070700000.0,69300000.0,2707900000.0,2707900000.0,2707900000.0,0.0,0.0,0.244,5657300000.0,3243700000.0,676900000.0,0.494,8.622,26.343,25.299,5293000000.0,0.0,63.5,6.44,6.44,2074200000.0,8500100000.0,11077500000.0,11077500000.0,2149300000.0,0.149,0.339,0.236,0.319,0.0,3424000000.0,1.0,1123373623.0,1123373623.0,,9.861,19042000000.0,331700000.0,749800000.0,1761900000.0,16.951,2740600000.0
75,LLY,MRT,2002-09-30,2002-09-30,2002-09-30,2021-09-07,-774400000.0,18920100000.0,17489275000.0,8313200000.0,10606900000.0,0.626,7.354,-1021800000.0,2786200000.0,2786200000.0,2175400000.0,2547000000.0,1.657,1.29,5247400000.0,884300000.0,4363100000.0,5247400000.0,0.0,470900000.0,0.0,0.022,1.21,3350200000.0,3821100000.0,0.349,3821100000.0,3350200000.0,3226400000.0,2.37,2.35,2.37,8261500000.0,7703200000.0,8261500000.0,63100530406.0,19.0,16.514,1434500000.0,1.277,1.0,8775400000.0,0.801,0.0,123800000.0,16363800000.0,13724275000.0,1378400000.0,4583500000.0,1549300000.0,3034200000.0,10658600000.0,5017500000.0,5641100000.0,62173230406.0,139900000.0,0.0,-293400000.0,1491700000.0,-1303800000.0,-105500000.0,-2296600000.0,-853500000.0,2456300000.0,85700000.0,2547000000.0,2547000000.0,2547000000.0,0.0,0.0,0.233,5734800000.0,3040600000.0,499400000.0,0.511,7.526,24.41,23.35,4988400000.0,0.0,55.34,5.678,5.678,1830500000.0,8614200000.0,10950800000.0,10950800000.0,2164900000.0,0.146,0.331,0.244,0.306,0.0,3385900000.0,1.0,1123477239.0,1123477239.0,,9.747,18920100000.0,212800000.0,679400000.0,1919800000.0,16.841,3295700000.0
76,LLY,MRT,2002-06-30,2002-06-30,2002-06-30,2021-09-07,-629900000.0,17543900000.0,16858600000.0,8117900000.0,9426000000.0,0.655,6.891,-929600000.0,3051200000.0,3051200000.0,2170700000.0,2433200000.0,1.596,1.265,3978500000.0,479400000.0,3499100000.0,3978500000.0,0.0,469800000.0,0.0,0.021,1.18,3205700000.0,3675500000.0,0.333,3675500000.0,3205700000.0,3062300000.0,2.26,2.24,2.26,7746900000.0,7479600000.0,7746900000.0,64380607662.0,20.0,17.516,1990900000.0,1.771,1.0,8868900000.0,0.803,0.0,143400000.0,13385500000.0,12773375000.0,1358700000.0,3461700000.0,1038400000.0,2423300000.0,9797000000.0,5085700000.0,4711300000.0,63406007662.0,79400000.0,0.0,-298000000.0,582800000.0,-1271400000.0,-986600000.0,-1992700000.0,-631900000.0,2920500000.0,138200000.0,2433200000.0,2433200000.0,2433200000.0,0.0,0.0,0.22,5957200000.0,2911700000.0,555900000.0,0.522,8.185,26.059,24.956,4804000000.0,0.0,56.4,5.744,5.744,1945600000.0,7935800000.0,11039600000.0,11039600000.0,2204200000.0,0.144,0.325,0.251,0.29,0.0,3441100000.0,1.0,1124219994.0,1124219994.0,,9.82,17543900000.0,229300000.0,629100000.0,2079400000.0,15.605,3032200000.0
77,LLY,MRT,2002-03-31,2002-03-31,2002-03-31,2021-09-07,-794900000.0,17059000000.0,16381000000.0,7424100000.0,9634900000.0,0.69,6.851,-891100000.0,2880900000.0,2880900000.0,2168000000.0,2602400000.0,1.536,1.215,3855500000.0,472400000.0,3383100000.0,3855500000.0,0.0,465900000.0,0.0,0.015,1.13,3439100000.0,3905000000.0,0.346,3905000000.0,3439100000.0,3279200000.0,2.42,2.39,2.42,7700400000.0,7233725000.0,7700400000.0,86365827659.0,25.0,22.117,2481100000.0,2.207,1.0,9129900000.0,0.808,0.0,159900000.0,13200600000.0,12186300000.0,1097200000.0,3643400000.0,977100000.0,2666300000.0,9358600000.0,4833000000.0,4525600000.0,85649727659.0,-350400000.0,0.0,-199900000.0,805300000.0,-1239200000.0,-633800000.0,-3067100000.0,-1775100000.0,3372200000.0,-21700000.0,2602400000.0,2602400000.0,2602400000.0,0.0,0.0,0.23,5960100000.0,3169800000.0,510400000.0,0.467,11.123,32.912,31.488,4599100000.0,0.0,76.2,7.581,7.581,1733600000.0,8055000000.0,11297900000.0,11297900000.0,2222400000.0,0.159,0.36,0.282,0.304,0.0,3425800000.0,1.0,1124012174.0,1124012174.0,,10.051,17059000000.0,215200000.0,676800000.0,2293600000.0,15.177,2591100000.0
78,LLY,MRT,2001-12-31,2001-12-31,2001-12-31,2021-09-07,-748400000.0,16434100000.0,15804350000.0,6938900000.0,9495200000.0,0.73,6.319,-852400000.0,2702300000.0,2702300000.0,2160200000.0,2780000000.0,1.334,1.313,3418400000.0,286300000.0,3132100000.0,3418400000.0,0.0,454900000.0,0.0,0.014,1.1,3698600000.0,4153500000.0,0.36,4153500000.0,3698600000.0,3506900000.0,2.58,2.55,2.58,7104000000.0,6957025000.0,7104000000.0,89241279984.0,24.0,21.486,2809200000.0,2.499,1.0,9382300000.0,0.813,0.0,191700000.0,11947200000.0,11421375000.0,1060200000.0,3739600000.0,1028700000.0,2710900000.0,9330100000.0,5203000000.0,4127100000.0,88295279984.0,-1412600000.0,0.0,-436200000.0,594700000.0,-1207200000.0,-1048700000.0,-3964800000.0,-2742700000.0,3661600000.0,-60700000.0,2780000000.0,2780000000.0,2780000000.0,0.0,0.0,0.241,5964400000.0,3417900000.0,624100000.0,0.426,12.429,31.761,30.442,4532400000.0,0.0,78.54,7.65,7.65,1695200000.0,7411200000.0,11542500000.0,11542500000.0,2235100000.0,0.176,0.4,0.324,0.32,0.0,3417400000.0,1.0,1124207792.0,1124207792.0,,10.267,16434100000.0,223300000.0,726900000.0,2319500000.0,14.618,1735900000.0
79,LLY,MRT,2001-09-30,2001-09-30,2001-09-30,2021-09-07,-663600000.0,16397400000.0,15368525000.0,6976900000.0,9420500000.0,0.761,6.554,-810400000.0,2646300000.0,2646300000.0,2158700000.0,2971900000.0,1.459,1.226,3592300000.0,438400000.0,3153900000.0,3592300000.0,0.0,453200000.0,0.0,0.013,1.08,3947500000.0,4400700000.0,0.376,4400700000.0,3947500000.0,3777900000.0,2.76,2.72,2.76,7367100000.0,6692750000.0,7367100000.0,91064248641.0,23.0,20.693,2850500000.0,2.536,1.0,9532600000.0,0.815,0.0,169600000.0,12560200000.0,10542875000.0,1052000000.0,3699100000.0,945300000.0,2753800000.0,9030300000.0,4783200000.0,4247100000.0,90707648641.0,-469900000.0,0.0,-582800000.0,685200000.0,-1186400000.0,-1084000000.0,-3056400000.0,-2012800000.0,3660900000.0,9600000.0,2971900000.0,2971900000.0,2971900000.0,0.0,0.0,0.254,5881200000.0,3651400000.0,483400000.0,0.391,12.313,30.522,29.239,4406700000.0,0.0,80.7,7.759,7.759,1687800000.0,7587000000.0,11691300000.0,11691300000.0,2190300000.0,0.193,0.444,0.374,0.338,0.0,3479000000.0,1.0,1124010516.0,1124010516.0,,10.401,16397400000.0,230300000.0,806000000.0,2241200000.0,14.588,2193700000.0
80,LLY,MRT,2001-06-30,2001-06-30,2001-06-30,2021-09-07,-735200000.0,15633500000.0,14665425000.0,6864500000.0,8769000000.0,0.793,6.018,-739400000.0,2971800000.0,2971800000.0,2099800000.0,3180600000.0,1.386,1.311,3328400000.0,430000000.0,2898400000.0,3328400000.0,0.0,446200000.0,0.0,0.014,1.06,4249400000.0,4695600000.0,0.404,4695600000.0,4249400000.0,4077600000.0,2.95,2.91,2.95,6763400000.0,6367000000.0,6763400000.0,83025017062.0,20.0,17.681,3084400000.0,2.744,1.0,9529000000.0,0.819,0.0,171800000.0,11037200000.0,9777100000.0,956800000.0,2757600000.0,527100000.0,2230500000.0,8870100000.0,4952900000.0,3917200000.0,83167317062.0,-398700000.0,0.0,-725900000.0,487200000.0,-1166000000.0,-1404700000.0,-2725300000.0,-1867600000.0,3823800000.0,-92500000.0,3180600000.0,3180600000.0,3180600000.0,0.0,0.0,0.274,5543800000.0,3985200000.0,477500000.0,0.359,12.297,26.148,25.085,4243300000.0,0.0,74.0,7.152,7.152,1776300000.0,7057600000.0,11628800000.0,11628800000.0,2130400000.0,0.217,0.5,0.435,0.365,0.0,3413400000.0,1.0,1123882663.0,1123882663.0,,10.347,15633500000.0,199000000.0,897000000.0,2294900000.0,13.91,1911600000.0
81,LLY,MRT,2001-03-31,2001-03-31,2001-03-31,2021-09-07,-709100000.0,14752400000.0,14014450000.0,6868100000.0,7884300000.0,0.8,5.858,-716800000.0,3231300000.0,3231300000.0,2069300000.0,3019100000.0,1.537,1.237,3089000000.0,432500000.0,2656500000.0,3089000000.0,0.0,440000000.0,0.0,0.014,1.06,4047500000.0,4487500000.0,0.4,4487500000.0,4047500000.0,3870600000.0,2.8,2.76,2.8,6593600000.0,6054525000.0,6593600000.0,84986464840.0,21.0,18.938,2932100000.0,2.605,1.0,9147500000.0,0.816,0.0,176900000.0,10140900000.0,9218725000.0,883300000.0,1791800000.0,514300000.0,1277500000.0,8158800000.0,4469200000.0,3689600000.0,86283364840.0,-566500000.0,0.0,-941600000.0,240200000.0,-1145800000.0,-1847200000.0,-2302700000.0,-1454900000.0,3648900000.0,-65500000.0,3019100000.0,3019100000.0,3019100000.0,0.0,0.0,0.269,5384400000.0,3763100000.0,495400000.0,0.379,13.086,28.579,27.379,4174600000.0,0.0,76.66,7.692,7.692,1764800000.0,6866800000.0,11216800000.0,11216800000.0,2075500000.0,0.215,0.499,0.439,0.361,0.0,3308900000.0,1.0,1125533066.0,1125533066.0,,9.966,14752400000.0,97300000.0,851500000.0,2367200000.0,13.107,2398900000.0
82,LLY,MRT,2000-12-31,2000-12-31,2000-12-31,2021-09-07,-611200000.0,14690800000.0,13499875000.0,7943000000.0,6747800000.0,0.805,5.364,-672800000.0,4114900000.0,4114900000.0,2055700000.0,3057800000.0,1.601,1.429,2818000000.0,184300000.0,2633700000.0,2818000000.0,0.0,435800000.0,0.0,0.011,1.04,4041000000.0,4476800000.0,0.412,4476800000.0,4041000000.0,3858700000.0,2.83,2.79,2.83,6046900000.0,5820725000.0,6046900000.0,104618350639.0,26.0,23.369,3058700000.0,2.713,1.0,8806500000.0,0.811,0.0,182300000.0,8433200000.0,8782225000.0,883100000.0,899000000.0,503300000.0,395700000.0,8643900000.0,4960700000.0,3683200000.0,104904150639.0,414500000.0,0.0,-874400000.0,-229100000.0,-1126000000.0,-2229500000.0,-1056500000.0,-249300000.0,3731500000.0,-31000000.0,3057800000.0,3057800000.0,3057800000.0,0.0,0.0,0.282,5246800000.0,3559700000.0,661900000.0,0.367,17.348,34.307,32.883,4176600000.0,0.0,93.06,9.658,9.658,1966100000.0,6223200000.0,10862200000.0,10862200000.0,2018500000.0,0.227,0.525,0.46,0.372,0.0,3228300000.0,1.0,1127274346.0,1127274346.0,,9.636,14690800000.0,269500000.0,800900000.0,2200200000.0,13.032,2982300000.0
83,LLY,MRT,2000-09-30,2000-09-30,2000-09-30,2021-09-07,-629200000.0,13585000000.0,13033475000.0,6892100000.0,6692900000.0,0.821,5.369,-562800000.0,3116200000.0,3116200000.0,2055700000.0,3076800000.0,1.866,1.24,2830400000.0,45000000.0,2785400000.0,2830400000.0,0.0,459200000.0,0.0,0.012,1.01,4086100000.0,4545300000.0,0.425,4545300000.0,4086100000.0,3898700000.0,2.84,2.8,2.84,6064100000.0,5562250000.0,6064100000.0,91113113921.0,22.0,20.046,3162700000.0,2.8,1.0,8649300000.0,0.808,108100000.0,187400000.0,9497100000.0,8734625000.0,905000000.0,1607800000.0,738500000.0,869300000.0,7520900000.0,3694000000.0,3826900000.0,91636113921.0,-175700000.0,0.0,-734500000.0,-322200000.0,-1094000000.0,-2150700000.0,-1670200000.0,-986600000.0,3725500000.0,-80300000.0,3076800000.0,3076800000.0,3076800000.0,0.0,0.0,0.287,5069200000.0,3580100000.0,375900000.0,0.356,15.111,29.783,28.567,4003500000.0,0.0,81.13,8.56,8.56,1634900000.0,6259100000.0,10705000000.0,10705000000.0,1940500000.0,0.236,0.553,0.468,0.382,0.0,3102700000.0,1.0,1129497275.0,1129497275.0,,9.478,13476900000.0,164300000.0,821900000.0,1808600000.0,11.932,3198100000.0
84,LLY,MRT,2000-06-30,2000-06-30,2000-06-30,2021-09-07,-553100000.0,13029600000.0,12719925000.0,6752100000.0,6277500000.0,0.824,4.882,-532000000.0,3370500000.0,3370500000.0,2113800000.0,3030600000.0,1.877,1.363,2847500000.0,50100000.0,2797400000.0,2847500000.0,0.0,452700000.0,0.0,0.01,0.98,4028700000.0,4481400000.0,0.428,4481400000.0,4028700000.0,3839500000.0,2.8,2.76,2.8,5513500000.0,5262850000.0,5513500000.0,111836904108.0,28.0,24.956,3058600000.0,2.708,1.0,8364500000.0,0.798,106300000.0,189200000.0,8803700000.0,8582250000.0,935800000.0,872500000.0,256600000.0,615900000.0,7516100000.0,3596600000.0,3919500000.0,112799804108.0,1338800000.0,0.0,-801000000.0,510400000.0,-1061600000.0,-1352200000.0,-868200000.0,-264800000.0,3590600000.0,-31400000.0,3030600000.0,3030600000.0,3030600000.0,0.0,0.0,0.289,4902100000.0,3462400000.0,390000000.0,0.35,20.459,37.22,35.671,3991900000.0,0.0,99.88,10.765,10.765,1658400000.0,5631000000.0,10478300000.0,10478300000.0,1877300000.0,0.238,0.576,0.469,0.384,0.0,2998800000.0,1.0,1129353265.0,1129353265.0,,9.278,12923300000.0,170400000.0,808900000.0,1623000000.0,11.443,3155500000.0
85,LLY,MRT,2000-03-31,2000-03-31,2000-03-31,2021-09-07,-494600000.0,12694100000.0,12167575000.0,6952800000.0,5741300000.0,0.838,5.179,-475300000.0,3797800000.0,3797800000.0,2113200000.0,2940800000.0,2.155,1.243,2834900000.0,51800000.0,2783100000.0,2834900000.0,0.0,443500000.0,0.0,0.015,0.95,3911100000.0,4354600000.0,0.427,4354600000.0,3911100000.0,3724400000.0,2.71,2.67,2.71,5658400000.0,4997175000.0,5658400000.0,67780382964.0,17.0,15.565,2986500000.0,2.733,1.0,8085200000.0,0.793,110000000.0,186700000.0,8394900000.0,8373000000.0,899600000.0,328500000.0,37000000.0,291500000.0,7035700000.0,3226300000.0,3809400000.0,68427382964.0,1393400000.0,0.0,-1212900000.0,517500000.0,-1031100000.0,-1726500000.0,-295000000.0,264500000.0,3461800000.0,-46900000.0,2940800000.0,2940800000.0,2940800000.0,0.0,0.0,0.288,4708000000.0,3377200000.0,395000000.0,0.351,12.093,23.268,23.111,3946400000.0,0.0,62.63,6.71,6.71,1644700000.0,5717500000.0,10198400000.0,10198400000.0,1829000000.0,0.242,0.588,0.467,0.384,0.0,2853000000.0,1.0,1092565591.0,1092565591.0,,9.334,12584100000.0,213000000.0,783600000.0,1626000000.0,11.518,3726500000.0
86,LLY,MRT,1999-12-31,1999-12-31,1999-12-31,2021-09-07,-406400000.0,12825200000.0,11800450000.0,7055500000.0,5769700000.0,0.848,4.597,-450000000.0,3700400000.0,3700400000.0,2098000000.0,2721000000.0,1.793,1.558,3053400000.0,241500000.0,2811900000.0,3053400000.0,0.0,439700000.0,0.0,0.014,0.92,3603500000.0,4043200000.0,0.404,4043200000.0,3603500000.0,3419700000.0,2.5,2.46,2.5,5013000000.0,4797575000.0,5013000000.0,72389671438.0,20.0,17.904,2292400000.0,2.102,1.0,7904900000.0,0.79,0.0,183800000.0,8242800000.0,8254400000.0,899600000.0,315900000.0,135600000.0,180300000.0,7812200000.0,3935400000.0,3876800000.0,72519671438.0,2204700000.0,1600000000.0,-1265500000.0,690600000.0,-1000500000.0,-1575400000.0,1086700000.0,53300000.0,2742400000.0,-49000000.0,2721000000.0,2721000000.0,2721000000.0,-174300000.0,0.0,0.272,4628600000.0,3276300000.0,445500000.0,0.368,14.466,26.652,26.6,3981500000.0,0.0,66.5,7.25,7.25,1842800000.0,4985600000.0,10002900000.0,10002900000.0,1783600000.0,0.231,0.567,0.437,0.36,0.0,2757600000.0,1.0,1090521375.0,1090521375.0,,9.173,12825200000.0,240300000.0,698700000.0,1582300000.0,11.761,3120100000.0
87,LLY,MRT,1999-09-30,1999-09-30,1999-09-30,2021-09-07,-370800000.0,12330800000.0,11743025000.0,6595300000.0,5735500000.0,0.836,4.453,-445400000.0,3291900000.0,3291900000.0,2116300000.0,2502000000.0,2.069,1.534,3161900000.0,345700000.0,2816200000.0,3161900000.0,0.0,472000000.0,0.0,0.014,0.89,3295100000.0,3767100000.0,0.384,3767100000.0,3295100000.0,3117000000.0,2.3,2.26,2.3,4866500000.0,4651725000.0,4866500000.0,70453743233.0,21.0,18.702,2525100000.0,2.311,1.0,7701500000.0,0.784,125800000.0,178100000.0,8887600000.0,8029100000.0,1029300000.0,240500000.0,66300000.0,174200000.0,7464300000.0,3187400000.0,4276900000.0,70147643233.0,1748400000.0,1600000000.0,-1639300000.0,493600000.0,-966900000.0,-2285400000.0,1096900000.0,148100000.0,2970500000.0,-33600000.0,2502000000.0,2502000000.0,2502000000.0,-180000000.0,0.0,0.255,4646000000.0,3055500000.0,439900000.0,0.387,14.414,28.037,27.909,3888600000.0,0.0,64.19,7.145,7.145,1638500000.0,4804000000.0,9817800000.0,9817800000.0,1835900000.0,0.213,0.538,0.41,0.336,0.0,2748700000.0,1.0,1092812638.0,1092812638.0,,8.984,12205000000.0,247400000.0,615000000.0,1430500000.0,11.168,3407900000.0
88,LLY,MRT,1999-06-30,1999-06-30,1999-06-30,2021-09-07,-408200000.0,10820200000.0,11805650000.0,5247500000.0,5572700000.0,0.812,4.043,-405800000.0,2031700000.0,2031700000.0,2063800000.0,2287600000.0,1.726,1.431,2337800000.0,358700000.0,1979100000.0,2337800000.0,0.0,478400000.0,0.0,0.012,0.86,2960500000.0,3438900000.0,0.359,3438900000.0,2960500000.0,2782900000.0,2.09,2.05,2.09,4450800000.0,4522350000.0,4450800000.0,78790806881.0,27.0,22.912,2286200000.0,2.077,1.0,7528200000.0,0.785,119900000.0,177600000.0,7966700000.0,7855900000.0,943400000.0,239300000.0,65100000.0,174200000.0,6369400000.0,3039700000.0,3329700000.0,78856306881.0,716500000.0,1600000000.0,-1783800000.0,-159600000.0,-939200000.0,-3055400000.0,1095000000.0,171900000.0,2692000000.0,-15100000.0,2287600000.0,2287600000.0,2287600000.0,-186000000.0,0.0,0.238,4741700000.0,2786500000.0,345200000.0,0.411,17.717,34.471,34.273,3853400000.0,0.0,71.63,8.221,8.221,1611200000.0,4425600000.0,9592000000.0,9592000000.0,1832900000.0,0.194,0.506,0.377,0.309,0.0,2719900000.0,1.0,1100883804.0,1100883804.0,,8.713,10700300000.0,276700000.0,495300000.0,1374500000.0,9.72,2207800000.0
89,LLY,MRT,1999-03-31,1999-03-31,1999-03-31,2021-09-07,-372400000.0,11225600000.0,12067775000.0,5700500000.0,5525100000.0,0.779,4.413,-396300000.0,2404400000.0,2404400000.0,2051300000.0,2202500000.0,1.828,1.31,2338900000.0,356700000.0,1982200000.0,2338900000.0,0.0,483600000.0,0.0,0.01,0.83,2868900000.0,3352500000.0,0.356,3352500000.0,2868900000.0,2691600000.0,2.01,1.97,2.01,4860000000.0,4530050000.0,4860000000.0,94345837630.0,33.0,28.142,2313500000.0,2.101,1.0,7354100000.0,0.782,120700000.0,177300000.0,7920500000.0,7889500000.0,929800000.0,204600000.0,46100000.0,158500000.0,6365600000.0,3118900000.0,3246700000.0,93474637630.0,1139700000.0,1575400000.0,-1545100000.0,-200800000.0,-908600000.0,-2827300000.0,1240900000.0,304800000.0,2709800000.0,16300000.0,2202500000.0,2202500000.0,2202500000.0,-186400000.0,0.0,0.234,4685700000.0,2668400000.0,319000000.0,0.413,19.233,42.44,42.229,3852800000.0,0.0,84.88,9.938,9.938,1686900000.0,4797200000.0,9405400000.0,9405400000.0,1789100000.0,0.183,0.486,0.364,0.305,0.0,2707700000.0,1.0,1101256334.0,1101256334.0,,8.541,11104900000.0,311500000.0,489100000.0,1404600000.0,10.084,2581600000.0
90,LLY,MRT,1998-12-31,1998-12-31,1998-12-31,2021-09-07,-229800000.0,12595500000.0,12273075000.0,5406800000.0,7188700000.0,0.753,4.028,-389300000.0,1495700000.0,1495700000.0,2015100000.0,2097900000.0,1.174,1.843,2366900000.0,181400000.0,2185500000.0,2366900000.0,0.0,490400000.0,0.0,0.009,0.8,2847900000.0,3338300000.0,0.361,3338300000.0,2847900000.0,2666600000.0,1.91,1.87,1.91,4429600000.0,4473400000.0,4429600000.0,98864118935.0,35.0,29.615,2487000000.0,2.262,1.0,7221700000.0,0.782,1517900000.0,181300000.0,7341600000.0,7981350000.0,999900000.0,305400000.0,101400000.0,204000000.0,8165900000.0,4607200000.0,3558700000.0,97741318935.0,-451800000.0,0.0,-1757300000.0,-176400000.0,-877700000.0,-2984200000.0,-368900000.0,215500000.0,2876300000.0,25000000.0,2097900000.0,2097900000.0,2097900000.0,-8800000.0,0.0,0.227,4524700000.0,2697000000.0,1186000000.0,0.419,22.065,46.59,46.534,4096300000.0,0.0,88.88,10.582,10.582,2243700000.0,4228800000.0,9236800000.0,9236800000.0,1738900000.0,0.171,0.469,0.357,0.308,0.0,2658300000.0,1.0,1099699808.0,1099699808.0,,8.399,11077600000.0,332700000.0,568700000.0,1538100000.0,10.073,799600000.0
91,LLY,MRT,1998-09-30,1998-09-30,1998-09-30,2021-09-07,-246500000.0,12581300000.0,12268550000.0,5329900000.0,7251400000.0,0.692,3.949,-405200000.0,1543500000.0,1543500000.0,1699700000.0,1988100000.0,1.33,1.856,2666300000.0,397400000.0,2268900000.0,2666300000.0,0.0,468800000.0,0.0,0.013,1.0,2733800000.0,3202600000.0,0.377,3202600000.0,2733800000.0,2545500000.0,1.81,1.79,1.81,4349000000.0,4487400000.0,4349000000.0,87431140606.0,32.0,27.3,2128100000.0,1.932,1.0,6787600000.0,0.8,1501400000.0,188300000.0,8194800000.0,8006325000.0,1028500000.0,321800000.0,72900000.0,248900000.0,8072300000.0,4007900000.0,4064400000.0,86243740606.0,39400000.0,10400000.0,-1245100000.0,-80300000.0,-885500000.0,-2050900000.0,-455600000.0,31000000.0,2533300000.0,12600000.0,1988100000.0,1988100000.0,1988100000.0,2397900000.0,0.0,0.234,1848700000.0,4938900000.0,881800000.0,0.552,19.831,43.38,43.265,4045600000.0,0.0,78.31,10.162,10.162,1987700000.0,4325800000.0,8487300000.0,8487300000.0,1616400000.0,0.162,0.443,0.341,0.322,0.0,2450000000.0,1.0,1101311973.0,1101311973.0,,7.707,11079900000.0,365900000.0,557400000.0,1678800000.0,10.061,1322000000.0
92,LLY,MRT,1998-06-30,1998-06-30,1998-06-30,2021-09-07,-313600000.0,11868700000.0,12078025000.0,4798000000.0,7070700000.0,0.686,4.047,-396300000.0,1315200000.0,1315200000.0,1791800000.0,1926800000.0,1.392,1.613,2502600000.0,195100000.0,2307500000.0,2502600000.0,0.0,471200000.0,0.0,0.015,0.98,2752900000.0,3224100000.0,0.389,3224100000.0,2752900000.0,2552700000.0,1.75,1.73,1.75,4481600000.0,4497875000.0,4481600000.0,74659418572.0,27.0,23.157,1848400000.0,1.669,1.0,6496200000.0,0.784,1508000000.0,200200000.0,8101100000.0,7930425000.0,985200000.0,368300000.0,67600000.0,300700000.0,7227100000.0,3447000000.0,3780100000.0,73366918572.0,-537800000.0,21500000.0,-1107400000.0,-551500000.0,-861900000.0,-2360800000.0,-372300000.0,53500000.0,2244700000.0,-49400000.0,1926800000.0,1926800000.0,1926800000.0,2403900000.0,0.0,0.232,1546300000.0,4949900000.0,897100000.0,0.56,16.371,38.077,37.857,4044700000.0,0.0,66.25,8.852,8.852,1818300000.0,4524500000.0,8288000000.0,8288000000.0,1521900000.0,0.16,0.428,0.347,0.332,0.0,2369600000.0,1.0,1107425186.0,1107425186.0,,7.484,10360700000.0,320000000.0,625900000.0,1490300000.0,9.356,1351000000.0
93,LLY,MRT,1998-03-31,1998-03-31,1998-03-31,2021-09-07,-187400000.0,12046800000.0,12183075000.0,4779000000.0,7267800000.0,0.667,4.17,-373800000.0,1264700000.0,1264700000.0,1862000000.0,-296600000.0,1.354,1.565,2557200000.0,220000000.0,2337200000.0,2557200000.0,0.0,490000000.0,0.0,0.016,0.96,836100000.0,1326100000.0,0.163,1326100000.0,836100000.0,616100000.0,-0.27,-0.28,-0.27,4633400000.0,4544950000.0,4633400000.0,66870544713.0,80.0,50.426,1780200000.0,1.602,1.0,6259700000.0,0.771,1520900000.0,220000000.0,8287900000.0,7969775000.0,977800000.0,493000000.0,63100000.0,429900000.0,7253400000.0,3530500000.0,3722900000.0,66264344713.0,222600000.0,1246300000.0,-660800000.0,-1270100000.0,-840800000.0,-2611700000.0,759000000.0,-88000000.0,2154000000.0,-78700000.0,-296600000.0,-296600000.0,-296600000.0,2404300000.0,0.0,-0.037,3834600000.0,2425100000.0,841400000.0,-3.556,14.301,-223.413,-220.852,4041800000.0,0.0,59.63,8.159,8.159,1833700000.0,4551800000.0,8121700000.0,8121700000.0,1431900000.0,-0.024,-0.065,0.105,0.103,0.0,2304900000.0,1.0,1111258506.0,1111258506.0,,7.309,10525900000.0,342100000.0,912700000.0,1562600000.0,9.472,1248500000.0
94,LLY,MRT,1997-12-31,1997-12-31,1997-12-31,2021-09-07,-281200000.0,12577400000.0,12799775000.0,5320700000.0,7256700000.0,0.624,4.044,-354800000.0,1947500000.0,1947500000.0,1946000000.0,-385100000.0,1.269,1.768,2553700000.0,227600000.0,2326100000.0,2553700000.0,0.0,509800000.0,0.0,0.013,0.94,732800000.0,1242600000.0,0.156,1242600000.0,732800000.0,500100000.0,-0.35,-0.34,-0.35,4485600000.0,5028975000.0,4485600000.0,78504691613.0,107.0,63.178,2045600000.0,1.844,1.0,6041700000.0,0.756,1550500000.0,232700000.0,7441500000.0,8212300000.0,900700000.0,542700000.0,77100000.0,465600000.0,7931800000.0,4191600000.0,3740200000.0,77241591613.0,1133800000.0,1221500000.0,-145900000.0,-1150700000.0,-818000000.0,-1954600000.0,809700000.0,-22800000.0,2400400000.0,-121700000.0,-385100000.0,-385100000.0,-385100000.0,2401000000.0,0.0,-0.048,3701100000.0,2340600000.0,985500000.0,-2.686,17.22,-200.575,-198.943,4101700000.0,0.0,69.63,9.67,9.67,1883200000.0,4497300000.0,7987700000.0,7987700000.0,1370200000.0,-0.03,-0.077,0.089,0.092,0.0,2233100000.0,1.0,1109314830.0,1109314830.0,,7.201,11026900000.0,325700000.0,885200000.0,1403500000.0,9.94,1129100000.0
95,LLY,MRT,1997-09-30,1997-09-30,1997-09-30,2021-09-07,-233700000.0,11819200000.0,13232225000.0,4609100000.0,7210100000.0,0.591,3.947,-285500000.0,1504100000.0,1504100000.0,2024000000.0,-469600000.0,1.264,1.692,2767200000.0,423400000.0,2343800000.0,2767200000.0,0.0,538500000.0,0.0,0.012,0.712,629700000.0,1168200000.0,0.149,1168200000.0,629700000.0,380800000.0,-0.43,,-0.43,4390900000.0,5432600000.0,4390900000.0,68532270518.0,109.0,58.665,1859300000.0,1.671,1.0,5790600000.0,0.741,1544100000.0,248900000.0,7891200000.0,8595050000.0,914700000.0,453700000.0,36800000.0,416900000.0,7428300000.0,3647000000.0,3781300000.0,67305470518.0,766000000.0,1207300000.0,-103800000.0,-1324200000.0,-785700000.0,-2213700000.0,957100000.0,68400000.0,2144800000.0,-122200000.0,-469600000.0,-469600000.0,-469600000.0,102200000.0,0.0,-0.06,5877600000.0,-87000000.0,729500000.0,-1.656,15.328,-143.325,-140.698,4095200000.0,0.0,60.5,8.613,8.613,1735700000.0,5302400000.0,7814600000.0,7814600000.0,1322700000.0,-0.035,-0.086,0.073,0.081,0.0,2111900000.0,1.0,1112487116.0,1112487116.0,,7.024,10275100000.0,225300000.0,850400000.0,1314100000.0,9.236,962100000.0
96,LLY,MRT,1997-06-30,1997-06-30,1997-06-30,2021-09-07,-182600000.0,12288900000.0,,4992100000.0,7296800000.0,,4.204,-335900000.0,1853000000.0,1853000000.0,1939100000.0,-510900000.0,1.349,1.632,3079800000.0,578000000.0,2501800000.0,3079800000.0,0.0,549600000.0,0.0,0.013,0.703,593600000.0,1143200000.0,0.153,1143200000.0,593600000.0,327900000.0,-0.46,,-0.46,4669900000.0,,4669900000.0,63560612293.0,107.0,55.599,1795000000.0,1.616,1.0,5519300000.0,0.74,1557300000.0,265700000.0,8258500000.0,,945800000.0,494500000.0,100200000.0,394300000.0,7619000000.0,3699900000.0,3919100000.0,60759512293.0,728000000.0,1192000000.0,71100000.0,-1468100000.0,-774900000.0,-2171900000.0,848600000.0,32000000.0,2130900000.0,-79600000.0,-510900000.0,-510900000.0,-510900000.0,102200000.0,0.0,-0.068,5708800000.0,-189500000.0,815400000.0,-1.528,13.011,-118.926,-118.913,4156500000.0,0.0,54.7,8.146,8.146,1665400000.0,5633600000.0,7458400000.0,7458400000.0,1268000000.0,,,,0.08,0.0,1997800000.0,1.0,1110777190.0,1110777190.0,,6.715,10731600000.0,189300000.0,838800000.0,1519400000.0,9.661,1292200000.0
97,LLY,MRT,1997-03-31,1997-03-31,1997-03-31,2021-09-07,-169700000.0,14513600000.0,,4275700000.0,10237900000.0,,5.924,-390300000.0,1042100000.0,1042100000.0,1895400000.0,1566900000.0,1.053,1.209,3843200000.0,1333600000.0,2509600000.0,3843200000.0,0.0,549800000.0,0.0,0.017,0.695,2360800000.0,2910600000.0,0.406,2910600000.0,2360800000.0,2082100000.0,1.425,,1.425,6569500000.0,,6569500000.0,48525655883.0,21.0,16.672,1683800000.0,1.518,1.0,5272600000.0,0.736,3995000000.0,278700000.0,9258000000.0,,876300000.0,483600000.0,75400000.0,408200000.0,7944100000.0,4061700000.0,3882400000.0,45609955883.0,143700000.0,-11300000.0,-35300000.0,-798500000.0,-763500000.0,-1597300000.0,-248900000.0,200000000.0,2074100000.0,-84200000.0,1566900000.0,1566900000.0,1566900000.0,102200000.0,0.0,0.219,3118800000.0,2153800000.0,694800000.0,0.488,6.943,29.108,28.86,4194300000.0,0.0,41.125,6.363,6.363,1794800000.0,7629300000.0,7168000000.0,7168000000.0,1214700000.0,,,,0.329,0.0,1904100000.0,1.0,1109056678.0,1109056678.0,,6.463,10518600000.0,312900000.0,515200000.0,1340900000.0,9.484,214000000.0
98,LLY,MRT,1996-12-31,1996-12-31,1996-12-31,2021-09-07,-57400000.0,14307200000.0,14359850000.0,3891300000.0,10415900000.0,0.487,5.5,-432700000.0,813700000.0,813700000.0,1872100000.0,1523500000.0,0.922,1.345,3729400000.0,1212900000.0,2516500000.0,3729400000.0,0.0,543500000.0,0.0,0.019,0.686,2317100000.0,2860600000.0,0.409,2860600000.0,2317100000.0,2029100000.0,1.39,1.36,1.39,6100100000.0,5766350000.0,6100100000.0,,,,1558700000.0,1.405,1.0,5126200000.0,0.732,4028200000.0,288000000.0,8972500000.0,8907500000.0,881400000.0,584900000.0,141400000.0,443500000.0,8207100000.0,4222200000.0,3984900000.0,40480568747.0,-185800000.0,-97100000.0,-96100000.0,-811800000.0,-753200000.0,-1661100000.0,-468000000.0,102600000.0,1991400000.0,-48100000.0,1523500000.0,1523500000.0,1523500000.0,102200000.0,0.0,0.218,3081900000.0,2044300000.0,829300000.0,0.494,6.636,26.571,26.259,4307000000.0,0.0,36.5,5.784,5.784,1737100000.0,7207300000.0,6998300000.0,6998300000.0,1189500000.0,0.106,0.264,0.26,0.331,0.0,1892400000.0,1.0,1109056678.0,1109056678.0,,6.31,10279000000.0,145200000.0,505600000.0,1067800000.0,9.268,-330900000.0
99,LLY,MRT,1996-09-30,1996-09-30,1996-09-30,2021-09-07,,,,,,,,,,,,,,,,,,,,,,0.021,0.686,,,,,,,,,,,,,,,,,,1.0,,,,,,,,,,,,,,,,,,,,,,,,,,,,,,,,,,,,,,,,32.25,,,,,,,,,,,,,,1.0,,,,,,,,,,
100,LLY,MRT,1996-06-30,1996-06-30,1996-06-30,2021-09-07,,,,,,,,,,,,,,,,,,,,,,0.021,0.676,,,,,,,,,,,,,,,,,,1.0,,,,,,,,,,,,,,,,,,,,,,,,,,,,,,,,,,,,,,,,32.875,,,,,,,,,,,,,,1.0,,,,,,,,,,
101,LLY,MRT,1996-03-31,1996-03-31,1996-03-31,2021-09-07,,,,,,,,,,,,,,,,,,,,,,0.02,0.665,,,,,,,,,,,,,,,,,,1.0,,,,,,,,,,,,,,,,,,,,,,,,,,,,,,,,,,,,,,,,32.688,,,,,,,,,,,,,,1.0,,,,,,,,,,
102,LLY,MRT,1995-12-31,1995-12-31,1995-12-31,2021-09-07,-600000.0,14412500000.0,,4138600000.0,10273900000.0,,,-529800000.0,999500000.0,999500000.0,1885700000.0,2290900000.0,0.833,1.653,4501700000.0,1908800000.0,2592900000.0,4501700000.0,0.0,553700000.0,0.0,0.023,0.655,3036200000.0,3589900000.0,0.531,3589900000.0,3036200000.0,2749900000.0,2.01,1.99,2.01,5432600000.0,,5432600000.0,,,,1294800000.0,,1.0,4878100000.0,0.721,4105200000.0,286300000.0,8842500000.0,,839600000.0,658400000.0,84600000.0,573800000.0,8979900000.0,4967000000.0,4012900000.0,,462600000.0,-36800000.0,-101300000.0,34800000.0,-747200000.0,-813700000.0,-562800000.0,57900000.0,1824600000.0,14500000.0,2290900000.0,2290900000.0,2290900000.0,-984300000.0,0.0,0.339,2896300000.0,1981800000.0,1018000000.0,0.326,,,13.993,4239300000.0,0.0,28.125,,,1808400000.0,6484300000.0,6763800000.0,6763800000.0,1042300000.0,,,,0.449,0.0,1854000000.0,1.0,,,,,10307300000.0,259200000.0,459000000.0,956000000.0,,-828400000.0
103,LLY,MRT,1994-12-31,1994-12-31,1994-12-31,2021-09-07,,,,,,,,-517800000.0,,,1679700000.0,1286100000.0,,,,,,,,432200000.0,,0.038,0.625,1903400000.0,2335600000.0,0.409,2335600000.0,1903400000.0,1799600000.0,1.11,,1.11,,,,,,,1014500000.0,,1.0,4031900000.0,0.706,,103800000.0,,,,,,,,,,,-2700000.0,-4050800000.0,-60500000.0,3428400000.0,-723100000.0,2837300000.0,-4405000000.0,236500000.0,1532300000.0,32700000.0,1286100000.0,1286100000.0,1286100000.0,-101000000.0,0.0,0.225,2361400000.0,1670500000.0,,0.563,,,14.779,,0.0,16.405,,,,,5711600000.0,5711600000.0,838700000.0,,,,0.333,0.0,1398300000.0,1.0,,,,,,,513500000.0,,,
