None,ticker,dimension,calendardate,datekey,reportperiod,lastupdated,accoci,assets,assetsavg,assetsc,assetsnc,assetturnover,bvps,capex,cashneq,cashnequsd,cor,consolinc,currentratio,de,debt,debtc,debtnc,debtusd,deferredrev,depamor,deposits,divyield,dps,ebit,ebitda,ebitdamargin,ebitdausd,ebitusd,ebt,eps,epsdil,epsusd,equity,equityavg,equityusd,ev,evebit,evebitda,fcf,fcfps,fxusd,gp,grossmargin,intangibles,intexp,invcap,invcapavg,inventory,investments,investmentsc,investmentsnc,liabilities,liabilitiesc,liabilitiesnc,marketcap,ncf,ncfbus,ncfcommon,ncfdebt,ncfdiv,ncff,ncfi,ncfinv,ncfo,ncfx,netinc,netinccmn,netinccmnusd,netincdis,netincnci,netmargin,opex,opinc,payables,payoutratio,pb,pe,pe1,ppnenet,prefdivis,price,ps,ps1,receivables,retearn,revenue,revenueusd,rnd,roa,roe,roic,ros,sbcomp,sgna,sharefactor,sharesbas,shareswa,shareswadil,sps,tangibles,taxassets,taxexp,taxliabilities,tbvps,workingcapital
0,JOY,ARY,2016-12-31,2016-12-16,2016-10-28,2019-10-15,-145751000,3426431000,3462170500,1893068000,1533363000,0.685,14.093,-17852000.0,276709000,276709000,1855574000.0,-58379000.0,2.45,1.48,1007033000,42054000,964979000,1007033000,173121000,141900000.0,0,0.001,0.04,-31364000.0,110536000.0,0.047,110536000.0,-31364000.0,-81705000.0,-0.59,-0.59,-0.59,1381706000,1369684250,1381706000,3496258477,-111.0,31.63,235789000.0,2.405,1.0,515826000.0,0.218,574254000,50341000.0,2809937000,2890737500,814821000,0,0,0,2044725000,772564000,1272161000,2765934477,175334000.0,28250000.0,639000.0,-77350000.0,-3984000.0,-84690000.0,9654000.0,0.0,253641000.0,-3271000.0,-58379000.0,-58379000.0,-58379000.0,-5466000.0,0.0,-0.025,566580000.0,-50754000.0,236787000,-0.068,2.002,-47.379,-47.475,656245000,0.0,28.01,1.166,1.158,683958000,1792431000.0,2371400000.0,2371400000.0,0.0,-0.017,-0.043,-0.011,-0.013,25550000.0,476684000.0,1.0,98748107,98040000,98040000.0,24.188,2852177000,171775000,-23326000.0,0,29.092,1120504000
1,JOY,ARY,2015-12-31,2015-12-21,2015-10-30,2019-10-15,-147072000,3712446000,4934335000,2068442000,1644004000,0.643,14.565,-67036000.0,102885000,102885000,2333225000.0,-1178004000.0,2.271,1.614,1086964000,26321000,1060643000,1086964000,229470000,142366000.0,0,0.049,0.6,-1112990000.0,-970624000.0,-0.306,-970624000.0,-1112990000.0,-1177129000.0,-12.08,-12.08,-12.08,1420009000,2398132250,1420009000,2195452454,-2.0,-2.262,288297000.0,2.957,1.0,838922000.0,0.264,610331000,64139000.0,3175274000,3481966750,1007925000,0,0,0,2292437000,910920000,1381517000,1211373454,-167306000.0,-114353000.0,-45346000.0,-201921000.0,-77950000.0,-324956000.0,-181472000.0,0.0,355333000.0,-16211000.0,-1178004000.0,-1178004000.0,-1178004000.0,0.0,0.0,-0.371,1954914000.0,-1115992000.0,275789000,-0.05,0.853,-1.028,-1.024,792032000,0.0,12.37,0.382,0.38,812073000,1854794000.0,3172147000.0,3172147000.0,0.0,-0.239,-0.491,-0.32,-0.351,30373000.0,616673000.0,1.0,97928331,97493000,97493000.0,32.537,3102115000,118913000,875000.0,0,31.819,1157522000
2,JOY,ARY,2014-12-31,2014-12-19,2014-10-31,2019-10-15,-535282000,5596986000,5572276250,2618359000,2978627000,0.678,28.385,-81114000.0,270191000,270191000,2667158000.0,331037000.0,2.228,0.97,1281280000,11739000,1269541000,1281280000,285939000,133593000.0,0,0.016,0.775,526900000.0,660493000.0,0.175,660493000.0,526900000.0,461792000.0,3.31,3.28,3.31,2840997000,2797709500,2840997000,5594347242,11.0,8.47,282225000.0,2.82,1.0,1111152000.0,0.294,1835962000,65108000.0,3597125000,3516863500,1108308000,0,0,0,2755989000,1174988000,1581001000,4583258242,-135518000.0,-44426000.0,-255990000.0,-35168000.0,-74945000.0,-367297000.0,-125487000.0,0.0,363339000.0,-6073000.0,331037000.0,331037000.0,331037000.0,0.0,0.0,0.088,606347000.0,504805000.0,395945000,0.234,1.613,13.845,14.221,892440000,0.0,47.07,1.213,1.247,1059709000,3645527000.0,3778310000.0,3778310000.0,0.0,0.059,0.118,0.15,0.139,16053000.0,606347000.0,1.0,97371112,100088000,100939000.0,37.75,3761024000,70181000,130755000.0,0,37.577,1443371000
3,JOY,ARY,2013-12-31,2013-12-13,2013-10-25,2019-10-15,-507634000,5789582000,6086029750,2822444000,2967138000,0.824,26.948,-149863000.0,405709000,405709000,3389484000.0,533713000.0,2.074,1.025,1315596000,58669000,1256927000,1315596000,399768000,113519000.0,0,0.013,0.7,830217000.0,943736000.0,0.188,943736000.0,830217000.0,763932000.0,5.03,4.99,5.03,2858369000,2862818250,2858369000,6371667294,8.0,6.752,486987000.0,4.591,1.0,1623213000.0,0.324,1812331000,66285000.0,3526548000,3595577250,1139744000,0,0,0,2931213000,1360590000,1570623000,5461780294,141836000.0,0.0,-206531000.0,-57374000.0,-74325000.0,-336502000.0,-149975000.0,0.0,636850000.0,-8537000.0,533713000.0,533713000.0,533713000.0,225000.0,0.0,0.106,835201000.0,788012000.0,388119000,0.139,1.911,10.234,10.642,912642000,0.0,53.53,1.09,1.133,1083663000,3390459000.0,5012697000.0,5012697000.0,0.0,0.088,0.186,0.231,0.166,27278000.0,680001000.0,1.0,102032137,106070000,106996000.0,47.258,3977251000,41532000,230219000.0,0,37.496,1461854000
4,JOY,ARY,2012-12-31,2012-12-18,2012-10-26,2019-10-15,-508649000,6142503000,6209751250,3156077000,2986426000,0.912,24.345,-233610000.0,263873000,263873000,3783802000.0,762201000.0,1.772,1.383,1371941000,65316000,1306625000,1371941000,669792000,152840000.0,0,0.011,0.7,1173150000.0,1325990000.0,0.234,1325990000.0,1173150000.0,1099891000.0,7.2,7.13,7.2,2577189000,2378891750,2577189000,7718929248,7.0,5.821,209251000.0,1.977,1.0,1877087000.0,0.332,1971582000,73259000.0,3498172000,3439079250,1415455000,0,0,0,3565314000,1780817000,1784497000,6610861248,-24448000.0,-1012187000.0,0.0,-35742000.0,-73961000.0,-81609000.0,-378329000.0,0.0,442861000.0,-7371000.0,762021000.0,762021000.0,762021000.0,5060000.0,180000.0,0.135,736776000.0,1140311000.0,452236000,0.097,2.565,8.675,8.662,832862000,0.0,62.37,1.168,1.166,1229083000,2931981000.0,5660889000.0,5660889000.0,0.0,0.123,0.32,0.341,0.207,6226000.0,736776000.0,1.0,105994248,105862000,106889000.0,53.474,4170921000,67101000,337870000.0,0,39.4,1375260000
5,JOY,ARY,2011-12-31,2011-12-22,2011-10-28,2019-10-15,-396083000,5426354000,4382241250,3564007000,1862347000,1.005,18.603,-104363000.0,1154321000,1154321000,2897605000.0,609656000.0,2.067,1.78,1392307000,35895000,1356412000,1392307000,771841000,79110000.0,0,0.009,0.7,912667000.0,991777000.0,0.225,991777000.0,912667000.0,874487000.0,5.81,5.72,5.81,1951795000,1764145750,1951795000,8300016268,9.0,8.369,400330000.0,3.816,1.0,1506301000.0,0.342,813919000,38180000.0,3125850000,2300380750,1334134000,380114000,0,380114000,3474559000,1724571000,1749988000,8062030268,-527260000.0,-1050632000.0,0.0,994715000.0,-73262000.0,976716000.0,-2021877000.0,0.0,504693000.0,13208000.0,609656000.0,609656000.0,609656000.0,21346000.0,0.0,0.138,602045000.0,904256000.0,452519000,0.12,4.131,13.224,13.2,539571000,0.0,76.69,1.831,1.827,884696000,2244740000.0,4403906000.0,4403906000.0,0.0,0.139,0.346,0.397,0.207,0.0,602010000.0,1.0,105124922,104916000,106537000.0,41.976,4612435000,73123000,264831000.0,0,43.963,1839436000
6,JOY,ARY,2010-12-31,2010-12-20,2010-10-29,2019-10-15,-379642000,3284041000,3150135000,2361927000,922114000,1.119,13.134,-73056000.0,815581000,815581000,2350708000.0,461499000.0,2.308,1.423,397876000,1550000,396326000,397876000,376300000,59749000.0,0,0.008,0.7,708988000.0,768737000.0,0.218,768737000.0,708988000.0,679024000.0,4.47,4.4,4.47,1355394000,1092399500,1355394000,8558935450,12.0,11.134,510433000.0,4.946,1.0,1173626000.0,0.333,304517000,29964000.0,1538495000,1769323500,764945000,0,0,0,1928647000,1023324000,905323000,8976640450,343896000.0,0.0,0.0,-146176000.0,-72088000.0,-185056000.0,-74915000.0,0.0,583489000.0,20378000.0,461499000.0,461499000.0,461499000.0,0.0,0.0,0.131,481946000.0,691680000.0,291742000,0.157,6.623,19.451,19.38,378024000,0.0,86.63,2.547,2.537,674135000,1722087000.0,3524334000.0,3524334000.0,0.0,0.147,0.422,0.401,0.201,0.0,480636000.0,1.0,103620460,103196000,104905000.0,34.152,2979524000,162682000,217525000.0,0,28.872,1338603000
7,JOY,ARY,2009-12-31,2009-12-22,2009-10-30,2019-10-15,-472224000,3008279000,2845345750,1950027000,1058252000,1.265,7.943,-92349000.0,471685000,471685000,2445514000.0,454650000.0,2.104,2.697,543681000,19791000,523890000,543681000,321629000,58570000.0,0,0.013,0.7,714857000.0,773427000.0,0.215,773427000.0,714857000.0,682640000.0,4.44,4.41,4.44,813739000,745894500,813739000,5627252366,8.0,7.276,359612000.0,3.51,1.0,1152800000.0,0.32,314769000,32217000.0,1838722000,1825137250,769783000,0,0,0,2194540000,926784000,1267756000,5555256366,270110000.0,-11184000.0,-13706000.0,-26212000.0,-71596000.0,-107561000.0,-104014000.0,0.0,451961000.0,29724000.0,454650000.0,454650000.0,454650000.0,0.0,0.0,0.126,449462000.0,703338000.0,206770000,0.158,6.827,12.219,12.205,347058000,0.0,54.19,1.544,1.543,580629000,1333254000.0,3598314000.0,3598314000.0,0.0,0.16,0.61,0.392,0.199,0.0,454522000.0,1.0,102514419,102450000,103104000.0,35.123,2693510000,332474000,227990000.0,0,26.291,1023243000
8,JOY,ARY,2008-12-31,2008-12-19,2008-10-31,2019-10-15,-345920000,2644313000,2609764500,1738129000,906184000,1.31,4.955,-82021000.0,201575000,201575000,2428929000.0,374278000.0,1.524,3.966,567427000,26460000,540967000,567427000,491675000,71423000.0,0,0.027,0.65,562465000.0,633888000.0,0.185,633888000.0,562465000.0,528228000.0,3.48,3.45,3.48,532474000,754415250,532474000,2792832406,5.0,4.406,495264000.0,4.608,1.0,990005000.0,0.29,320027000,34237000.0,1549787000,1634842750,805244000,0,0,0,2111839000,1140351000,971488000,2426980406,28327000.0,-255574000.0,-289376000.0,165643000.0,-67426000.0,-180643000.0,-328665000.0,0.0,577285000.0,-39650000.0,374278000.0,374278000.0,374278000.0,-1141000.0,0.0,0.109,443946000.0,546059000.0,291779000,0.187,4.558,6.484,6.828,289001000,0.0,23.76,0.71,0.747,632194000,950697000.0,3418934000.0,3418934000.0,0.0,0.143,0.496,0.344,0.165,-12011000.0,441527000.0,1.0,102145640,107472000,108425000.0,31.812,2324286000,255313000,153950000.0,0,21.627,597778000
9,JOY,ARY,2007-12-31,2007-12-21,2007-10-26,2019-10-15,-113647000,2134903000,2059875750,1537795000,597108000,1.237,6.561,-49434000.0,173248000,173248000,1720634000.0,279784000.0,2.041,1.949,396497000,240000,396257000,396497000,324102000,48806000.0,0,0.009,0.6,480968000.0,529774000.0,0.208,529774000.0,480968000.0,449059000.0,2.54,2.51,2.54,723994000,658010250,723994000,7285913984,15.0,13.753,332560000.0,3.014,1.0,826688000.0,0.325,79716000,31909000.0,1524897000,1715100750,727360000,0,0,0,1410909000,753539000,657370000,7062664984,71994000.0,-13186000.0,-487737000.0,292644000.0,-66158000.0,-255125000.0,-62321000.0,0.0,381994000.0,7446000.0,279784000.0,279784000.0,279784000.0,0.0,0.0,0.11,357810000.0,468878000.0,199198000,0.236,9.755,25.243,25.866,234029000,0.0,65.7,2.773,2.846,560242000,644414000.0,2547322000.0,2547322000.0,0.0,0.136,0.425,0.28,0.189,-7102000.0,358538000.0,1.0,107498706,110354000,111630000.0,23.083,2055187000,248139000,169275000.0,0,18.624,784256000
10,JOY,ARY,2006-12-31,2006-12-21,2006-10-28,2019-10-15,-187307000,1954005000,1797416750,1227875000,726130000,1.336,7.558,-37984000.0,101254000,101254000,1646591000.0,416421000.0,2.047,1.125,103311000,5166000,98145000,103311000,186581000,41256000.0,0,0.01,0.487,457588000.0,498844000.0,0.208,498844000.0,457588000.0,451922000.0,3.42,3.38,3.42,919629000,844672000,919629000,5430089110,12.0,10.885,292381000.0,2.403,1.0,755119000.0,0.314,76154000,5666000.0,1279927000,1147620750,639934000,0,0,0,1034376000,599981000,434395000,5428032110,-42663000.0,-117377000.0,-281413000.0,100692000.0,-54426000.0,-214415000.0,-154752000.0,0.0,330365000.0,-3861000.0,416421000.0,416421000.0,416421000.0,0.0,0.0,0.173,315009000.0,440110000.0,200121000,0.142,5.902,13.035,14.026,205011000,0.0,47.97,2.26,2.43,431430000,431310000.0,2401710000.0,2401710000.0,0.0,0.232,0.493,0.399,0.191,-20732000.0,321831000.0,1.0,113154724,121682000,123276000.0,19.738,1877851000,335690000,35501000.0,0,15.432,627894000
11,JOY,ARY,2005-12-31,2005-12-23,2005-10-29,2019-10-15,-228841000,1648528000,1522735250,1116683000,531845000,1.266,5.512,-37059000.0,143917000,143917000,1365496000.0,148049000.0,1.863,1.469,2667000,964000,1703000,2667000,187710000,41885000.0,0,0.008,0.338,243772000.0,285657000.0,0.148,285657000.0,243772000.0,228581000.0,1.22,1.2,1.22,667626000,548652500,667626000,4719643280,19.0,16.522,164238000.0,1.356,1.0,561978000.0,0.292,6515000,15191000.0,901250000,921658250,548195000,0,0,0,980902000,599513000,381389000,4860893280,-87789000.0,0.0,11984000.0,-227635000.0,-33580000.0,-250846000.0,-35703000.0,0.0,201297000.0,-2537000.0,148049000.0,148049000.0,148049000.0,-1128000.0,0.0,0.077,295943000.0,266035000.0,160627000,0.277,7.281,32.833,32.787,199180000,0.0,40.0,2.522,2.514,351501000,69766000.0,1927474000.0,1927474000.0,0.0,0.097,0.27,0.264,0.126,0.0,297904000.0,1.0,121522332,121121000,123443000.0,15.914,1642013000,225138000,80532000.0,0,13.557,517170000
12,JOY,ARY,2004-12-31,2004-12-22,2004-10-30,2019-10-15,-197033000,1440359000,1375250250,992052000,448307000,1.041,3.855,-16388000.0,231706000,231706000,1049954000.0,55322000.0,2.297,2.186,205979000,3110000,202869000,205979000,87507000,46177000.0,0,0.009,0.172,118856000.0,165033000.0,0.115,165033000.0,118856000.0,94572000.0,0.471,0.458,0.471,452048000,428080250,452048000,2154842337,18.0,13.057,45873000.0,0.391,1.0,382213000.0,0.267,40213000,24284000.0,942567000,941459000,443810000,0,0,0,988311000,431852000,556459000,2180569337,83201000.0,0.0,44716000.0,-2090000.0,-14026000.0,27600000.0,-11137000.0,0.0,62261000.0,4477000.0,55322000.0,55322000.0,55322000.0,0.0,0.0,0.039,271195000.0,111018000.0,139178000,0.365,4.824,39.416,39.547,207974000,0.0,18.627,1.523,1.525,259897000,-45042000.0,1432167000.0,1432167000.0,0.0,0.04,0.129,0.126,0.083,0.0,277412000.0,1.0,117067073,117276750,120654000.0,12.212,1400146000,129424000,39250000.0,4910000,11.939,560200000
13,JOY,ARY,2003-12-31,2003-12-23,2003-11-01,2019-10-15,-181560000,1286729000,1284243750,776567000,510162000,0.947,3.275,-24516000.0,148505000,148505000,922864000.0,18516000.0,2.384,2.475,207679000,4767000,202912000,207679000,36676000,52542000.0,0,0.0,0.0,54897000.0,107439000.0,0.088,107439000.0,54897000.0,27866000.0,0.164,0.164,0.164,370273000,366073250,370273000,1311756271,24.0,12.209,81129000.0,0.718,1.0,293102000.0,0.241,77709000,27031000.0,942488000,875742750,382929000,0,0,0,916456000,325706000,590750000,1252582271,77599000.0,-12316000.0,1917000.0,-11662000.0,0.0,-9995000.0,-30547000.0,0.0,105645000.0,12496000.0,18516000.0,18516000.0,18516000.0,0.0,0.0,0.015,246011000.0,47091000.0,89136000,0.0,3.383,67.649,69.079,226101000,0.0,11.329,1.03,1.053,193882000,-85999000.0,1215966000.0,1215966000.0,0.0,0.014,0.051,0.063,0.045,0.0,241507000.0,1.0,110565324,113044500,113798250.0,10.757,1209020000,136192000,9350000.0,26097000,10.695,450861000
14,JOY,ARY,2002-12-31,2002-12-23,2002-11-02,2019-10-15,-180467000,1257339000,1299974250,700107000,557232000,0.885,3.106,-15911000.0,71159000,71159000,954290000.0,-28017000.0,2.206,2.586,218117000,3032000,215085000,218117000,26244000,59137000.0,0,0.0,0.0,-11214000.0,47923000.0,0.042,47923000.0,-11214000.0,-42252000.0,-0.204,-0.204,-0.204,350616000,428155000,350616000,661965605,-59.0,13.813,111630000.0,0.989,1.0,196557000.0,0.171,190541000,31038000.0,896351000,962311250,418557000,0,0,0,906723000,317405000,589318000,515007605,31254000.0,0.0,0.0,-76565000.0,0.0,-85701000.0,-11645000.0,0.0,127541000.0,1059000.0,-28017000.0,-28017000.0,-28017000.0,0.0,0.0,-0.024,205591000.0,-9034000.0,73492000,0.0,1.469,-18.382,-24.205,271854000,0.0,4.938,0.448,0.484,171534000,-104515000.0,1150847000.0,1150847000.0,0.0,-0.022,-0.065,-0.012,-0.01,0.0,212821000.0,1.0,104299470,112880250,112880250.0,10.195,1066798000,64890000,-14235000.0,32102000,9.451,382702000
0,JOY,ARQ,2016-12-31,2017-03-03,2017-01-27,2019-10-15,0,3445504000,,1931590000,1513914000,,14.1,-1711000.0,321909000,321909000,389108000.0,-277000.0,2.458,1.47,996247000,43006000,953241000,996247000,242450000,26217000.0,0,0.001,0.01,-162000.0,26055000.0,0.052,26055000.0,-162000.0,-12772000.0,0.0,0.0,0.0,1394691000,,1394691000,3478650993,273.0,24.709,39762000.0,0.402,1.0,108661000.0,0.218,567843000,12610000.0,2766077000,,836465000,0,0,0,2050813000,785922000,1264891000,2804312993,45270000.0,0.0,10668000.0,-9375000.0,-1009000.0,5568000.0,-1711000.0,0.0,41473000.0,-60000.0,-277000.0,-277000.0,-277000.0,0.0,0.0,-0.001,111883000.0,-3222000.0,219502000,,2.011,-152.119,-156.389,642882000,0.0,28.15,1.197,1.188,639881000,,497769000.0,497769000.0,0.0,,,,,6443000.0,111111000.0,1.0,99620355,98913000,98913000.0,5.032,2877661000,179539000,-12495000.0,0,29.093,1145668000
1,JOY,ARQ,2016-09-30,2016-12-16,2016-10-28,2019-10-15,-145751000,3426431000,,1893068000,1533363000,,14.066,-5946000.0,276709000,276709000,504245000.0,-8447000.0,2.45,1.48,1007033000,42054000,964979000,1007033000,173121000,23998000.0,0,0.001,0.01,14902000.0,38900000.0,0.059,38900000.0,14902000.0,2212000.0,-0.08,-0.08,-0.08,1381706000,,1381706000,3496258477,-111.0,31.63,68912000.0,0.702,1.0,152318000.0,0.232,574254000,12690000.0,2809937000,,814821000,0,0,0,2044725000,772564000,1272161000,2765934477,95394000.0,28250000.0,639000.0,3214000.0,-1012000.0,-143000.0,21376000.0,0.0,74858000.0,-697000.0,-8447000.0,-8447000.0,-8447000.0,0.0,0.0,-0.013,140663000.0,11655000.0,236787000,-0.125,2.002,-47.379,-47.475,656245000,0.0,28.01,1.166,1.158,683958000,1792431000.0,656563000.0,656563000.0,0.0,,,,,7383000.0,135251000.0,1.0,98748107,98229000,98229000.0,6.684,2852177000,171775000,10659000.0,0,29.036,1120504000
2,JOY,ARQ,2016-06-30,2016-09-02,2016-07-29,2019-10-15,0,3433417000,,1851223000,1582194000,,13.986,-1399000.0,182825000,182825000,454594000.0,128000.0,2.346,1.501,1006792000,32545000,974247000,1006792000,197437000,40509000.0,0,0.001,0.01,-3985000.0,36524000.0,0.062,36524000.0,-3985000.0,-16276000.0,0.0,0.0,0.0,1372846000,,1372846000,3499885092,-3.0,-2.91,24613000.0,0.251,1.0,131958000.0,0.225,580443000,12291000.0,2887749000,,896257000,0,0,0,2060571000,789192000,1271379000,2675918092,21947000.0,0.0,0.0,-49000.0,-995000.0,-1044000.0,-1218000.0,0.0,26012000.0,-1803000.0,128000.0,128000.0,128000.0,0.0,0.0,0.0,138808000.0,-6850000.0,231713000,,1.949,-2.004,-1.991,673943000,0.0,27.26,1.037,1.037,647017000,,586552000.0,586552000.0,0.0,,,,,6927000.0,114377000.0,1.0,98162806,98160000,99224000.0,5.975,2852974000,202463000,-16404000.0,0,29.065,1062031000
3,JOY,ARQ,2016-03-31,2016-06-03,2016-04-29,2019-10-15,0,3508100000,,1925175000,1582925000,,14.091,-11571000.0,160878000,160878000,458479000.0,-9839000.0,2.328,1.543,1006841000,23353000,983488000,1006841000,225167000,37306000.0,0,0.011,0.01,1999000.0,39305000.0,0.065,39305000.0,1999000.0,-10438000.0,-0.1,-0.1,-0.1,1379767000,,1379767000,2877405855,-2.0,-2.554,32611000.0,0.333,1.0,143506000.0,0.238,586980000,12437000.0,2940155000,,939863000,0,0,0,2128333000,826928000,1301405000,2031442855,20945000.0,0.0,0.0,-15721000.0,-980000.0,-16701000.0,-11690000.0,0.0,44182000.0,5154000.0,-9839000.0,-9839000.0,-9839000.0,-5466000.0,0.0,-0.016,150037000.0,-6531000.0,240900000,-0.1,1.472,-1.574,-1.565,716355000,0.0,20.7,0.729,0.728,670376000,,601985000.0,601985000.0,0.0,,,,,6873000.0,116643000.0,1.0,98137336,97921000,97921000.0,6.148,2921120000,153008000,-599000.0,0,29.831,1098247000
4,JOY,ARQ,2015-12-31,2016-03-04,2016-01-29,2019-10-15,0,3480734000,,1864406000,1616328000,,13.739,1064000.0,139933000,139933000,438256000.0,-40221000.0,2.236,1.589,1022272000,29532000,992740000,1022272000,235508000,40087000.0,0,0.023,0.01,-44280000.0,-4193000.0,-0.008,-4193000.0,-44280000.0,-57203000.0,-0.41,-0.41,-0.41,1344418000,,1344418000,2613774249,-2.0,-2.465,109653000.0,1.121,1.0,88044000.0,0.167,604305000,12923000.0,2925109000,,962663000,0,0,0,2136316000,833659000,1302657000,1731435249,37048000.0,0.0,0.0,-64794000.0,-997000.0,-66802000.0,1186000.0,0.0,108589000.0,-5925000.0,-40221000.0,-40221000.0,-40221000.0,0.0,0.0,-0.076,137072000.0,-49028000.0,216408000,-0.024,1.288,-1.394,-1.389,752448000,0.0,17.68,0.578,0.578,650931000,,526300000.0,526300000.0,0.0,,,,,4367000.0,110413000.0,1.0,97931858,97851000,97851000.0,5.379,2876429000,149641000,-16982000.0,0,29.396,1030747000
5,JOY,ARQ,2015-09-30,2015-12-21,2015-10-30,2019-10-15,-147072000,3712446000,,2068442000,1644004000,,14.56,-13286000.0,102885000,102885000,658238000.0,-1285196000.0,2.271,1.614,1086964000,26321000,1060643000,1086964000,229470000,39452000.0,0,0.049,0.0,-1313821000.0,-1274369000.0,-1.472,-1274369000.0,-1313821000.0,-1329592000.0,-13.18,-13.17,-13.18,1420009000,,1420009000,2195452454,-2.0,-2.262,173333000.0,1.777,1.0,207330000.0,0.24,610331000,15771000.0,3175274000,,1007925000,0,0,0,2292437000,910920000,1381517000,1211373454,-38015000.0,0.0,1801000.0,-190376000.0,-19494000.0,-208069000.0,-13994000.0,0.0,186619000.0,-2571000.0,-1285196000.0,-1285196000.0,-1285196000.0,0.0,0.0,-1.485,1510343000.0,-1303013000.0,275789000,0.0,0.853,-1.028,-1.024,792032000,0.0,12.37,0.382,0.38,812073000,1854794000.0,865568000.0,865568000.0,0.0,,,,,6527000.0,172102000.0,1.0,97928331,97529000,95816000.0,8.875,3102115000,118913000,-44396000.0,0,31.807,1157522000
6,JOY,ARQ,2015-06-30,2015-09-04,2015-07-31,2019-10-15,0,5332129000,,2331997000,3000132000,,28.152,-17913000.0,140900000,140900000,574838000.0,44885000.0,2.317,0.943,1270203000,14171000,1256032000,1270203000,297722000,36738000.0,0,0.043,0.2,75907000.0,112645000.0,0.142,112645000.0,75907000.0,59688000.0,0.46,0.46,0.46,2744267000,,2744267000,2945254388,8.0,5.571,98040000.0,1.006,1.0,217345000.0,0.274,1886646000,16219000.0,3568330000,,1184342000,0,0,0,2587862000,1006456000,1581406000,1815951388,-51191000.0,-114353000.0,293000.0,-11545000.0,-19492000.0,-31348000.0,-132014000.0,0.0,115953000.0,-3782000.0,44885000.0,44885000.0,44885000.0,0.0,0.0,0.057,145215000.0,72130000.0,330838000,0.435,0.662,7.439,7.512,875150000,0.0,18.63,0.528,0.528,829536000,,792183000.0,792183000.0,0.0,,,,,7881000.0,145215000.0,1.0,97474578,97480000,98033000.0,8.127,3445483000,74532000,14803000.0,0,35.346,1325541000
7,JOY,ARQ,2015-03-31,2015-06-05,2015-05-01,2019-10-15,0,5397658000,,2482634000,2915024000,,28.146,-14335000.0,192091000,192091000,579403000.0,38713000.0,2.291,0.969,1282292000,21793000,1260499000,1282292000,329871000,32497000.0,0,0.021,0.2,73278000.0,105775000.0,0.131,105775000.0,73278000.0,57026000.0,0.4,0.4,0.4,2741881000,,2741881000,4876278488,11.0,8.541,56781000.0,0.583,1.0,231120000.0,0.285,1805361000,16252000.0,3598956000,,1192093000,0,0,0,2655777000,1083542000,1572235000,3786077488,39765000.0,0.0,2287000.0,0.0,-19475000.0,-16763000.0,-14103000.0,0.0,71116000.0,-485000.0,38713000.0,38713000.0,38713000.0,0.0,0.0,0.048,161722000.0,69398000.0,352743000,0.5,1.381,13.995,14.231,872363000,0.0,38.85,1.074,1.074,923453000,,810523000.0,810523000.0,0.0,,,,,8411000.0,161722000.0,1.0,97453732,97416000,97972000.0,8.32,3592297000,68150000,18313000.0,0,36.876,1399092000
8,JOY,ARQ,2014-12-31,2015-03-06,2015-01-30,2019-10-15,0,5295107000,,2391958000,2903149000,,27.539,-21502000.0,152326000,152326000,520746000.0,23594000.0,2.312,0.971,1281660000,16672000,1264988000,1281660000,312401000,33679000.0,0,0.02,0.2,51646000.0,85325000.0,0.121,85325000.0,51646000.0,35749000.0,0.24,0.24,0.24,2686372000,,2686372000,4931812560,10.0,7.888,-39857000.0,-0.409,1.0,183127000.0,0.26,1804330000,15897000.0,3585307000,,1176048000,0,0,0,2608735000,1034804000,1573931000,3802478560,-117865000.0,0.0,-49727000.0,0.0,-19489000.0,-68776000.0,-21361000.0,0.0,-18355000.0,-9373000.0,23594000.0,23594000.0,23594000.0,0.0,0.0,0.034,137634000.0,45493000.0,322887000,0.833,1.415,12.436,12.72,864719000,0.0,39.05,1.044,1.046,888675000,,703873000.0,703873000.0,0.0,,,,,7554000.0,137634000.0,1.0,97374611,97547000,98138000.0,7.216,3490777000,64819000,12155000.0,0,35.786,1357154000
9,JOY,ARQ,2014-09-30,2014-12-19,2014-10-31,2019-10-15,-535282000,5596986000,,2618359000,2978627000,,28.885,-20928000.0,270191000,270191000,787659000.0,136936000.0,2.228,0.97,1281280000,11739000,1269541000,1281280000,285939000,34868000.0,0,0.016,0.2,190039000.0,224907000.0,0.198,224907000.0,190039000.0,174079000.0,1.38,1.37,1.38,2840997000,,2840997000,5594347242,11.0,8.47,44193000.0,0.449,1.0,345948000.0,0.305,1835962000,15960000.0,3597125000,,1108308000,0,0,0,2755989000,1174988000,1581001000,4583258242,-37851000.0,2632000.0,-71843000.0,11552000.0,-19611000.0,-79997000.0,-18154000.0,0.0,65121000.0,-4821000.0,136936000.0,136936000.0,136936000.0,0.0,0.0,0.121,161525000.0,184423000.0,395945000,0.145,1.613,13.845,14.221,892440000,0.0,47.07,1.213,1.247,1059709000,3645527000.0,1133607000.0,1133607000.0,0.0,,,,,6576000.0,161525000.0,1.0,97371112,98354000,99148000.0,11.526,3761024000,70181000,37143000.0,0,38.24,1443371000
10,JOY,ARQ,2014-06-30,2014-09-05,2014-08-01,2019-10-15,0,5590709000,,2597930000,2992779000,,28.14,-20087000.0,308042000,308042000,623729000.0,71289000.0,2.214,0.99,1269495000,168000,1269327000,1269495000,397483000,33888000.0,0,0.012,0.2,120998000.0,154886000.0,0.177,154886000.0,120998000.0,104394000.0,0.71,0.71,0.71,2809986000,,2809986000,6871618762,18.0,13.23,71571000.0,0.717,1.0,251932000.0,0.288,1841514000,16604000.0,3537391000,,1211735000,0,0,0,2780723000,1173257000,1607466000,5910165762,-77748000.0,-47058000.0,-61224000.0,-20458000.0,-19960000.0,-102309000.0,-67168000.0,0.0,91658000.0,71000.0,71289000.0,71289000.0,71289000.0,0.0,0.0,0.081,137259000.0,114673000.0,356871000,0.282,2.103,26.751,27.489,910738000,0.0,60.2,1.545,1.571,890838000,,875661000.0,875661000.0,0.0,,,,,-4119000.0,137259000.0,1.0,98175511,99856000,100738000.0,8.769,3749195000,44890000,33105000.0,0,37.546,1424673000
11,JOY,ARQ,2014-03-31,2014-06-06,2014-05-02,2019-10-15,0,5577734000,,2634021000,2943713000,,28.051,-15525000.0,385790000,385790000,651592000.0,73951000.0,2.159,0.982,1289661000,58089000,1231572000,1289661000,403518000,32071000.0,0,0.011,0.2,128035000.0,160106000.0,0.172,160106000.0,128035000.0,111894000.0,0.74,0.73,0.74,2814816000,,2814816000,7309175211,13.0,10.871,126129000.0,1.257,1.0,278138000.0,0.299,1815390000,16141000.0,3446337000,,1128891000,0,0,0,2762918000,1219878000,1543040000,6405304211,94891000.0,0.0,-2872000.0,-12503000.0,-17524000.0,-33047000.0,-15570000.0,0.0,141654000.0,1854000.0,73951000.0,73951000.0,73951000.0,0.0,0.0,0.08,154534000.0,123604000.0,335319000,0.27,2.276,19.245,20.034,893649000,0.0,64.11,1.5,1.506,917502000,,929730000.0,929730000.0,0.0,,,,,7280000.0,154534000.0,1.0,99911156,100346000,101203000.0,9.265,3762344000,39746000,37943000.0,0,37.494,1414143000
12,JOY,ARQ,2013-12-31,2014-03-07,2014-01-31,2019-10-15,0,5523676000,,2587834000,2935842000,,26.77,-24574000.0,290899000,290899000,604178000.0,48861000.0,2.081,1.027,1302230000,58356000,1243874000,1302230000,472846000,32766000.0,0,0.012,0.175,87828000.0,120594000.0,0.144,120594000.0,87828000.0,71425000.0,0.48,0.48,0.48,2725039000,,2725039000,6701077498,10.0,8.159,40332000.0,0.396,1.0,235134000.0,0.28,1804893000,16403000.0,3486601000,,1135112000,0,0,0,2798637000,1243513000,1555124000,5689746498,-114810000.0,0.0,-120051000.0,-13759000.0,-17850000.0,-151944000.0,-24595000.0,0.0,64906000.0,-3177000.0,48861000.0,48861000.0,48861000.0,0.0,0.0,0.058,153029000.0,82105000.0,283969000,0.365,2.088,12.918,13.626,897884000,0.0,56.82,1.21,1.23,953792000,,839312000.0,839312000.0,0.0,,,,,6316000.0,153029000.0,1.0,100136334,101796000,102667000.0,8.245,3718783000,37723000,22564000.0,0,36.532,1344321000
13,JOY,ARQ,2013-09-30,2013-12-13,2013-10-25,2019-10-15,-507634000,5789582000,,2822444000,2967138000,,27.185,-31954000.0,405709000,405709000,826947000.0,26833000.0,2.074,1.025,1315596000,58669000,1256927000,1315596000,399768000,33655000.0,0,0.013,0.175,50138000.0,83793000.0,0.071,83793000.0,50138000.0,33973000.0,0.26,0.26,0.26,2858369000,,2858369000,6371667294,8.0,6.752,163323000.0,1.553,1.0,354827000.0,0.3,1812331000,16165000.0,3526548000,,1139744000,0,0,0,2931213000,1360590000,1570623000,5461780294,-80341000.0,0.0,-206531000.0,-14215000.0,-18599000.0,-244750000.0,-34907000.0,0.0,195277000.0,4039000.0,26833000.0,26833000.0,26833000.0,0.0,0.0,0.023,340939000.0,13888000.0,388119000,0.673,1.911,10.234,10.642,912642000,0.0,53.53,1.09,1.133,1083663000,3390459000.0,1181774000.0,1181774000.0,0.0,,,,,28950000.0,182612000.0,1.0,102032137,105146000,106021000.0,11.239,3977251000,41532000,7140000.0,0,37.826,1461854000
14,JOY,ARQ,2013-06-30,2013-08-30,2013-07-26,2019-10-15,0,6189237000,,3100136000,3089101000,,28.21,-30908000.0,486050000,486050000,880209000.0,183187000.0,2.033,1.061,1329508000,60156000,1269352000,1329508000,488563000,30991000.0,0,0.014,0.175,276875000.0,307866000.0,0.233,307866000.0,276875000.0,260737000.0,1.72,1.71,1.72,3003342000,,3003342000,6063831837,5.0,4.967,319762000.0,3.003,1.0,440402000.0,0.333,1972631000,16138000.0,3535136000,,1248801000,0,0,0,3185895000,1524928000,1660967000,5220373837,251175000.0,0.0,0.0,-40375000.0,-18596000.0,-58766000.0,-30184000.0,0.0,350670000.0,-10545000.0,183187000.0,183187000.0,183187000.0,0.0,0.0,0.139,166063000.0,274339000.0,405900000,0.102,1.738,7.256,7.245,893326000,0.0,49.12,0.962,0.964,1114483000,,1320611000.0,1320611000.0,0.0,,,,,29000.0,167155000.0,1.0,106277969,106465000,107312000.0,12.404,4216606000,36569000,77550000.0,0,39.606,1575208000
15,JOY,ARQ,2013-03-31,2013-05-31,2013-04-26,2019-10-15,0,6188502000,,3111607000,3076895000,,27.033,-32413000.0,234875000,234875000,909179000.0,181556000.0,1.967,1.151,1369647000,59872000,1309775000,1369647000,590743000,28778000.0,0,0.013,0.175,280253000.0,309031000.0,0.227,309031000.0,280253000.0,263225000.0,1.71,1.69,1.71,2877013000,,2877013000,6881475851,6.0,5.494,-32004000.0,-0.301,1.0,451256000.0,0.332,1979988000,17028000.0,3761167000,,1366020000,0,0,0,3311489000,1582119000,1729370000,5746703851,-35020000.0,0.0,0.0,14418000.0,-18588000.0,-1776000.0,-33142000.0,0.0,409000.0,-511000.0,181556000.0,181556000.0,181556000.0,223000.0,0.0,0.133,172623000.0,278633000.0,434890000,0.102,1.997,7.875,7.86,890072000,0.0,54.08,1.046,1.048,1249734000,,1360435000.0,1360435000.0,0.0,,,,,-179000.0,172953000.0,1.0,106263015,106426000,107413000.0,12.783,4208514000,51983000,81669000.0,0,39.544,1529488000
16,JOY,ARQ,2012-12-31,2013-02-28,2013-01-25,2019-10-15,0,6176798000,,3136781000,3040017000,,25.532,-54588000.0,269895000,269895000,773149000.0,142137000.0,1.827,1.277,1354924000,60724000,1294200000,1354924000,712548000,20095000.0,0,0.014,0.175,222951000.0,243046000.0,0.211,243046000.0,222951000.0,205997000.0,1.34,1.33,1.34,2712549000,,2712549000,7812091894,7.0,5.885,35906000.0,0.338,1.0,376728000.0,0.328,1985909000,16954000.0,3559458000,,1439622000,0,0,0,3464249000,1716460000,1747789000,6727062894,6022000.0,0.0,0.0,-17202000.0,-18542000.0,-31210000.0,-51742000.0,0.0,90494000.0,-1520000.0,142137000.0,142137000.0,142137000.0,2000.0,0.0,0.124,155576000.0,221152000.0,390732000,0.131,2.48,8.83,8.809,864794000,0.0,63.34,1.185,1.186,1144098000,,1149877000.0,1149877000.0,0.0,,,,,-1522000.0,157281000.0,1.0,106205603,106242000,107237000.0,10.823,4190889000,52149000,63860000.0,0,39.447,1420321000
17,JOY,ARQ,2012-09-30,2012-12-18,2012-10-26,2019-10-15,-508649000,6142503000,,3156077000,2986426000,,24.298,-64320000.0,263873000,263873000,1067398000.0,212563000.0,1.772,1.383,1371941000,65316000,1306625000,1371941000,669792000,33014000.0,0,0.011,0.175,327825000.0,360839000.0,0.226,360839000.0,327825000.0,308627000.0,2.01,1.99,2.01,2577189000,,2577189000,7718929248,7.0,5.821,141267000.0,1.332,1.0,527507000.0,0.331,1971582000,19198000.0,3498172000,,1415455000,0,0,0,3565314000,1780817000,1784497000,6610861248,-190364000.0,-56270000.0,0.0,-249101000.0,-18530000.0,-268506000.0,-126241000.0,0.0,205587000.0,-1204000.0,212563000.0,212563000.0,212563000.0,-155000.0,0.0,0.133,233854000.0,293653000.0,452236000,0.087,2.565,8.675,8.662,832862000,0.0,62.37,1.168,1.166,1229083000,2931981000.0,1594905000.0,1594905000.0,0.0,,,,,27052000.0,203951000.0,1.0,105994248,106066000,106955000.0,15.037,4170921000,67101000,96064000.0,0,39.324,1375260000
18,JOY,ARQ,2012-06-30,2012-08-30,2012-07-27,2019-10-15,0,6307377000,,3336840000,2970537000,,23.572,-55198000.0,454237000,454237000,912939000.0,193556000.0,1.712,1.524,1620860000,82400000,1538460000,1620860000,823231000,39482000.0,0,0.013,0.175,300144000.0,339626000.0,0.245,339626000.0,300144000.0,281809000.0,1.82,1.81,1.82,2499195000,,2499195000,6669118979,6.0,5.253,95787000.0,0.903,1.0,475784000.0,0.343,1982780000,18335000.0,3542426000,,1544062000,0,0,0,3808182000,1948794000,1859388000,5502495979,63260000.0,-16468000.0,0.0,-16356000.0,-18522000.0,-34790000.0,-49796000.0,0.0,150985000.0,-3139000.0,193518000.0,193518000.0,193518000.0,826000.0,38000.0,0.139,176309000.0,299475000.0,487811000,0.096,2.202,7.623,7.609,779235000,0.0,51.97,1.019,1.02,1148639000,,1388723000.0,1388723000.0,0.0,,,,,11000.0,179436000.0,1.0,105878314,106025000,106866000.0,13.098,4324597000,62143000,88291000.0,0,40.788,1388046000
19,JOY,ARQ,2012-03-31,2012-06-04,2012-04-27,2019-10-15,0,6222589000,,3286925000,2935664000,,21.974,-64657000.0,407277000,407277000,1030689000.0,213621000.0,1.681,1.666,1637037000,79896000,1557141000,1637037000,837800000,53565000.0,0,0.013,0.175,330409000.0,383974000.0,0.249,383974000.0,330409000.0,311953000.0,2.02,2.0,2.02,2328149000,,2328149000,7001430266,7.0,5.885,40139000.0,0.379,1.0,510371000.0,0.331,1981238000,18456000.0,3515734000,,1536750000,0,0,0,3878053000,1955377000,1922676000,5771670266,107731000.0,-425688000.0,0.0,240286000.0,-18512000.0,232807000.0,-228933000.0,0.0,104796000.0,-939000.0,213588000.0,213588000.0,213588000.0,4331000.0,33000.0,0.139,176934000.0,333437000.0,492287000,0.087,2.479,8.229,8.2,743584000,0.0,54.53,1.121,1.122,1151909000,,1541060000.0,1541060000.0,0.0,,,,,-3337000.0,182033000.0,1.0,105843944,105951000,106983000.0,14.545,4241351000,67511000,98365000.0,0,40.031,1331548000
20,JOY,ARQ,2011-12-31,2012-03-02,2012-01-27,2019-10-15,0,6166536000,,3432170000,2734366000,,20.028,-49435000.0,559560000,559560000,772776000.0,142461000.0,1.806,1.717,1397049000,53070000,1343979000,1397049000,901863000,26779000.0,0,0.008,0.175,214772000.0,241551000.0,0.213,241551000.0,214772000.0,197502000.0,1.35,1.33,1.35,2111034000,,2111034000,9917075287,10.0,9.353,-67942000.0,-0.645,1.0,363425000.0,0.32,1903298000,17270000.0,3199985000,,1558825000,0,0,0,3624850000,1900742000,1724108000,9079586287,-5075000.0,-513761000.0,0.0,-10571000.0,-18397000.0,-11120000.0,26641000.0,0.0,-18507000.0,-2089000.0,142352000.0,142352000.0,142352000.0,58000.0,109000.0,0.125,149679000.0,213746000.0,481102000,0.13,4.301,13.973,13.906,662473000,0.0,85.8,1.944,1.936,1103166000,,1136201000.0,1136201000.0,0.0,,,,,-17500000.0,171356000.0,1.0,105822684,105405000,106752000.0,10.779,4263238000,72643000,55150000.0,0,40.446,1531428000
21,JOY,ARQ,2011-09-30,2011-12-22,2011-10-28,2019-10-15,-396083000,5426354000,,3564007000,1862347000,,18.543,-29174000.0,1154321000,1154321000,883990000.0,172347000.0,2.067,1.78,1392307000,35895000,1356412000,1392307000,771841000,28441000.0,0,0.009,0.175,275955000.0,304396000.0,0.228,304396000.0,275955000.0,262970000.0,1.64,1.62,1.64,1951795000,,1951795000,8300016268,9.0,8.369,131829000.0,1.252,1.0,451303000.0,0.338,813919000,12985000.0,3125850000,,1334134000,380114000,0,380114000,3474559000,1724571000,1749988000,8062030268,-154771000.0,131142000.0,0.0,485854000.0,-18392000.0,461734000.0,-767067000.0,0.0,161003000.0,-10441000.0,172347000.0,172347000.0,172347000.0,22646000.0,0.0,0.129,170864000.0,280439000.0,452519000,0.107,4.131,13.224,13.2,539571000,0.0,76.69,1.831,1.827,884696000,2244740000.0,1335293000.0,1335293000.0,0.0,,,,,17837000.0,163025000.0,1.0,105124922,105255000,106723000.0,12.686,4612435000,73123000,90623000.0,0,43.822,1839436000
22,JOY,ARQ,2011-06-30,2011-09-07,2011-07-29,2019-10-15,0,4930358000,,3053762000,1876596000,,17.855,-22091000.0,443092000,443092000,739626000.0,173105000.0,1.725,1.625,907066000,33700000,873366000,907066000,790570000,19021000.0,0,0.008,0.175,240730000.0,259751000.0,0.229,259751000.0,240730000.0,231260000.0,1.64,1.62,1.64,1878371000,,1878371000,9198572456,11.0,9.868,71764000.0,0.682,1.0,396726000.0,0.349,796940000,9470000.0,2827300000,,1240189000,134814000,0,134814000,3051987000,1770092000,1281895000,8734598456,-628049000.0,-1181774000.0,0.0,505710000.0,-18382000.0,480837000.0,-1201876000.0,0.0,93855000.0,-865000.0,173105000.0,173105000.0,173105000.0,-1300000.0,0.0,0.152,160734000.0,235992000.0,357620000,0.107,4.65,14.966,14.921,504384000,0.0,83.11,2.121,2.123,852376000,,1136352000.0,1136352000.0,0.0,,,,,-957000.0,165325000.0,1.0,105096841,105204000,106735000.0,10.801,4133418000,141551000,58155000.0,0,39.29,1283670000
23,JOY,ARQ,2011-03-31,2011-06-06,2011-04-29,2019-10-15,0,3816376000,,2879851000,936525000,,16.394,-24696000.0,1071141000,1071141000,689858000.0,161972000.0,2.302,1.216,401227000,4879000,396348000,401227000,619798000,15786000.0,0,0.008,0.175,238775000.0,254561000.0,0.24,254561000.0,238775000.0,230880000.0,1.54,1.52,1.54,1722119000,,1722119000,8787849873,11.0,10.174,232116000.0,2.21,1.0,372871000.0,0.351,302136000,7895000.0,1593305000,,936820000,0,0,0,2094257000,1251021000,843236000,9457763873,251595000.0,0.0,0.0,121000.0,-18355000.0,-3840000.0,-24585000.0,0.0,256812000.0,23208000.0,161972000.0,161972000.0,161972000.0,0.0,0.0,0.152,138809000.0,234062000.0,321624000,0.114,5.492,17.877,17.724,412919000,0.0,90.04,2.469,2.469,745413000,,1062729000.0,1062729000.0,0.0,,,,,-2620000.0,141530000.0,1.0,105039581,105048000,106646000.0,10.117,3514240000,136694000,68908000.0,0,33.454,1628830000
24,JOY,ARQ,2010-12-31,2011-03-04,2011-01-28,2019-10-15,0,3355877000,,2442748000,913129000,,14.442,-28402000.0,819546000,819546000,584131000.0,102232000.0,2.494,1.231,400994000,4711000,396283000,400994000,454906000,15862000.0,0,0.007,0.175,157208000.0,173070000.0,0.199,173070000.0,157208000.0,149377000.0,0.98,0.96,0.98,1504298000,,1504298000,9704914853,13.0,12.018,-35379000.0,-0.34,1.0,285401000.0,0.328,302717000,7831000.0,1655068000,,836972000,0,0,0,1851579000,979540000,872039000,10123466853,3965000.0,0.0,0.0,3030000.0,-18133000.0,37985000.0,-28349000.0,0.0,-6977000.0,1306000.0,102232000.0,102232000.0,102232000.0,0.0,0.0,0.118,131638000.0,153763000.0,257036000,0.179,6.73,20.765,20.512,394754000,0.0,96.61,2.762,2.746,670473000,,869532000.0,869532000.0,0.0,,,,,-14260000.0,132130000.0,1.0,104786946,104158000,106043000.0,8.348,3053160000,138700000,47145000.0,0,29.313,1463208000
25,JOY,ARQ,2010-09-30,2010-12-20,2010-10-29,2019-10-15,-379642000,3284041000,,2361927000,922114000,,13.092,-21731000.0,815581000,815581000,697281000.0,146338000.0,2.308,1.423,397876000,1550000,396326000,397876000,376300000,14879000.0,0,0.008,0.175,229930000.0,244809000.0,0.233,244809000.0,229930000.0,222103000.0,1.41,1.39,1.41,1355394000,,1355394000,8558935450,12.0,11.134,188829000.0,1.824,1.0,351607000.0,0.335,304517000,7827000.0,1538495000,,764945000,0,0,0,1928647000,1023324000,905323000,8976640450,66939000.0,0.0,0.0,-133091000.0,-18085000.0,-142155000.0,-21976000.0,0.0,210560000.0,20510000.0,146338000.0,146338000.0,146338000.0,0.0,0.0,0.14,129713000.0,221894000.0,291742000,0.124,6.623,19.451,19.38,378024000,0.0,86.63,2.547,2.537,674135000,1722087000.0,1048888000.0,1048888000.0,0.0,,,,,5446000.0,126089000.0,1.0,103620460,103532000,105424000.0,10.131,2979524000,162682000,75765000.0,0,28.779,1338603000
26,JOY,ARQ,2010-06-30,2010-09-03,2010-07-30,2019-10-15,0,3284605000,,2251687000,1032918000,,10.848,-19201000.0,748642000,748642000,560217000.0,118503000.0,2.328,1.93,530852000,19465000,511387000,530852000,351618000,15541000.0,0,0.011,0.175,175789000.0,191330000.0,0.225,191330000.0,175789000.0,168342000.0,1.15,1.13,1.15,1120921000,,1120921000,6286605348,9.0,8.571,185715000.0,1.797,1.0,289785000.0,0.341,308631000,7447000.0,1790920000,,777038000,0,0,0,2163684000,967264000,1196420000,6504395348,165609000.0,0.0,0.0,-4565000.0,-18055000.0,-20371000.0,-19227000.0,0.0,204916000.0,291000.0,118503000.0,118503000.0,118503000.0,0.0,0.0,0.139,117504000.0,172281000.0,256703000,0.152,5.803,14.81,14.749,359815000,0.0,62.98,1.891,1.892,606511000,,850002000.0,850002000.0,0.0,,,,,-433000.0,118262000.0,1.0,103277157,103333000,104964000.0,8.226,2975974000,297643000,49839000.0,0,28.8,1284423000
27,JOY,ARQ,2010-03-31,2010-06-08,2010-04-30,2019-10-15,0,3061999000,,2022319000,1039680000,,9.793,-18043000.0,583033000,583033000,590772000.0,120441000.0,2.446,2.031,535334000,19539000,515795000,535334000,278219000,15455000.0,0,0.014,0.175,182895000.0,198350000.0,0.221,198350000.0,182895000.0,175665000.0,1.17,1.15,1.17,1010236000,,1010236000,5150558414,7.0,6.849,90431000.0,0.877,1.0,305452000.0,0.341,311056000,7230000.0,1876421000,,723127000,0,0,0,2051763000,826823000,1224940000,5198257414,77983000.0,0.0,0.0,-4945000.0,-18018000.0,-14970000.0,-17989000.0,0.0,108474000.0,2468000.0,120441000.0,120441000.0,120441000.0,0.0,0.0,0.134,125457000.0,179995000.0,217963000,0.15,5.146,11.681,11.636,353668000,0.0,50.383,1.466,1.466,594864000,,896224000.0,896224000.0,0.0,,,,,-1838000.0,126270000.0,1.0,103175853,103160000,104850000.0,8.688,2750943000,310512000,55224000.0,0,26.667,1195496000
28,JOY,ARQ,2009-12-31,2010-03-05,2010-01-29,2019-10-15,0,2969895000,,1932957000,1036938000,,8.593,-14081000.0,505050000,505050000,502438000.0,76217000.0,2.355,2.363,540176000,19686000,520490000,540176000,336894000,13874000.0,0,0.013,0.175,120374000.0,134248000.0,0.184,134248000.0,120374000.0,112914000.0,0.74,0.73,0.74,883047000,,883047000,5784174875,8.0,7.646,45458000.0,0.442,1.0,226782000.0,0.311,312636000,7460000.0,1871458000,,763575000,0,0,0,2086848000,820927000,1265921000,5749048875,33365000.0,0.0,0.0,-3575000.0,-17930000.0,-7560000.0,-15723000.0,0.0,59539000.0,-2891000.0,76217000.0,76217000.0,76217000.0,0.0,0.0,0.105,109272000.0,117510000.0,178468000,0.236,6.51,12.916,12.869,345994000,0.0,55.85,1.609,1.606,544213000,,729220000.0,729220000.0,0.0,,,,,-3175000.0,110015000.0,1.0,102937312,102759000,104383000.0,7.096,2657259000,316044000,36697000.0,0,25.859,1112030000
29,JOY,ARQ,2009-09-30,2009-12-22,2009-10-30,2019-10-15,-472224000,3008279000,,1950027000,1058252000,,7.939,-26247000.0,471685000,471685000,651547000.0,124025000.0,2.104,2.697,543681000,19791000,523890000,543681000,321629000,17353000.0,0,0.013,0.175,192191000.0,209544000.0,0.217,209544000.0,192191000.0,184365000.0,1.21,1.2,1.21,813739000,,813739000,5627252366,8.0,7.276,212330000.0,2.071,1.0,311981000.0,0.324,314769000,7826000.0,1838722000,,769783000,0,0,0,2194540000,926784000,1267756000,5555256366,205116000.0,0.0,-1163000.0,-4470000.0,-17906000.0,-20306000.0,-27667000.0,0.0,238577000.0,14512000.0,124025000.0,124025000.0,124025000.0,0.0,0.0,0.129,126328000.0,185653000.0,206770000,0.145,6.827,12.219,12.205,347058000,0.0,54.19,1.544,1.543,580629000,1333254000.0,963528000.0,963528000.0,0.0,,,,,720000.0,129645000.0,1.0,102514419,102501000,103434000.0,9.4,2693510000,332474000,60340000.0,0,26.278,1023243000
30,JOY,ARQ,2009-06-30,2009-09-09,2009-07-31,2019-10-15,0,2836123000,,1905286000,930837000,,8.634,-17443000.0,266569000,266569000,651969000.0,124344000.0,1.927,2.206,547989000,19645000,528344000,547989000,440893000,13232000.0,0,0.018,0.175,196620000.0,209852000.0,0.219,209852000.0,196620000.0,189019000.0,1.21,1.21,1.21,884591000,,884591000,4363032932,6.0,5.628,169089000.0,1.65,1.0,304421000.0,0.318,315087000,7601000.0,1813749000,,891210000,0,0,0,1951532000,988707000,962825000,4081612932,85359000.0,0.0,1042000.0,-81386000.0,-17905000.0,-97529000.0,-17678000.0,0.0,186532000.0,14034000.0,124344000.0,124344000.0,124344000.0,0.0,0.0,0.13,109641000.0,194780000.0,224508000,0.145,4.614,9.097,9.191,330878000,0.0,39.89,1.113,1.115,611803000,,956390000.0,956390000.0,0.0,,,,,-720000.0,110162000.0,1.0,102321708,102452000,103157000.0,9.335,2521036000,216975000,64675000.0,0,24.607,916579000
31,JOY,ARQ,2009-03-31,2009-06-04,2009-05-01,2019-10-15,0,2810289000,,1896773000,913516000,,6.98,-25867000.0,181210000,181210000,628207000.0,120541000.0,1.778,2.932,629971000,27285000,602686000,629971000,510400000,13475000.0,0,0.018,0.175,189415000.0,202890000.0,0.22,202890000.0,189415000.0,181266000.0,1.18,1.17,1.18,714748000,,714748000,4370484399,7.0,6.053,36800000.0,0.359,1.0,295293000.0,0.32,315888000,8149000.0,1876179000,,965337000,0,0,0,2095541000,1066983000,1028558000,3921723399,17203000.0,-114000.0,121000.0,-9328000.0,-17889000.0,-27096000.0,-24805000.0,0.0,62667000.0,6437000.0,120541000.0,120541000.0,120541000.0,0.0,0.0,0.131,107493000.0,187800000.0,240751000,0.148,5.487,8.966,9.199,312508000,0.0,38.36,1.085,1.087,623669000,,923500000.0,923500000.0,0.0,,,,,0.0,107885000.0,1.0,102234708,102394000,102877000.0,9.019,2494401000,240073000,60725000.0,0,24.361,829790000
32,JOY,ARQ,2008-12-31,2009-03-09,2009-01-30,2019-10-15,0,2726692000,,1827066000,899626000,,5.568,-22792000.0,164007000,164007000,513791000.0,85740000.0,1.65,3.779,638126000,25733000,612393000,638126000,548327000,14510000.0,0,0.037,0.175,136631000.0,151141000.0,0.2,151141000.0,136631000.0,127990000.0,0.84,0.83,0.84,570500000,,570500000,2319023453,4.0,3.515,-58607000.0,-0.572,1.0,241105000.0,0.319,321309000,8641000.0,1771899000,,936637000,0,0,0,2156192000,1107603000,1048589000,1844904453,-37568000.0,-11070000.0,-13706000.0,68972000.0,-17896000.0,37370000.0,-33864000.0,0.0,-35815000.0,-5259000.0,85740000.0,85740000.0,85740000.0,0.0,0.0,0.114,106000000.0,135105000.0,254063000,0.208,3.234,4.743,4.932,297336000,0.0,18.05,0.522,0.523,601608000,,754896000.0,754896000.0,0.0,,,,,0.0,106830000.0,1.0,102210773,102454000,102949000.0,7.368,2405383000,239494000,42250000.0,0,23.478,719463000
33,JOY,ARQ,2008-09-30,2008-12-19,2008-10-31,2019-10-15,-345920000,2644313000,,1738129000,906184000,,5.056,-25704000.0,201575000,201575000,721794000.0,118039000.0,1.524,3.966,567427000,26460000,540967000,567427000,491675000,16171000.0,0,0.027,0.175,195246000.0,211417000.0,0.205,211417000.0,195246000.0,185039000.0,1.11,1.1,1.11,532474000,,532474000,2792832406,5.0,4.406,217114000.0,2.062,1.0,309909000.0,0.3,320027000,10207000.0,1549787000,,805244000,0,0,0,2111839000,1140351000,971488000,2426980406,-105310000.0,-10198000.0,-266198000.0,3858000.0,-18854000.0,-281204000.0,-27261000.0,0.0,242818000.0,-39663000.0,118039000.0,118039000.0,118039000.0,0.0,0.0,0.114,120584000.0,189325000.0,291779000,0.158,4.558,6.484,6.828,289001000,0.0,23.76,0.71,0.747,632194000,950697000.0,1031703000.0,1031703000.0,0.0,,,,,10000.0,118550000.0,1.0,102145640,105309000,106010000.0,9.797,2324286000,255313000,67000000.0,0,22.071,597778000
34,JOY,ARQ,2008-06-30,2008-09-05,2008-08-01,2019-10-15,0,2824317000,,1924403000,899914000,,8.306,-17838000.0,306885000,306885000,657798000.0,113079000.0,1.868,2.134,564577000,18483000,546094000,564577000,465985000,19353000.0,0,0.012,0.325,137184000.0,156537000.0,0.173,156537000.0,137184000.0,128603000.0,1.04,1.03,1.04,901157000,,901157000,5802024983,11.0,9.926,124093000.0,1.144,1.0,245971000.0,0.272,328419000,8581000.0,1723620000,,892613000,0,0,0,1923160000,1029970000,893190000,5544332983,73551000.0,-5000.0,-19003000.0,-22244000.0,-16260000.0,-54475000.0,-16249000.0,0.0,141931000.0,2344000.0,113079000.0,113079000.0,113079000.0,0.0,0.0,0.125,112487000.0,133484000.0,268377000,0.313,6.152,17.014,17.033,293742000,0.0,51.44,1.775,1.787,601918000,,903769000.0,903769000.0,0.0,,,,,-3032000.0,113488000.0,1.0,107782523,108495000,109446000.0,8.33,2495898000,234124000,15524000.0,0,23.005,894433000
35,JOY,ARQ,2008-03-31,2008-05-30,2008-05-02,2019-10-15,0,2734183000,,1838230000,895953000,,7.666,-22729000.0,233334000,233334000,620907000.0,72108000.0,1.851,2.295,586669000,19357000,567312000,586669000,472313000,23677000.0,0,0.007,0.0,117043000.0,140720000.0,0.167,140720000.0,117043000.0,108408000.0,0.67,0.66,0.67,829907000,,829907000,9471691385,19.0,17.148,83994000.0,0.776,1.0,222226000.0,0.264,334705000,8635000.0,1759904000,,859092000,0,0,0,1904276000,992909000,911367000,9118356385,6390000.0,-255239000.0,3966000.0,184110000.0,-16189000.0,177459000.0,-279436000.0,0.0,106723000.0,1644000.0,72108000.0,72108000.0,72108000.0,0.0,0.0,0.086,108263000.0,113963000.0,253963000,0.0,10.987,31.916,31.785,284993000,0.0,84.23,3.209,3.209,652861000,,843133000.0,843133000.0,0.0,,,,,-7067000.0,107953000.0,1.0,108255448,108255000,109268000.0,7.788,2399478000,236091000,36300000.0,0,22.165,845321000
36,JOY,ARQ,2007-12-31,2008-03-07,2008-02-01,2019-10-15,0,2236245000,,1651404000,584841000,,6.994,-15750000.0,226944000,226944000,428430000.0,71052000.0,2.011,1.965,396366000,224000,396142000,396366000,427133000,12222000.0,0,0.009,0.15,112992000.0,125214000.0,0.196,125214000.0,112992000.0,106178000.0,0.66,0.65,0.66,754123000,,754123000,7347257704,15.0,13.45,70063000.0,0.65,1.0,211899000.0,0.331,78576000,6814000.0,1506060000,,800440000,0,0,0,1482122000,821031000,661091000,7177835704,53696000.0,9868000.0,-8141000.0,-81000.0,-16123000.0,-22423000.0,-5719000.0,0.0,85813000.0,-3975000.0,71052000.0,71052000.0,71052000.0,-1141000.0,0.0,0.111,102612000.0,109287000.0,183213000,0.227,9.518,24.652,24.721,237619000,0.0,66.5,2.732,2.729,552601000,,640329000.0,640329000.0,0.0,,,,,-1922000.0,101536000.0,1.0,107937379,107827000,108975000.0,5.938,2157669000,236244000,35126000.0,0,20.01,830373000
37,JOY,ARQ,2007-09-30,2007-12-21,2007-10-26,2019-10-15,-113647000,2134903000,,1537795000,597108000,,6.693,-7957000.0,173248000,173248000,490149000.0,69639000.0,2.041,1.949,396497000,240000,396257000,396497000,324102000,11509000.0,0,0.009,0.3,150526000.0,162035000.0,0.22,162035000.0,150526000.0,143064000.0,0.65,0.64,0.65,723994000,,723994000,7285913984,15.0,13.753,163703000.0,1.513,1.0,245760000.0,0.334,79716000,7462000.0,1524897000,,727360000,0,0,0,1410909000,753539000,657370000,7062664984,54640000.0,-2585000.0,-42975000.0,-49594000.0,-16173000.0,-108617000.0,-10218000.0,0.0,171660000.0,1815000.0,69639000.0,69639000.0,69639000.0,0.0,0.0,0.095,102292000.0,143468000.0,199198000,0.462,9.755,25.243,25.866,234029000,0.0,65.7,2.773,2.846,560242000,644414000.0,735909000.0,735909000.0,0.0,,,,,-125000.0,98766000.0,1.0,107498706,108179000,109290000.0,6.803,2055187000,248139000,73425000.0,0,18.998,784256000
38,JOY,ARQ,2007-06-30,2007-08-30,2007-07-27,2019-10-15,0,2101926000,,1401982000,699944000,,6.163,-17859000.0,118608000,118608000,424896000.0,72901000.0,2.198,2.125,446412000,214000,446198000,446412000,295487000,13068000.0,0,0.013,0.15,111319000.0,124387000.0,0.2,124387000.0,111319000.0,103201000.0,0.67,0.66,0.67,672656000,,672656000,5006241265,11.0,9.649,132310000.0,1.212,1.0,196889000.0,0.317,68361000,8118000.0,1723628000,,747502000,0,0,0,1429270000,637741000,791529000,4678437265,26964000.0,0.0,-17743000.0,-76872000.0,-16305000.0,-107409000.0,-17914000.0,0.0,150169000.0,2118000.0,72901000.0,72901000.0,72901000.0,0.0,0.0,0.117,86758000.0,110131000.0,169017000,0.224,6.955,15.839,16.527,233764000,0.0,43.3,1.871,1.89,466422000,,621785000.0,621785000.0,0.0,,,,,-3511000.0,88909000.0,1.0,108047050,109137000,110462000.0,5.697,2033565000,280863000,30300000.0,0,18.633,764241000
39,JOY,ARQ,2007-03-31,2007-05-31,2007-04-27,2019-10-15,0,2033934000,,1340776000,693158000,,5.615,-11476000.0,91644000,91644000,419990000.0,77579000.0,2.394,2.31,523117000,2056000,521061000,523117000,197983000,12015000.0,0,0.009,0.0,122623000.0,134638000.0,0.214,134638000.0,122623000.0,113404000.0,0.71,0.7,0.71,614423000,,614423000,6582368369,14.0,12.764,67673000.0,0.618,1.0,209172000.0,0.332,70888000,9219000.0,1834543000,,740603000,0,0,0,1419511000,559976000,859535000,6150895369,21545000.0,-2050000.0,-70887000.0,39815000.0,-16367000.0,-45494000.0,-13444000.0,0.0,79149000.0,1334000.0,77579000.0,77579000.0,77579000.0,0.0,0.0,0.123,87725000.0,121447000.0,183870000,0.0,10.011,14.964,16.18,214422000,0.0,56.63,2.483,2.501,442372000,,629162000.0,629162000.0,0.0,,,,,-1945000.0,89013000.0,1.0,108615493,109420000,110719000.0,5.75,1963046000,296480000,35825000.0,0,17.94,780800000
40,JOY,ARQ,2006-12-31,2007-03-01,2007-01-26,2019-10-15,0,1968740000,,1250052000,718688000,,5.415,-12142000.0,70099000,70099000,385599000.0,59665000.0,2.354,2.17,483148000,4068000,479080000,483148000,194708000,12214000.0,0,0.015,0.15,96500000.0,108714000.0,0.194,108714000.0,96500000.0,89390000.0,0.52,0.51,0.52,620968000,,620968000,5181583146,11.0,10.237,-31126000.0,-0.271,1.0,174867000.0,0.312,73476000,7110000.0,1777335000,,685617000,0,0,0,1347772000,530978000,816794000,4768534146,-31155000.0,-8551000.0,-356132000.0,379295000.0,-17313000.0,6395000.0,-20745000.0,0.0,-18984000.0,2179000.0,59665000.0,59665000.0,59665000.0,0.0,0.0,0.106,81035000.0,93832000.0,161604000,0.288,7.679,11.453,12.595,211304000,0.0,43.58,1.98,2.075,434293000,,560466000.0,560466000.0,0.0,,,,,-1521000.0,81850000.0,1.0,109420242,114679000,116049000.0,4.887,1895264000,316995000,29725000.0,0,16.527,719074000
41,JOY,ARQ,2006-09-30,2006-12-21,2006-10-28,2019-10-15,-187307000,1954005000,,1227875000,726130000,,7.709,-13374000.0,101254000,101254000,473406000.0,85235000.0,2.047,1.125,103311000,5166000,98145000,103311000,186581000,12471000.0,0,0.01,0.263,138614000.0,151085000.0,0.219,151085000.0,138614000.0,130061000.0,0.72,0.71,0.72,919629000,,919629000,5430089110,12.0,10.885,171029000.0,1.434,1.0,215905000.0,0.313,76154000,8553000.0,1279927000,,639934000,0,0,0,1034376000,599981000,434395000,5428032110,-896000.0,-117377000.0,-61307000.0,25364000.0,-13298000.0,-48941000.0,-131708000.0,0.0,184403000.0,-4650000.0,85235000.0,85235000.0,85235000.0,0.0,0.0,0.124,93204000.0,122701000.0,200121000,0.365,5.902,13.035,14.026,205011000,0.0,47.97,2.26,2.43,431430000,431310000.0,689311000.0,689311000.0,0.0,,,,,-300000.0,87074000.0,1.0,113154724,119297000,120705000.0,5.778,1877851000,335690000,44826000.0,0,15.741,627894000
42,JOY,ARQ,2006-06-30,2006-09-05,2006-07-29,2019-10-15,0,1876585000,,1191873000,684712000,,7.211,-6338000.0,102150000,102150000,409828000.0,188565000.0,2.187,1.144,77989000,693000,77296000,77989000,183608000,9697000.0,0,0.007,0.113,111559000.0,121256000.0,0.203,121256000.0,111559000.0,111940000.0,1.55,1.53,1.55,875153000,,875153000,5453831902,13.0,12.185,63006000.0,0.519,1.0,188882000.0,0.315,6243000,-381000.0,1301309000,,623080000,0,0,0,1001432000,544872000,456560000,5477992902,-73088000.0,0.0,-196366000.0,75182000.0,-13578000.0,-134265000.0,-5584000.0,0.0,69344000.0,-2583000.0,188565000.0,188565000.0,188565000.0,0.0,0.0,0.315,77323000.0,111559000.0,156619000,0.073,6.259,14.139,14.562,199250000,0.0,46.16,2.433,2.488,417542000,,598710000.0,598710000.0,0.0,,,,,-497000.0,80362000.0,1.0,118674023,121366000,122912000.0,4.933,1870342000,375764000,-76625000.0,0,15.411,647001000
43,JOY,ARQ,2006-03-31,2006-05-30,2006-04-29,2019-10-15,0,1730766000,,1197861000,532905000,,6.69,-6123000.0,175238000,175238000,375758000.0,82877000.0,2.29,1.091,3027000,897000,2130000,3027000,163712000,9522000.0,0,0.007,0.113,115569000.0,125091000.0,0.223,125091000.0,115569000.0,116877000.0,0.67,0.66,0.67,827587000,,827587000,6277699993,18.0,16.212,51341000.0,0.415,1.0,184590000.0,0.329,6625000,-1308000.0,1028921000,,610992000,0,0,0,903179000,523009000,380170000,6449910993,24867000.0,-500000.0,-21370000.0,301000.0,-13841000.0,-25913000.0,-7163000.0,0.0,57464000.0,479000.0,82877000.0,82877000.0,82877000.0,0.0,0.0,0.148,69021000.0,115569000.0,155555000,0.169,7.794,28.084,27.859,202704000,0.0,52.18,2.965,2.967,363145000,,560348000.0,560348000.0,0.0,,,,,-8997000.0,78075000.0,1.0,123608873,123710000,125426000.0,4.53,1724141000,217172000,34000000.0,0,13.937,674852000
44,JOY,ARQ,2005-12-31,2006-03-03,2006-01-28,2019-10-15,0,1628311000,,1096906000,531405000,,6.181,-12149000.0,150371000,150371000,387599000.0,59744000.0,2.221,1.153,2734000,914000,1820000,2734000,172955000,9566000.0,0,0.006,0.0,91846000.0,101412000.0,0.183,101412000.0,91846000.0,93044000.0,0.49,0.48,0.49,756319000,,756319000,6868762837,23.0,20.391,7005000.0,0.057,1.0,165742000.0,0.3,6547000,-1198000.0,980326000,,555580000,0,0,0,871992000,493801000,378191000,7016399837,6454000.0,500000.0,-2370000.0,-155000.0,-13709000.0,-5296000.0,-10297000.0,0.0,19154000.0,2893000.0,59744000.0,59744000.0,59744000.0,0.0,0.0,0.108,75461000.0,90281000.0,134148000,0.0,9.277,37.802,37.439,202589000,0.0,57.02,3.346,3.327,341246000,,553341000.0,553341000.0,0.0,,,,,-10938000.0,76320000.0,1.0,123051558,122354000,124060000.0,4.522,1621764000,220248000,33300000.0,0,13.255,603105000
45,JOY,ARQ,2005-09-30,2005-12-23,2005-10-29,2019-10-15,-228841000,1648528000,,1116683000,531845000,,5.469,-11637000.0,143917000,143917000,376552000.0,56260000.0,1.863,1.469,2667000,964000,1703000,2667000,187710000,10452000.0,0,0.008,0.188,89365000.0,99817000.0,0.185,99817000.0,89365000.0,83742000.0,0.46,0.453,0.46,667626000,,667626000,4719643280,19.0,16.522,107410000.0,0.88,1.0,162711000.0,0.302,6515000,5623000.0,901250000,,548195000,0,0,0,980902000,599513000,381389000,4860893280,74022000.0,0.0,2835000.0,-25222000.0,-9132000.0,-33022000.0,-10885000.0,0.0,119047000.0,-1118000.0,56260000.0,56260000.0,56260000.0,-1128000.0,0.0,0.104,80325000.0,82386000.0,160627000,0.409,7.281,32.833,32.787,199180000,0.0,40.0,2.522,2.514,351501000,69766000.0,539263000.0,539263000.0,0.0,,,,,0.0,76323000.0,1.0,121522332,122081000,123782000.0,4.417,1642013000,225138000,27482000.0,0,13.45,517170000
46,JOY,ARQ,2005-06-30,2005-08-30,2005-07-30,2019-10-15,0,1427787000,,979593000,448194000,,4.348,-9617000.0,69895000,69895000,375341000.0,30782000.0,1.893,1.705,27938000,673000,27265000,27938000,164448000,10965000.0,0,0.008,0.075,49949000.0,60914000.0,0.117,60914000.0,49949000.0,48332000.0,0.253,0.247,0.253,527787000,,527787000,3603455830,17.0,14.22,29779000.0,0.245,1.0,147255000.0,0.282,40880000,1617000.0,827395000,,538883000,0,0,0,900000000,517555000,382445000,3645412830,-138419000.0,0.0,5815000.0,-163996000.0,-9076000.0,-167369000.0,-8224000.0,0.0,39396000.0,-2222000.0,30782000.0,30782000.0,30782000.0,0.0,0.0,0.059,73101000.0,74154000.0,146294000,0.296,6.907,32.818,32.609,199908000,0.0,30.0,2.006,2.004,313997000,,522596000.0,522596000.0,0.0,,,,,0.0,75370000.0,1.0,121513761,121393500,123441000.0,4.305,1386907000,103087000,17550000.0,9499000,11.425,462038000
47,JOY,ARQ,2005-03-31,2005-06-03,2005-04-30,2019-10-15,0,1562776000,,1115655000,447121000,,4.264,-8785000.0,208314000,208314000,342734000.0,38823000.0,2.164,2.031,171840000,2091000,169749000,171840000,148506000,10005000.0,0,0.008,0.075,64706000.0,74711000.0,0.155,74711000.0,64706000.0,61173000.0,0.32,0.313,0.32,515576000,,515576000,2821293775,15.0,10.931,46525000.0,0.385,1.0,139191000.0,0.289,39928000,3533000.0,970823000,,545988000,0,0,0,1047200000,515551000,531649000,2857767775,18574000.0,0.0,2069000.0,-20643000.0,-9519000.0,-28093000.0,-8374000.0,0.0,55310000.0,-269000.0,38823000.0,38823000.0,38823000.0,0.0,0.0,0.081,71841000.0,67350000.0,142013000,0.234,5.543,29.599,29.469,205789000,0.0,23.693,1.705,1.709,301742000,,481925000.0,481925000.0,0.0,,,,,0.0,74930000.0,1.0,120614847,120916500,123456000.0,3.986,1522848000,129279000,22350000.0,25341000,12.594,600104000
48,JOY,ARQ,2004-12-31,2005-02-28,2005-01-29,2019-10-15,0,1451850000,,1006049000,445801000,,4.027,-7020000.0,189740000,189740000,270869000.0,22184000.0,2.378,2.002,190346000,2094000,188252000,190346000,100512000,10463000.0,0,0.006,0.0,39752000.0,50215000.0,0.131,50215000.0,39752000.0,35334000.0,0.187,0.18,0.187,483621000,,483621000,2868749276,19.0,13.783,-19476000.0,-0.162,1.0,112821000.0,0.294,42220000,4418000.0,987165000,,507765000,0,0,0,968229000,423071000,545158000,2868143276,-41966000.0,0.0,1265000.0,-17774000.0,-5853000.0,-22362000.0,-8220000.0,0.0,-12456000.0,1072000.0,22184000.0,22184000.0,22184000.0,0.0,0.0,0.058,70676000.0,42145000.0,127754000,0.0,5.931,37.459,38.043,204326000,0.0,24.5,1.872,1.92,244070000,,383690000.0,383690000.0,0.0,,,,,0.0,71281000.0,1.0,117067073,120093000,123201000.0,3.195,1409630000,129279000,13150000.0,14616000,11.738,582978000
49,JOY,ARQ,2004-09-30,2004-12-22,2004-10-30,2019-10-15,-197033000,1440359000,,992052000,448307000,,3.794,-7158000.0,231706000,231706000,307431000.0,19289000.0,2.297,2.186,205979000,3110000,202869000,205979000,87507000,11219000.0,0,0.009,0.083,56342000.0,67561000.0,0.158,67561000.0,56342000.0,47114000.0,0.16,0.156,0.16,452048000,,452048000,2154842337,18.0,13.057,53879000.0,0.452,1.0,121448000.0,0.283,40213000,9228000.0,942567000,,443810000,0,0,0,988311000,431852000,556459000,2180569337,61830000.0,0.0,11360000.0,-1093000.0,-3879000.0,6388000.0,-6922000.0,0.0,61037000.0,1327000.0,19289000.0,19289000.0,19289000.0,0.0,0.0,0.045,72944000.0,48504000.0,139178000,0.519,4.824,39.416,39.547,207974000,0.0,18.627,1.523,1.525,259897000,-45042000.0,428879000.0,428879000.0,0.0,,,,,0.0,74649000.0,1.0,117067073,119160000,122699250.0,3.599,1400146000,129424000,27825000.0,4910000,11.75,560200000
50,JOY,ARQ,2004-06-30,2004-08-27,2004-07-31,2019-10-15,0,1364604000,,867781000,496823000,,3.717,-4840000.0,169876000,169876000,282063000.0,16255000.0,2.108,2.114,206898000,4297000,202601000,206898000,0,34958000.0,0,0.007,0.033,30652000.0,65610000.0,0.172,65610000.0,30652000.0,25630000.0,0.138,0.133,0.138,438225000,,438225000,1579095084,17.0,8.673,-29842000.0,-0.253,1.0,99857000.0,0.261,73573000,5022000.0,916395000,,426005000,0,0,0,926379000,411658000,514721000,1542073084,-38781000.0,0.0,3524000.0,-9466000.0,-3831000.0,-9773000.0,-4610000.0,0.0,-25002000.0,604000.0,16255000.0,16255000.0,16255000.0,0.0,0.0,0.043,69205000.0,30652000.0,105842000,0.239,3.519,30.155,30.293,208954000,0.0,13.329,1.117,1.138,227726000,,381920000.0,381920000.0,0.0,,,,,0.0,70575000.0,1.0,115694046,117900000,121356000.0,3.239,1291031000,147233000,9375000.0,29874000,10.95,456123000
51,JOY,ARQ,2004-03-31,2004-06-01,2004-05-01,2019-10-15,0,1384563000,,884528000,500035000,,3.542,-4047000.0,208657000,208657000,246569000.0,18840000.0,2.314,2.329,215613000,13177000,202436000,215613000,0,0.0,0,0.005,0.033,24750000.0,24750000.0,0.073,24750000.0,24750000.0,20390000.0,0.16,0.156,0.16,415863000,,415863000,1405986145,18.0,10.682,30456000.0,0.259,1.0,91113000.0,0.27,74270000,4360000.0,935061000,,420483000,0,0,0,968700000,382188000,586512000,1399030145,46856000.0,0.0,5042000.0,8484000.0,-3825000.0,9701000.0,139000.0,0.0,34503000.0,2513000.0,18840000.0,18840000.0,18840000.0,0.0,0.0,0.056,66363000.0,24750000.0,99776000,0.206,3.364,33.773,33.815,212717000,0.0,12.173,1.077,1.1,209541000,,337682000.0,337682000.0,0.0,,,,,0.0,69445000.0,1.0,114925806,117402750,120915000.0,2.876,1310293000,145652000,1550000.0,20744000,11.161,502340000
52,JOY,ARQ,2003-12-31,2004-02-27,2004-01-31,2019-10-15,0,1311475000,,807055000,504420000,,3.543,-343000.0,161801000,161801000,213891000.0,938000.0,2.614,2.229,207591000,4930000,202661000,207591000,0,0.0,0,0.002,0.022,7112000.0,7112000.0,0.025,7112000.0,7112000.0,1438000.0,0.009,0.009,0.009,406185000,,406185000,1448537251,22.0,12.293,-8620000.0,-0.075,1.0,69795000.0,0.246,76729000,5674000.0,971813000,,399361000,0,0,0,905290000,308723000,596567000,1402747251,13296000.0,0.0,24790000.0,-15000.0,-2491000.0,21284000.0,256000.0,0.0,-8277000.0,33000.0,938000.0,938000.0,938000.0,0.0,0.0,0.003,62683000.0,7112000.0,83897000,2.444,3.453,56.153,55.235,219888000,0.0,12.262,1.113,1.115,191898000,,283686000.0,283686000.0,0.0,,,,,0.0,62743000.0,1.0,114395843,114646500,117643500.0,2.474,1234746000,137775000,500000.0,24149000,10.77,498332000
53,JOY,ARQ,2003-09-30,2003-12-23,2003-11-01,2019-10-15,-181560000,1286729000,,776567000,510162000,,3.273,-9052000.0,148505000,148505000,285062000.0,15105000.0,2.384,2.475,207679000,4767000,202912000,207679000,36676000,52542000.0,0,0.0,0.0,32066000.0,84608000.0,0.224,84608000.0,32066000.0,21930000.0,0.133,0.133,0.133,370273000,,370273000,1311756271,24.0,12.209,47965000.0,0.424,1.0,92764000.0,0.246,77709000,10136000.0,942488000,,382929000,0,0,0,916456000,325706000,590750000,1252582271,58069000.0,0.0,1883000.0,141000.0,0.0,2024000.0,-5581000.0,0.0,57017000.0,4609000.0,15105000.0,15105000.0,15105000.0,0.0,0.0,0.04,68765000.0,23999000.0,89136000,0.0,3.383,67.649,69.079,226101000,0.0,11.329,1.03,1.053,193882000,-85999000.0,377826000.0,377826000.0,0.0,,,,,0.0,66023000.0,1.0,110565324,113132250,115040250.0,3.34,1209020000,136192000,6825000.0,26097000,10.687,450861000
54,JOY,ARQ,2003-06-30,2003-08-28,2003-08-02,2019-10-15,0,1272307000,,726846000,545461000,,3.314,-7957000.0,90436000,90436000,224810000.0,6541000.0,2.097,2.397,207283000,4341000,202942000,207283000,57937000,0.0,0,0.0,0.0,15156000.0,15156000.0,0.051,15156000.0,15156000.0,9766000.0,0.058,0.058,0.058,374587000,,374587000,903280533,23.0,17.453,-1140000.0,-0.01,1.0,75281000.0,0.251,180907000,5390000.0,861600000,,432448000,0,0,0,897720000,346647000,551073000,786433533,-13038000.0,0.0,34000.0,-12870000.0,0.0,-12836000.0,-7806000.0,0.0,6817000.0,787000.0,6541000.0,6541000.0,6541000.0,0.0,0.0,0.022,59864000.0,15417000.0,84346000,0.0,2.099,83.619,55.297,224993000,0.0,7.133,0.708,0.726,167190000,,300091000.0,300091000.0,0.0,,,,,0.0,59776000.0,1.0,110247692,113015250,113823000.0,2.655,1091400000,0,3225000.0,27151000,9.657,380199000
55,JOY,ARQ,2003-03-31,2003-06-02,2003-05-03,2019-10-15,0,1302705000,,755502000,547203000,,3.231,-5746000.0,103474000,103474000,226956000.0,2397000.0,1.868,2.568,219932000,17066000,202866000,219932000,56001000,0.0,0,0.0,0.0,10957000.0,10957000.0,0.037,10957000.0,10957000.0,5397000.0,0.022,0.022,0.022,365114000,,365114000,775457445,26.0,14.025,13633000.0,0.121,1.0,71932000.0,0.241,184401000,5560000.0,830370000,,432209000,0,0,0,937591000,404392000,533199000,658999445,4989000.0,-12316000.0,0.0,1006000.0,0.0,1006000.0,-18964000.0,0.0,19379000.0,3568000.0,2397000.0,2397000.0,2397000.0,0.0,0.0,0.008,60975000.0,10957000.0,84140000,0.0,1.805,412.39,98.703,225420000,0.0,6.12,0.592,0.621,183687000,,298888000.0,298888000.0,0.0,,,,,0.0,60112000.0,1.0,107687468,113013000,113168250.0,2.645,1118304000,0,3000000.0,23520000,9.895,351110000
56,JOY,ARQ,2002-12-31,2003-02-28,2003-02-01,2019-10-15,0,1275234000,,728433000,546801000,,3.135,-1761000.0,98485000,98485000,186036000.0,-5527000.0,2.154,2.599,218557000,3540000,215017000,218557000,0,0.0,0,0.0,0.0,-3282000.0,-3282000.0,-0.014,-3282000.0,-3282000.0,-9227000.0,-0.049,-0.049,-0.049,354319000,,354319000,607776578,24.0,9.545,20671000.0,0.183,1.0,53125000.0,0.222,188543000,5945000.0,868513000,,427309000,0,0,0,920915000,338250000,582665000,487704578,27579000.0,0.0,0.0,61000.0,0.0,-189000.0,1804000.0,0.0,22432000.0,3532000.0,-5527000.0,-5527000.0,-5527000.0,0.0,0.0,-0.023,56407000.0,-3282000.0,70150000,0.0,1.376,-110.616,1132.222,227267000,0.0,4.529,0.442,0.464,162879000,,239161000.0,239161000.0,0.0,,,,,0.0,55596000.0,1.0,107687468,113013000,113013000.0,2.116,1086691000,0,-3700000.0,26103000,9.616,390183000
57,JOY,ARQ,2002-09-30,2002-12-23,2002-11-02,2019-10-15,-180467000,1257339000,,700107000,557232000,,3.103,-5876000.0,71159000,71159000,208851000.0,5994000.0,2.206,2.586,218117000,3032000,215085000,218117000,26244000,13054000.0,0,0.0,0.0,15869000.0,28923000.0,0.106,28923000.0,15869000.0,9084000.0,0.098,0.098,0.098,350616000,,350616000,661965605,-59.0,13.813,54604000.0,0.483,1.0,64115000.0,0.235,190541000,6785000.0,896351000,,418557000,0,0,0,906723000,317405000,589318000,515007605,19019000.0,0.0,0.0,-35232000.0,0.0,-35601000.0,-6148000.0,0.0,60480000.0,288000.0,5994000.0,5994000.0,5994000.0,0.0,0.0,0.022,50237000.0,13878000.0,73492000,0.0,1.469,-18.382,-24.205,271854000,0.0,4.938,0.448,0.484,171534000,-104515000.0,272966000.0,272966000.0,0.0,,,,,0.0,50482000.0,1.0,104299470,113008500,113008500.0,2.415,1066798000,64890000,3090000.0,32102000,9.44,382702000
58,JOY,ARQ,2002-06-30,2002-09-06,2002-08-03,2019-10-15,0,1293212000,,712420000,580792000,,4.032,-2938000.0,52897000,52897000,244472000.0,-1266000.0,2.117,1.838,253296000,3349000,249947000,253296000,0,12705000.0,0,0.0,0.0,5988000.0,18693000.0,0.062,18693000.0,5988000.0,-1651000.0,-0.009,-0.009,-0.009,455727000,,455727000,714943052,-9.0,-79.58,38795000.0,0.343,1.0,57832000.0,0.191,226024000,7639000.0,930996000,,444935000,0,0,0,837485000,336591000,500894000,514544052,7834000.0,0.0,0.0,-30474000.0,0.0,-31266000.0,-3423000.0,0.0,41733000.0,790000.0,-1266000.0,-1266000.0,-1266000.0,0.0,0.0,-0.004,52264000.0,5568000.0,77693000,0.0,1.129,-4.821,-5.209,236452000,0.0,4.933,0.436,0.472,202738000,,302304000.0,302304000.0,0.0,,,,,0.0,52442000.0,1.0,104299470,113017500,113017500.0,2.675,1067188000,30236000,-385000.0,75877000,9.443,375829000
59,JOY,ARQ,2002-03-31,2002-06-14,2002-05-04,2019-10-15,0,1318903000,,739292000,579611000,,4.032,-4120000.0,46148000,46148000,230686000.0,-3610000.0,2.243,1.895,283726000,1076000,282650000,283726000,0,12784000.0,0,0.0,0.0,6555000.0,19339000.0,0.067,19339000.0,6555000.0,-2100000.0,-0.036,-0.036,-0.036,455616000,,455616000,927829008,,,,,1.0,58520000.0,0.202,229076000,8655000.0,997763000,,482821000,0,0,0,863287000,329642000,533645000,690251008,-2814000.0,0.0,0.0,-29173000.0,0.0,-36182000.0,4179000.0,0.0,,2064000.0,-3610000.0,-3610000.0,-3610000.0,0.0,0.0,-0.012,47283000.0,11237000.0,84445000,0.0,1.515,,,241377000,0.0,7.111,,,196213000,,289206000.0,289206000.0,0.0,,,,,,48915000.0,1.0,97066548,112997250,112997250.0,2.559,1089827000,27440000,1510000.0,74778000,9.645,409650000
60,JOY,ARQ,2001-12-31,2002-03-15,2002-02-02,2019-10-15,0,1330443000,,749495000,580948000,,4.006,-2977000.0,53307000,53307000,270281000.0,-29135000.0,2.284,1.952,307814000,2199000,305615000,307814000,0,20594000.0,0,0.0,0.0,-39626000.0,-19032000.0,-0.066,-19032000.0,-39626000.0,-47585000.0,-0.258,-0.258,-0.258,450661000,,450661000,959425842,,,,,1.0,16090000.0,0.056,232626000,7959000.0,1024135000,,481692000,0,0,0,879782000,328189000,551593000,704918842,7215000.0,0.0,0.0,18314000.0,0.0,17348000.0,-6253000.0,0.0,,-2083000.0,-29135000.0,-29135000.0,-29135000.0,0.0,0.0,-0.102,55807000.0,-39717000.0,72622000,0.0,1.564,,,244429000,0.0,7.262,,,196616000,,286371000.0,286371000.0,0.0,,,,,,60982000.0,1.0,97066548,112500000,112500000.0,2.546,1097817000,0,-18450000.0,81169000,9.758,421306000
61,JOY,ARQ,2001-09-30,2002-01-22,2001-10-31,2019-10-15,-71693000,1371714000,,798599000,573115000,,4.3,-5041000.0,59065000,59065000,293135000.0,-72721000.0,2.248,1.836,289936000,1733000,288203000,289936000,15482000,23556000.0,0,0.0,0.0,-51540000.0,-27984000.0,-0.092,-27984000.0,-51540000.0,-60521000.0,-0.644,-0.644,-0.644,483707000,,483707000,906116140,,,20240000.0,0.18,1.0,9525000.0,0.031,243595000,8981000.0,1003704000,,513854000,0,0,0,888007000,355286000,532721000,675245140,-19774000.0,0.0,0.0,-27003000.0,0.0,-27840000.0,-15649000.0,0.0,25281000.0,-1566000.0,-72721000.0,-72721000.0,-72721000.0,0.0,0.0,-0.24,63228000.0,-53703000.0,75607000,0.0,1.396,,,251916000,0.0,7.551,,,209455000,-76498000.0,302660000.0,302660000.0,0.0,,,,,0.0,63228000.0,1.0,89423282,112500000,112500000.0,2.69,1128119000,0,12200000.0,80808000,10.028,443313000
62,JOY,ARQ,2001-06-30,2001-09-14,2001-07-31,2019-10-15,0,1458949000,,874852000,584097000,,6.972,,84236000,84236000,,,2.467,1.34,208714000,2722000,205992000,208714000,0,,0,,0.0,,,,,,,,,,623496000,,623496000,835095016,,,,,1.0,,,22880000,,1205918000,,584852000,0,0,0,835453000,354629000,480824000,710617016,,,,,,,,,,,,,,,,,,,65171000,,1.14,,,257049000,,7.947,,,183092000,,,,,,,,,,,1.0,89423282,89423282,,,1436069000,0,,72541000,16.059,520223000
0,JOY,ART,2016-12-31,2017-03-03,2017-01-27,2019-10-15,0,3445504000,3453363000.0,1931590000,1513914000,0.678,14.1,-20627000.0,321909000,321909000,1806426000.0,-18435000.0,2.458,1.47,996247000,43006000,953241000,996247000,242450000,128030000.0,0,0.001,0.04,12754000.0,140784000.0,0.06,140784000.0,12754000.0,-37274000.0,-0.18,-0.18,-0.18,1394691000,1382252500.0,1394691000,3478650993,273.0,24.709,165898000.0,1.677,1.0,536443000.0,0.229,567843000,50028000.0,2766077000,2850979500.0,836465000,0,0,0,2050813000,785922000,1264891000,2804312993,183556000.0,28250000.0,11307000.0,-21931000.0,-3996000.0,-12320000.0,6757000.0,0.0,186525000.0,2594000.0,-18435000.0,-18435000.0,-18435000.0,-5466000.0,0.0,-0.008,541391000.0,-4948000.0,219502000,-0.222,2.011,-152.119,-156.389,642882000,0.0,28.15,1.197,1.188,639881000,,2342869000.0,2342869000.0,0.0,-0.005,-0.013,0.004,0.005,27626000.0,477382000.0,1.0,99620355,98913000,98913000.0,23.686,2877661000,179539000,-18839000.0,0,29.093,1145668000
1,JOY,ART,2016-09-30,2016-12-16,2016-10-28,2019-10-15,-145751000,3426431000,3462170500.0,1893068000,1533363000,0.685,14.093,-17852000.0,276709000,276709000,1855574000.0,-58379000.0,2.45,1.48,1007033000,42054000,964979000,1007033000,173121000,141900000.0,0,0.001,0.04,-31364000.0,110536000.0,0.047,110536000.0,-31364000.0,-81705000.0,-0.59,-0.59,-0.59,1381706000,1369684250.0,1381706000,3496258477,-111.0,31.63,235789000.0,2.405,1.0,515826000.0,0.218,574254000,50341000.0,2809937000,2890737500.0,814821000,0,0,0,2044725000,772564000,1272161000,2765934477,175334000.0,28250000.0,639000.0,-77350000.0,-3984000.0,-84690000.0,9654000.0,0.0,253641000.0,-3271000.0,-58379000.0,-58379000.0,-58379000.0,-5466000.0,0.0,-0.025,566580000.0,-50754000.0,236787000,-0.068,2.002,-47.379,-47.475,656245000,0.0,28.01,1.166,1.158,683958000,1792431000.0,2371400000.0,2371400000.0,0.0,-0.017,-0.043,-0.011,-0.013,25550000.0,476684000.0,1.0,98748107,98040000,98040000.0,24.188,2852177000,171775000,-23326000.0,0,29.092,1120504000
2,JOY,ART,2016-06-30,2016-09-02,2016-07-29,2019-10-15,0,3433417000,3533674250.0,1851223000,1582194000,0.73,13.986,-25192000.0,182825000,182825000,2009567000.0,-1335128000.0,2.346,1.501,1006792000,32545000,974247000,1006792000,197437000,157354000.0,0,0.001,0.03,-1360087000.0,-1202733000.0,-0.466,-1202733000.0,-1360087000.0,-1413509000.0,-13.69,-13.68,-13.69,1372846000,1379260000.0,1372846000,3499885092,-3.0,-2.91,340210000.0,3.466,1.0,570838000.0,0.221,580443000,53422000.0,2887749000,2982071750.0,896257000,0,0,0,2060571000,789192000,1271379000,2675918092,41925000.0,0.0,1801000.0,-270940000.0,-22466000.0,-292616000.0,-25716000.0,0.0,365402000.0,-5145000.0,-1335128000.0,-1335128000.0,-1335128000.0,-5466000.0,0.0,-0.517,1936260000.0,-1365422000.0,231713000,-0.002,1.949,-2.004,-1.991,673943000,0.0,27.26,1.037,1.037,647017000,,2580405000.0,2580405000.0,0.0,-0.378,-0.968,-0.456,-0.527,24694000.0,513535000.0,1.0,98162806,98160000,99224000.0,26.288,2852974000,202463000,-78381000.0,0,29.065,1062031000
3,JOY,ART,2016-03-31,2016-06-03,2016-04-29,2019-10-15,0,3508100000,4008352250.0,1925175000,1582925000,0.695,14.091,-41706000.0,160878000,160878000,2129811000.0,-1290371000.0,2.328,1.543,1006841000,23353000,983488000,1006841000,225167000,153583000.0,0,0.011,0.22,-1280195000.0,-1126612000.0,-0.404,-1126612000.0,-1280195000.0,-1337545000.0,-13.23,-13.22,-13.23,1379767000,1722115250.0,1379767000,2877405855,-2.0,-2.554,413637000.0,4.224,1.0,656225000.0,0.236,586980000,57350000.0,2940155000,3152217000.0,939863000,0,0,0,2128333000,826928000,1301405000,2031442855,-31213000.0,-114353000.0,2094000.0,-282436000.0,-40963000.0,-322920000.0,-156512000.0,0.0,455343000.0,-7124000.0,-1290371000.0,-1290371000.0,-1290371000.0,-5466000.0,0.0,-0.463,1942667000.0,-1286442000.0,240900000,-0.017,1.472,-1.574,-1.565,716355000,0.0,20.7,0.729,0.728,670376000,,2786036000.0,2786036000.0,0.0,-0.322,-0.749,-0.406,-0.46,25648000.0,544373000.0,1.0,98137336,97921000,97921000.0,28.452,2921120000,153008000,-47174000.0,0,29.831,1098247000
4,JOY,ART,2015-12-31,2016-03-04,2016-01-29,2019-10-15,0,3480734000,4480741750.0,1864406000,1616328000,0.668,13.739,-44470000.0,139933000,139933000,2250735000.0,-1241819000.0,2.236,1.589,1022272000,29532000,992740000,1022272000,235508000,148774000.0,0,0.023,0.41,-1208916000.0,-1060142000.0,-0.354,-1060142000.0,-1208916000.0,-1270081000.0,-12.73,-12.72,-12.73,1344418000,2062643750.0,1344418000,2613774249,-2.0,-2.465,437807000.0,4.474,1.0,743839000.0,0.248,604305000,61165000.0,2925109000,3316917250.0,962663000,0,0,0,2136316000,833659000,1302657000,1731435249,-12393000.0,-114353000.0,4381000.0,-266715000.0,-59458000.0,-322982000.0,-158925000.0,0.0,482277000.0,-12763000.0,-1241819000.0,-1241819000.0,-1241819000.0,0.0,0.0,-0.415,1954352000.0,-1210513000.0,216408000,-0.032,1.288,-1.394,-1.389,752448000,0.0,17.68,0.578,0.578,650931000,,2994574000.0,2994574000.0,0.0,-0.277,-0.602,-0.364,-0.404,27186000.0,589452000.0,1.0,97931858,97851000,97851000.0,30.603,2876429000,149641000,-28262000.0,0,29.396,1030747000
5,JOY,ART,2015-09-30,2015-12-21,2015-10-30,2019-10-15,-147072000,3712446000,4934335000.0,2068442000,1644004000,0.643,14.565,-67036000.0,102885000,102885000,2333225000.0,-1178004000.0,2.271,1.614,1086964000,26321000,1060643000,1086964000,229470000,142366000.0,0,0.049,0.6,-1112990000.0,-970624000.0,-0.306,-970624000.0,-1112990000.0,-1177129000.0,-12.08,-12.08,-12.08,1420009000,2398132250.0,1420009000,2195452454,-2.0,-2.262,288297000.0,2.957,1.0,838922000.0,0.264,610331000,64139000.0,3175274000,3481966750.0,1007925000,0,0,0,2292437000,910920000,1381517000,1211373454,-167306000.0,-114353000.0,-45346000.0,-201921000.0,-77950000.0,-324956000.0,-181472000.0,0.0,355333000.0,-16211000.0,-1178004000.0,-1178004000.0,-1178004000.0,0.0,0.0,-0.371,1954914000.0,-1115992000.0,275789000,-0.05,0.853,-1.028,-1.024,792032000,0.0,12.37,0.382,0.38,812073000,1854794000.0,3172147000.0,3172147000.0,0.0,-0.239,-0.491,-0.32,-0.351,30373000.0,616673000.0,1.0,97928331,97493000,97493000.0,32.537,3102115000,118913000,875000.0,0,31.819,1157522000
6,JOY,ART,2015-06-30,2015-09-04,2015-07-31,2019-10-15,0,5332129000,5405470000.0,2331997000,3000132000,0.636,28.152,-74678000.0,140900000,140900000,2462646000.0,244128000.0,2.317,0.943,1270203000,14171000,1256032000,1270203000,297722000,137782000.0,0,0.043,0.8,390870000.0,528652000.0,0.154,528652000.0,390870000.0,326542000.0,2.48,2.47,2.48,2744267000,2753379250.0,2744267000,2945254388,8.0,5.571,159157000.0,1.633,1.0,977540000.0,0.284,1886646000,64328000.0,3568330000,3587429500.0,1184342000,0,0,0,2587862000,1006456000,1581406000,1815951388,-167142000.0,-111721000.0,-118990000.0,7000.0,-78067000.0,-196884000.0,-185632000.0,0.0,233835000.0,-18461000.0,244128000.0,244128000.0,244128000.0,0.0,0.0,0.071,606096000.0,371444000.0,330838000,0.323,0.662,7.439,7.512,875150000,0.0,18.63,0.528,0.528,829536000,,3440186000.0,3440186000.0,0.0,0.045,0.089,0.109,0.114,30422000.0,606096000.0,1.0,97474578,97480000,98033000.0,35.291,3445483000,74532000,82414000.0,0,35.346,1325541000
7,JOY,ART,2015-03-31,2015-06-05,2015-05-01,2019-10-15,0,5397658000,5470115000.0,2482634000,2915024000,0.644,28.146,-76852000.0,192091000,192091000,2511537000.0,270532000.0,2.291,0.969,1282292000,21793000,1260499000,1282292000,329871000,134932000.0,0,0.021,0.8,435961000.0,570893000.0,0.162,570893000.0,435961000.0,371248000.0,2.73,2.72,2.73,2741881000,2769809000.0,2741881000,4876278488,11.0,8.541,132688000.0,1.362,1.0,1012127000.0,0.287,1805361000,64713000.0,3598956000,3579694750.0,1192093000,0,0,0,2655777000,1083542000,1572235000,3786077488,-193699000.0,-44426000.0,-180507000.0,-8906000.0,-78535000.0,-267845000.0,-120786000.0,0.0,209540000.0,-14608000.0,270532000.0,270532000.0,270532000.0,0.0,0.0,0.077,598140000.0,413987000.0,352743000,0.293,1.381,13.995,14.231,872363000,0.0,38.85,1.074,1.074,923453000,,3523664000.0,3523664000.0,0.0,0.049,0.098,0.122,0.124,18422000.0,598140000.0,1.0,97453732,97416000,97972000.0,36.171,3592297000,68150000,100716000.0,0,36.876,1399092000
8,JOY,ART,2014-12-31,2015-03-06,2015-01-30,2019-10-15,0,5295107000,5515134000.0,2391958000,2903149000,0.661,27.539,-78042000.0,152326000,152326000,2583726000.0,305770000.0,2.312,0.971,1281660000,16672000,1264988000,1281660000,312401000,134506000.0,0,0.02,0.8,490718000.0,625224000.0,0.172,625224000.0,490718000.0,426116000.0,3.07,3.05,3.07,2686372000,2788042750.0,2686372000,4931812560,10.0,7.888,202036000.0,2.071,1.0,1059145000.0,0.291,1804330000,64602000.0,3585307000,3541540000.0,1176048000,0,0,0,2608735000,1034804000,1573931000,3802478560,-138573000.0,-44426000.0,-185666000.0,-21409000.0,-76584000.0,-284129000.0,-122253000.0,0.0,280078000.0,-12269000.0,305770000.0,305770000.0,305770000.0,0.0,0.0,0.084,590952000.0,468193000.0,322887000,0.261,1.415,12.436,12.72,864719000,0.0,39.05,1.044,1.046,888675000,,3642871000.0,3642871000.0,0.0,0.055,0.11,0.139,0.135,17291000.0,590952000.0,1.0,97374611,97547000,98138000.0,37.345,3490777000,64819000,120346000.0,0,35.786,1357154000
9,JOY,ART,2014-09-30,2014-12-19,2014-10-31,2019-10-15,-535282000,5596986000,5572276250.0,2618359000,2978627000,0.678,28.385,-81114000.0,270191000,270191000,2667158000.0,331037000.0,2.228,0.97,1281280000,11739000,1269541000,1281280000,285939000,133593000.0,0,0.016,0.775,526900000.0,660493000.0,0.175,660493000.0,526900000.0,461792000.0,3.31,3.28,3.31,2840997000,2797709500.0,2840997000,5594347242,11.0,8.47,282225000.0,2.82,1.0,1111152000.0,0.294,1835962000,65108000.0,3597125000,3516863500.0,1108308000,0,0,0,2755989000,1174988000,1581001000,4583258242,-135518000.0,-44426000.0,-255990000.0,-35168000.0,-74945000.0,-367297000.0,-125487000.0,0.0,363339000.0,-6073000.0,331037000.0,331037000.0,331037000.0,0.0,0.0,0.088,606347000.0,504805000.0,395945000,0.234,1.613,13.845,14.221,892440000,0.0,47.07,1.213,1.247,1059709000,3645527000.0,3778310000.0,3778310000.0,0.0,0.059,0.118,0.15,0.139,16053000.0,606347000.0,1.0,97371112,100088000,100939000.0,37.75,3761024000,70181000,130755000.0,0,37.577,1443371000
10,JOY,ART,2014-06-30,2014-09-05,2014-08-01,2019-10-15,0,5590709000,5620425250.0,2597930000,2992779000,0.681,28.14,-92140000.0,308042000,308042000,2706446000.0,220934000.0,2.214,0.99,1269495000,168000,1269327000,1269495000,397483000,132380000.0,0,0.012,0.75,386999000.0,519379000.0,0.136,519379000.0,386999000.0,321686000.0,2.19,2.18,2.19,2809986000,2802052500.0,2809986000,6871618762,18.0,13.23,401355000.0,4.019,1.0,1120031000.0,0.293,1841514000,65313000.0,3537391000,3499219250.0,1211735000,0,0,0,2780723000,1173257000,1607466000,5910165762,-178008000.0,-47058000.0,-390678000.0,-60935000.0,-73933000.0,-532050000.0,-142240000.0,0.0,493495000.0,2787000.0,220934000.0,220934000.0,220934000.0,0.0,0.0,0.058,785761000.0,334270000.0,356871000,0.342,2.103,26.751,27.489,910738000,0.0,60.2,1.545,1.571,890838000,,3826477000.0,3826477000.0,0.0,0.039,0.079,0.111,0.101,38427000.0,627434000.0,1.0,98175511,99856000,100738000.0,38.32,3749195000,44890000,100752000.0,0,37.546,1424673000
11,JOY,ART,2014-03-31,2014-06-06,2014-05-02,2019-10-15,0,5577734000,5770057250.0,2634021000,2943713000,0.74,28.051,-102961000.0,385790000,385790000,2962926000.0,332832000.0,2.159,0.982,1289661000,58089000,1231572000,1289661000,403518000,129483000.0,0,0.011,0.725,542876000.0,672359000.0,0.157,672359000.0,542876000.0,478029000.0,3.2,3.18,3.2,2814816000,2850391500.0,2814816000,7309175211,13.0,10.871,649546000.0,6.473,1.0,1308501000.0,0.306,1815390000,64847000.0,3446337000,3498655500.0,1128891000,0,0,0,2762918000,1219878000,1543040000,6405304211,150915000.0,0.0,-329454000.0,-80852000.0,-72569000.0,-488507000.0,-105256000.0,0.0,752507000.0,-7829000.0,332832000.0,332832000.0,332832000.0,0.0,0.0,0.078,814565000.0,493936000.0,335319000,0.227,2.276,19.245,20.034,893649000,0.0,64.11,1.5,1.506,917502000,,4271427000.0,4271427000.0,0.0,0.058,0.117,0.155,0.127,42575000.0,657330000.0,1.0,99911156,100346000,101203000.0,42.567,3762344000,39746000,145197000.0,0,37.494,1414143000
12,JOY,ART,2013-12-31,2014-03-07,2014-01-31,2019-10-15,0,5523676000,5922749250.0,2587834000,2935842000,0.794,26.77,-119849000.0,290899000,290899000,3220513000.0,440437000.0,2.081,1.027,1302230000,58356000,1243874000,1302230000,472846000,126190000.0,0,0.012,0.7,695094000.0,821284000.0,0.175,821284000.0,695094000.0,629360000.0,4.17,4.14,4.17,2725039000,2865940750.0,2725039000,6701077498,10.0,8.159,491413000.0,4.827,1.0,1481619000.0,0.315,1804893000,65734000.0,3486601000,3577363000.0,1135112000,0,0,0,2798637000,1243513000,1555124000,5689746498,21004000.0,0.0,-326582000.0,-53931000.0,-73633000.0,-457236000.0,-122828000.0,0.0,611262000.0,-10194000.0,440437000.0,440437000.0,440437000.0,223000.0,0.0,0.094,832654000.0,648965000.0,283969000,0.168,2.088,12.918,13.626,897884000,0.0,56.82,1.21,1.23,953792000,,4702132000.0,4702132000.0,0.0,0.074,0.154,0.194,0.148,35116000.0,675749000.0,1.0,100136334,101796000,102667000.0,46.192,3718783000,37723000,188923000.0,0,36.532,1344321000
13,JOY,ART,2013-09-30,2013-12-13,2013-10-25,2019-10-15,-507634000,5789582000,6086029750.0,2822444000,2967138000,0.824,26.948,-149863000.0,405709000,405709000,3389484000.0,533713000.0,2.074,1.025,1315596000,58669000,1256927000,1315596000,399768000,113519000.0,0,0.013,0.7,830217000.0,943736000.0,0.188,943736000.0,830217000.0,763932000.0,5.03,4.99,5.03,2858369000,2862818250.0,2858369000,6371667294,8.0,6.752,486987000.0,4.591,1.0,1623213000.0,0.324,1812331000,66285000.0,3526548000,3595577250.0,1139744000,0,0,0,2931213000,1360590000,1570623000,5461780294,141836000.0,0.0,-206531000.0,-57374000.0,-74325000.0,-336502000.0,-149975000.0,0.0,636850000.0,-8537000.0,533713000.0,533713000.0,533713000.0,225000.0,0.0,0.106,835201000.0,788012000.0,388119000,0.139,1.911,10.234,10.642,912642000,0.0,53.53,1.09,1.133,1083663000,3390459000.0,5012697000.0,5012697000.0,0.0,0.088,0.186,0.231,0.166,27278000.0,680001000.0,1.0,102032137,106070000,106996000.0,47.258,3977251000,41532000,230219000.0,0,37.496,1461854000
14,JOY,ART,2013-06-30,2013-08-30,2013-07-26,2019-10-15,0,6189237000,6174260000.0,3100136000,3089101000,0.879,28.21,-182229000.0,486050000,486050000,3629935000.0,719443000.0,2.033,1.061,1329508000,60156000,1269352000,1329508000,488563000,112878000.0,0,0.014,0.7,1107904000.0,1220782000.0,0.225,1220782000.0,1107904000.0,1038586000.0,6.78,6.72,6.78,3003342000,2792523250.0,3003342000,6063831837,5.0,4.967,464931000.0,4.367,1.0,1795893000.0,0.331,1972631000,69318000.0,3535136000,3588483250.0,1248801000,0,0,0,3185895000,1524928000,1660967000,5220373837,31813000.0,-56270000.0,0.0,-292260000.0,-74256000.0,-360258000.0,-241309000.0,0.0,647160000.0,-13780000.0,719443000.0,719443000.0,719443000.0,70000.0,0.0,0.133,728116000.0,1067777000.0,405900000,0.103,1.738,7.256,7.245,893326000,0.0,49.12,0.962,0.964,1114483000,,5425828000.0,5425828000.0,0.0,0.117,0.258,0.309,0.204,25380000.0,701340000.0,1.0,106277969,106465000,107312000.0,50.963,4216606000,36569000,319143000.0,0,39.606,1575208000
15,JOY,ART,2013-03-31,2013-05-31,2013-04-26,2019-10-15,0,6188502000,6203795000.0,3111607000,3076895000,0.886,27.033,-206519000.0,234875000,234875000,3662665000.0,729812000.0,1.967,1.151,1369647000,59872000,1309775000,1369647000,590743000,121369000.0,0,0.013,0.7,1131173000.0,1252542000.0,0.228,1252542000.0,1131173000.0,1059658000.0,6.88,6.82,6.88,2877013000,2666486500.0,2877013000,6881475851,6.0,5.494,240956000.0,2.264,1.0,1831275000.0,0.333,1979988000,71515000.0,3761167000,3590305750.0,1366020000,0,0,0,3311489000,1582119000,1729370000,5746703851,-156102000.0,-72738000.0,0.0,-268241000.0,-74182000.0,-336282000.0,-260921000.0,0.0,447475000.0,-6374000.0,729774000.0,729774000.0,729774000.0,896000.0,38000.0,0.133,738362000.0,1092913000.0,434890000,0.102,1.997,7.875,7.86,890072000,0.0,54.08,1.046,1.048,1249734000,,5493940000.0,5493940000.0,0.0,0.118,0.274,0.315,0.206,25362000.0,713621000.0,1.0,106263015,106426000,107413000.0,51.622,4208514000,51983000,329884000.0,0,39.544,1529488000
16,JOY,ART,2012-12-31,2013-02-28,2013-01-25,2019-10-15,0,6176798000,6212316750.0,3136781000,3040017000,0.913,25.532,-238763000.0,269895000,269895000,3784175000.0,761877000.0,1.827,1.277,1354924000,60724000,1294200000,1354924000,712548000,146156000.0,0,0.014,0.875,1181329000.0,1327485000.0,0.234,1327485000.0,1181329000.0,1108386000.0,7.19,7.13,7.19,2712549000,2529270500.0,2712549000,7812091894,7.0,5.885,313099000.0,2.947,1.0,1890390000.0,0.333,1985909000,72943000.0,3559458000,3528947500.0,1439622000,0,0,0,3464249000,1716460000,1747789000,6727062894,-13351000.0,-498426000.0,0.0,-42373000.0,-74106000.0,-101699000.0,-456712000.0,0.0,551862000.0,-6802000.0,761806000.0,761806000.0,761806000.0,5004000.0,71000.0,0.134,742673000.0,1147717000.0,390732000,0.122,2.48,8.83,8.809,864794000,0.0,63.34,1.185,1.186,1144098000,,5674565000.0,5674565000.0,0.0,0.123,0.301,0.335,0.208,22204000.0,722701000.0,1.0,106205603,106242000,107237000.0,53.412,4190889000,52149000,346580000.0,0,39.447,1420321000
17,JOY,ART,2012-09-30,2012-12-18,2012-10-26,2019-10-15,-508649000,6142503000,6209751250.0,3156077000,2986426000,0.912,24.345,-233610000.0,263873000,263873000,3783802000.0,762201000.0,1.772,1.383,1371941000,65316000,1306625000,1371941000,669792000,152840000.0,0,0.011,0.7,1173150000.0,1325990000.0,0.234,1325990000.0,1173150000.0,1099891000.0,7.2,7.13,7.2,2577189000,2378891750.0,2577189000,7718929248,7.0,5.821,209251000.0,1.977,1.0,1877087000.0,0.332,1971582000,73259000.0,3498172000,3439079250.0,1415455000,0,0,0,3565314000,1780817000,1784497000,6610861248,-24448000.0,-1012187000.0,0.0,-35742000.0,-73961000.0,-81609000.0,-378329000.0,0.0,442861000.0,-7371000.0,762021000.0,762021000.0,762021000.0,5060000.0,180000.0,0.135,736776000.0,1140311000.0,452236000,0.097,2.565,8.675,8.662,832862000,0.0,62.37,1.168,1.166,1229083000,2931981000.0,5660889000.0,5660889000.0,0.0,0.123,0.32,0.341,0.207,6226000.0,736776000.0,1.0,105994248,105862000,106889000.0,53.474,4170921000,67101000,337870000.0,0,39.4,1375260000
18,JOY,ART,2012-06-30,2012-08-30,2012-07-27,2019-10-15,0,6307377000,6030714000.0,3336840000,2970537000,0.896,23.572,-198464000.0,454237000,454237000,3600394000.0,721985000.0,1.712,1.524,1620860000,82400000,1538460000,1620860000,823231000,148267000.0,0,0.013,0.7,1121280000.0,1269547000.0,0.235,1269547000.0,1121280000.0,1054234000.0,6.83,6.76,6.83,2499195000,2222543250.0,2499195000,6669118979,6.0,5.253,199813000.0,1.885,1.0,1800883000.0,0.333,1982780000,67046000.0,3542426000,3345998750.0,1544062000,0,0,0,3808182000,1948794000,1859388000,5502495979,11145000.0,-824775000.0,0.0,699213000.0,-73823000.0,648631000.0,-1019155000.0,0.0,398277000.0,-16608000.0,721805000.0,721805000.0,721805000.0,27861000.0,180000.0,0.134,673786000.0,1127097000.0,487811000,0.102,2.202,7.623,7.609,779235000,0.0,51.97,1.019,1.02,1148639000,,5401277000.0,5401277000.0,0.0,0.12,0.325,0.335,0.208,-2989000.0,695850000.0,1.0,105878314,106025000,106866000.0,50.943,4324597000,62143000,332429000.0,0,40.788,1388046000
19,JOY,ART,2012-03-31,2012-06-04,2012-04-27,2019-10-15,0,6222589000,5686459250.0,3286925000,2935664000,0.905,21.974,-165357000.0,407277000,407277000,3427081000.0,701534000.0,1.681,1.666,1637037000,79896000,1557141000,1637037000,837800000,127806000.0,0,0.013,0.7,1061866000.0,1189672000.0,0.231,1189672000.0,1061866000.0,1003685000.0,6.65,6.57,6.65,2328149000,2067337250.0,2328149000,7001430266,7.0,5.885,175790000.0,1.659,1.0,1721825000.0,0.334,1981238000,58181000.0,3515734000,3167217250.0,1536750000,0,0,0,3878053000,1955377000,1922676000,5771670266,-680164000.0,-1990081000.0,0.0,1221279000.0,-73683000.0,1164258000.0,-2171235000.0,0.0,341147000.0,-14334000.0,701392000.0,701392000.0,701392000.0,25735000.0,142000.0,0.136,658211000.0,1063614000.0,492287000,0.105,2.479,8.229,8.2,743584000,0.0,54.53,1.121,1.122,1151909000,,5148906000.0,5148906000.0,0.0,0.123,0.339,0.335,0.206,-3957000.0,681739000.0,1.0,105843944,105951000,106983000.0,48.597,4241351000,67511000,302293000.0,0,40.031,1331548000
20,JOY,ART,2011-12-31,2012-03-02,2012-01-27,2019-10-15,0,6166536000,5084906000.0,3432170000,2734366000,0.919,20.028,-125396000.0,559560000,559560000,3086250000.0,649885000.0,1.806,1.717,1397049000,53070000,1343979000,1397049000,901863000,90027000.0,0,0.008,0.7,970232000.0,1060259000.0,0.227,1060259000.0,970232000.0,922612000.0,6.17,6.09,6.17,2111034000,1915829750.0,2111034000,9917075287,10.0,9.353,367767000.0,3.489,1.0,1584325000.0,0.339,1903298000,47620000.0,3199985000,2686610000.0,1558825000,0,0,0,3624850000,1900742000,1724108000,9079586287,-536300000.0,-1564393000.0,0.0,981114000.0,-73526000.0,927611000.0,-1966887000.0,0.0,493163000.0,9813000.0,649776000.0,649776000.0,649776000.0,21404000.0,109000.0,0.139,620086000.0,964239000.0,481102000,0.113,4.301,13.973,13.906,662473000,0.0,85.8,1.944,1.936,1103166000,,4670575000.0,4670575000.0,0.0,0.128,0.339,0.361,0.208,-3240000.0,641236000.0,1.0,105822684,105405000,106752000.0,44.311,4263238000,72643000,272836000.0,0,40.446,1531428000
21,JOY,ART,2011-09-30,2011-12-22,2011-10-28,2019-10-15,-396083000,5426354000,4382241250.0,3564007000,1862347000,1.005,18.603,-104363000.0,1154321000,1154321000,2897605000.0,609656000.0,2.067,1.78,1392307000,35895000,1356412000,1392307000,771841000,79110000.0,0,0.009,0.7,912667000.0,991777000.0,0.225,991777000.0,912667000.0,874487000.0,5.81,5.72,5.81,1951795000,1764145750.0,1951795000,8300016268,9.0,8.369,400330000.0,3.816,1.0,1506301000.0,0.342,813919000,38180000.0,3125850000,2300380750.0,1334134000,380114000,0,380114000,3474559000,1724571000,1749988000,8062030268,-527260000.0,-1050632000.0,0.0,994715000.0,-73262000.0,976716000.0,-2021877000.0,0.0,504693000.0,13208000.0,609656000.0,609656000.0,609656000.0,21346000.0,0.0,0.138,602045000.0,904256000.0,452519000,0.12,4.131,13.224,13.2,539571000,0.0,76.69,1.831,1.827,884696000,2244740000.0,4403906000.0,4403906000.0,0.0,0.139,0.346,0.397,0.207,0.0,602010000.0,1.0,105124922,104916000,106537000.0,41.976,4612435000,73123000,264831000.0,0,43.963,1839436000
22,JOY,ART,2011-06-30,2011-09-07,2011-07-29,2019-10-15,0,4930358000,3846663000.0,3053762000,1876596000,1.07,17.855,-96920000.0,443092000,443092000,2710896000.0,583647000.0,1.725,1.625,907066000,33700000,873366000,907066000,790570000,65548000.0,0,0.008,0.7,866643000.0,932191000.0,0.226,932191000.0,866643000.0,833620000.0,5.57,5.49,5.57,1878371000,1615045500.0,1878371000,9198572456,11.0,9.868,457330000.0,4.347,1.0,1406605000.0,0.342,796940000,33023000.0,2827300000,1903542000.0,1240189000,134814000,0,134814000,3051987000,1770092000,1281895000,8734598456,-305550000.0,-1181774000.0,0.0,375770000.0,-72955000.0,372827000.0,-1276786000.0,0.0,554250000.0,44159000.0,583647000.0,583647000.0,583647000.0,-1300000.0,0.0,0.142,560894000.0,845711000.0,357620000,0.126,4.65,14.966,14.921,504384000,0.0,83.11,2.121,2.123,852376000,,4117501000.0,4117501000.0,0.0,0.152,0.361,0.455,0.21,-12391000.0,565074000.0,1.0,105096841,105204000,106735000.0,39.138,4133418000,141551000,249973000.0,0,39.29,1283670000
23,JOY,ART,2011-03-31,2011-06-06,2011-04-29,2019-10-15,0,3816376000,3435224750.0,2879851000,936525000,1.115,16.394,-94030000.0,1071141000,1071141000,2531487000.0,529045000.0,2.302,1.216,401227000,4879000,396348000,401227000,619798000,62068000.0,0,0.008,0.7,801702000.0,863770000.0,0.225,863770000.0,801702000.0,770702000.0,5.08,5.0,5.08,1722119000,1425683000.0,1722119000,8787849873,11.0,10.174,571281000.0,5.438,1.0,1299664000.0,0.339,302136000,31000000.0,1593305000,1644447000.0,936820000,0,0,0,2094257000,1251021000,843236000,9457763873,488108000.0,0.0,0.0,-134505000.0,-72628000.0,-128381000.0,-94137000.0,0.0,665311000.0,45315000.0,529045000.0,529045000.0,529045000.0,0.0,0.0,0.138,517664000.0,782000000.0,321624000,0.138,5.492,17.877,17.724,412919000,0.0,90.04,2.469,2.469,745413000,,3831151000.0,3831151000.0,0.0,0.154,0.371,0.488,0.209,-11867000.0,518011000.0,1.0,105039581,105048000,106646000.0,36.47,3514240000,136694000,241657000.0,0,33.454,1628830000
24,JOY,ART,2010-12-31,2011-03-04,2011-01-28,2019-10-15,0,3355877000,3246630500.0,2442748000,913129000,1.129,14.442,-87377000.0,819546000,819546000,2432401000.0,487514000.0,2.494,1.231,400994000,4711000,396283000,400994000,454906000,61737000.0,0,0.007,0.7,745822000.0,807559000.0,0.22,807559000.0,745822000.0,715487000.0,4.71,4.63,4.71,1504298000,1247712250.0,1504298000,9704914853,13.0,12.018,429596000.0,4.124,1.0,1232245000.0,0.336,302717000,30335000.0,1655068000,1715226000.0,836972000,0,0,0,1851579000,979540000,872039000,10123466853,314496000.0,0.0,0.0,-139571000.0,-72291000.0,-139511000.0,-87541000.0,0.0,516973000.0,24575000.0,487514000.0,487514000.0,487514000.0,0.0,0.0,0.133,504312000.0,727933000.0,257036000,0.149,6.73,20.765,20.512,394754000,0.0,96.61,2.762,2.746,670473000,,3664646000.0,3664646000.0,0.0,0.15,0.391,0.435,0.204,-11085000.0,502751000.0,1.0,104786946,104158000,106043000.0,35.184,3053160000,138700000,227973000.0,0,29.313,1463208000
25,JOY,ART,2010-09-30,2010-12-20,2010-10-29,2019-10-15,-379642000,3284041000,3150135000.0,2361927000,922114000,1.119,13.134,-73056000.0,815581000,815581000,2350708000.0,461499000.0,2.308,1.423,397876000,1550000,396326000,397876000,376300000,59749000.0,0,0.008,0.7,708988000.0,768737000.0,0.218,768737000.0,708988000.0,679024000.0,4.47,4.4,4.47,1355394000,1092399500.0,1355394000,8558935450,12.0,11.134,510433000.0,4.946,1.0,1173626000.0,0.333,304517000,29964000.0,1538495000,1769323500.0,764945000,0,0,0,1928647000,1023324000,905323000,8976640450,343896000.0,0.0,0.0,-146176000.0,-72088000.0,-185056000.0,-74915000.0,0.0,583489000.0,20378000.0,461499000.0,461499000.0,461499000.0,0.0,0.0,0.131,481946000.0,691680000.0,291742000,0.157,6.623,19.451,19.38,378024000,0.0,86.63,2.547,2.537,674135000,1722087000.0,3524334000.0,3524334000.0,0.0,0.147,0.422,0.401,0.201,0.0,480636000.0,1.0,103620460,103196000,104905000.0,34.152,2979524000,162682000,217525000.0,0,28.872,1338603000
26,JOY,ART,2010-06-30,2010-09-03,2010-07-30,2019-10-15,0,3284605000,3081194500.0,2251687000,1032918000,1.116,10.848,-77572000.0,748642000,748642000,2304974000.0,439186000.0,2.328,1.93,530852000,19465000,511387000,530852000,351618000,62223000.0,0,0.011,0.7,671249000.0,733472000.0,0.213,733472000.0,671249000.0,641286000.0,4.27,4.21,4.27,1120921000,956985750.0,1120921000,6286605348,9.0,8.571,533934000.0,5.167,1.0,1134000000.0,0.33,308631000,29963000.0,1790920000,1844380250.0,777038000,0,0,0,2163684000,967264000,1196420000,6504395348,482073000.0,0.0,-1163000.0,-17555000.0,-71909000.0,-63207000.0,-80606000.0,0.0,611506000.0,14380000.0,439186000.0,439186000.0,439186000.0,0.0,0.0,0.128,478561000.0,655439000.0,256703000,0.164,5.803,14.81,14.749,359815000,0.0,62.98,1.891,1.892,606511000,,3438974000.0,3438974000.0,0.0,0.143,0.459,0.364,0.195,-4726000.0,484192000.0,1.0,103277157,103333000,104964000.0,33.281,2975974000,297643000,202100000.0,0,28.8,1284423000
27,JOY,ART,2010-03-31,2010-06-08,2010-04-30,2019-10-15,0,3061999000,2969074000.0,2022319000,1039680000,1.194,9.793,-75814000.0,583033000,583033000,2396726000.0,445027000.0,2.446,2.031,535334000,19539000,515795000,535334000,278219000,59914000.0,0,0.014,0.7,692080000.0,751994000.0,0.212,751994000.0,692080000.0,661963000.0,4.33,4.29,4.33,1010236000,897903250.0,1010236000,5150558414,7.0,6.849,517308000.0,5.015,1.0,1148636000.0,0.324,311056000,30117000.0,1876421000,1850087500.0,723127000,0,0,0,2051763000,826823000,1224940000,5198257414,401823000.0,0.0,-121000.0,-94376000.0,-71759000.0,-140365000.0,-79057000.0,0.0,593122000.0,28123000.0,445027000.0,445027000.0,445027000.0,0.0,0.0,0.126,470698000.0,677938000.0,217963000,0.162,5.146,11.681,11.636,353668000,0.0,50.383,1.466,1.466,594864000,,3545362000.0,3545362000.0,0.0,0.15,0.496,0.374,0.195,-5013000.0,476092000.0,1.0,103175853,103160000,104850000.0,34.368,2750943000,310512000,216936000.0,0,26.667,1195496000
28,JOY,ART,2009-12-31,2010-03-05,2010-01-29,2019-10-15,0,2969895000,2906146500.0,1932957000,1036938000,1.229,8.593,-83638000.0,505050000,505050000,2434161000.0,445127000.0,2.355,2.363,540176000,19686000,520490000,540176000,336894000,57934000.0,0,0.013,0.7,698600000.0,756534000.0,0.212,756534000.0,698600000.0,667564000.0,4.34,4.31,4.34,883047000,824031250.0,883047000,5784174875,8.0,7.646,463677000.0,4.512,1.0,1138477000.0,0.319,312636000,31036000.0,1871458000,1850027000.0,763575000,0,0,0,2086848000,820927000,1265921000,5749048875,341043000.0,-114000.0,0.0,-98759000.0,-71630000.0,-152491000.0,-85873000.0,0.0,547315000.0,32092000.0,445127000.0,445127000.0,445127000.0,0.0,0.0,0.125,452734000.0,685743000.0,178468000,0.161,6.51,12.916,12.869,345994000,0.0,55.85,1.609,1.606,544213000,,3572638000.0,3572638000.0,0.0,0.153,0.54,0.378,0.196,-3175000.0,457707000.0,1.0,102937312,102759000,104383000.0,34.767,2657259000,316044000,222437000.0,0,25.859,1112030000
29,JOY,ART,2009-09-30,2009-12-22,2009-10-30,2019-10-15,-472224000,3008279000,2845345750.0,1950027000,1058252000,1.265,7.943,-92349000.0,471685000,471685000,2445514000.0,454650000.0,2.104,2.697,543681000,19791000,523890000,543681000,321629000,58570000.0,0,0.013,0.7,714857000.0,773427000.0,0.215,773427000.0,714857000.0,682640000.0,4.44,4.41,4.44,813739000,745894500.0,813739000,5627252366,8.0,7.276,359612000.0,3.51,1.0,1152800000.0,0.32,314769000,32217000.0,1838722000,1825137250.0,769783000,0,0,0,2194540000,926784000,1267756000,5555256366,270110000.0,-11184000.0,-13706000.0,-26212000.0,-71596000.0,-107561000.0,-104014000.0,0.0,451961000.0,29724000.0,454650000.0,454650000.0,454650000.0,0.0,0.0,0.126,449462000.0,703338000.0,206770000,0.158,6.827,12.219,12.205,347058000,0.0,54.19,1.544,1.543,580629000,1333254000.0,3598314000.0,3598314000.0,0.0,0.16,0.61,0.392,0.199,0.0,454522000.0,1.0,102514419,102450000,103104000.0,35.123,2693510000,332474000,227990000.0,0,26.291,1023243000
30,JOY,ART,2009-06-30,2009-09-09,2009-07-31,2019-10-15,0,2836123000,2754354250.0,1905286000,930837000,1.331,8.634,-91806000.0,266569000,266569000,2515761000.0,448664000.0,1.927,2.206,547989000,19645000,528344000,547989000,440893000,57388000.0,0,0.018,0.7,717912000.0,775300000.0,0.211,775300000.0,717912000.0,683314000.0,4.34,4.31,4.34,884591000,675578250.0,884591000,4363032932,6.0,5.628,364396000.0,3.557,1.0,1150728000.0,0.314,315087000,34598000.0,1813749000,1752903500.0,891210000,0,0,0,1951532000,988707000,962825000,4081612932,-40316000.0,-21382000.0,-278741000.0,-17884000.0,-72544000.0,-368459000.0,-103608000.0,0.0,456202000.0,-24451000.0,448664000.0,448664000.0,448664000.0,0.0,0.0,0.122,443718000.0,707010000.0,224508000,0.161,4.614,9.097,9.191,330878000,0.0,39.89,1.113,1.115,611803000,,3666489000.0,3666489000.0,0.0,0.163,0.664,0.41,0.196,-710000.0,443427000.0,1.0,102321708,102452000,103157000.0,35.787,2521036000,216975000,234650000.0,0,24.607,916579000
31,JOY,ART,2009-03-31,2009-06-04,2009-05-01,2019-10-15,0,2810289000,2751402750.0,1896773000,913516000,1.313,6.98,-92201000.0,181210000,181210000,2521590000.0,437399000.0,1.778,2.932,629971000,27285000,602686000,629971000,510400000,63509000.0,0,0.018,0.7,658476000.0,721985000.0,0.2,721985000.0,658476000.0,622898000.0,4.17,4.13,4.17,714748000,679719750.0,714748000,4370484399,7.0,6.053,319400000.0,3.119,1.0,1092278000.0,0.302,315888000,35578000.0,1876179000,1730371250.0,965337000,0,0,0,2095541000,1066983000,1028558000,3921723399,-52124000.0,-21387000.0,-298786000.0,41258000.0,-70899000.0,-325405000.0,-102179000.0,0.0,411601000.0,-36141000.0,437399000.0,437399000.0,437399000.0,0.0,0.0,0.121,446564000.0,645714000.0,240751000,0.168,5.487,8.966,9.199,312508000,0.0,38.36,1.085,1.087,623669000,,3613868000.0,3613868000.0,0.0,0.159,0.643,0.381,0.182,-3022000.0,446753000.0,1.0,102234708,102394000,102877000.0,35.294,2494401000,240073000,185499000.0,0,24.361,829790000
32,JOY,ART,2008-12-31,2009-03-09,2009-01-30,2019-10-15,0,2726692000,2732376250.0,1827066000,899626000,1.293,5.568,-89063000.0,164007000,164007000,2514290000.0,388966000.0,1.65,3.779,638126000,25733000,612393000,638126000,548327000,73711000.0,0,0.037,0.675,586104000.0,659815000.0,0.187,659815000.0,586104000.0,550040000.0,3.66,3.62,3.66,570500000,708509500.0,570500000,2319023453,4.0,3.515,366594000.0,3.578,1.0,1019211000.0,0.288,321309000,36064000.0,1771899000,1701302500.0,936637000,0,0,0,2156192000,1107603000,1048589000,1844904453,-62937000.0,-276512000.0,-294941000.0,234696000.0,-69199000.0,-120850000.0,-356810000.0,0.0,455657000.0,-40934000.0,388966000.0,388966000.0,388966000.0,0.0,0.0,0.11,447334000.0,571877000.0,254063000,0.184,3.234,4.743,4.932,297336000,0.0,18.05,0.522,0.523,601608000,,3533501000.0,3533501000.0,0.0,0.142,0.549,0.345,0.166,-10089000.0,446821000.0,1.0,102210773,102454000,102949000.0,34.489,2405383000,239494000,161074000.0,0,23.478,719463000
33,JOY,ART,2008-09-30,2008-12-19,2008-10-31,2019-10-15,-345920000,2644313000,2609764500.0,1738129000,906184000,1.31,4.955,-82021000.0,201575000,201575000,2428929000.0,374278000.0,1.524,3.966,567427000,26460000,540967000,567427000,491675000,71423000.0,0,0.027,0.65,562465000.0,633888000.0,0.185,633888000.0,562465000.0,528228000.0,3.48,3.45,3.48,532474000,754415250.0,532474000,2792832406,5.0,4.406,495264000.0,4.608,1.0,990005000.0,0.29,320027000,34237000.0,1549787000,1634842750.0,805244000,0,0,0,2111839000,1140351000,971488000,2426980406,28327000.0,-255574000.0,-289376000.0,165643000.0,-67426000.0,-180643000.0,-328665000.0,0.0,577285000.0,-39650000.0,374278000.0,374278000.0,374278000.0,-1141000.0,0.0,0.109,443946000.0,546059000.0,291779000,0.187,4.558,6.484,6.828,289001000,0.0,23.76,0.71,0.747,632194000,950697000.0,3418934000.0,3418934000.0,0.0,0.143,0.496,0.344,0.165,-12011000.0,441527000.0,1.0,102145640,107472000,108425000.0,31.812,2324286000,255313000,153950000.0,0,21.627,597778000
34,JOY,ART,2008-06-30,2008-09-05,2008-08-01,2019-10-15,0,2824317000,2482412000.0,1924403000,899914000,1.258,8.306,-64274000.0,306885000,306885000,2197284000.0,325878000.0,1.868,2.134,564577000,18483000,546094000,564577000,465985000,66761000.0,0,0.012,0.625,517745000.0,584506000.0,0.187,584506000.0,517745000.0,486253000.0,3.02,2.98,3.02,901157000,802295250.0,901157000,5802024983,11.0,9.926,441853000.0,4.073,1.0,925856000.0,0.296,328419000,31492000.0,1723620000,1628620250.0,892613000,0,0,0,1923160000,1029970000,893190000,5544332983,188277000.0,-247961000.0,-66153000.0,112191000.0,-64745000.0,-8056000.0,-311622000.0,0.0,506127000.0,1828000.0,325878000.0,325878000.0,325878000.0,-1141000.0,0.0,0.104,425654000.0,500202000.0,268377000,0.207,6.152,17.014,17.033,293742000,0.0,51.44,1.775,1.787,601918000,,3123140000.0,3123140000.0,0.0,0.131,0.406,0.318,0.166,-12146000.0,421743000.0,1.0,107782523,108495000,109446000.0,28.786,2495898000,234124000,160375000.0,0,23.005,894433000
35,JOY,ART,2008-03-31,2008-05-30,2008-05-02,2019-10-15,0,2734183000,2301814250.0,1838230000,895953000,1.234,7.666,-64295000.0,233334000,233334000,1964382000.0,285700000.0,1.851,2.295,586669000,19357000,567312000,586669000,472313000,60476000.0,0,0.007,0.6,491880000.0,552356000.0,0.194,552356000.0,491880000.0,460851000.0,2.65,2.61,2.65,829907000,745170000.0,829907000,9471691385,19.0,17.148,450070000.0,4.157,1.0,876774000.0,0.309,334705000,31029000.0,1759904000,1628622250.0,859092000,0,0,0,1904276000,992909000,911367000,9118356385,141690000.0,-247956000.0,-64893000.0,57563000.0,-64790000.0,-60990000.0,-313287000.0,0.0,514365000.0,1602000.0,285700000.0,285700000.0,285700000.0,-1141000.0,0.0,0.101,399925000.0,476849000.0,253963000,0.226,10.987,31.916,31.785,284993000,0.0,84.23,3.209,3.209,652861000,,2841156000.0,2841156000.0,0.0,0.124,0.383,0.302,0.173,-12625000.0,397164000.0,1.0,108255448,108255000,109268000.0,26.245,2399478000,236091000,175151000.0,0,22.165,845321000
36,JOY,ART,2007-12-31,2008-03-07,2008-02-01,2019-10-15,0,2236245000,2126752000.0,1651404000,584841000,1.235,6.994,-53042000.0,226944000,226944000,1763465000.0,291171000.0,2.011,1.965,396366000,224000,396142000,396366000,427133000,48814000.0,0,0.009,0.6,497460000.0,546274000.0,0.208,546274000.0,497460000.0,465847000.0,2.69,2.65,2.69,754123000,691299000.0,754123000,7347257704,15.0,13.45,433749000.0,4.023,1.0,863720000.0,0.329,78576000,31613000.0,1506060000,1647282000.0,800440000,0,0,0,1482122000,821031000,661091000,7177835704,156845000.0,5233000.0,-139746000.0,-86732000.0,-64968000.0,-283943000.0,-47295000.0,0.0,486791000.0,1292000.0,291171000.0,291171000.0,291171000.0,-1141000.0,0.0,0.111,379387000.0,484333000.0,183213000,0.223,9.518,24.652,24.721,237619000,0.0,66.5,2.732,2.729,552601000,,2627185000.0,2627185000.0,0.0,0.137,0.421,0.302,0.189,-7503000.0,378224000.0,1.0,107937379,107827000,108975000.0,24.365,2157669000,236244000,174676000.0,0,20.01,830373000
37,JOY,ART,2007-09-30,2007-12-21,2007-10-26,2019-10-15,-113647000,2134903000,2059875750.0,1537795000,597108000,1.237,6.561,-49434000.0,173248000,173248000,1720634000.0,279784000.0,2.041,1.949,396497000,240000,396257000,396497000,324102000,48806000.0,0,0.009,0.6,480968000.0,529774000.0,0.208,529774000.0,480968000.0,449059000.0,2.54,2.51,2.54,723994000,658010250.0,723994000,7285913984,15.0,13.753,332560000.0,3.014,1.0,826688000.0,0.325,79716000,31909000.0,1524897000,1715100750.0,727360000,0,0,0,1410909000,753539000,657370000,7062664984,71994000.0,-13186000.0,-487737000.0,292644000.0,-66158000.0,-255125000.0,-62321000.0,0.0,381994000.0,7446000.0,279784000.0,279784000.0,279784000.0,0.0,0.0,0.11,357810000.0,468878000.0,199198000,0.236,9.755,25.243,25.866,234029000,0.0,65.7,2.773,2.846,560242000,644414000.0,2547322000.0,2547322000.0,0.0,0.136,0.425,0.28,0.189,-7102000.0,358538000.0,1.0,107498706,110354000,111630000.0,23.083,2055187000,248139000,169275000.0,0,18.624,784256000
38,JOY,ART,2007-06-30,2007-08-30,2007-07-27,2019-10-15,0,2101926000,2014651250.0,1401982000,699944000,1.241,6.163,-54851000.0,118608000,118608000,1703891000.0,295380000.0,2.198,2.125,446412000,214000,446198000,446412000,295487000,49768000.0,0,0.013,0.563,469056000.0,518824000.0,0.207,518824000.0,469056000.0,436056000.0,2.62,2.58,2.62,672656000,706919000.0,672656000,5006241265,11.0,9.649,339886000.0,3.114,1.0,796833000.0,0.319,68361000,33000000.0,1723628000,1653858250.0,747502000,0,0,0,1429270000,637741000,791529000,4678437265,16458000.0,-127978000.0,-506069000.0,367602000.0,-63283000.0,-195449000.0,-183811000.0,0.0,394737000.0,981000.0,295380000.0,295380000.0,295380000.0,0.0,0.0,0.118,348722000.0,448111000.0,169017000,0.215,6.955,15.839,16.527,233764000,0.0,43.3,1.871,1.89,466422000,,2500724000.0,2500724000.0,0.0,0.147,0.418,0.284,0.188,-7277000.0,346846000.0,1.0,108047050,109137000,110462000.0,22.914,2033565000,280863000,140676000.0,0,18.633,764241000
39,JOY,ART,2007-03-31,2007-05-31,2007-04-27,2019-10-15,0,2033934000,1958316000.0,1340776000,693158000,1.265,5.615,-43330000.0,91644000,91644000,1688823000.0,411044000.0,2.394,2.31,523117000,2056000,521061000,523117000,197983000,46397000.0,0,0.009,0.525,469296000.0,515693000.0,0.208,515693000.0,469296000.0,444795000.0,3.5,3.45,3.5,614423000,757543250.0,614423000,6582368369,14.0,12.764,270582000.0,2.473,1.0,788826000.0,0.318,70888000,24501000.0,1834543000,1548278500.0,740603000,0,0,0,1419511000,559976000,859535000,6150895369,-83594000.0,-127978000.0,-684692000.0,519656000.0,-60556000.0,-222305000.0,-171481000.0,0.0,313912000.0,-3720000.0,411044000.0,411044000.0,411044000.0,0.0,0.0,0.166,339287000.0,449539000.0,183870000,0.15,10.011,14.964,16.18,214422000,0.0,56.63,2.483,2.501,442372000,,2477649000.0,2477649000.0,0.0,0.21,0.543,0.303,0.189,-4263000.0,338299000.0,1.0,108615493,109420000,110719000.0,22.643,1963046000,296480000,33751000.0,0,17.94,780800000
40,JOY,ART,2006-12-31,2007-03-01,2007-01-26,2019-10-15,0,1968740000,1882524000.0,1250052000,718688000,1.28,5.415,-37977000.0,70099000,70099000,1644591000.0,416342000.0,2.354,2.17,483148000,4068000,479080000,483148000,194708000,43904000.0,0,0.015,0.638,462242000.0,506146000.0,0.21,506146000.0,462242000.0,448268000.0,3.46,3.41,3.46,620968000,810834250.0,620968000,5181583146,11.0,10.237,254250000.0,2.217,1.0,764244000.0,0.317,73476000,13974000.0,1777335000,1346873000.0,685617000,0,0,0,1347772000,530978000,816794000,4768534146,-80272000.0,-126428000.0,-635175000.0,480142000.0,-58030000.0,-202724000.0,-165200000.0,0.0,292227000.0,-4575000.0,416342000.0,416342000.0,416342000.0,0.0,0.0,0.173,320583000.0,443661000.0,161604000,0.184,7.679,11.453,12.595,211304000,0.0,43.58,1.98,2.075,434293000,,2408835000.0,2408835000.0,0.0,0.221,0.513,0.343,0.192,-11315000.0,327361000.0,1.0,109420242,114679000,116049000.0,21.005,1895264000,316995000,31926000.0,0,16.527,719074000
41,JOY,ART,2006-09-30,2006-12-21,2006-10-28,2019-10-15,-187307000,1954005000,1797416750.0,1227875000,726130000,1.336,7.558,-37984000.0,101254000,101254000,1646591000.0,416421000.0,2.047,1.125,103311000,5166000,98145000,103311000,186581000,41256000.0,0,0.01,0.487,457588000.0,498844000.0,0.208,498844000.0,457588000.0,451922000.0,3.42,3.38,3.42,919629000,844672000.0,919629000,5430089110,12.0,10.885,292381000.0,2.403,1.0,755119000.0,0.314,76154000,5666000.0,1279927000,1147620750.0,639934000,0,0,0,1034376000,599981000,434395000,5428032110,-42663000.0,-117377000.0,-281413000.0,100692000.0,-54426000.0,-214415000.0,-154752000.0,0.0,330365000.0,-3861000.0,416421000.0,416421000.0,416421000.0,0.0,0.0,0.173,315009000.0,440110000.0,200121000,0.142,5.902,13.035,14.026,205011000,0.0,47.97,2.26,2.43,431430000,431310000.0,2401710000.0,2401710000.0,0.0,0.232,0.493,0.399,0.191,-20732000.0,321831000.0,1.0,113154724,121682000,123276000.0,19.738,1877851000,335690000,35501000.0,0,15.432,627894000
42,JOY,ART,2006-06-30,2006-09-05,2006-07-29,2019-10-15,0,1876585000,1721047500.0,1191873000,684712000,1.308,7.211,-36247000.0,102150000,102150000,1549737000.0,387446000.0,2.187,1.144,77989000,693000,77296000,77989000,183608000,39237000.0,0,0.007,0.338,408339000.0,447576000.0,0.199,447576000.0,408339000.0,405603000.0,3.17,3.123,3.17,875153000,781671250.0,875153000,5453831902,13.0,12.185,228762000.0,1.885,1.0,701925000.0,0.312,6243000,2736000.0,1301309000,1052951500.0,623080000,0,0,0,1001432000,544872000,456560000,5477992902,32255000.0,0.0,-217271000.0,50106000.0,-50260000.0,-198496000.0,-33929000.0,0.0,265009000.0,-329000.0,387446000.0,387446000.0,387446000.0,-1128000.0,0.0,0.172,302130000.0,399795000.0,156619000,0.107,6.259,14.139,14.562,199250000,0.0,46.16,2.433,2.488,417542000,,2251662000.0,2251662000.0,0.0,0.225,0.496,0.388,0.181,-20432000.0,311080000.0,1.0,118674023,121366000,122912000.0,18.553,1870342000,375764000,18157000.0,0,15.411,647001000
43,JOY,ART,2006-03-31,2006-05-30,2006-04-29,2019-10-15,0,1730766000,1608848000.0,1197861000,532905000,1.352,6.69,-39526000.0,175238000,175238000,1515250000.0,229663000.0,2.29,1.091,3027000,897000,2130000,3027000,163712000,40505000.0,0,0.007,0.375,346729000.0,387234000.0,0.178,387234000.0,346729000.0,341995000.0,1.873,1.84,1.873,827587000,694829750.0,827587000,6277699993,18.0,16.212,195535000.0,1.581,1.0,660298000.0,0.304,6625000,4734000.0,1028921000,934473000.0,610992000,0,0,0,903179000,523009000,380170000,6449910993,-33076000.0,0.0,-15090000.0,-189072000.0,-45758000.0,-231600000.0,-36569000.0,0.0,235061000.0,32000.0,229663000.0,229663000.0,229663000.0,-1128000.0,0.0,0.106,297908000.0,362390000.0,155555000,0.2,7.794,28.084,27.859,202704000,0.0,52.18,2.965,2.967,363145000,,2175548000.0,2175548000.0,0.0,0.143,0.331,0.371,0.159,-19935000.0,306088000.0,1.0,123608873,123710000,125426000.0,17.586,1724141000,217172000,112332000.0,0,13.937,674852000
44,JOY,ART,2005-12-31,2006-03-03,2006-01-28,2019-10-15,0,1628311000,1566850500.0,1096906000,531405000,1.338,6.181,-42188000.0,150371000,150371000,1482226000.0,185609000.0,2.221,1.153,2734000,914000,1820000,2734000,172955000,40988000.0,0,0.006,0.338,295866000.0,336854000.0,0.161,336854000.0,295866000.0,286291000.0,1.523,1.493,1.523,756319000,616827000.0,756319000,6868762837,23.0,20.391,190719000.0,1.559,1.0,614899000.0,0.293,6547000,9575000.0,980326000,919948500.0,555580000,0,0,0,871992000,493801000,378191000,7016399837,-39369000.0,500000.0,8349000.0,-210016000.0,-41436000.0,-233780000.0,-37780000.0,0.0,232907000.0,-716000.0,185609000.0,185609000.0,185609000.0,-1128000.0,0.0,0.089,300728000.0,314171000.0,134148000,0.222,9.277,37.802,37.439,202589000,0.0,57.02,3.346,3.327,341246000,,2097125000.0,2097125000.0,0.0,0.118,0.301,0.322,0.141,-10938000.0,302943000.0,1.0,123051558,122354000,124060000.0,17.14,1621764000,220248000,100682000.0,0,13.255,603105000
45,JOY,ART,2005-09-30,2005-12-23,2005-10-29,2019-10-15,-228841000,1648528000,1522735250.0,1116683000,531845000,1.266,5.512,-37059000.0,143917000,143917000,1365496000.0,148049000.0,1.863,1.469,2667000,964000,1703000,2667000,187710000,41885000.0,0,0.008,0.338,243772000.0,285657000.0,0.148,285657000.0,243772000.0,228581000.0,1.22,1.2,1.22,667626000,548652500.0,667626000,4719643280,19.0,16.522,164238000.0,1.356,1.0,561978000.0,0.292,6515000,15191000.0,901250000,921658250.0,548195000,0,0,0,980902000,599513000,381389000,4860893280,-87789000.0,0.0,11984000.0,-227635000.0,-33580000.0,-250846000.0,-35703000.0,0.0,201297000.0,-2537000.0,148049000.0,148049000.0,148049000.0,-1128000.0,0.0,0.077,295943000.0,266035000.0,160627000,0.277,7.281,32.833,32.787,199180000,0.0,40.0,2.522,2.514,351501000,69766000.0,1927474000.0,1927474000.0,0.0,0.097,0.27,0.264,0.126,0.0,297904000.0,1.0,121522332,121121000,123443000.0,15.914,1642013000,225138000,80532000.0,0,13.557,517170000
46,JOY,ART,2005-06-30,2005-08-30,2005-07-30,2019-10-15,0,1427787000,1470693000.0,979593000,448194000,1.236,4.348,-32580000.0,69895000,69895000,1296375000.0,111078000.0,1.893,1.705,27938000,673000,27265000,27938000,164448000,42652000.0,0,0.008,0.233,210749000.0,253401000.0,0.139,253401000.0,210749000.0,191953000.0,0.92,0.896,0.92,527787000,494758000.0,527787000,3603455830,17.0,14.22,110707000.0,0.912,1.0,520715000.0,0.287,40880000,18796000.0,827395000,931987500.0,538883000,0,0,0,900000000,517555000,382445000,3645412830,-99981000.0,0.0,20509000.0,-203506000.0,-28327000.0,-211436000.0,-31740000.0,0.0,143287000.0,-92000.0,111078000.0,111078000.0,111078000.0,0.0,0.0,0.061,288562000.0,232153000.0,146294000,0.253,6.907,32.818,32.609,199908000,0.0,30.0,2.006,2.004,313997000,,1817090000.0,1817090000.0,0.0,0.076,0.225,0.226,0.116,0.0,296230000.0,1.0,121513761,121393500,123441000.0,14.969,1386907000,103087000,80875000.0,9499000,11.425,462038000
47,JOY,ART,2005-03-31,2005-06-03,2005-04-30,2019-10-15,0,1562776000,1454897250.0,1115655000,447121000,1.152,4.264,-27803000.0,208314000,208314000,1203097000.0,96551000.0,2.164,2.031,171840000,2091000,169749000,171840000,148506000,66645000.0,0,0.008,0.192,191452000.0,258097000.0,0.154,258097000.0,191452000.0,169251000.0,0.804,0.782,0.804,515576000,472367500.0,515576000,2821293775,15.0,10.931,51086000.0,0.422,1.0,473317000.0,0.282,39928000,22201000.0,970823000,954237500.0,545988000,0,0,0,1047200000,515551000,531649000,2857767775,-343000.0,0.0,18218000.0,-48976000.0,-23082000.0,-53840000.0,-28126000.0,0.0,78889000.0,2734000.0,96551000.0,96551000.0,96551000.0,0.0,0.0,0.058,284666000.0,188651000.0,142013000,0.239,5.543,29.599,29.469,205789000,0.0,23.693,1.705,1.709,301742000,,1676414000.0,1676414000.0,0.0,0.066,0.204,0.201,0.114,0.0,291435000.0,1.0,120614847,120916500,123456000.0,13.864,1522848000,129279000,72700000.0,25341000,12.594,600104000
48,JOY,ART,2004-12-31,2005-02-28,2005-01-29,2019-10-15,0,1451850000,1410344000.0,1006049000,445801000,1.086,4.027,-23065000.0,189740000,189740000,1106932000.0,76568000.0,2.378,2.002,190346000,2094000,188252000,190346000,100512000,56640000.0,0,0.006,0.15,151496000.0,208136000.0,0.136,208136000.0,151496000.0,128468000.0,0.644,0.624,0.644,483621000,447439250.0,483621000,2868749276,19.0,13.783,35017000.0,0.292,1.0,425239000.0,0.278,42220000,23028000.0,987165000,945297000.0,507765000,0,0,0,968229000,423071000,545158000,2868143276,27939000.0,0.0,21191000.0,-19849000.0,-17388000.0,-16046000.0,-19613000.0,0.0,58082000.0,5516000.0,76568000.0,76568000.0,76568000.0,0.0,0.0,0.05,279188000.0,146051000.0,127754000,0.233,5.931,37.459,38.043,204326000,0.0,24.5,1.872,1.92,244070000,,1532171000.0,1532171000.0,0.0,0.054,0.171,0.16,0.099,0.0,285950000.0,1.0,117067073,120093000,123201000.0,12.758,1409630000,129279000,51900000.0,14616000,11.738,582978000
49,JOY,ART,2004-09-30,2004-12-22,2004-10-30,2019-10-15,-197033000,1440359000,1375250250.0,992052000,448307000,1.041,3.855,-16388000.0,231706000,231706000,1049954000.0,55322000.0,2.297,2.186,205979000,3110000,202869000,205979000,87507000,46177000.0,0,0.009,0.172,118856000.0,165033000.0,0.115,165033000.0,118856000.0,94572000.0,0.471,0.458,0.471,452048000,428080250.0,452048000,2154842337,18.0,13.057,45873000.0,0.391,1.0,382213000.0,0.267,40213000,24284000.0,942567000,941459000.0,443810000,0,0,0,988311000,431852000,556459000,2180569337,83201000.0,0.0,44716000.0,-2090000.0,-14026000.0,27600000.0,-11137000.0,0.0,62261000.0,4477000.0,55322000.0,55322000.0,55322000.0,0.0,0.0,0.039,271195000.0,111018000.0,139178000,0.365,4.824,39.416,39.547,207974000,0.0,18.627,1.523,1.525,259897000,-45042000.0,1432167000.0,1432167000.0,0.0,0.04,0.129,0.126,0.083,0.0,277412000.0,1.0,117067073,117276750,120654000.0,12.212,1400146000,129424000,39250000.0,4910000,11.939,560200000
50,JOY,ART,2004-06-30,2004-08-27,2004-07-31,2019-10-15,0,1364604000,1336842750.0,867781000,496823000,1.033,3.717,-18282000.0,169876000,169876000,1027585000.0,51138000.0,2.108,2.114,206898000,4297000,202601000,206898000,0,87500000.0,0,0.007,0.089,94580000.0,182080000.0,0.132,182080000.0,94580000.0,69388000.0,0.44,0.431,0.44,438225000,407636500.0,438225000,1579095084,17.0,8.673,39959000.0,0.339,1.0,353529000.0,0.256,73573000,25192000.0,916395000,941439250.0,426005000,0,0,0,926379000,411658000,514721000,1542073084,79440000.0,0.0,35239000.0,-856000.0,-10147000.0,23236000.0,-9796000.0,0.0,58241000.0,7759000.0,51138000.0,51138000.0,51138000.0,0.0,0.0,0.037,267016000.0,86513000.0,105842000,0.202,3.519,30.155,30.293,208954000,0.0,13.329,1.117,1.138,227726000,,1381114000.0,1381114000.0,0.0,0.038,0.125,0.1,0.068,0.0,268786000.0,1.0,115694046,117900000,121356000.0,11.714,1291031000,147233000,18250000.0,29874000,10.95,456123000
51,JOY,ART,2004-03-31,2004-06-01,2004-05-01,2019-10-15,0,1384563000,1313768500.0,884528000,500035000,0.989,3.542,-21399000.0,208657000,208657000,970332000.0,41424000.0,2.314,2.329,215613000,13177000,202436000,215613000,0,52542000.0,0,0.005,0.056,79084000.0,131626000.0,0.101,131626000.0,79084000.0,53524000.0,0.36,0.356,0.36,415863000,391727000.0,415863000,1405986145,18.0,10.682,68661000.0,0.585,1.0,328953000.0,0.253,74270000,25560000.0,935061000,927740500.0,420483000,0,0,0,968700000,382188000,586512000,1399030145,105183000.0,0.0,31749000.0,-4260000.0,-6316000.0,20173000.0,-12992000.0,0.0,90060000.0,7942000.0,41424000.0,41424000.0,41424000.0,0.0,0.0,0.032,257675000.0,71278000.0,99776000,0.156,3.364,33.773,33.815,212717000,0.0,12.173,1.077,1.1,209541000,,1299285000.0,1299285000.0,0.0,0.032,0.106,0.085,0.061,0.0,257987000.0,1.0,114925806,117402750,120915000.0,11.067,1310293000,145652000,12100000.0,20744000,11.161,502340000
52,JOY,ART,2003-12-31,2004-02-27,2004-01-31,2019-10-15,0,1311475000,1293304000.0,807055000,504420000,0.975,3.543,-23098000.0,161801000,161801000,950719000.0,24981000.0,2.614,2.229,207591000,4930000,202661000,207591000,0,52542000.0,0,0.002,0.022,65291000.0,117833000.0,0.093,117833000.0,65291000.0,38531000.0,0.222,0.222,0.222,406185000,379039750.0,406185000,1448537251,22.0,12.293,51838000.0,0.452,1.0,309772000.0,0.246,76729000,26760000.0,971813000,901567750.0,399361000,0,0,0,905290000,308723000,596567000,1402747251,63316000.0,-12316000.0,26707000.0,-11738000.0,-2491000.0,11478000.0,-32095000.0,0.0,74936000.0,8997000.0,24981000.0,24981000.0,24981000.0,0.0,0.0,0.02,252287000.0,57485000.0,83897000,0.099,3.453,56.153,55.235,219888000,0.0,12.262,1.113,1.115,191898000,,1260491000.0,1260491000.0,0.0,0.019,0.066,0.072,0.052,0.0,248654000.0,1.0,114395843,114646500,117643500.0,10.995,1234746000,137775000,13550000.0,24149000,10.77,498332000
53,JOY,ART,2003-09-30,2003-12-23,2003-11-01,2019-10-15,-181560000,1286729000,1284243750.0,776567000,510162000,0.947,3.275,-24516000.0,148505000,148505000,922864000.0,18516000.0,2.384,2.475,207679000,4767000,202912000,207679000,36676000,52542000.0,0,0.0,0.0,54897000.0,107439000.0,0.088,107439000.0,54897000.0,27866000.0,0.164,0.164,0.164,370273000,366073250.0,370273000,1311756271,24.0,12.209,81129000.0,0.718,1.0,293102000.0,0.241,77709000,27031000.0,942488000,875742750.0,382929000,0,0,0,916456000,325706000,590750000,1252582271,77599000.0,-12316000.0,1917000.0,-11662000.0,0.0,-9995000.0,-30547000.0,0.0,105645000.0,12496000.0,18516000.0,18516000.0,18516000.0,0.0,0.0,0.015,246011000.0,47091000.0,89136000,0.0,3.383,67.649,69.079,226101000,0.0,11.329,1.03,1.053,193882000,-85999000.0,1215966000.0,1215966000.0,0.0,0.014,0.051,0.063,0.045,0.0,241507000.0,1.0,110565324,113044500,113798250.0,10.757,1209020000,136192000,9350000.0,26097000,10.695,450861000
54,JOY,ART,2003-06-30,2003-08-28,2003-08-02,2019-10-15,0,1272307000,1276896250.0,726846000,545461000,0.87,3.314,-21340000.0,90436000,90436000,846653000.0,9405000.0,2.097,2.397,207283000,4341000,202942000,207283000,57937000,13054000.0,0,0.0,0.0,38700000.0,51754000.0,0.047,51754000.0,38700000.0,15020000.0,0.129,0.129,0.129,374587000,361159000.0,374587000,903280533,23.0,17.453,87768000.0,0.777,1.0,264453000.0,0.238,180907000,23680000.0,861600000,864208500.0,432448000,0,0,0,897720000,346647000,551073000,786433533,38549000.0,-12316000.0,34000.0,-47035000.0,0.0,-47620000.0,-31114000.0,0.0,109108000.0,8175000.0,9405000.0,9405000.0,9405000.0,0.0,0.0,0.008,227483000.0,36970000.0,84346000,0.0,2.099,83.619,55.297,224993000,0.0,7.133,0.708,0.726,167190000,,1111106000.0,1111106000.0,0.0,0.007,0.026,0.045,0.035,0.0,225966000.0,1.0,110247692,113015250,113823000.0,9.831,1091400000,0,5615000.0,27151000,9.657,380199000
55,JOY,ART,2003-03-31,2003-06-02,2003-05-03,2019-10-15,0,1302705000,1282122500.0,755502000,547203000,0.868,3.231,-16321000.0,103474000,103474000,866315000.0,1598000.0,1.868,2.568,219932000,17066000,202866000,219932000,56001000,25759000.0,0,0.0,0.0,29532000.0,55291000.0,0.05,55291000.0,29532000.0,3603000.0,0.062,0.062,0.062,365114000,381444000.0,365114000,775457445,26.0,14.025,127703000.0,1.13,1.0,247004000.0,0.222,184401000,25929000.0,830370000,881557500.0,432209000,0,0,0,937591000,404392000,533199000,658999445,59421000.0,-12316000.0,0.0,-64639000.0,0.0,-66050000.0,-26731000.0,0.0,144024000.0,8178000.0,1598000.0,1598000.0,1598000.0,0.0,0.0,0.001,219883000.0,27121000.0,84140000,0.0,1.805,412.39,98.703,225420000,0.0,6.12,0.592,0.621,183687000,,1113319000.0,1113319000.0,0.0,0.001,0.004,0.033,0.027,0.0,218632000.0,1.0,107687468,113013000,113168250.0,9.851,1118304000,0,2005000.0,23520000,9.895,351110000
56,JOY,ART,2002-12-31,2003-02-28,2003-02-01,2019-10-15,0,1275234000,1286172000.0,728433000,546801000,0.858,3.135,-14695000.0,98485000,98485000,870045000.0,-4409000.0,2.154,2.599,218557000,3540000,215017000,218557000,0,38543000.0,0,0.0,0.0,25130000.0,63673000.0,0.058,63673000.0,25130000.0,-3894000.0,0.004,0.004,0.004,354319000,404069500.0,354319000,607776578,24.0,9.545,,,1.0,233592000.0,0.212,188543000,29024000.0,868513000,923405750.0,427309000,0,0,0,920915000,338250000,582665000,487704578,51618000.0,0.0,0.0,-94818000.0,0.0,-103238000.0,-3588000.0,0.0,,6674000.0,-4409000.0,-4409000.0,-4409000.0,0.0,0.0,-0.004,206191000.0,27401000.0,70150000,0.0,1.376,-110.616,1132.222,227267000,0.0,4.529,0.442,0.464,162879000,,1103637000.0,1103637000.0,0.0,-0.003,-0.011,0.027,0.023,,207435000.0,1.0,107687468,113013000,113013000.0,9.766,1086691000,0,515000.0,26103000,9.616,390183000
57,JOY,ART,2002-09-30,2002-12-23,2002-11-02,2019-10-15,-180467000,1257339000,1299974250.0,700107000,557232000,0.885,3.106,-15911000.0,71159000,71159000,954290000.0,-28017000.0,2.206,2.586,218117000,3032000,215085000,218117000,26244000,59137000.0,0,0.0,0.0,-11214000.0,47923000.0,0.042,47923000.0,-11214000.0,-42252000.0,-0.204,-0.204,-0.204,350616000,428155000.0,350616000,661965605,-59.0,13.813,111630000.0,0.989,1.0,196557000.0,0.171,190541000,31038000.0,896351000,962311250.0,418557000,0,0,0,906723000,317405000,589318000,515007605,31254000.0,0.0,0.0,-76565000.0,0.0,-85701000.0,-11645000.0,0.0,127541000.0,1059000.0,-28017000.0,-28017000.0,-28017000.0,0.0,0.0,-0.024,205591000.0,-9034000.0,73492000,0.0,1.469,-18.382,-24.205,271854000,0.0,4.938,0.448,0.484,171534000,-104515000.0,1150847000.0,1150847000.0,0.0,-0.022,-0.065,-0.012,-0.01,0.0,212821000.0,1.0,104299470,112880250,112880250.0,10.195,1066798000,64890000,-14235000.0,32102000,9.451,382702000
58,JOY,ART,2002-06-30,2002-09-06,2002-08-03,2019-10-15,0,1293212000,1328568000.0,712420000,580792000,0.889,4.032,-15076000.0,52897000,52897000,1038574000.0,-106732000.0,2.117,1.838,253296000,3349000,249947000,253296000,0,69639000.0,0,0.0,0.0,-78623000.0,-8984000.0,-0.008,-8984000.0,-78623000.0,-111857000.0,-0.947,-0.947,-0.947,455727000,461427750.0,455727000,714943052,-9.0,-79.58,,,1.0,141967000.0,0.12,226024000,33234000.0,930996000,989149500.0,444935000,0,0,0,837485000,336591000,500894000,514544052,-7539000.0,0.0,0.0,-68336000.0,0.0,-77940000.0,-21146000.0,0.0,,-795000.0,-106732000.0,-106732000.0,-106732000.0,0.0,0.0,-0.09,218582000.0,-76615000.0,77693000,0.0,1.129,-4.821,-5.209,236452000,0.0,4.933,0.436,0.472,202738000,,1180541000.0,1180541000.0,0.0,-0.08,-0.231,-0.079,-0.067,,225567000.0,1.0,104299470,113017500,113017500.0,10.446,1067188000,30236000,-5125000.0,75877000,9.443,375829000
59,JOY,ART,2002-03-31,2002-06-14,2002-05-04,2019-10-15,0,1318903000,1370002250.0,739292000,579611000,,4.032,,46148000,46148000,,,2.243,1.895,283726000,1076000,282650000,283726000,0,,0,0.0,0.0,,,,,,,,,,455616000,503370000.0,455616000,927829008,,,,,1.0,,,229076000,,997763000,1057880000.0,482821000,0,0,0,863287000,329642000,533645000,690251008,,,,,,,,,,,,,,,,,,,84445000,,1.515,,,241377000,,7.111,,,196213000,,,,,,,,,,,1.0,97066548,112997250,,,1089827000,27440000,,74778000,9.645,409650000
60,JOY,ART,2001-12-31,2002-03-15,2002-02-02,2019-10-15,0,1330443000,,749495000,580948000,,4.006,,53307000,53307000,,,2.284,1.952,307814000,2199000,305615000,307814000,0,,0,0.0,0.0,,,,,,,,,,450661000,,450661000,959425842,,,,,1.0,,,232626000,,1024135000,,481692000,0,0,0,879782000,328189000,551593000,704918842,,,,,,,,,,,,,,,,,,,72622000,,1.564,,,244429000,,7.262,,,196616000,,,,,,,,,,,1.0,97066548,112500000,,,1097817000,0,,81169000,9.758,421306000
61,JOY,ART,2001-09-30,2002-01-22,2001-10-31,2019-10-15,-71693000,1371714000,,798599000,573115000,,4.3,,59065000,59065000,,,2.248,1.836,289936000,1733000,288203000,289936000,15482000,,0,0.0,0.0,,,,,,,,,,483707000,,483707000,906116140,,,,,1.0,,,243595000,,1003704000,,513854000,0,0,0,888007000,355286000,532721000,675245140,,,,,,,,,,,,,,,,,,,75607000,,1.396,,,251916000,,7.551,,,209455000,-76498000.0,,,,,,,,,,1.0,89423282,112500000,,,1128119000,0,,80808000,10.028,443313000
