None,ticker,dimension,calendardate,datekey,reportperiod,lastupdated,accoci,assets,assetsavg,assetsc,assetsnc,assetturnover,bvps,capex,cashneq,cashnequsd,cor,consolinc,currentratio,de,debt,debtc,debtnc,debtusd,deferredrev,depamor,deposits,divyield,dps,ebit,ebitda,ebitdamargin,ebitdausd,ebitusd,ebt,eps,epsdil,epsusd,equity,equityavg,equityusd,ev,evebit,evebitda,fcf,fcfps,fxusd,gp,grossmargin,intangibles,intexp,invcap,invcapavg,inventory,investments,investmentsc,investmentsnc,liabilities,liabilitiesc,liabilitiesnc,marketcap,ncf,ncfbus,ncfcommon,ncfdebt,ncfdiv,ncff,ncfi,ncfinv,ncfo,ncfx,netinc,netinccmn,netinccmnusd,netincdis,netincnci,netmargin,opex,opinc,payables,payoutratio,pb,pe,pe1,ppnenet,prefdivis,price,ps,ps1,receivables,retearn,revenue,revenueusd,rnd,roa,roe,roic,ros,sbcomp,sgna,sharefactor,sharesbas,shareswa,shareswadil,sps,tangibles,taxassets,taxexp,taxliabilities,tbvps,workingcapital
0,CB,MRY,2020-12-31,2020-12-31,2020-12-31,2021-07-29,2869000000.0,190774000000.0,183290250000.0,,,0.196,131.69,0.0,1836000000.0,1836000000.0,22494000000.0,3533000000.0,,2.209,16661000000.0,,,16661000000.0,17652000000.0,290000000.0,0.0,0.02,3.09,4678000000.0,4968000000.0,0.138,4968000000.0,4678000000.0,4162000000.0,7.82,7.79,7.82,59441000000.0,55702750000.0,59441000000.0,85452950131.0,18.0,17.201,9785000000.0,21.678,1.0,13500000000.0,0.375,21211000000.0,516000000.0,184388000000.0,177379000000.0,0.0,121482000000.0,,,131333000000.0,,,69474950131.0,190000000.0,-1623000000.0,-378000000.0,-313000000.0,-1388000000.0,-2082000000.0,-7521000000.0,-5428000000.0,9785000000.0,8000000.0,3533000000.0,3533000000.0,3533000000.0,0.0,0.0,0.098,8822000000.0,4678000000.0,38196000000.0,0.395,1.169,19.665,19.683,0.0,0.0,153.92,1.93,1.93,13249000000.0,39337000000.0,35994000000.0,35994000000.0,0.0,0.019,0.063,0.026,0.13,0.0,2979000000.0,1.0,451370518.0,451370518.0,,79.744,169563000000.0,0.0,629000000.0,892000000.0,375.663,
1,CB,MRY,2019-12-31,2019-12-31,2019-12-31,2021-07-29,619000000.0,176943000000.0,174488500000.0,,,0.196,122.089,0.0,1646000000.0,1646000000.0,19470000000.0,4454000000.0,,2.198,16582000000.0,,,16582000000.0,16771000000.0,305000000.0,0.0,0.019,2.98,5801000000.0,6106000000.0,0.179,6106000000.0,5801000000.0,5249000000.0,9.77,9.71,9.77,55331000000.0,54015000000.0,55331000000.0,83975470796.0,14.0,13.753,6342000000.0,13.994,1.0,14716000000.0,0.43,21359000000.0,552000000.0,170520000000.0,166812000000.0,0.0,110566000000.0,,,121612000000.0,,,70545470796.0,306000000.0,-609000000.0,-1326000000.0,2318000000.0,-1354000000.0,-151000000.0,-5905000000.0,-4639000000.0,6342000000.0,20000000.0,4454000000.0,4454000000.0,4454000000.0,0.0,0.0,0.13,8915000000.0,5801000000.0,34573000000.0,0.305,1.275,15.839,15.932,0.0,0.0,155.66,2.064,2.064,13004000000.0,36142000000.0,34186000000.0,34186000000.0,0.0,0.026,0.082,0.035,0.17,0.0,3030000000.0,1.0,453202305.0,453202305.0,,75.432,155584000000.0,0.0,795000000.0,804000000.0,343.299,
2,CB,MRY,2018-12-31,2018-12-31,2018-12-31,2021-07-29,-2448000000.0,167771000000.0,167942500000.0,,,0.195,109.183,0.0,1340000000.0,1340000000.0,18657000000.0,3962000000.0,,2.335,14322000000.0,,,14322000000.0,15532000000.0,339000000.0,0.0,0.022,2.9,5298000000.0,5637000000.0,0.172,5637000000.0,5298000000.0,4657000000.0,8.55,8.49,8.55,50312000000.0,50876000000.0,50312000000.0,72740837955.0,14.0,12.904,5480000000.0,11.892,1.0,14060000000.0,0.43,21414000000.0,641000000.0,159339000000.0,159666250000.0,0.0,101646000000.0,,,117459000000.0,,,59526837955.0,489000000.0,0.0,-929000000.0,180000000.0,-1337000000.0,-1991000000.0,-2935000000.0,-2402000000.0,5480000000.0,-65000000.0,3962000000.0,3962000000.0,3962000000.0,0.0,0.0,0.121,8762000000.0,5298000000.0,18835000000.0,0.339,1.183,15.024,15.109,0.0,0.0,129.18,1.819,1.819,12619000000.0,31700000000.0,32717000000.0,32717000000.0,0.0,0.024,0.078,0.033,0.162,0.0,2886000000.0,1.0,460805372.0,460805372.0,,71.0,146357000000.0,0.0,695000000.0,304000000.0,317.611,
3,CB,MRY,2017-12-31,2017-12-31,2017-12-31,2021-07-29,543000000.0,167022000000.0,164638750000.0,,,0.196,110.232,0.0,851000000.0,851000000.0,19130000000.0,3861000000.0,,2.264,14285000000.0,,,14285000000.0,15216000000.0,260000000.0,0.0,0.019,2.82,4329000000.0,4589000000.0,0.142,4589000000.0,4329000000.0,3722000000.0,8.26,8.19,8.26,51172000000.0,50304000000.0,51172000000.0,81043758814.0,19.0,17.66,4503000000.0,9.7,1.0,13113000000.0,0.407,22054000000.0,607000000.0,158402000000.0,155765000000.0,0.0,103106000000.0,,,115850000000.0,,,67836758814.0,-237000000.0,0.0,-650000000.0,-496000000.0,-1308000000.0,-2319000000.0,-2422000000.0,-1892000000.0,4503000000.0,1000000.0,3861000000.0,3861000000.0,3861000000.0,0.0,0.0,0.12,8784000000.0,4329000000.0,17150000000.0,0.341,1.326,17.57,17.691,0.0,0.0,146.13,2.104,2.104,11863000000.0,27474000000.0,32243000000.0,32243000000.0,0.0,0.023,0.077,0.028,0.134,0.0,2833000000.0,1.0,464221986.0,464221986.0,,69.456,144968000000.0,0.0,-139000000.0,699000000.0,312.282,
4,CB,MRY,2016-12-31,2016-12-31,2016-12-31,2021-07-29,-314000000.0,159786000000.0,159610750000.0,,,0.197,103.742,0.0,985000000.0,985000000.0,16640000000.0,4135000000.0,,2.31,14821000000.0,,,14821000000.0,14779000000.0,1578000000.0,0.0,0.021,2.74,5555000000.0,7133000000.0,0.227,7133000000.0,5555000000.0,4950000000.0,8.94,8.87,8.94,48275000000.0,47442500000.0,48275000000.0,75445606039.0,14.0,10.577,5292000000.0,11.372,1.0,14829000000.0,0.471,22095000000.0,605000000.0,151527000000.0,150746000000.0,0.0,99760000000.0,,,111511000000.0,,,61480606039.0,-797000000.0,-14248000000.0,167000000.0,-1000000.0,-1173000000.0,-742000000.0,-5322000000.0,9328000000.0,5292000000.0,-25000000.0,4135000000.0,4135000000.0,4135000000.0,0.0,0.0,0.131,9274000000.0,5555000000.0,15347000000.0,0.306,1.274,14.868,14.779,0.0,0.0,132.12,1.954,1.954,11418000000.0,23613000000.0,31469000000.0,31469000000.0,0.0,0.026,0.087,0.037,0.177,0.0,3081000000.0,1.0,465339149.0,465339149.0,,67.626,137691000000.0,0.0,815000000.0,988000000.0,295.894,
5,CB,MRY,2015-12-31,2015-12-31,2015-12-31,2021-07-29,-735000000.0,102306000000.0,99576000000.0,,,0.191,89.873,0.0,1775000000.0,1775000000.0,10027000000.0,2834000000.0,,2.511,11100000000.0,,,11100000000.0,8439000000.0,0.0,0.0,0.023,2.66,3596000000.0,3596000000.0,0.189,3596000000.0,3596000000.0,3296000000.0,8.71,8.62,8.71,29135000000.0,29379750000.0,29135000000.0,43411604238.0,12.0,12.072,3864000000.0,11.919,1.0,8960000000.0,0.472,5683000000.0,300000000.0,105948000000.0,100531750000.0,0.0,66904000000.0,,,73171000000.0,,,37880604238.0,1120000000.0,264000000.0,-627000000.0,4942000000.0,-862000000.0,3695000000.0,-6294000000.0,-6295000000.0,3864000000.0,-145000000.0,2834000000.0,2834000000.0,2834000000.0,0.0,0.0,0.149,5364000000.0,3596000000.0,11522000000.0,0.305,1.3,13.366,13.416,0.0,0.0,116.85,1.995,1.995,7405000000.0,19478000000.0,18987000000.0,18987000000.0,0.0,0.028,0.096,0.036,0.189,0.0,2270000000.0,1.0,324181471.0,324181471.0,,58.569,96623000000.0,318000000.0,462000000.0,0.0,298.052,
6,CB,MRY,2014-12-31,2014-12-31,2014-12-31,2021-07-29,1191000000.0,98248000000.0,97107750000.0,,,0.197,89.188,0.0,655000000.0,655000000.0,10166000000.0,2853000000.0,,2.321,6218000000.0,,,6218000000.0,8222000000.0,0.0,0.0,0.022,2.58,3767000000.0,3767000000.0,0.196,3767000000.0,3767000000.0,3487000000.0,8.5,8.42,8.5,29587000000.0,29824500000.0,29587000000.0,43521007715.0,12.0,11.553,4496000000.0,13.553,1.0,9005000000.0,0.47,5724000000.0,280000000.0,98087000000.0,97036500000.0,0.0,63408000000.0,,,68661000000.0,,,38110007715.0,76000000.0,-766000000.0,-1302000000.0,199000000.0,-862000000.0,-1777000000.0,-2504000000.0,-1464000000.0,4496000000.0,-139000000.0,2853000000.0,2853000000.0,2853000000.0,0.0,0.0,0.149,5238000000.0,3767000000.0,11152000000.0,0.304,1.288,13.358,13.515,0.0,0.0,114.88,1.988,1.988,7452000000.0,16644000000.0,19171000000.0,19171000000.0,0.0,0.029,0.096,0.039,0.196,0.0,2245000000.0,1.0,331737541.0,331737541.0,,57.79,92524000000.0,295000000.0,634000000.0,0.0,278.907,
7,CB,MRY,2013-12-31,2013-12-31,2013-12-31,2021-07-29,1152000000.0,94510000000.0,94060750000.0,,,0.205,84.763,0.0,579000000.0,579000000.0,9863000000.0,3758000000.0,,2.279,6017000000.0,,,6017000000.0,7539000000.0,0.0,0.0,0.02,2.02,4513000000.0,4513000000.0,0.234,4513000000.0,4513000000.0,4238000000.0,11.02,10.92,11.02,28825000000.0,28070000000.0,28825000000.0,40456936461.0,9.0,8.965,4022000000.0,11.827,1.0,9398000000.0,0.488,5404000000.0,275000000.0,94544000000.0,94064750000.0,0.0,61398000000.0,,,65685000000.0,,,35206936461.0,-36000000.0,-977000000.0,-152000000.0,947000000.0,-517000000.0,391000000.0,-4442000000.0,-3072000000.0,4022000000.0,-7000000.0,3758000000.0,3758000000.0,3758000000.0,0.0,0.0,0.195,4885000000.0,4513000000.0,10071000000.0,0.183,1.221,9.369,9.395,0.0,0.0,103.53,1.828,1.828,6701000000.0,13791000000.0,19261000000.0,19261000000.0,0.0,0.04,0.134,0.048,0.234,0.0,2211000000.0,1.0,340065071.0,340065071.0,,56.639,89106000000.0,616000000.0,480000000.0,0.0,262.026,
8,CB,MRY,2012-12-31,2012-12-31,2012-12-31,2021-07-29,2887000000.0,92545000000.0,91625750000.0,,,0.196,81.019,0.0,615000000.0,615000000.0,10174000000.0,2706000000.0,,2.361,5070000000.0,,,5070000000.0,6864000000.0,0.0,0.0,0.03,2.41,3226000000.0,3226000000.0,0.18,3226000000.0,3226000000.0,2976000000.0,7.96,7.89,7.96,27531000000.0,26421750000.0,27531000000.0,31497703040.0,10.0,9.764,3995000000.0,11.757,1.0,7762000000.0,0.433,4975000000.0,250000000.0,92025000000.0,91156500000.0,0.0,60718000000.0,,,65014000000.0,,,27116703040.0,1000000.0,-98000000.0,115000000.0,150000000.0,-815000000.0,-550000000.0,-3439000000.0,-2786000000.0,3995000000.0,-5000000.0,2706000000.0,2706000000.0,2706000000.0,0.0,0.0,0.151,4536000000.0,3226000000.0,10664000000.0,0.303,0.985,10.021,10.025,0.0,0.0,79.8,1.512,1.512,5764000000.0,10033000000.0,17936000000.0,17936000000.0,0.0,0.03,0.102,0.035,0.18,0.0,2096000000.0,1.0,339808296.0,339808296.0,,52.783,87570000000.0,453000000.0,270000000.0,0.0,257.704,
9,CB,MRY,2011-12-31,2011-12-31,2011-12-31,2021-07-29,1911000000.0,87321000000.0,87878750000.0,,,0.192,72.24,0.0,614000000.0,614000000.0,9921000000.0,1540000000.0,,2.589,4920000000.0,,,4920000000.0,6334000000.0,0.0,0.0,0.015,1.03,2292000000.0,2292000000.0,0.136,2292000000.0,2292000000.0,2042000000.0,4.55,4.52,4.55,24332000000.0,23892750000.0,24332000000.0,27771097577.0,12.0,12.117,3470000000.0,10.302,1.0,6913000000.0,0.411,4799000000.0,250000000.0,86828000000.0,87240000000.0,0.0,56028000000.0,,,62989000000.0,,,23618097577.0,-158000000.0,-606000000.0,-56000000.0,-50000000.0,-459000000.0,-565000000.0,-3036000000.0,-1948000000.0,3470000000.0,-27000000.0,1540000000.0,1540000000.0,1540000000.0,0.0,0.0,0.091,4621000000.0,2292000000.0,9825000000.0,0.226,0.971,15.336,15.411,0.0,0.0,70.12,1.403,1.403,5928000000.0,7327000000.0,16834000000.0,16834000000.0,0.0,0.018,0.064,0.026,0.136,0.0,2068000000.0,1.0,336823967.0,336823967.0,,49.979,82522000000.0,673000000.0,502000000.0,159000000.0,245.0,
10,CB,MRY,2010-12-31,2010-12-31,2010-12-31,2021-07-29,1594000000.0,83355000000.0,81308000000.0,,,0.197,67.692,0.0,772000000.0,772000000.0,7936000000.0,3085000000.0,,2.628,4967000000.0,,,4967000000.0,6330000000.0,0.0,421000000.0,0.021,1.3,3862000000.0,3862000000.0,0.241,3862000000.0,3862000000.0,3638000000.0,9.08,9.04,9.08,22974000000.0,21966250000.0,22974000000.0,24262020839.0,6.0,6.282,3546000000.0,10.448,1.0,8070000000.0,0.504,4664000000.0,224000000.0,82886000000.0,80527500000.0,0.0,51767000000.0,,,60381000000.0,,,21127020839.0,103000000.0,-1139000000.0,-173000000.0,1340000000.0,-435000000.0,732000000.0,-4181000000.0,-2709000000.0,3546000000.0,6000000.0,3085000000.0,3085000000.0,3085000000.0,0.0,0.0,0.193,4208000000.0,3862000000.0,8050000000.0,0.143,0.92,6.848,6.856,0.0,0.0,62.25,1.32,1.32,5744000000.0,5926000000.0,16006000000.0,16006000000.0,0.0,0.038,0.14,0.048,0.241,0.0,1873000000.0,1.0,339389893.0,339389893.0,,47.161,78691000000.0,769000000.0,553000000.0,116000000.0,231.86,
11,CB,MRY,2009-12-31,2009-12-31,2009-12-31,2021-07-29,823000000.0,77980000000.0,76145750000.0,,,0.198,58.46,0.0,669000000.0,669000000.0,7747000000.0,2549000000.0,,2.965,3628000000.0,,,3628000000.0,6067000000.0,0.0,332000000.0,0.029,1.46,3302000000.0,3302000000.0,0.219,3302000000.0,3302000000.0,3077000000.0,7.57,7.55,7.57,19667000000.0,17419750000.0,19667000000.0,20043483850.0,6.0,6.07,3335000000.0,9.913,1.0,7328000000.0,0.486,3931000000.0,225000000.0,77008000000.0,75340500000.0,0.0,46948000000.0,,,58313000000.0,,,16955483850.0,-198000000.0,0.0,25000000.0,34000000.0,-388000000.0,-321000000.0,-3224000000.0,-3323000000.0,3335000000.0,12000000.0,2549000000.0,2549000000.0,2549000000.0,0.0,0.0,0.169,4026000000.0,3302000000.0,7384000000.0,0.193,0.862,6.652,6.658,0.0,0.0,50.4,1.125,1.125,5192000000.0,2818000000.0,15075000000.0,15075000000.0,0.0,0.033,0.146,0.044,0.219,0.0,1811000000.0,1.0,336418317.0,336418317.0,,44.81,74049000000.0,1154000000.0,528000000.0,111000000.0,220.11,
12,CB,MRY,2008-12-31,2008-12-31,2008-12-31,2021-07-29,-1916000000.0,72057000000.0,74726750000.0,,,0.182,43.306,0.0,867000000.0,867000000.0,8002000000.0,1197000000.0,,3.988,3586000000.0,,,3586000000.0,5950000000.0,0.0,345000000.0,0.015,0.82,1797000000.0,1797000000.0,0.132,1797000000.0,1797000000.0,1567000000.0,3.52,3.5,3.52,14446000000.0,15716000000.0,14446000000.0,20818157079.0,12.0,11.585,4101000000.0,12.294,1.0,5630000000.0,0.413,3747000000.0,230000000.0,71029000000.0,74472500000.0,0.0,40547000000.0,,,57611000000.0,,,17653157079.0,357000000.0,-2521000000.0,107000000.0,1156000000.0,-362000000.0,314000000.0,-4124000000.0,-995000000.0,4101000000.0,66000000.0,1197000000.0,1197000000.0,1197000000.0,0.0,0.0,0.088,3833000000.0,1797000000.0,7512000000.0,0.233,1.222,14.748,15.034,0.0,0.0,52.92,1.295,1.295,4992000000.0,74000000.0,13632000000.0,13632000000.0,0.0,0.016,0.076,0.024,0.132,0.0,1737000000.0,1.0,333581968.0,333581968.0,,40.866,68310000000.0,1835000000.0,370000000.0,138000000.0,204.777,
13,CB,MRY,2007-12-31,2007-12-31,2007-12-31,2021-07-29,769000000.0,72090000000.0,71209500000.0,,,0.199,50.6,0.0,510000000.0,510000000.0,7519000000.0,2578000000.0,,3.323,2492000000.0,,,2492000000.0,6227000000.0,0.0,351000000.0,0.017,1.06,3328000000.0,3328000000.0,0.235,3328000000.0,3328000000.0,3153000000.0,7.7,7.63,7.7,16677000000.0,15713750000.0,16677000000.0,22319730884.0,7.0,6.707,4701000000.0,14.263,1.0,6635000000.0,0.469,2838000000.0,175000000.0,71234000000.0,70473750000.0,0.0,42552000000.0,,,55413000000.0,,,20361730884.0,-55000000.0,0.0,74000000.0,35000000.0,-341000000.0,-253000000.0,-4530000000.0,-4111000000.0,4701000000.0,27000000.0,2578000000.0,2578000000.0,2578000000.0,0.0,0.0,0.182,3307000000.0,3328000000.0,8575000000.0,0.138,1.221,7.898,8.023,0.0,0.0,61.78,1.439,1.439,5140000000.0,9080000000.0,14154000000.0,14154000000.0,0.0,0.036,0.164,0.047,0.235,0.0,1455000000.0,1.0,329584513.0,329584513.0,,42.945,69252000000.0,1087000000.0,575000000.0,111000000.0,210.119,
14,CB,MRY,2006-12-31,2006-12-31,2006-12-31,2021-07-29,716000000.0,67135000000.0,65951250000.0,,,0.202,43.777,0.0,565000000.0,565000000.0,7070000000.0,2305000000.0,,3.702,2447000000.0,,,2447000000.0,6437000000.0,0.0,335000000.0,0.016,0.98,3003000000.0,3003000000.0,0.225,3003000000.0,3003000000.0,2827000000.0,7.02,6.91,7.02,14278000000.0,13103000000.0,14278000000.0,21651903259.0,7.0,7.21,4105000000.0,12.586,1.0,6258000000.0,0.47,2731000000.0,176000000.0,66286000000.0,65248000000.0,0.0,37390000000.0,,,52857000000.0,,,19754903259.0,53000000.0,0.0,75000000.0,-2000000.0,-312000000.0,-284000000.0,-3770000000.0,-3791000000.0,4105000000.0,2000000.0,2305000000.0,2305000000.0,2305000000.0,0.0,0.0,0.173,3259000000.0,2999000000.0,7447000000.0,0.14,1.384,8.57,8.628,0.0,0.0,60.57,1.482,1.482,19746000000.0,6906000000.0,13328000000.0,13328000000.0,0.0,0.035,0.176,0.046,0.225,0.0,1456000000.0,1.0,326149963.0,326149963.0,,40.865,64404000000.0,1165000000.0,522000000.0,156000000.0,197.467,
15,CB,MRY,2005-12-31,2005-12-31,2005-12-31,2021-07-29,332000000.0,62440000000.0,59529182750.0,,,0.22,36.646,0.0,512000000.0,512000000.0,8571000000.0,1028000000.0,,4.286,2420000000.0,,,2420000000.0,5884000000.0,0.0,350000000.0,0.017,0.9,1475000000.0,1475000000.0,0.113,1475000000.0,1475000000.0,1301000000.0,3.36,3.31,3.36,11812000000.0,10627431000.0,11812000000.0,19238202921.0,13.0,13.043,4308000000.0,13.365,1.0,4517000000.0,0.345,2703000000.0,174000000.0,61645000000.0,58706151000.0,0.0,32718000000.0,,,50628000000.0,,,17225202921.0,14000000.0,7000000.0,1613000000.0,13000000.0,-253000000.0,1328000000.0,-5593000000.0,-5454000000.0,4308000000.0,-29000000.0,1028000000.0,1028000000.0,1028000000.0,0.0,0.0,0.079,3042000000.0,1475000000.0,6224000000.0,0.268,1.458,16.756,15.905,0.0,0.0,53.44,1.316,1.316,20152000000.0,4965000000.0,13088000000.0,13088000000.0,0.0,0.017,0.097,0.025,0.113,0.0,1261000000.0,1.0,322327905.0,322327905.0,,40.605,59737000000.0,1314000000.0,273000000.0,174000000.0,185.33,
16,CB,MRY,2004-12-31,2004-12-31,2004-12-31,2021-07-29,734000000.0,56183000000.0,54192097000.0,,,0.227,34.641,0.0,498000000.0,498000000.0,7690000000.0,1153000000.0,,4.707,2407000000.0,,,2407000000.0,5983000000.0,0.0,343000000.0,0.019,0.82,1622000000.0,1622000000.0,0.132,1622000000.0,1622000000.0,1439000000.0,3.95,3.88,3.95,9845000000.0,9485466500.0,9845000000.0,13930519435.0,9.0,8.588,4939000000.0,17.379,1.0,4630000000.0,0.376,2700000000.0,183000000.0,55392000000.0,53454871000.0,0.0,27721000000.0,,,46338000000.0,,,12149450435.0,-61000000.0,959000000.0,91000000.0,25000000.0,-226000000.0,-155000000.0,-4866000000.0,-5627000000.0,4939000000.0,21000000.0,1153000000.0,1153000000.0,1153000000.0,0.0,0.0,0.094,3008000000.0,1622000000.0,5411000000.0,0.208,1.234,10.537,10.823,0.0,0.0,42.75,0.986,0.986,19688000000.0,4249000000.0,12320000000.0,12320000000.0,0.0,0.021,0.122,0.03,0.132,0.0,1265000000.0,1.0,284197671.0,284197671.0,,43.35,53483000000.0,1173000000.0,286000000.0,0.0,188.189,
17,CB,MRY,2003-12-31,2003-12-31,2003-12-31,2021-07-29,713421000.0,49317406000.0,47158526000.0,,,0.231,31.615,0.0,558944000.0,558944000.0,6167000000.0,1482000000.0,,4.59,2369929000.0,,,2369929000.0,5852664000.0,0.0,212577000.0,0.018,0.74,1970000000.0,1970000000.0,0.181,1970000000.0,1970000000.0,1793000000.0,5.35,5.25,5.35,8823098000.0,8012400750.0,8823098000.0,13498359308.0,7.0,6.852,4285000000.0,15.354,1.0,4725000000.0,0.434,2797830000.0,177000000.0,48330561000.0,46285292500.0,0.0,22832162000.0,,,40494308000.0,,,11559364308.0,-102000000.0,0.0,69000000.0,0.0,-198000000.0,395000000.0,-4803000000.0,-4685000000.0,4285000000.0,21000000.0,1482000000.0,1482000000.0,1482000000.0,0.0,0.0,0.136,2755000000.0,1970000000.0,3524588000.0,0.138,1.31,7.8,7.742,0.0,0.0,41.42,1.061,1.061,17543501000.0,3374419000.0,10892000000.0,10892000000.0,0.0,0.031,0.185,0.043,0.181,0.0,1189000000.0,1.0,279076892.0,279076892.0,,39.029,46519576000.0,1115854000.0,311000000.0,0.0,166.691,
18,CB,MRY,2002-12-31,2002-12-31,2002-12-31,2021-07-29,439892000.0,43953956000.0,40648561250.0,,,0.178,24.324,0.0,663355000.0,663355000.0,4973938000.0,99882000.0,,5.831,2369877000.0,,,2369877000.0,5585524000.0,0.0,139410000.0,0.022,0.66,181834000.0,181834000.0,0.025,181834000.0,181834000.0,-11660000.0,0.28,0.27,0.28,6388686000.0,6355984000.0,6388686000.0,9500554695.0,52.0,52.249,2526270000.0,9.618,1.0,2253705000.0,0.312,2716860000.0,193494000.0,42943618000.0,39823995500.0,0.0,18045703000.0,,,37254220000.0,,,7706179695.0,-8026000.0,0.0,52034000.0,-350313000.0,-167470000.0,-491411000.0,-2055245000.0,-1877760000.0,2526270000.0,12360000.0,99882000.0,99882000.0,99882000.0,0.0,0.0,0.014,2071871000.0,181834000.0,3838688000.0,2.357,1.206,77.153,104.786,0.0,0.0,29.34,1.066,1.066,18617666000.0,2199313000.0,7227643000.0,7227643000.0,0.0,0.002,0.016,0.005,0.025,0.0,917692000.0,1.0,262650978.0,262650978.0,,27.518,41237096000.0,1287983000.0,-111542000.0,0.0,157.003,
19,CB,MRY,2001-12-31,2001-12-31,2001-12-31,2021-07-29,101599000.0,37186764000.0,34498307000.0,,,0.193,23.531,0.0,671381000.0,671381000.0,4552456000.0,-146414000.0,,5.039,2719881000.0,,,2719881000.0,3853429000.0,79571000.0,101187000.0,0.014,0.58,-25906000.0,53665000.0,0.008,53665000.0,-25906000.0,-225088000.0,-0.74,-0.74,-0.74,6106707000.0,5539035250.0,6106707000.0,12416145756.0,-479.0,231.364,1353005000.0,5.213,1.0,2092683000.0,0.315,2772094000.0,199182000.0,36463170000.0,33713497750.0,0.0,15264532000.0,,,30769007000.0,,,10419834756.0,63312000.0,0.0,995172000.0,56144000.0,-128745000.0,896905000.0,-2186598000.0,-2075507000.0,1353005000.0,0.0,-146414000.0,-146414000.0,-146414000.0,0.0,0.0,-0.022,2095919000.0,-3236000.0,2740675000.0,-0.784,1.706,-71.167,-54.257,0.0,0.0,40.15,1.568,1.568,15385527000.0,2321576000.0,6645139000.0,6645139000.0,0.0,-0.004,-0.026,-0.001,-0.004,0.0,830455000.0,1.0,259522646.0,259522646.0,,25.605,34414670000.0,1250835000.0,-78674000.0,0.0,132.608,
20,CB,MRY,2000-12-31,2000-12-31,2000-12-31,2021-07-29,69454000.0,31689526000.0,30917943000.0,,,0.17,23.358,0.0,608069000.0,608069000.0,2936065000.0,542982000.0,,4.789,2663737000.0,,,2663737000.0,3098411000.0,78820000.0,139056000.0,0.012,0.5,858340000.0,937160000.0,0.178,937160000.0,858340000.0,636890000.0,2.37,2.31,2.37,5420211000.0,4954540250.0,5420211000.0,11907225201.0,14.0,12.706,-427172000.0,-1.841,1.0,2333534000.0,0.443,2846709000.0,221450000.0,30898485000.0,30153826250.0,0.0,13154255000.0,,,25958265000.0,,,9847502201.0,8837000.0,0.0,432889000.0,-710076000.0,-106459000.0,202266000.0,233743000.0,496386000.0,-427172000.0,0.0,542982000.0,542982000.0,542982000.0,0.0,0.0,0.103,1475194000.0,858340000.0,2635540000.0,0.211,1.817,18.136,17.906,0.0,0.0,42.438,1.869,1.869,12337254000.0,2733633000.0,5269599000.0,5269599000.0,0.0,0.018,0.11,0.028,0.163,0.0,745633000.0,1.0,232047180.0,232047180.0,,22.709,28842817000.0,1144261000.0,93908000.0,0.0,124.297,
21,CB,MRY,1999-12-31,1999-12-31,1999-12-31,2021-07-29,-66152000.0,30122888000.0,19502817500.0,,,0.155,22.934,0.0,599232000.0,599232000.0,1639543000.0,364963000.0,,5.768,3073813000.0,,,3073813000.0,2492587000.0,45350000.0,201079000.0,0.025,0.42,498785000.0,544135000.0,0.18,544135000.0,498785000.0,393647000.0,1.88,1.85,1.88,4450560000.0,4052156500.0,4450560000.0,5401197485.0,11.0,9.926,-460852000.0,-2.375,1.0,1377447000.0,0.457,2822718000.0,105138000.0,29774751000.0,18979687750.0,0.0,12276303000.0,,,25672328000.0,,,3238364485.0,358676000.0,-2679216000.0,6823000.0,1950103000.0,-77836000.0,2379090000.0,-1559562000.0,1051343000.0,-460852000.0,0.0,364963000.0,364963000.0,364963000.0,0.0,0.0,0.121,878662000.0,498785000.0,3420681000.0,0.223,0.728,8.873,8.876,0.0,0.0,16.688,1.073,1.073,11972976000.0,2321570000.0,3016990000.0,3016990000.0,0.0,0.019,0.09,0.026,0.165,0.0,495236000.0,1.0,194059295.0,194059295.0,,15.547,27300170000.0,916184000.0,28684000.0,0.0,140.68,
22,CB,MRY,1998-12-31,1998-09-30,1998-09-30,2021-07-29,127570000.0,8788753000.0,7188137000.0,,,0.196,19.189,0.0,317714000.0,317714000.0,516892000.0,560151000.0,,1.366,250000000.0,,,250000000.0,827496000.0,12834000.0,0.0,0.017,0.5,605650000.0,618484000.0,0.44,618484000.0,605650000.0,580191000.0,3.03,2.96,3.03,3714270000.0,3155327750.0,3714270000.0,5811595570.0,10.0,9.397,66770000.0,0.345,1.0,890050000.0,0.633,540355000.0,25459000.0,8180684000.0,6798630250.0,0.0,5883360000.0,,,5074483000.0,,,5806734570.0,101523000.0,-967758000.0,503453000.0,250000000.0,-54389000.0,699064000.0,-664311000.0,312734000.0,66770000.0,0.0,560151000.0,560151000.0,560151000.0,0.0,0.0,0.398,284400000.0,605650000.0,241425000.0,0.165,1.563,10.366,9.901,0.0,0.0,30.0,4.127,4.127,1699082000.0,1819554000.0,1406942000.0,1406942000.0,0.0,0.078,0.178,0.089,0.43,0.0,165912000.0,1.0,193557819.0,193557819.0,,7.269,8248398000.0,25264000.0,20040000.0,0.0,42.615,
23,CB,MRY,1997-12-31,1997-09-30,1997-09-30,2021-07-29,198223000.0,5647596000.0,,,,,,0.0,216191000.0,216191000.0,486140000.0,502725000.0,,1.028,0.0,,,0.0,535204000.0,7325000.0,0.0,0.026,0.8,539563000.0,546888000.0,0.461,546888000.0,539563000.0,527906000.0,2.73,2.69,2.73,2785155000.0,,2785155000.0,,,,423483000.0,,1.0,700374000.0,0.59,301953000.0,11657000.0,5129452000.0,,0.0,4571725000.0,,,2862441000.0,,,,-9893000.0,-27098000.0,-180457000.0,0.0,-43028000.0,-219329000.0,-214047000.0,-244025000.0,423483000.0,0.0,502725000.0,502725000.0,502725000.0,0.0,0.0,0.424,160811000.0,539563000.0,165635000.0,0.293,,,11.477,0.0,0.0,31.333,,,393542000.0,1403463000.0,1186514000.0,1186514000.0,0.0,,,,0.455,0.0,67724000.0,1.0,,,,,5345643000.0,0.0,25181000.0,37496000.0,,
24,CB,MRY,1996-12-31,1996-09-30,1996-09-30,2021-07-29,,,,,,,,0.0,,,520277000.0,327619000.0,,,,,,,,1507000.0,,0.036,0.64,364643000.0,366150000.0,0.357,366150000.0,364643000.0,354162000.0,2.02,2.0,2.02,,,,,,,724111000.0,,1.0,504493000.0,0.492,,10481000.0,,,,,,,,,,,115569000.0,-49050000.0,-41448000.0,0.0,-27684000.0,-69132000.0,-539410000.0,-517038000.0,724111000.0,0.0,327619000.0,327619000.0,327619000.0,0.0,0.0,0.32,139850000.0,364643000.0,,0.317,,,8.725,,0.0,17.625,,,,,1024770000.0,1024770000.0,0.0,,,,0.356,0.0,41825000.0,1.0,,,,,,,26543000.0,,,
0,CB,MRQ,2021-06-30,2021-06-30,2021-06-30,2021-07-29,1822000000.0,197174000000.0,,,,,133.563,0.0,1998000000.0,1998000000.0,5191000000.0,2265000000.0,,2.283,16667000000.0,,,16667000000.0,19167000000.0,73000000.0,0.0,0.02,0.8,2704000000.0,2777000000.0,0.287,2777000000.0,2704000000.0,2582000000.0,5.09,5.06,5.09,60062000000.0,,60062000000.0,86224819990.0,9.0,8.539,3122000000.0,6.943,1.0,4473000000.0,0.463,21200000000.0,122000000.0,190643000000.0,,0.0,124353000000.0,,,137112000000.0,,,71473819990.0,157000000.0,0.0,-1858000000.0,0.0,-351000000.0,-2210000000.0,-773000000.0,-711000000.0,3122000000.0,18000000.0,2265000000.0,2265000000.0,2265000000.0,0.0,0.0,0.234,1769000000.0,2704000000.0,40203000000.0,0.157,1.19,8.741,8.743,0.0,0.0,158.94,1.835,1.835,14861000000.0,43902000000.0,9664000000.0,9664000000.0,0.0,,,,,0.0,775000000.0,1.0,449690575.0,449690575.0,,21.49,175974000000.0,0.0,317000000.0,581000000.0,391.322,
1,CB,MRQ,2021-03-31,2021-03-31,2021-03-31,2021-07-29,958000000.0,191977000000.0,,,,,131.214,0.0,1841000000.0,1841000000.0,5220000000.0,2300000000.0,,2.25,16592000000.0,,,16592000000.0,18040000000.0,72000000.0,0.0,0.02,0.78,2760000000.0,2832000000.0,0.284,2832000000.0,2760000000.0,2638000000.0,5.1,5.07,5.1,59076000000.0,,59076000000.0,85947028401.0,13.0,12.058,2105000000.0,4.675,1.0,4751000000.0,0.476,21161000000.0,122000000.0,185567000000.0,,0.0,121850000000.0,,,132901000000.0,,,71122028401.0,5000000.0,-65000000.0,-404000000.0,0.0,-352000000.0,-812000000.0,-1252000000.0,-1143000000.0,2105000000.0,-36000000.0,2300000000.0,2300000000.0,2300000000.0,0.0,0.0,0.231,1991000000.0,2760000000.0,38607000000.0,0.153,1.204,12.744,12.781,0.0,0.0,157.97,1.859,1.859,13408000000.0,41637000000.0,9971000000.0,9971000000.0,0.0,,,,,0.0,744000000.0,1.0,450224906.0,450224906.0,,22.147,170816000000.0,0.0,338000000.0,482000000.0,379.401,
2,CB,MRQ,2020-12-31,2020-12-31,2020-12-31,2021-07-29,2869000000.0,190774000000.0,,,,,131.69,0.0,1836000000.0,1836000000.0,5047000000.0,2418000000.0,,2.209,16661000000.0,,,16661000000.0,17652000000.0,73000000.0,0.0,0.02,0.78,2878000000.0,2951000000.0,0.3,2951000000.0,2878000000.0,2752000000.0,5.35,5.33,5.35,59441000000.0,,59441000000.0,85452950131.0,18.0,17.201,2544000000.0,5.636,1.0,4801000000.0,0.488,21211000000.0,126000000.0,184388000000.0,,0.0,121482000000.0,,,131333000000.0,,,69474950131.0,-37000000.0,-66000000.0,-122000000.0,-1301000000.0,-353000000.0,-1848000000.0,-792000000.0,-608000000.0,2544000000.0,59000000.0,2418000000.0,2418000000.0,2418000000.0,0.0,0.0,0.246,1923000000.0,2878000000.0,38196000000.0,0.146,1.169,19.665,19.683,0.0,0.0,153.92,1.93,1.93,13249000000.0,39337000000.0,9848000000.0,9848000000.0,0.0,,,,,0.0,778000000.0,1.0,451370518.0,451370518.0,,21.818,169563000000.0,0.0,334000000.0,892000000.0,375.663,
3,CB,MRQ,2020-09-30,2020-09-30,2020-09-30,2021-07-29,1856000000.0,187786000000.0,,,,,124.983,0.0,1873000000.0,1873000000.0,6033000000.0,1194000000.0,,2.329,17851000000.0,,,17851000000.0,17502000000.0,72000000.0,0.0,0.026,0.78,1466000000.0,1538000000.0,0.163,1538000000.0,1466000000.0,1336000000.0,2.64,2.63,2.64,56413000000.0,,56413000000.0,67376607263.0,21.0,18.878,3544000000.0,7.852,1.0,3431000000.0,0.363,21103000000.0,130000000.0,182661000000.0,,0.0,118581000000.0,,,131373000000.0,,,52412607263.0,164000000.0,-7000000.0,3000000.0,988000000.0,-357000000.0,664000000.0,-4035000000.0,-3897000000.0,3544000000.0,-9000000.0,1194000000.0,1194000000.0,1194000000.0,0.0,0.0,0.126,1965000000.0,1466000000.0,37015000000.0,0.295,0.929,22.908,22.949,0.0,0.0,116.12,1.502,1.502,13348000000.0,36919000000.0,9464000000.0,9464000000.0,0.0,,,,,0.0,733000000.0,1.0,451365891.0,451365891.0,,20.967,166683000000.0,0.0,142000000.0,815000000.0,369.286,
4,CB,MRQ,2020-06-30,2020-06-30,2020-06-30,2021-07-29,1098000000.0,181474000000.0,,,,,121.323,0.0,1709000000.0,1709000000.0,6800000000.0,-331000000.0,,2.314,16673000000.0,,,16673000000.0,17081000000.0,72000000.0,0.0,0.024,0.78,-265000000.0,-193000000.0,-0.021,-193000000.0,-265000000.0,-393000000.0,-0.73,-0.73,-0.73,54760000000.0,,54760000000.0,72018849930.0,22.0,20.196,1985000000.0,4.398,1.0,2185000000.0,0.243,21093000000.0,128000000.0,175345000000.0,,0.0,112241000000.0,,,126714000000.0,,,57150849930.0,51000000.0,0.0,17000000.0,0.0,-339000000.0,-253000000.0,-1684000000.0,-1588000000.0,1985000000.0,3000000.0,-331000000.0,-331000000.0,-331000000.0,0.0,0.0,-0.037,2450000000.0,-265000000.0,35877000000.0,-1.068,1.044,26.156,26.27,0.0,0.0,126.62,1.658,1.658,13578000000.0,35991000000.0,8985000000.0,8985000000.0,0.0,,,,,0.0,727000000.0,1.0,451357210.0,451357210.0,,19.907,160381000000.0,0.0,-62000000.0,696000000.0,355.331,
5,CB,MRQ,2020-03-31,2020-03-31,2020-03-31,2021-07-29,-2093000000.0,173127000000.0,,,,,115.504,0.0,1658000000.0,1658000000.0,4614000000.0,252000000.0,,2.317,16526000000.0,,,16526000000.0,16459000000.0,73000000.0,0.0,0.027,0.75,599000000.0,672000000.0,0.087,672000000.0,599000000.0,467000000.0,0.56,0.55,0.56,52197000000.0,,52197000000.0,65409581735.0,13.0,12.263,1712000000.0,3.788,1.0,3083000000.0,0.401,20873000000.0,132000000.0,167122000000.0,,0.0,106630000000.0,,,120930000000.0,,,50473581735.0,12000000.0,-1550000000.0,-276000000.0,0.0,-339000000.0,-645000000.0,-1010000000.0,665000000.0,1712000000.0,-45000000.0,252000000.0,252000000.0,252000000.0,0.0,0.0,0.033,2484000000.0,599000000.0,34379000000.0,1.339,0.967,13.768,13.84,0.0,0.0,111.69,1.484,1.484,12628000000.0,36331000000.0,7697000000.0,7697000000.0,0.0,,,,,0.0,741000000.0,1.0,451907796.0,451907796.0,,17.032,152254000000.0,0.0,215000000.0,474000000.0,336.914,
6,CB,MRQ,2019-12-31,2019-12-31,2019-12-31,2021-07-29,619000000.0,176943000000.0,,,,,122.089,0.0,1646000000.0,1646000000.0,5090000000.0,1173000000.0,,2.198,16582000000.0,,,16582000000.0,16771000000.0,76000000.0,0.0,0.019,0.75,1476000000.0,1552000000.0,0.178,1552000000.0,1476000000.0,1342000000.0,2.59,2.58,2.59,55331000000.0,,55331000000.0,83975470796.0,14.0,13.753,1429000000.0,3.153,1.0,3648000000.0,0.417,21359000000.0,134000000.0,170520000000.0,,0.0,110566000000.0,,,121612000000.0,,,70545470796.0,57000000.0,-280000000.0,-278000000.0,1535000000.0,-340000000.0,973000000.0,-2344000000.0,-1904000000.0,1429000000.0,-1000000.0,1173000000.0,1173000000.0,1173000000.0,0.0,0.0,0.134,2172000000.0,1476000000.0,34573000000.0,0.29,1.275,15.839,15.932,0.0,0.0,155.66,2.064,2.064,13004000000.0,36142000000.0,8738000000.0,8738000000.0,0.0,,,,,0.0,810000000.0,1.0,453202305.0,453202305.0,,19.281,155584000000.0,0.0,169000000.0,804000000.0,343.299,
7,CB,MRQ,2019-09-30,2019-09-30,2019-09-30,2021-07-29,521000000.0,175148000000.0,,,,,119.741,0.0,1589000000.0,1589000000.0,5210000000.0,1091000000.0,,2.209,15019000000.0,,,15019000000.0,16571000000.0,76000000.0,0.0,0.018,0.75,1459000000.0,1535000000.0,0.17,1535000000.0,1459000000.0,1321000000.0,2.4,2.38,2.4,54572000000.0,,54572000000.0,87312195890.0,17.0,16.452,2205000000.0,4.838,1.0,3835000000.0,0.424,21378000000.0,138000000.0,167200000000.0,,0.0,108242000000.0,,,120576000000.0,,,73576195890.0,221000000.0,-329000000.0,-402000000.0,-4000000.0,-343000000.0,-693000000.0,-1274000000.0,-1175000000.0,2205000000.0,-17000000.0,1091000000.0,1091000000.0,1091000000.0,0.0,0.0,0.121,2376000000.0,1459000000.0,19470000000.0,0.312,1.348,20.235,20.231,0.0,0.0,161.44,2.225,2.225,13094000000.0,34969000000.0,9045000000.0,9045000000.0,0.0,,,,,0.0,752000000.0,1.0,455749479.0,455749479.0,,19.846,153770000000.0,0.0,230000000.0,766000000.0,337.4,
8,CB,MRQ,2019-06-30,2019-06-30,2019-06-30,2021-07-29,139000000.0,174516000000.0,,,,,117.505,0.0,1368000000.0,1368000000.0,4876000000.0,1150000000.0,,2.244,15104000000.0,,,15104000000.0,16403000000.0,77000000.0,0.0,0.02,0.75,1498000000.0,1575000000.0,0.185,1575000000.0,1498000000.0,1358000000.0,2.52,2.5,2.52,53802000000.0,,53802000000.0,80353779969.0,16.0,14.79,1386000000.0,3.027,1.0,3651000000.0,0.428,21566000000.0,140000000.0,166686000000.0,,0.0,106789000000.0,,,120714000000.0,,,67439779969.0,-25000000.0,0.0,-314000000.0,786000000.0,-335000000.0,199000000.0,-1614000000.0,-974000000.0,1386000000.0,4000000.0,1150000000.0,1150000000.0,1150000000.0,0.0,0.0,0.135,2153000000.0,1498000000.0,19737000000.0,0.298,1.253,17.86,17.875,0.0,0.0,147.29,2.057,2.057,13700000000.0,33878000000.0,8527000000.0,8527000000.0,0.0,,,,,0.0,758000000.0,1.0,457870731.0,457870731.0,,18.623,152950000000.0,0.0,208000000.0,697000000.0,334.046,
9,CB,MRQ,2019-03-31,2019-03-31,2019-03-31,2021-07-29,-770000000.0,171347000000.0,,,,,114.217,0.0,1393000000.0,1393000000.0,4294000000.0,1040000000.0,,2.273,14307000000.0,,,14307000000.0,15909000000.0,76000000.0,0.0,0.021,0.73,1368000000.0,1444000000.0,0.183,1444000000.0,1368000000.0,1228000000.0,2.27,2.25,2.27,52355000000.0,,52355000000.0,77192001655.0,15.0,13.73,1322000000.0,2.884,1.0,3582000000.0,0.455,21419000000.0,140000000.0,162842000000.0,,0.0,103968000000.0,,,118992000000.0,,,64210001655.0,53000000.0,0.0,-332000000.0,1000000.0,-336000000.0,-630000000.0,-673000000.0,-586000000.0,1322000000.0,34000000.0,1040000000.0,1040000000.0,1040000000.0,0.0,0.0,0.132,2214000000.0,1368000000.0,19540000000.0,0.322,1.226,16.38,16.48,0.0,0.0,140.08,1.96,1.96,12524000000.0,32728000000.0,7876000000.0,7876000000.0,0.0,,,,,0.0,710000000.0,1.0,458380937.0,458380937.0,,17.182,149928000000.0,0.0,188000000.0,541000000.0,327.082,
10,CB,MRQ,2018-12-31,2018-12-31,2018-12-31,2021-07-29,-2448000000.0,167771000000.0,,,,,109.183,0.0,1340000000.0,1340000000.0,4772000000.0,355000000.0,,2.335,14322000000.0,,,14322000000.0,15532000000.0,86000000.0,0.0,0.022,0.73,667000000.0,753000000.0,0.099,753000000.0,667000000.0,514000000.0,0.79,0.78,0.79,50312000000.0,,50312000000.0,72740837955.0,14.0,12.904,1583000000.0,3.435,1.0,2854000000.0,0.374,21414000000.0,153000000.0,159339000000.0,,0.0,101646000000.0,,,117459000000.0,,,59526837955.0,183000000.0,0.0,-283000000.0,4000000.0,-336000000.0,-567000000.0,-808000000.0,-506000000.0,1583000000.0,-25000000.0,355000000.0,355000000.0,355000000.0,0.0,0.0,0.047,2187000000.0,667000000.0,18835000000.0,0.924,1.183,15.024,15.109,0.0,0.0,129.18,1.819,1.819,12619000000.0,31700000000.0,7626000000.0,7626000000.0,0.0,,,,,0.0,728000000.0,1.0,460805372.0,460805372.0,,16.549,146357000000.0,0.0,159000000.0,304000000.0,317.611,
11,CB,MRQ,2018-09-30,2018-09-30,2018-09-30,2021-07-29,-2159000000.0,167684000000.0,,,,,109.947,0.0,1157000000.0,1157000000.0,4995000000.0,1231000000.0,,2.292,14371000000.0,,,14371000000.0,15725000000.0,83000000.0,0.0,0.022,0.73,1578000000.0,1661000000.0,0.19,1661000000.0,1578000000.0,1414000000.0,2.66,2.64,2.66,50934000000.0,,50934000000.0,75313921668.0,13.0,12.037,1700000000.0,3.67,1.0,3755000000.0,0.429,21471000000.0,164000000.0,159427000000.0,,0.0,101819000000.0,,,116750000000.0,,,61909921668.0,56000000.0,0.0,-359000000.0,-100000000.0,-340000000.0,-775000000.0,-867000000.0,-776000000.0,1700000000.0,-2000000.0,1231000000.0,1231000000.0,1231000000.0,0.0,0.0,0.141,2177000000.0,1578000000.0,17799000000.0,0.274,1.215,12.045,12.105,0.0,0.0,133.64,1.87,1.87,12741000000.0,31491000000.0,8750000000.0,8750000000.0,0.0,,,,,0.0,719000000.0,1.0,463258917.0,463258917.0,,18.888,146213000000.0,0.0,183000000.0,363000000.0,315.618,
12,CB,MRQ,2018-06-30,2018-06-30,2018-06-30,2021-07-29,-1520000000.0,167534000000.0,,,,,109.426,0.0,1101000000.0,1101000000.0,4637000000.0,1294000000.0,,2.287,14505000000.0,,,14505000000.0,15748000000.0,85000000.0,0.0,0.023,0.73,1679000000.0,1764000000.0,0.207,1764000000.0,1679000000.0,1512000000.0,2.78,2.76,2.78,50971000000.0,,50971000000.0,73228184647.0,17.0,15.728,1646000000.0,3.534,1.0,3873000000.0,0.455,21759000000.0,167000000.0,159179000000.0,,0.0,101861000000.0,,,116563000000.0,,,59166184647.0,-1012000000.0,0.0,-292000000.0,-1603000000.0,-331000000.0,-2216000000.0,-379000000.0,-271000000.0,1646000000.0,-63000000.0,1294000000.0,1294000000.0,1294000000.0,0.0,0.0,0.152,2194000000.0,1679000000.0,17736000000.0,0.263,1.161,15.412,15.434,0.0,0.0,127.02,1.795,1.795,13027000000.0,30260000000.0,8510000000.0,8510000000.0,0.0,,,,,0.0,747000000.0,1.0,465802115.0,465802115.0,,18.27,145775000000.0,0.0,218000000.0,326000000.0,312.955,
13,CB,MRQ,2018-03-31,2018-03-31,2018-03-31,2021-07-29,-502000000.0,168781000000.0,,,,,110.511,0.0,2113000000.0,2113000000.0,4253000000.0,1082000000.0,,2.291,16175000000.0,,,16175000000.0,15495000000.0,85000000.0,0.0,0.021,0.71,1374000000.0,1459000000.0,0.186,1459000000.0,1374000000.0,1217000000.0,2.32,2.3,2.32,51287000000.0,,51287000000.0,77030760810.0,18.0,16.713,551000000.0,1.187,1.0,3578000000.0,0.457,22123000000.0,157000000.0,160720000000.0,,0.0,102769000000.0,,,117494000000.0,,,63473760810.0,1262000000.0,0.0,5000000.0,1879000000.0,-330000000.0,1567000000.0,-881000000.0,-849000000.0,551000000.0,25000000.0,1082000000.0,1082000000.0,1082000000.0,0.0,0.0,0.138,2204000000.0,1374000000.0,16805000000.0,0.306,1.238,16.487,16.598,0.0,0.0,136.77,1.949,1.949,12170000000.0,28965000000.0,7831000000.0,7831000000.0,0.0,,,,,0.0,692000000.0,1.0,464091254.0,464091254.0,,16.874,146658000000.0,0.0,135000000.0,468000000.0,316.011,
14,CB,MRQ,2017-12-31,2017-12-31,2017-12-31,2021-07-29,543000000.0,167022000000.0,,,,,110.232,0.0,851000000.0,851000000.0,4448000000.0,1533000000.0,,2.264,14285000000.0,,,14285000000.0,15216000000.0,66000000.0,0.0,0.019,0.71,1307000000.0,1373000000.0,0.171,1373000000.0,1307000000.0,1151000000.0,3.28,3.25,3.28,51172000000.0,,51172000000.0,81043758814.0,19.0,17.66,1092000000.0,2.352,1.0,3567000000.0,0.445,22054000000.0,156000000.0,158402000000.0,,0.0,103106000000.0,,,115850000000.0,,,67836758814.0,-342000000.0,0.0,-52000000.0,-1000000.0,-330000000.0,-349000000.0,-1081000000.0,-870000000.0,1092000000.0,-4000000.0,1533000000.0,1533000000.0,1533000000.0,0.0,0.0,0.191,2260000000.0,1307000000.0,17150000000.0,0.216,1.326,17.57,17.691,0.0,0.0,146.13,2.104,2.104,11863000000.0,27474000000.0,8015000000.0,8015000000.0,0.0,,,,,0.0,737000000.0,1.0,464221986.0,464221986.0,,17.265,144968000000.0,0.0,-382000000.0,699000000.0,312.282,
15,CB,MRQ,2017-09-30,2017-09-30,2017-09-30,2021-07-29,1069000000.0,167578000000.0,,,,,108.443,0.0,1088000000.0,1088000000.0,6416000000.0,-70000000.0,,2.32,14295000000.0,,,14295000000.0,15456000000.0,65000000.0,0.0,0.02,0.71,-5000000.0,60000000.0,0.007,60000000.0,-5000000.0,-155000000.0,-0.15,-0.15,-0.15,50471000000.0,,50471000000.0,79353062061.0,16.0,11.64,1771000000.0,3.805,1.0,2194000000.0,0.255,22265000000.0,150000000.0,158520000000.0,,0.0,103076000000.0,,,117107000000.0,,,66345062061.0,-226000000.0,0.0,-212000000.0,0.0,-332000000.0,-527000000.0,-1464000000.0,-1389000000.0,1771000000.0,-6000000.0,-70000000.0,-70000000.0,-70000000.0,0.0,0.0,-0.008,2199000000.0,-5000000.0,16757000000.0,-4.733,1.315,16.847,16.91,0.0,0.0,142.55,2.048,2.048,12057000000.0,25941000000.0,8610000000.0,8610000000.0,0.0,,,,,0.0,714000000.0,1.0,465416079.0,465416079.0,,18.5,145313000000.0,0.0,-85000000.0,1139000000.0,312.222,
16,CB,MRQ,2017-06-30,2017-06-30,2017-06-30,2021-07-29,370000000.0,162988000000.0,,,,,107.831,0.0,1297000000.0,1297000000.0,4309000000.0,1305000000.0,,2.237,14305000000.0,,,14305000000.0,15289000000.0,65000000.0,0.0,0.019,0.71,1652000000.0,1717000000.0,0.212,1717000000.0,1652000000.0,1505000000.0,2.79,2.77,2.79,50349000000.0,,50349000000.0,81130619894.0,12.0,9.493,627000000.0,1.343,1.0,3799000000.0,0.469,22013000000.0,147000000.0,153983000000.0,,0.0,100870000000.0,,,112639000000.0,,,67881619894.0,259000000.0,0.0,-300000000.0,4000000.0,-322000000.0,-585000000.0,189000000.0,327000000.0,627000000.0,28000000.0,1305000000.0,1305000000.0,1305000000.0,0.0,0.0,0.161,2147000000.0,1652000000.0,16339000000.0,0.254,1.348,12.646,12.664,0.0,0.0,145.38,2.101,2.101,12254000000.0,26011000000.0,8108000000.0,8108000000.0,0.0,,,,,0.0,706000000.0,1.0,466925420.0,466925420.0,,17.365,140975000000.0,0.0,200000000.0,1122000000.0,301.922,
17,CB,MRQ,2017-03-31,2017-03-31,2017-03-31,2021-07-29,0.0,160967000000.0,,,,,105.681,0.0,1063000000.0,1063000000.0,3957000000.0,1093000000.0,,2.27,14312000000.0,,,14312000000.0,14857000000.0,64000000.0,0.0,0.02,0.69,1375000000.0,1439000000.0,0.192,1439000000.0,1375000000.0,1221000000.0,2.33,2.31,2.33,49224000000.0,,49224000000.0,77298675148.0,12.0,9.831,1013000000.0,2.175,1.0,3553000000.0,0.473,22061000000.0,154000000.0,152155000000.0,,0.0,100157000000.0,,,111743000000.0,,,63462675148.0,72000000.0,0.0,-86000000.0,-499000000.0,-324000000.0,-858000000.0,-66000000.0,40000000.0,1013000000.0,-17000000.0,1093000000.0,1093000000.0,1093000000.0,0.0,0.0,0.146,2178000000.0,1375000000.0,15942000000.0,0.296,1.289,13.252,13.306,0.0,0.0,136.25,1.977,1.977,11429000000.0,24706000000.0,7510000000.0,7510000000.0,0.0,,,,,0.0,676000000.0,1.0,465781102.0,465781102.0,,16.123,138906000000.0,0.0,128000000.0,967000000.0,298.222,
18,CB,MRQ,2016-12-31,2016-12-31,2016-12-31,2021-07-29,-314000000.0,159786000000.0,,,,,103.742,0.0,985000000.0,985000000.0,4016000000.0,1610000000.0,,2.31,14821000000.0,,,14821000000.0,14779000000.0,1578000000.0,0.0,0.021,0.69,2023000000.0,3601000000.0,0.441,3601000000.0,2023000000.0,1869000000.0,3.46,3.43,3.46,48275000000.0,,48275000000.0,75445606039.0,14.0,10.577,1455000000.0,3.127,1.0,4152000000.0,0.508,22095000000.0,154000000.0,151527000000.0,,0.0,99760000000.0,,,111511000000.0,,,61480606039.0,108000000.0,0.0,50000000.0,-3000000.0,-322000000.0,-232000000.0,-1048000000.0,-620000000.0,1455000000.0,-67000000.0,1610000000.0,1610000000.0,1610000000.0,0.0,0.0,0.197,2129000000.0,2023000000.0,15347000000.0,0.199,1.274,14.868,14.779,0.0,0.0,132.12,1.954,1.954,11418000000.0,23613000000.0,8168000000.0,8168000000.0,0.0,,,,,0.0,708000000.0,1.0,465339149.0,465339149.0,,17.553,137691000000.0,0.0,259000000.0,988000000.0,295.894,
19,CB,MRQ,2016-09-30,2016-09-30,2016-09-30,2021-07-29,1197000000.0,161810000000.0,,,,,104.008,0.0,870000000.0,870000000.0,4424000000.0,1360000000.0,,2.345,14835000000.0,,,14835000000.0,15054000000.0,0.0,0.0,0.022,0.69,1789000000.0,1789000000.0,0.21,1789000000.0,1789000000.0,1637000000.0,2.9,2.88,2.9,48372000000.0,,48372000000.0,72270234702.0,17.0,16.519,1684000000.0,3.621,1.0,4103000000.0,0.481,22472000000.0,152000000.0,153303000000.0,,0.0,101701000000.0,,,113438000000.0,,,58437234702.0,-141000000.0,0.0,25000000.0,0.0,-321000000.0,-241000000.0,-1602000000.0,-1547000000.0,1684000000.0,18000000.0,1360000000.0,1360000000.0,1360000000.0,0.0,0.0,0.159,2314000000.0,1789000000.0,15774000000.0,0.238,1.208,18.216,16.664,0.0,0.0,125.65,2.089,2.089,10942000000.0,22003000000.0,8527000000.0,8527000000.0,0.0,,,,,0.0,772000000.0,1.0,465079457.0,465079457.0,,18.335,139338000000.0,0.0,277000000.0,1418000000.0,299.6,
20,CB,MRQ,2016-06-30,2016-06-30,2016-06-30,2021-07-29,1181000000.0,160203000000.0,,,,,101.675,0.0,1011000000.0,1011000000.0,4400000000.0,726000000.0,,2.392,14844000000.0,,,14844000000.0,15229000000.0,0.0,0.0,0.021,0.69,1034000000.0,1034000000.0,0.131,1034000000.0,1034000000.0,881000000.0,1.55,1.54,1.55,47226000000.0,,47226000000.0,74467986549.0,22.0,22.471,1133000000.0,2.439,1.0,3497000000.0,0.443,22923000000.0,153000000.0,151113000000.0,,0.0,100504000000.0,,,112977000000.0,,,60711986549.0,-80000000.0,14000000.0,41000000.0,2000000.0,-312000000.0,-167000000.0,-1057000000.0,-1093000000.0,1133000000.0,11000000.0,726000000.0,726000000.0,726000000.0,0.0,0.0,0.092,2463000000.0,1034000000.0,15701000000.0,0.445,1.286,25.552,20.847,0.0,0.0,130.71,2.496,2.496,10996000000.0,20643000000.0,7897000000.0,7897000000.0,0.0,,,,,0.0,829000000.0,1.0,464478489.0,464478489.0,,17.002,137280000000.0,0.0,155000000.0,1409000000.0,295.557,
21,CB,MRQ,2016-03-31,2016-03-31,2016-03-31,2021-07-29,367000000.0,156644000000.0,,,,,99.415,0.0,1091000000.0,1091000000.0,3800000000.0,439000000.0,,2.413,14847000000.0,,,14847000000.0,14896000000.0,0.0,0.0,0.022,0.67,709000000.0,709000000.0,0.103,709000000.0,709000000.0,563000000.0,0.98,0.97,0.98,45897000000.0,,45897000000.0,64393015977.0,19.0,18.741,1020000000.0,2.209,1.0,3077000000.0,0.447,23359000000.0,146000000.0,147041000000.0,,0.0,98240000000.0,,,110747000000.0,,,55008015977.0,-684000000.0,-14262000000.0,51000000.0,0.0,-218000000.0,-102000000.0,-1615000000.0,12588000000.0,1020000000.0,13000000.0,439000000.0,439000000.0,439000000.0,0.0,0.0,0.064,2368000000.0,709000000.0,14787000000.0,0.684,1.199,21.222,15.657,0.0,0.0,119.15,2.561,2.561,10068000000.0,19917000000.0,6877000000.0,6877000000.0,0.0,,,,,0.0,772000000.0,1.0,461670290.0,461670290.0,,14.896,133285000000.0,0.0,124000000.0,1142000000.0,288.702,
22,CB,MRQ,2015-12-31,2015-12-31,2015-12-31,2021-07-29,-735000000.0,102306000000.0,,,,,89.873,0.0,1775000000.0,1775000000.0,2461000000.0,683000000.0,,2.511,11100000000.0,,,11100000000.0,8439000000.0,0.0,0.0,0.023,0.67,843000000.0,843000000.0,0.18,843000000.0,843000000.0,750000000.0,2.11,2.09,2.11,29135000000.0,,29135000000.0,43411604238.0,12.0,12.072,1165000000.0,3.594,1.0,2218000000.0,0.474,5683000000.0,93000000.0,105948000000.0,,0.0,66904000000.0,,,73171000000.0,,,37880604238.0,737000000.0,5000000.0,42000000.0,4592000000.0,-218000000.0,4472000000.0,-4869000000.0,-4749000000.0,1165000000.0,-31000000.0,683000000.0,683000000.0,683000000.0,0.0,0.0,0.146,1375000000.0,843000000.0,11522000000.0,0.318,1.3,13.366,13.416,0.0,0.0,116.85,1.995,1.995,7405000000.0,19478000000.0,4679000000.0,4679000000.0,0.0,,,,,0.0,570000000.0,1.0,324181471.0,324181471.0,,14.433,96623000000.0,318000000.0,67000000.0,0.0,298.052,
23,CB,MRQ,2015-09-30,2015-09-30,2015-09-30,2021-07-29,-192000000.0,97760000000.0,,,,,89.952,0.0,1038000000.0,1038000000.0,2732000000.0,528000000.0,,2.356,6569000000.0,,,6569000000.0,8510000000.0,0.0,0.0,0.026,0.67,728000000.0,728000000.0,0.149,728000000.0,728000000.0,660000000.0,1.63,1.62,1.63,29127000000.0,,29127000000.0,39259438682.0,11.0,10.884,808000000.0,2.495,1.0,2139000000.0,0.439,5713000000.0,68000000.0,97578000000.0,,0.0,63038000000.0,,,68633000000.0,,,33481438682.0,248000000.0,4000000.0,35000000.0,0.0,-217000000.0,-118000000.0,-405000000.0,-342000000.0,808000000.0,-37000000.0,528000000.0,528000000.0,528000000.0,0.0,0.0,0.108,1411000000.0,728000000.0,11214000000.0,0.411,1.149,12.373,12.488,0.0,0.0,103.4,1.758,1.758,7349000000.0,18795000000.0,4871000000.0,4871000000.0,0.0,,,,,0.0,568000000.0,1.0,323805010.0,323805010.0,,15.043,92047000000.0,395000000.0,132000000.0,0.0,284.267,
24,CB,MRQ,2015-06-30,2015-06-30,2015-06-30,2021-07-29,607000000.0,99840000000.0,,,,,90.495,0.0,790000000.0,790000000.0,2570000000.0,942000000.0,,2.378,6568000000.0,,,6568000000.0,8879000000.0,0.0,0.0,0.032,0.67,1156000000.0,1156000000.0,0.229,1156000000.0,1156000000.0,1085000000.0,2.89,2.86,2.89,29555000000.0,,29555000000.0,39277916452.0,10.0,10.046,816000000.0,2.499,1.0,2478000000.0,0.491,5969000000.0,71000000.0,99649000000.0,,0.0,63903000000.0,,,70285000000.0,,,33207916452.0,-158000000.0,255000000.0,-396000000.0,-450000000.0,-213000000.0,-992000000.0,0.0,-337000000.0,816000000.0,18000000.0,942000000.0,942000000.0,942000000.0,0.0,0.0,0.187,1322000000.0,1156000000.0,11773000000.0,0.232,1.124,11.208,11.298,0.0,0.0,101.68,1.714,1.714,7995000000.0,18267000000.0,5048000000.0,5048000000.0,0.0,,,,,0.0,578000000.0,1.0,326592412.0,326592412.0,,15.457,93871000000.0,285000000.0,143000000.0,0.0,287.426,
25,CB,MRQ,2015-03-31,2015-03-31,2015-03-31,2021-07-29,1152000000.0,98398000000.0,,,,,90.737,0.0,948000000.0,948000000.0,2264000000.0,681000000.0,,2.313,7018000000.0,,,7018000000.0,8182000000.0,0.0,0.0,0.023,0.65,869000000.0,869000000.0,0.198,869000000.0,869000000.0,801000000.0,2.08,2.05,2.08,29702000000.0,,29702000000.0,42058358591.0,11.0,11.252,1075000000.0,3.284,1.0,2125000000.0,0.484,5516000000.0,68000000.0,98952000000.0,,0.0,64484000000.0,,,68696000000.0,,,36495358591.0,293000000.0,0.0,-308000000.0,800000000.0,-214000000.0,333000000.0,-1020000000.0,-867000000.0,1075000000.0,-95000000.0,681000000.0,681000000.0,681000000.0,0.0,0.0,0.155,1256000000.0,869000000.0,11426000000.0,0.312,1.229,13.034,13.257,0.0,0.0,111.49,1.907,1.907,7007000000.0,17325000000.0,4389000000.0,4389000000.0,0.0,,,,,0.0,554000000.0,1.0,327341997.0,327341997.0,,13.408,92882000000.0,224000000.0,120000000.0,0.0,283.746,
26,CB,MRQ,2014-12-31,2014-12-31,2014-12-31,2021-07-29,1191000000.0,98248000000.0,,,,,89.188,0.0,655000000.0,655000000.0,2550000000.0,555000000.0,,2.321,6218000000.0,,,6218000000.0,8222000000.0,0.0,0.0,0.022,0.65,854000000.0,854000000.0,0.18,854000000.0,854000000.0,787000000.0,1.68,1.67,1.68,29587000000.0,,29587000000.0,43521007715.0,12.0,11.553,1274000000.0,3.84,1.0,2187000000.0,0.462,5724000000.0,67000000.0,98087000000.0,,0.0,63408000000.0,,,68661000000.0,,,38110007715.0,-151000000.0,-594000000.0,-389000000.0,1000000.0,-216000000.0,-537000000.0,-816000000.0,-95000000.0,1274000000.0,-72000000.0,555000000.0,555000000.0,555000000.0,0.0,0.0,0.117,1333000000.0,854000000.0,11152000000.0,0.387,1.288,13.358,13.515,0.0,0.0,114.88,1.988,1.988,7452000000.0,16644000000.0,4737000000.0,4737000000.0,0.0,,,,,0.0,590000000.0,1.0,331737541.0,331737541.0,,14.279,92524000000.0,295000000.0,232000000.0,0.0,278.907,
27,CB,MRQ,2014-09-30,2014-09-30,2014-09-30,2021-07-29,1608000000.0,97557000000.0,,,,,89.416,0.0,806000000.0,806000000.0,2809000000.0,785000000.0,,2.25,6217000000.0,,,6217000000.0,8020000000.0,0.0,0.0,0.023,1.3,1031000000.0,1031000000.0,0.198,1031000000.0,1031000000.0,961000000.0,2.35,2.32,2.35,30017000000.0,,30017000000.0,40827754613.0,10.0,10.034,1126000000.0,3.354,1.0,2391000000.0,0.46,5425000000.0,70000000.0,97543000000.0,,0.0,63749000000.0,,,67540000000.0,,,35204754613.0,212000000.0,0.0,-431000000.0,-1000000.0,-218000000.0,-615000000.0,-229000000.0,-200000000.0,1126000000.0,-70000000.0,785000000.0,785000000.0,785000000.0,0.0,0.0,0.151,1360000000.0,1031000000.0,11074000000.0,0.553,1.173,10.681,10.767,0.0,0.0,104.87,1.805,1.805,6900000000.0,16089000000.0,5200000000.0,5200000000.0,0.0,,,,,0.0,554000000.0,1.0,335698995.0,335698995.0,,15.49,92132000000.0,408000000.0,176000000.0,0.0,274.448,
28,CB,MRQ,2014-06-30,2014-06-30,2014-06-30,2021-07-29,2095000000.0,97447000000.0,,,,,89.799,0.0,594000000.0,594000000.0,2532000000.0,779000000.0,,2.213,6217000000.0,,,6217000000.0,8296000000.0,0.0,0.0,0.021,0.0,984000000.0,984000000.0,0.204,984000000.0,984000000.0,912000000.0,2.3,2.28,2.3,30325000000.0,,30325000000.0,40190510453.0,10.0,9.613,846000000.0,2.505,1.0,2283000000.0,0.474,5522000000.0,72000000.0,97548000000.0,,0.0,64090000000.0,,,67122000000.0,,,35019510453.0,-253000000.0,-172000000.0,-187000000.0,199000000.0,-214000000.0,-153000000.0,-956000000.0,-716000000.0,846000000.0,10000000.0,779000000.0,779000000.0,779000000.0,0.0,0.0,0.162,1299000000.0,984000000.0,10654000000.0,0.0,1.155,10.219,10.298,0.0,0.0,103.7,1.798,1.798,7183000000.0,15304000000.0,4815000000.0,4815000000.0,0.0,,,,,0.0,566000000.0,1.0,337700207.0,337700207.0,,14.258,91925000000.0,234000000.0,133000000.0,0.0,272.209,
29,CB,MRQ,2014-03-31,2014-03-31,2014-03-31,2021-07-29,1526000000.0,95179000000.0,,,,,87.237,0.0,847000000.0,847000000.0,2275000000.0,734000000.0,,2.241,6018000000.0,,,6018000000.0,7791000000.0,0.0,0.0,0.022,0.63,898000000.0,898000000.0,0.203,898000000.0,898000000.0,827000000.0,2.16,2.14,2.16,29369000000.0,,29369000000.0,38787278993.0,9.0,9.071,1250000000.0,3.713,1.0,2144000000.0,0.485,5382000000.0,71000000.0,94968000000.0,,0.0,62511000000.0,,,65810000000.0,,,33349278993.0,268000000.0,0.0,-295000000.0,0.0,-214000000.0,-472000000.0,-503000000.0,-453000000.0,1250000000.0,-7000000.0,734000000.0,734000000.0,734000000.0,0.0,0.0,0.166,1246000000.0,898000000.0,10503000000.0,0.292,1.136,9.423,9.543,0.0,0.0,99.06,1.722,1.722,6482000000.0,14525000000.0,4419000000.0,4419000000.0,0.0,,,,,0.0,535000000.0,1.0,336657376.0,336657376.0,,13.126,89797000000.0,516000000.0,93000000.0,0.0,266.731,
30,CB,MRQ,2013-12-31,2013-12-31,2013-12-31,2021-07-29,1152000000.0,94510000000.0,,,,,84.763,0.0,579000000.0,579000000.0,2653000000.0,998000000.0,,2.279,6017000000.0,,,6017000000.0,7539000000.0,0.0,0.0,0.02,0.51,1156000000.0,1156000000.0,0.228,1156000000.0,1156000000.0,1086000000.0,2.93,2.9,2.93,28825000000.0,,28825000000.0,40456936461.0,9.0,8.965,1286000000.0,3.782,1.0,2421000000.0,0.477,5404000000.0,70000000.0,94544000000.0,,0.0,61398000000.0,,,65685000000.0,,,35206936461.0,-189000000.0,0.0,-31000000.0,-1000000.0,-174000000.0,-161000000.0,-1303000000.0,-1098000000.0,1286000000.0,-11000000.0,998000000.0,998000000.0,998000000.0,0.0,0.0,0.197,1265000000.0,1156000000.0,10071000000.0,0.174,1.221,9.369,9.395,0.0,0.0,103.53,1.828,1.828,6701000000.0,13791000000.0,5074000000.0,5074000000.0,0.0,,,,,0.0,570000000.0,1.0,340065071.0,340065071.0,,14.921,89106000000.0,616000000.0,88000000.0,0.0,262.026,
31,CB,MRQ,2013-09-30,2013-09-30,2013-09-30,2021-07-29,1374000000.0,94584000000.0,,,,,82.965,0.0,768000000.0,768000000.0,2793000000.0,916000000.0,,2.352,6018000000.0,,,6018000000.0,7794000000.0,0.0,0.0,0.021,1.02,1143000000.0,1143000000.0,0.221,1143000000.0,1143000000.0,1071000000.0,2.68,2.66,2.68,28218000000.0,,28218000000.0,37159490484.0,9.0,9.175,928000000.0,2.728,1.0,2379000000.0,0.46,5465000000.0,72000000.0,94369000000.0,,0.0,60810000000.0,,,66366000000.0,,,31821490484.0,89000000.0,0.0,29000000.0,1000000.0,-174000000.0,-106000000.0,-763000000.0,-701000000.0,928000000.0,30000000.0,916000000.0,916000000.0,916000000.0,0.0,0.0,0.177,1236000000.0,1143000000.0,10064000000.0,0.381,1.128,9.027,9.048,0.0,0.0,93.56,1.686,1.686,6813000000.0,12793000000.0,5172000000.0,5172000000.0,0.0,,,,,0.0,563000000.0,1.0,340118546.0,340118546.0,,15.206,89119000000.0,584000000.0,155000000.0,12000000.0,262.023,
32,CB,MRQ,2013-06-30,2013-06-30,2013-06-30,2021-07-29,1260000000.0,93688000000.0,,,,,80.239,0.0,679000000.0,679000000.0,2360000000.0,891000000.0,,2.432,6017000000.0,,,6017000000.0,7851000000.0,0.0,0.0,0.022,0.0,1079000000.0,1079000000.0,0.229,1079000000.0,1079000000.0,1006000000.0,2.61,2.59,2.61,27295000000.0,,27295000000.0,35601691619.0,9.0,9.476,895000000.0,2.631,1.0,2345000000.0,0.498,5395000000.0,73000000.0,93631000000.0,,0.0,60142000000.0,,,66393000000.0,,,30438691619.0,-176000000.0,-944000000.0,-17000000.0,-1000000.0,-167000000.0,-155000000.0,-910000000.0,105000000.0,895000000.0,-6000000.0,891000000.0,891000000.0,891000000.0,0.0,0.0,0.189,1266000000.0,1079000000.0,10650000000.0,0.0,1.115,9.369,9.379,0.0,0.0,89.48,1.616,1.616,6841000000.0,11877000000.0,4705000000.0,4705000000.0,0.0,,,,,0.0,564000000.0,1.0,340173118.0,340173118.0,,13.831,88293000000.0,753000000.0,115000000.0,30000000.0,259.553,
33,CB,MRQ,2013-03-31,2013-03-31,2013-03-31,2021-07-29,2650000000.0,93461000000.0,,,,,82.348,0.0,855000000.0,855000000.0,2057000000.0,953000000.0,,2.345,6018000000.0,,,6018000000.0,7019000000.0,0.0,0.0,0.022,0.49,1135000000.0,1135000000.0,0.263,1135000000.0,1135000000.0,1075000000.0,2.8,2.77,2.8,27942000000.0,,27942000000.0,34644127515.0,11.0,10.772,913000000.0,2.691,1.0,2253000000.0,0.523,4909000000.0,60000000.0,93715000000.0,,0.0,61808000000.0,,,65519000000.0,,,30189127515.0,240000000.0,-33000000.0,-133000000.0,948000000.0,-2000000.0,813000000.0,-1466000000.0,-1378000000.0,913000000.0,-20000000.0,953000000.0,953000000.0,953000000.0,0.0,0.0,0.221,1118000000.0,1135000000.0,10892000000.0,0.175,1.08,11.239,11.276,0.0,0.0,88.97,1.672,1.672,5807000000.0,10986000000.0,4310000000.0,4310000000.0,0.0,,,,,0.0,514000000.0,1.0,339318053.0,339318053.0,,12.702,88552000000.0,505000000.0,122000000.0,43000000.0,260.97,
34,CB,MRQ,2012-12-31,2012-12-31,2012-12-31,2021-07-29,2887000000.0,92545000000.0,,,,,81.019,0.0,615000000.0,615000000.0,2825000000.0,765000000.0,,2.361,5070000000.0,,,5070000000.0,6864000000.0,0.0,0.0,0.03,0.49,693000000.0,693000000.0,0.148,693000000.0,693000000.0,630000000.0,2.25,2.22,2.25,27531000000.0,,27531000000.0,31497703040.0,10.0,9.764,970000000.0,2.855,1.0,1862000000.0,0.397,4975000000.0,63000000.0,92025000000.0,,0.0,60718000000.0,,,65014000000.0,,,27116703040.0,-75000000.0,0.0,53000000.0,-1000000.0,-331000000.0,-279000000.0,-757000000.0,-541000000.0,970000000.0,-9000000.0,765000000.0,765000000.0,765000000.0,0.0,0.0,0.163,1169000000.0,693000000.0,10664000000.0,0.218,0.985,10.021,10.025,0.0,0.0,79.8,1.512,1.512,5764000000.0,10033000000.0,4687000000.0,4687000000.0,0.0,,,,,0.0,553000000.0,1.0,339808296.0,339808296.0,,13.793,87570000000.0,453000000.0,-135000000.0,0.0,257.704,
35,CB,MRQ,2012-09-30,2012-09-30,2012-09-30,2021-07-29,3014000000.0,93508000000.0,,,,,79.515,0.0,690000000.0,690000000.0,3177000000.0,640000000.0,,2.468,5071000000.0,,,5071000000.0,7068000000.0,0.0,804000000.0,0.025,0.98,850000000.0,850000000.0,0.165,850000000.0,850000000.0,787000000.0,1.88,1.86,1.88,26963000000.0,,26963000000.0,30088380755.0,9.0,8.719,1642000000.0,4.842,1.0,1961000000.0,0.382,4990000000.0,63000000.0,92899000000.0,,0.0,60171000000.0,,,66545000000.0,,,25635380755.0,73000000.0,-68000000.0,18000000.0,0.0,-166000000.0,-148000000.0,-1432000000.0,-1280000000.0,1642000000.0,11000000.0,640000000.0,640000000.0,640000000.0,0.0,0.0,0.125,1111000000.0,850000000.0,10767000000.0,0.521,0.951,9.58,9.594,0.0,0.0,75.6,1.446,1.446,6901000000.0,9268000000.0,5138000000.0,5138000000.0,0.0,,,,,0.0,519000000.0,1.0,339092347.0,339092347.0,,15.152,88518000000.0,344000000.0,147000000.0,221000000.0,261.044,
36,CB,MRQ,2012-06-30,2012-06-30,2012-06-30,2021-07-29,2338000000.0,90701000000.0,,,,,76.063,0.0,617000000.0,617000000.0,2221000000.0,328000000.0,,2.521,5070000000.0,,,5070000000.0,7044000000.0,0.0,687000000.0,0.017,0.0,538000000.0,538000000.0,0.137,538000000.0,538000000.0,476000000.0,0.96,0.96,0.96,25762000000.0,,25762000000.0,29592208923.0,11.0,10.61,811000000.0,2.395,1.0,1705000000.0,0.434,4826000000.0,62000000.0,90328000000.0,,0.0,58020000000.0,,,64939000000.0,,,25107208923.0,-98000000.0,-5000000.0,27000000.0,-130000000.0,-159000000.0,-262000000.0,-635000000.0,-478000000.0,811000000.0,-12000000.0,328000000.0,328000000.0,328000000.0,0.0,0.0,0.084,1167000000.0,538000000.0,10690000000.0,0.0,0.975,12.572,12.586,0.0,0.0,74.13,1.487,1.487,6760000000.0,8628000000.0,3926000000.0,3926000000.0,0.0,,,,,0.0,514000000.0,1.0,338691622.0,338691622.0,,11.592,85875000000.0,557000000.0,148000000.0,162000000.0,253.549,
37,CB,MRQ,2012-03-31,2012-03-31,2012-03-31,2021-07-29,2209000000.0,89749000000.0,,,,,75.429,0.0,715000000.0,715000000.0,1951000000.0,973000000.0,,2.529,5200000000.0,,,5200000000.0,6664000000.0,0.0,690000000.0,0.022,0.94,1145000000.0,1145000000.0,0.274,1145000000.0,1145000000.0,1083000000.0,2.87,2.84,2.87,25431000000.0,,25431000000.0,28985633359.0,10.0,9.573,572000000.0,1.697,1.0,2234000000.0,0.534,4860000000.0,62000000.0,89374000000.0,,0.0,57138000000.0,,,64318000000.0,,,24679633359.0,101000000.0,-25000000.0,17000000.0,281000000.0,-159000000.0,139000000.0,-615000000.0,-487000000.0,572000000.0,5000000.0,973000000.0,973000000.0,973000000.0,0.0,0.0,0.232,1089000000.0,1145000000.0,9958000000.0,0.328,0.97,10.906,10.958,0.0,0.0,73.2,1.434,1.434,6130000000.0,8300000000.0,4185000000.0,4185000000.0,0.0,,,,,0.0,510000000.0,1.0,337153475.0,337153475.0,,12.413,84889000000.0,568000000.0,110000000.0,201000000.0,251.781,
38,CB,MRQ,2011-12-31,2011-12-31,2011-12-31,2021-07-29,1911000000.0,87321000000.0,,,,,72.24,0.0,614000000.0,614000000.0,2405000000.0,735000000.0,,2.589,4920000000.0,,,4920000000.0,6334000000.0,0.0,0.0,0.015,0.0,918000000.0,918000000.0,0.205,918000000.0,918000000.0,855000000.0,2.17,2.16,2.17,24332000000.0,,24332000000.0,27771097577.0,12.0,12.117,472000000.0,1.401,1.0,2074000000.0,0.463,4799000000.0,63000000.0,86828000000.0,,0.0,56028000000.0,,,62989000000.0,,,23618097577.0,-152000000.0,-212000000.0,30000000.0,0.0,-117000000.0,-87000000.0,-506000000.0,-129000000.0,472000000.0,-31000000.0,735000000.0,735000000.0,735000000.0,0.0,0.0,0.164,1156000000.0,918000000.0,9825000000.0,0.0,0.971,15.336,15.411,0.0,0.0,70.12,1.403,1.403,5928000000.0,7327000000.0,4479000000.0,4479000000.0,0.0,,,,,0.0,531000000.0,1.0,336823967.0,336823967.0,,13.298,82522000000.0,673000000.0,120000000.0,159000000.0,245.0,
39,CB,MRQ,2011-09-30,2011-09-30,2011-09-30,2021-07-29,1839000000.0,88720000000.0,,,,,70.273,0.0,766000000.0,766000000.0,2828000000.0,-39000000.0,,2.736,4919000000.0,,,4919000000.0,6594000000.0,0.0,653000000.0,0.022,0.35,188000000.0,188000000.0,0.044,188000000.0,188000000.0,126000000.0,-0.11,-0.11,-0.11,23750000000.0,,23750000000.0,24716856791.0,10.0,9.727,935000000.0,2.767,1.0,1466000000.0,0.341,4817000000.0,62000000.0,88056000000.0,,0.0,55870000000.0,,,64970000000.0,,,20480856791.0,-67000000.0,-14000000.0,-94000000.0,-150000000.0,-119000000.0,-363000000.0,-631000000.0,-432000000.0,935000000.0,-8000000.0,-39000000.0,-39000000.0,-39000000.0,0.0,0.0,-0.009,1278000000.0,188000000.0,9761000000.0,-3.182,0.862,11.487,11.543,0.0,0.0,60.6,1.222,1.222,6985000000.0,6761000000.0,4294000000.0,4294000000.0,0.0,,,,,0.0,520000000.0,1.0,337967945.0,337967945.0,,12.705,83903000000.0,623000000.0,165000000.0,191000000.0,248.257,
40,CB,MRQ,2011-06-30,2011-06-30,2011-06-30,2021-07-29,1989000000.0,89254000000.0,,,,,71.467,0.0,833000000.0,833000000.0,2334000000.0,594000000.0,,2.701,5069000000.0,,,5069000000.0,6913000000.0,0.0,700000000.0,0.025,0.35,777000000.0,777000000.0,0.183,777000000.0,777000000.0,715000000.0,1.75,1.74,1.75,24113000000.0,,24113000000.0,26160809645.0,8.0,8.059,1060000000.0,3.142,1.0,1919000000.0,0.451,4858000000.0,62000000.0,88632000000.0,,0.0,55542000000.0,,,65141000000.0,,,22207809645.0,-282000000.0,-335000000.0,33000000.0,0.0,-111000000.0,-78000000.0,-1268000000.0,-831000000.0,1060000000.0,4000000.0,594000000.0,594000000.0,594000000.0,0.0,0.0,0.14,1142000000.0,777000000.0,9101000000.0,0.2,0.921,8.894,8.967,0.0,0.0,65.82,1.358,1.358,6634000000.0,6792000000.0,4253000000.0,4253000000.0,0.0,,,,,0.0,518000000.0,1.0,337402152.0,337402152.0,,12.605,84396000000.0,586000000.0,121000000.0,23000000.0,250.135,
41,CB,MRQ,2011-03-31,2011-03-31,2011-03-31,2021-07-29,1782000000.0,86220000000.0,,,,,69.666,0.0,1115000000.0,1115000000.0,2354000000.0,250000000.0,,2.688,5068000000.0,,,5068000000.0,6533000000.0,0.0,494000000.0,0.02,0.33,409000000.0,409000000.0,0.107,409000000.0,409000000.0,346000000.0,0.74,0.73,0.74,23376000000.0,,23376000000.0,25904597579.0,8.0,7.756,1003000000.0,2.989,1.0,1454000000.0,0.382,4729000000.0,63000000.0,85444000000.0,,0.0,53087000000.0,,,62844000000.0,,,21709597579.0,343000000.0,-45000000.0,-25000000.0,100000000.0,-112000000.0,-37000000.0,-631000000.0,-556000000.0,1003000000.0,8000000.0,250000000.0,250000000.0,250000000.0,0.0,0.0,0.066,1045000000.0,409000000.0,8277000000.0,0.446,0.929,8.415,8.536,0.0,0.0,64.7,1.368,1.368,5642000000.0,6185000000.0,3808000000.0,3808000000.0,0.0,,,,,0.0,499000000.0,1.0,335542482.0,335542482.0,,11.349,81491000000.0,703000000.0,96000000.0,149000000.0,242.863,
42,CB,MRQ,2010-12-31,2010-12-31,2010-12-31,2021-07-29,1594000000.0,83355000000.0,,,,,67.692,0.0,772000000.0,772000000.0,2061000000.0,978000000.0,,2.628,4967000000.0,,,4967000000.0,6330000000.0,0.0,421000000.0,0.021,0.33,1167000000.0,1167000000.0,0.265,1167000000.0,1167000000.0,1105000000.0,2.87,2.86,2.87,22974000000.0,,22974000000.0,24262020839.0,6.0,6.282,771000000.0,2.272,1.0,2348000000.0,0.533,4664000000.0,62000000.0,82886000000.0,,0.0,51767000000.0,,,60381000000.0,,,21127020839.0,285000000.0,-1072000000.0,-214000000.0,1340000000.0,-112000000.0,1014000000.0,-1513000000.0,-305000000.0,771000000.0,13000000.0,978000000.0,978000000.0,978000000.0,0.0,0.0,0.222,1181000000.0,1167000000.0,8050000000.0,0.115,0.92,6.848,6.856,0.0,0.0,62.25,1.32,1.32,5744000000.0,5926000000.0,4409000000.0,4409000000.0,0.0,,,,,0.0,517000000.0,1.0,339389893.0,339389893.0,,12.991,78691000000.0,769000000.0,127000000.0,116000000.0,231.86,
43,CB,MRQ,2010-09-30,2010-09-30,2010-09-30,2021-07-29,2110000000.0,82388000000.0,,,,,67.414,0.0,487000000.0,487000000.0,1980000000.0,675000000.0,,2.606,3622000000.0,,,3622000000.0,6571000000.0,0.0,327000000.0,0.022,0.66,893000000.0,893000000.0,0.23,893000000.0,893000000.0,835000000.0,1.98,1.97,1.98,22845000000.0,,22845000000.0,22685512845.0,6.0,5.799,1084000000.0,3.199,1.0,1908000000.0,0.491,3906000000.0,58000000.0,81617000000.0,,0.0,51481000000.0,,,59543000000.0,,,19739512845.0,-181000000.0,-67000000.0,22000000.0,0.0,-113000000.0,-91000000.0,-1201000000.0,-1037000000.0,1084000000.0,27000000.0,675000000.0,675000000.0,675000000.0,0.0,0.0,0.174,1015000000.0,893000000.0,7938000000.0,0.333,0.864,6.451,6.451,0.0,0.0,58.25,1.244,1.244,5372000000.0,4925000000.0,3888000000.0,3888000000.0,0.0,,,,,0.0,433000000.0,1.0,338875757.0,338875757.0,,11.473,78482000000.0,873000000.0,160000000.0,260000000.0,231.595,
44,CB,MRQ,2010-06-30,2010-06-30,2010-06-30,2021-07-29,1294000000.0,80160000000.0,,,,,63.22,0.0,668000000.0,668000000.0,1887000000.0,677000000.0,,2.744,3614000000.0,,,3614000000.0,6836000000.0,0.0,308000000.0,0.024,0.0,871000000.0,871000000.0,0.232,871000000.0,871000000.0,819000000.0,1.99,1.98,1.99,21410000000.0,,21410000000.0,20325263081.0,6.0,5.543,868000000.0,2.563,1.0,1873000000.0,0.498,3836000000.0,52000000.0,79270000000.0,,0.0,49008000000.0,,,58750000000.0,,,17434263081.0,-58000000.0,0.0,7000000.0,0.0,-105000000.0,-98000000.0,-801000000.0,-778000000.0,868000000.0,-27000000.0,677000000.0,677000000.0,677000000.0,0.0,0.0,0.18,1002000000.0,871000000.0,7726000000.0,0.0,0.814,6.056,6.049,0.0,0.0,51.48,1.113,1.113,5862000000.0,4250000000.0,3760000000.0,3760000000.0,0.0,,,,,0.0,463000000.0,1.0,338660899.0,338660899.0,,11.103,76324000000.0,1105000000.0,142000000.0,170000000.0,225.37,
45,CB,MRQ,2010-03-31,2010-03-31,2010-03-31,2021-07-29,1126000000.0,79329000000.0,,,,,61.315,0.0,726000000.0,726000000.0,2008000000.0,755000000.0,,2.844,3617000000.0,,,3617000000.0,6437000000.0,0.0,323000000.0,0.024,0.31,931000000.0,931000000.0,0.236,931000000.0,931000000.0,879000000.0,2.23,2.22,2.23,20636000000.0,,20636000000.0,20560981338.0,6.0,5.895,823000000.0,2.445,1.0,1941000000.0,0.492,3883000000.0,52000000.0,78337000000.0,,0.0,48193000000.0,,,58693000000.0,,,17601981338.0,57000000.0,0.0,12000000.0,0.0,-105000000.0,-93000000.0,-666000000.0,-589000000.0,823000000.0,-7000000.0,755000000.0,755000000.0,755000000.0,0.0,0.0,0.191,1010000000.0,931000000.0,7485000000.0,0.139,0.853,6.431,6.457,0.0,0.0,52.3,1.139,1.139,5331000000.0,3573000000.0,3949000000.0,3949000000.0,0.0,,,,,0.0,460000000.0,1.0,336557967.0,336557967.0,,11.733,75446000000.0,1174000000.0,124000000.0,223000000.0,224.169,
46,CB,MRQ,2009-12-31,2009-12-31,2009-12-31,2021-07-29,823000000.0,77980000000.0,,,,,58.46,0.0,669000000.0,669000000.0,1969000000.0,953000000.0,,2.965,3628000000.0,,,3628000000.0,6067000000.0,0.0,332000000.0,0.029,0.31,1217000000.0,1217000000.0,0.285,1217000000.0,1217000000.0,1161000000.0,2.83,2.82,2.83,19667000000.0,,19667000000.0,20043483850.0,6.0,6.07,1003000000.0,2.981,1.0,2303000000.0,0.539,3931000000.0,56000000.0,77008000000.0,,0.0,46948000000.0,,,58313000000.0,,,16955483850.0,-73000000.0,0.0,6000000.0,-200000000.0,-105000000.0,-291000000.0,-787000000.0,-959000000.0,1003000000.0,2000000.0,953000000.0,953000000.0,953000000.0,0.0,0.0,0.223,1086000000.0,1217000000.0,7384000000.0,0.11,0.862,6.652,6.658,0.0,0.0,50.4,1.125,1.125,5192000000.0,2818000000.0,4272000000.0,4272000000.0,0.0,,,,,0.0,486000000.0,1.0,336418317.0,336418317.0,,12.698,74049000000.0,1154000000.0,208000000.0,111000000.0,220.11,
47,CB,MRQ,2009-09-30,2009-09-30,2009-09-30,2021-07-29,785000000.0,77821000000.0,,,,,55.726,0.0,742000000.0,742000000.0,1964000000.0,494000000.0,,3.154,3830000000.0,,,3830000000.0,6369000000.0,0.0,318000000.0,0.026,0.62,648000000.0,648000000.0,0.176,648000000.0,648000000.0,588000000.0,1.46,1.46,1.46,18733000000.0,,18733000000.0,21164145233.0,9.0,9.423,1010000000.0,3.005,1.0,1717000000.0,0.466,3772000000.0,60000000.0,77137000000.0,,0.0,46399000000.0,,,59088000000.0,,,17971145233.0,88000000.0,0.0,5000000.0,-16000000.0,-104000000.0,-115000000.0,-822000000.0,-845000000.0,1010000000.0,15000000.0,494000000.0,494000000.0,494000000.0,0.0,0.0,0.134,1069000000.0,648000000.0,7496000000.0,0.425,0.959,11.121,11.184,0.0,0.0,53.46,1.292,1.292,5353000000.0,1865000000.0,3681000000.0,3681000000.0,0.0,,,,,0.0,451000000.0,1.0,336160598.0,336160598.0,,10.95,74049000000.0,1234000000.0,94000000.0,156000000.0,220.279,
48,CB,MRQ,2009-06-30,2009-06-30,2009-06-30,2021-07-29,-991000000.0,75655000000.0,,,,,49.304,0.0,654000000.0,654000000.0,1899000000.0,535000000.0,,3.568,3847000000.0,,,3847000000.0,6725000000.0,0.0,314000000.0,0.018,0.0,692000000.0,692000000.0,0.195,692000000.0,692000000.0,636000000.0,1.58,1.58,1.58,16561000000.0,,16561000000.0,17589800872.0,10.0,10.268,760000000.0,2.263,1.0,1648000000.0,0.465,3756000000.0,56000000.0,75092000000.0,,0.0,43543000000.0,,,59094000000.0,,,14856800872.0,-190000000.0,0.0,8000000.0,250000000.0,-88000000.0,170000000.0,-1119000000.0,-1088000000.0,760000000.0,-1000000.0,535000000.0,535000000.0,535000000.0,0.0,0.0,0.151,956000000.0,692000000.0,7841000000.0,0.0,0.897,12.633,12.71,0.0,0.0,44.23,1.073,1.073,5927000000.0,1397000000.0,3547000000.0,3547000000.0,0.0,,,,,0.0,454000000.0,1.0,335898731.0,335898731.0,,10.56,71899000000.0,1579000000.0,101000000.0,115000000.0,214.05,
49,CB,MRQ,2009-03-31,2009-03-31,2009-03-31,2021-07-29,-2146000000.0,73127000000.0,,,,,44.117,0.0,844000000.0,844000000.0,1915000000.0,567000000.0,,3.969,3577000000.0,,,3577000000.0,6186000000.0,0.0,333000000.0,0.027,0.53,745000000.0,745000000.0,0.208,745000000.0,745000000.0,692000000.0,1.69,1.69,1.69,14718000000.0,,14718000000.0,16196981664.0,8.0,8.239,562000000.0,1.685,1.0,1660000000.0,0.464,3735000000.0,53000000.0,72125000000.0,,0.0,41126000000.0,,,58409000000.0,,,13477981664.0,-23000000.0,0.0,6000000.0,0.0,-91000000.0,-85000000.0,-496000000.0,-431000000.0,562000000.0,-4000000.0,567000000.0,567000000.0,567000000.0,0.0,0.0,0.159,915000000.0,745000000.0,8302000000.0,0.314,0.916,9.717,9.854,0.0,0.0,40.4,0.954,0.954,5446000000.0,641000000.0,3575000000.0,3575000000.0,0.0,,,,,0.0,420000000.0,1.0,333613391.0,333613391.0,,10.716,69392000000.0,1952000000.0,125000000.0,165000000.0,208.001,
50,CB,MRQ,2008-12-31,2008-12-31,2008-12-31,2021-07-29,-1916000000.0,72057000000.0,,,,,43.306,0.0,867000000.0,867000000.0,1916000000.0,20000000.0,,3.988,3586000000.0,,,3586000000.0,5950000000.0,0.0,345000000.0,0.015,0.26,161000000.0,161000000.0,0.052,161000000.0,161000000.0,107000000.0,0.05,0.05,0.05,14446000000.0,,14446000000.0,20818157079.0,12.0,11.585,961000000.0,2.881,1.0,1187000000.0,0.383,3747000000.0,54000000.0,71029000000.0,,0.0,40547000000.0,,,57611000000.0,,,17653157079.0,388000000.0,1000000.0,9000000.0,-4000000.0,-86000000.0,-69000000.0,-584000000.0,-453000000.0,961000000.0,80000000.0,20000000.0,20000000.0,20000000.0,0.0,0.0,0.006,1026000000.0,161000000.0,7512000000.0,5.2,1.222,14.748,15.034,0.0,0.0,52.92,1.295,1.295,4992000000.0,74000000.0,3103000000.0,3103000000.0,0.0,,,,,0.0,444000000.0,1.0,333581968.0,333581968.0,,9.302,68310000000.0,1835000000.0,87000000.0,138000000.0,204.777,
51,CB,MRQ,2008-09-30,2008-09-30,2008-09-30,2021-07-29,-1023000000.0,75155000000.0,,,,,46.08,0.0,479000000.0,479000000.0,2460000000.0,54000000.0,,3.894,3644000000.0,,,3644000000.0,6459000000.0,0.0,346000000.0,0.015,0.0,115000000.0,115000000.0,0.032,115000000.0,115000000.0,47000000.0,0.16,0.16,0.16,15356000000.0,,15356000000.0,21823510774.0,9.0,9.124,1058000000.0,3.175,1.0,1159000000.0,0.32,3817000000.0,68000000.0,74503000000.0,,0.0,42678000000.0,,,59799000000.0,,,18038510774.0,-103000000.0,35000000.0,8000000.0,-705000000.0,-98000000.0,-795000000.0,-336000000.0,-317000000.0,1058000000.0,-30000000.0,54000000.0,54000000.0,54000000.0,0.0,0.0,0.015,1044000000.0,115000000.0,8058000000.0,0.0,1.175,10.314,10.635,0.0,0.0,54.13,1.286,1.286,5269000000.0,54000000.0,3619000000.0,3619000000.0,0.0,,,,,0.0,457000000.0,1.0,333244235.0,333244235.0,,10.86,71338000000.0,1468000000.0,-7000000.0,0.0,214.071,
52,CB,MRQ,2008-06-30,2008-06-30,2008-06-30,2021-07-29,-54000000.0,77776000000.0,,,,,49.044,0.0,582000000.0,582000000.0,1984000000.0,746000000.0,,3.764,4367000000.0,,,4367000000.0,7054000000.0,0.0,354000000.0,0.02,0.29,945000000.0,945000000.0,0.246,945000000.0,945000000.0,883000000.0,2.2,2.18,2.2,16327000000.0,,16327000000.0,21592827018.0,7.0,6.927,1067000000.0,3.205,1.0,1850000000.0,0.483,3612000000.0,62000000.0,77949000000.0,,0.0,44743000000.0,,,61449000000.0,,,18339827018.0,71000000.0,-2557000000.0,31000000.0,600000000.0,-89000000.0,-46000000.0,-947000000.0,1852000000.0,1067000000.0,-3000000.0,746000000.0,746000000.0,746000000.0,0.0,0.0,0.195,905000000.0,945000000.0,9002000000.0,0.132,1.123,7.801,7.973,0.0,0.0,55.09,1.306,1.306,6050000000.0,0.0,3834000000.0,3834000000.0,0.0,,,,,0.0,461000000.0,1.0,332906644.0,332906644.0,,11.517,74164000000.0,1029000000.0,137000000.0,28000000.0,222.777,
53,CB,MRQ,2008-03-31,2008-03-31,2008-03-31,2021-07-29,474000000.0,73919000000.0,,,,,50.729,0.0,511000000.0,511000000.0,1642000000.0,377000000.0,,3.417,3764000000.0,,,3764000000.0,6653000000.0,0.0,362000000.0,0.02,0.27,576000000.0,576000000.0,0.187,576000000.0,576000000.0,530000000.0,1.11,1.1,1.11,16735000000.0,,16735000000.0,20145640382.0,7.0,6.653,1015000000.0,3.077,1.0,1434000000.0,0.466,2763000000.0,46000000.0,74409000000.0,,0.0,44006000000.0,,,57184000000.0,,,18163640382.0,1000000.0,0.0,59000000.0,1265000000.0,-89000000.0,1224000000.0,-2257000000.0,-2077000000.0,1015000000.0,19000000.0,377000000.0,377000000.0,377000000.0,0.0,0.0,0.123,858000000.0,576000000.0,8393000000.0,0.243,1.085,8.058,8.255,0.0,0.0,55.06,1.328,1.328,19459000000.0,9358000000.0,3076000000.0,3076000000.0,0.0,,,,,0.0,375000000.0,1.0,329888123.0,329888123.0,,9.324,71156000000.0,1054000000.0,153000000.0,198000000.0,215.697,
54,CB,MRQ,2007-12-31,2007-12-31,2007-12-31,2021-07-29,769000000.0,72090000000.0,,,,,50.6,0.0,510000000.0,510000000.0,1956000000.0,572000000.0,,3.323,2492000000.0,,,2492000000.0,6227000000.0,0.0,351000000.0,0.017,0.27,756000000.0,756000000.0,0.216,756000000.0,756000000.0,713000000.0,1.62,1.65,1.62,16677000000.0,,16677000000.0,22319730884.0,7.0,6.707,823000000.0,2.497,1.0,1539000000.0,0.44,2838000000.0,43000000.0,71234000000.0,,0.0,42552000000.0,,,55413000000.0,,,20361730884.0,4000000.0,0.0,11000000.0,35000000.0,-88000000.0,-30000000.0,-798000000.0,-623000000.0,823000000.0,9000000.0,572000000.0,572000000.0,572000000.0,0.0,0.0,0.164,783000000.0,756000000.0,8575000000.0,0.167,1.221,7.898,8.023,0.0,0.0,61.78,1.439,1.439,5140000000.0,9080000000.0,3495000000.0,3495000000.0,0.0,,,,,0.0,385000000.0,1.0,329584513.0,329584513.0,,10.604,69252000000.0,1087000000.0,141000000.0,111000000.0,210.119,
55,CB,MRQ,2007-09-30,2007-09-30,2007-09-30,2021-07-29,656000000.0,71954000000.0,,,,,48.712,0.0,506000000.0,506000000.0,1910000000.0,656000000.0,,3.487,2464000000.0,,,2464000000.0,6542000000.0,0.0,355000000.0,0.017,0.27,840000000.0,840000000.0,0.231,840000000.0,840000000.0,796000000.0,1.98,1.95,1.98,16035000000.0,,16035000000.0,21774430359.0,6.0,6.399,1484000000.0,4.508,1.0,1732000000.0,0.476,2731000000.0,44000000.0,71181000000.0,,0.0,42253000000.0,,,55919000000.0,,,19938430359.0,-115000000.0,0.0,17000000.0,0.0,-90000000.0,-84000000.0,-1530000000.0,-1369000000.0,1484000000.0,15000000.0,656000000.0,656000000.0,656000000.0,0.0,0.0,0.18,892000000.0,840000000.0,8989000000.0,0.136,1.243,7.465,7.478,0.0,0.0,60.57,1.411,1.411,19229000000.0,8609000000.0,3642000000.0,3642000000.0,0.0,,,,,0.0,358000000.0,1.0,329179963.0,329179963.0,,11.064,69223000000.0,1163000000.0,140000000.0,174000000.0,210.289,
56,CB,MRQ,2007-06-30,2007-06-30,2007-06-30,2021-07-29,403000000.0,71020000000.0,,,,,46.208,0.0,621000000.0,621000000.0,1793000000.0,649000000.0,,3.677,2457000000.0,,,2457000000.0,7001000000.0,0.0,363000000.0,0.016,0.27,856000000.0,856000000.0,0.247,856000000.0,856000000.0,814000000.0,1.96,1.93,1.96,15184000000.0,,15184000000.0,22856214671.0,7.0,6.891,1158000000.0,3.524,1.0,1675000000.0,0.483,2731000000.0,42000000.0,70125000000.0,,0.0,40179000000.0,,,55836000000.0,,,20544214671.0,-18000000.0,0.0,30000000.0,-500000000.0,-82000000.0,-563000000.0,-612000000.0,-596000000.0,1158000000.0,-1000000.0,649000000.0,649000000.0,649000000.0,0.0,0.0,0.187,819000000.0,856000000.0,9203000000.0,0.138,1.353,7.923,7.934,0.0,0.0,62.52,1.481,1.481,19858000000.0,8053000000.0,3468000000.0,3468000000.0,0.0,,,,,0.0,356000000.0,1.0,328602282.0,328602282.0,,10.554,68289000000.0,1163000000.0,165000000.0,168000000.0,207.817,
57,CB,MRQ,2007-03-31,2007-03-31,2007-03-31,2021-07-29,778000000.0,69774000000.0,,,,,45.784,0.0,639000000.0,639000000.0,1860000000.0,701000000.0,,3.664,2951000000.0,,,2951000000.0,6670000000.0,0.0,327000000.0,0.018,0.25,876000000.0,876000000.0,0.247,876000000.0,876000000.0,830000000.0,2.13,2.1,2.13,14959000000.0,,14959000000.0,20525003005.0,6.0,6.388,1236000000.0,3.783,1.0,1689000000.0,0.476,2731000000.0,46000000.0,69355000000.0,,0.0,39124000000.0,,,54815000000.0,,,18643003005.0,74000000.0,0.0,16000000.0,500000000.0,-81000000.0,424000000.0,-1590000000.0,-1523000000.0,1236000000.0,4000000.0,701000000.0,701000000.0,701000000.0,0.0,0.0,0.198,813000000.0,876000000.0,8268000000.0,0.117,1.246,7.407,7.439,0.0,0.0,57.06,1.361,1.361,19684000000.0,7504000000.0,3549000000.0,3549000000.0,0.0,,,,,0.0,356000000.0,1.0,326726300.0,326726300.0,,10.862,67043000000.0,1192000000.0,129000000.0,265000000.0,205.196,
58,CB,MRQ,2006-12-31,2006-12-31,2006-12-31,2021-07-29,716000000.0,67135000000.0,,,,,43.777,0.0,565000000.0,565000000.0,1824000000.0,665000000.0,,3.702,2447000000.0,,,2447000000.0,6437000000.0,0.0,335000000.0,0.016,0.25,831000000.0,831000000.0,0.24,831000000.0,831000000.0,789000000.0,2.03,1.99,2.03,14278000000.0,,14278000000.0,21651903259.0,7.0,7.21,804000000.0,2.465,1.0,1645000000.0,0.474,2731000000.0,42000000.0,66286000000.0,,0.0,37390000000.0,,,52857000000.0,,,19754903259.0,21000000.0,372000000.0,17000000.0,0.0,-82000000.0,-77000000.0,-696000000.0,-1222000000.0,804000000.0,-10000000.0,665000000.0,665000000.0,665000000.0,0.0,0.0,0.192,814000000.0,831000000.0,7447000000.0,0.123,1.384,8.57,8.628,0.0,0.0,60.57,1.482,1.482,19746000000.0,6906000000.0,3469000000.0,3469000000.0,0.0,,,,,0.0,365000000.0,1.0,326149963.0,326149963.0,,10.636,64404000000.0,1165000000.0,124000000.0,156000000.0,197.467,
59,CB,MRQ,2006-09-30,2006-09-30,2006-09-30,2021-07-29,568000000.0,66433000000.0,,,,,41.501,0.0,544000000.0,544000000.0,1818000000.0,578000000.0,,3.917,2441000000.0,,,2441000000.0,6676000000.0,0.0,346000000.0,0.018,0.25,754000000.0,754000000.0,0.222,754000000.0,754000000.0,708000000.0,1.76,1.73,1.76,13511000000.0,,13511000000.0,19994623399.0,8.0,8.135,1333000000.0,4.095,1.0,1571000000.0,0.464,2655000000.0,46000000.0,65675000000.0,,0.0,36446000000.0,,,52922000000.0,,,17817623399.0,-8000000.0,-372000000.0,21000000.0,-300000000.0,-82000000.0,-372000000.0,-976000000.0,-515000000.0,1333000000.0,7000000.0,578000000.0,578000000.0,578000000.0,0.0,0.0,0.171,817000000.0,754000000.0,7326000000.0,0.142,1.319,9.498,9.619,0.0,0.0,54.73,1.366,1.366,20300000000.0,6334000000.0,3389000000.0,3389000000.0,0.0,,,,,0.0,353000000.0,1.0,325554968.0,325554968.0,,10.41,63778000000.0,1164000000.0,130000000.0,166000000.0,195.905,
60,CB,MRQ,2006-06-30,2006-06-30,2006-06-30,2021-07-29,52000000.0,65390000000.0,,,,,38.335,0.0,552000000.0,552000000.0,1748000000.0,573000000.0,,4.245,2729000000.0,,,2729000000.0,6963000000.0,0.0,348000000.0,0.019,0.25,752000000.0,752000000.0,0.229,752000000.0,752000000.0,707000000.0,1.75,1.72,1.75,12466000000.0,,12466000000.0,18474148104.0,11.0,11.196,882000000.0,2.712,1.0,1541000000.0,0.469,2703000000.0,45000000.0,64864000000.0,,0.0,35257000000.0,,,52924000000.0,,,16451148104.0,154000000.0,0.0,11000000.0,298000000.0,-75000000.0,223000000.0,-952000000.0,-981000000.0,882000000.0,1000000.0,573000000.0,573000000.0,573000000.0,0.0,0.0,0.174,789000000.0,752000000.0,6373000000.0,0.143,1.32,13.871,14.454,0.0,0.0,50.59,1.251,1.251,21097000000.0,5849000000.0,3289000000.0,3289000000.0,0.0,,,,,0.0,340000000.0,1.0,325185770.0,325185770.0,,10.114,62687000000.0,1243000000.0,134000000.0,138000000.0,192.773,
61,CB,MRQ,2006-03-31,2006-03-31,2006-03-31,2021-07-29,250000000.0,64847000000.0,,,,,37.531,0.0,398000000.0,398000000.0,1680000000.0,489000000.0,,4.334,2421000000.0,,,2421000000.0,6554000000.0,0.0,318000000.0,0.018,0.23,666000000.0,666000000.0,0.209,666000000.0,666000000.0,623000000.0,1.49,1.46,1.49,12157000000.0,,12157000000.0,18755236559.0,12.0,12.21,1086000000.0,3.353,1.0,1501000000.0,0.472,2703000000.0,43000000.0,64167000000.0,,0.0,34142000000.0,,,52690000000.0,,,16847236559.0,-114000000.0,0.0,26000000.0,0.0,-73000000.0,-58000000.0,-1146000000.0,-1073000000.0,1086000000.0,4000000.0,489000000.0,489000000.0,489000000.0,0.0,0.0,0.154,839000000.0,662000000.0,6922000000.0,0.154,1.386,15.599,15.479,0.0,0.0,52.01,1.284,1.284,20988000000.0,5369000000.0,3181000000.0,3181000000.0,0.0,,,,,0.0,398000000.0,1.0,323923038.0,323923038.0,,9.82,62144000000.0,1271000000.0,134000000.0,179000000.0,191.848,
62,CB,MRQ,2005-12-31,2005-12-31,2005-12-31,2021-07-29,332000000.0,62440000000.0,,,,,36.646,0.0,512000000.0,512000000.0,2135000000.0,236000000.0,,4.286,2420000000.0,,,2420000000.0,5884000000.0,0.0,350000000.0,0.017,0.23,286000000.0,286000000.0,0.09,286000000.0,286000000.0,240000000.0,0.69,0.68,0.69,11812000000.0,,11812000000.0,19238202921.0,13.0,13.043,809000000.0,2.51,1.0,1053000000.0,0.33,2703000000.0,46000000.0,61645000000.0,,0.0,32718000000.0,,,50628000000.0,,,17225202921.0,103000000.0,0.0,1521000000.0,3000000.0,-66000000.0,1446000000.0,-2147000000.0,-2045000000.0,809000000.0,-5000000.0,236000000.0,236000000.0,236000000.0,0.0,0.0,0.074,767000000.0,286000000.0,6224000000.0,0.333,1.458,16.756,15.905,0.0,0.0,53.44,1.316,1.316,20152000000.0,4965000000.0,3188000000.0,3188000000.0,0.0,,,,,0.0,301000000.0,1.0,322327905.0,322327905.0,,9.891,59737000000.0,1314000000.0,4000000.0,174000000.0,185.33,
63,CB,MRQ,2005-09-30,2005-09-30,2005-09-30,2021-07-29,441000000.0,60545000000.0,,,,,35.473,0.0,409000000.0,409000000.0,2804000000.0,-112000000.0,,4.919,2422000000.0,,,2422000000.0,6238000000.0,0.0,331000000.0,0.019,0.23,-54000000.0,-54000000.0,-0.015,-54000000.0,-54000000.0,-97000000.0,-0.43,-0.43,-0.43,10229000000.0,,10229000000.0,15330221604.0,10.0,10.372,1193000000.0,4.137,1.0,690000000.0,0.197,2703000000.0,43000000.0,59855000000.0,,0.0,30837000000.0,,,50316000000.0,,,13573221604.0,-242000000.0,7000000.0,28000000.0,9000000.0,-67000000.0,-41000000.0,-1390000000.0,-1350000000.0,1193000000.0,-4000000.0,-112000000.0,-112000000.0,-112000000.0,0.0,0.0,-0.032,744000000.0,-54000000.0,5937000000.0,-0.535,1.327,12.685,12.967,0.0,0.0,47.07,1.029,1.029,20813000000.0,4815000000.0,3494000000.0,3494000000.0,0.0,,,,,0.0,308000000.0,1.0,288362473.0,288362473.0,,12.117,57842000000.0,1244000000.0,15000000.0,0.0,200.588,
64,CB,MRQ,2005-06-30,2005-06-30,2005-06-30,2021-07-29,552000000.0,58123000000.0,,,,,36.523,0.0,651000000.0,651000000.0,1843000000.0,467000000.0,,4.536,2408000000.0,,,2408000000.0,6457000000.0,0.0,347000000.0,0.019,0.23,638000000.0,638000000.0,0.196,638000000.0,638000000.0,595000000.0,1.61,1.58,1.61,10499000000.0,,10499000000.0,14726903950.0,9.0,8.92,1093000000.0,3.802,1.0,1415000000.0,0.434,2703000000.0,43000000.0,57177000000.0,,0.0,29603000000.0,,,47624000000.0,,,12892581950.0,77000000.0,0.0,21000000.0,0.0,-60000000.0,-50000000.0,-950000000.0,-983000000.0,1093000000.0,-16000000.0,467000000.0,467000000.0,467000000.0,0.0,0.0,0.143,777000000.0,638000000.0,5590000000.0,0.143,1.228,10.871,11.129,0.0,0.0,44.85,1.009,1.009,19795000000.0,5005000000.0,3258000000.0,3258000000.0,0.0,,,,,0.0,316000000.0,1.0,287460034.0,287460034.0,,11.334,55420000000.0,1134000000.0,128000000.0,0.0,192.792,
65,CB,MRQ,2005-03-31,2005-03-31,2005-03-31,2021-07-29,447910000.0,57008731000.0,,,,,34.695,0.0,574118000.0,574118000.0,1789000000.0,437000000.0,,4.718,2408440000.0,,,2408440000.0,6527031000.0,0.0,301524000.0,0.02,0.21,605000000.0,605000000.0,0.192,605000000.0,605000000.0,563000000.0,1.5,1.48,1.5,9969724000.0,,9969724000.0,13732697021.0,9.0,8.524,1213000000.0,4.221,1.0,1359000000.0,0.432,2695449000.0,42000000.0,56147604000.0,,0.0,28492138000.0,,,47039007000.0,,,11859097021.0,76000000.0,0.0,43000000.0,1000000.0,-60000000.0,-27000000.0,-1106000000.0,-1076000000.0,1213000000.0,-4000000.0,437000000.0,437000000.0,437000000.0,0.0,0.0,0.139,754000000.0,605000000.0,5677837000.0,0.14,1.19,10.384,10.609,0.0,0.0,41.27,0.943,0.943,19585309000.0,4614588000.0,3148000000.0,3148000000.0,0.0,,,,,0.0,336000000.0,1.0,287353938.0,287353938.0,,10.955,54313282000.0,1177810000.0,126000000.0,0.0,189.012,
66,CB,MRQ,2004-12-31,2004-12-31,2004-12-31,2021-07-29,734000000.0,56183000000.0,,,,,34.641,0.0,498000000.0,498000000.0,2214000000.0,278000000.0,,4.707,2407000000.0,,,2407000000.0,5983000000.0,0.0,343000000.0,0.019,0.21,289000000.0,289000000.0,0.088,289000000.0,289000000.0,246000000.0,0.95,0.93,0.95,9845000000.0,,9845000000.0,13930519435.0,9.0,8.588,868000000.0,3.054,1.0,1079000000.0,0.328,2700000000.0,43000000.0,55392000000.0,,0.0,27721000000.0,,,46338000000.0,,,12149450435.0,-125000000.0,6000000.0,11000000.0,0.0,-60000000.0,-61000000.0,-952000000.0,-897000000.0,868000000.0,20000000.0,278000000.0,278000000.0,278000000.0,0.0,0.0,0.084,790000000.0,289000000.0,5411000000.0,0.221,1.234,10.537,10.823,0.0,0.0,42.75,0.986,0.986,19688000000.0,4249000000.0,3293000000.0,3293000000.0,0.0,,,,,0.0,337000000.0,1.0,284197671.0,284197671.0,,11.587,53483000000.0,1173000000.0,-32000000.0,0.0,188.189,
67,CB,MRQ,2004-09-30,2004-09-30,2004-09-30,2021-07-29,607838000.0,54455683000.0,,,,,33.377,0.0,625799000.0,625799000.0,2221000000.0,4000000.0,,4.745,2406868000.0,,,2406868000.0,6465590000.0,0.0,220303000.0,0.02,0.21,119000000.0,119000000.0,0.039,119000000.0,119000000.0,69000000.0,-0.03,-0.03,-0.03,9479573000.0,,9479573000.0,13596429406.0,7.0,6.835,1807000000.0,6.362,1.0,852000000.0,0.277,2612449000.0,50000000.0,53624303000.0,,0.0,27383547000.0,,,44976110000.0,,,11377789406.0,-37000000.0,0.0,15000000.0,-475000000.0,-59000000.0,-530000000.0,-1310000000.0,-1267000000.0,1807000000.0,-4000000.0,4000000.0,4000000.0,4000000.0,0.0,0.0,0.001,733000000.0,119000000.0,4446268000.0,-7.0,1.2,8.224,8.311,0.0,0.0,40.06,0.919,0.919,19469714000.0,4031251000.0,3073000000.0,3073000000.0,0.0,,,,,0.0,306000000.0,1.0,284018700.0,284018700.0,,10.82,51843234000.0,1015576000.0,65000000.0,0.0,182.535,
68,CB,MRQ,2004-06-30,2004-06-30,2004-06-30,2021-07-29,305538000.0,53651156000.0,,,,,32.565,0.0,663240000.0,663240000.0,1726000000.0,423000000.0,,4.819,2881880000.0,,,2881880000.0,6555437000.0,0.0,221308000.0,0.018,0.21,598000000.0,598000000.0,0.195,598000000.0,598000000.0,552000000.0,1.47,1.44,1.47,9220473000.0,,9220473000.0,13739768217.0,6.0,5.881,1088091000.0,3.843,1.0,1341000000.0,0.437,2614107000.0,46000000.0,53255689000.0,,0.0,26071826000.0,,,44430683000.0,,,11971300217.0,48764000.0,953000000.0,26911000.0,500014000.0,-53818000.0,462320000.0,-1497670000.0,-2349738000.0,1088091000.0,-3977000.0,423000000.0,423000000.0,423000000.0,0.0,0.0,0.138,743000000.0,598000000.0,4240481000.0,0.143,1.298,6.902,6.931,0.0,0.0,42.28,0.999,0.999,19788541000.0,4104754000.0,3067000000.0,3067000000.0,0.0,,,,,0.0,304000000.0,1.0,283143342.0,283143342.0,,10.832,51037049000.0,1114559000.0,129000000.0,0.0,180.252,
69,CB,MRQ,2004-03-31,2004-03-31,2004-03-31,2021-07-29,854245000.0,52478549000.0,,,,,33.423,0.0,613886000.0,613886000.0,1529493000.0,447429000.0,,4.585,2382354000.0,,,2382354000.0,6929562000.0,0.0,217443000.0,0.018,0.19,615550000.0,615550000.0,0.213,615550000.0,615550000.0,571278000.0,1.56,1.53,1.56,9396820000.0,,9396820000.0,13802162402.0,6.0,6.16,1175909000.0,4.182,1.0,1356773000.0,0.47,2699525000.0,44272000.0,51547492000.0,,0.0,25574617000.0,,,43081729000.0,,,11993883402.0,52236000.0,0.0,38089000.0,-14000.0,-53182000.0,-26320000.0,-1106330000.0,-1113262000.0,1175909000.0,8977000.0,447429000.0,447429000.0,447429000.0,0.0,0.0,0.155,741223000.0,615550000.0,3909773000.0,0.122,1.276,7.131,7.134,0.0,0.0,42.66,1.039,1.039,19303101000.0,3762514000.0,2886266000.0,2886266000.0,0.0,,,,,0.0,317626000.0,1.0,281150572.0,281150572.0,,10.266,49779024000.0,997034000.0,123849000.0,0.0,177.055,
70,CB,MRQ,2003-12-31,2003-12-31,2003-12-31,2021-07-29,713421000.0,49317406000.0,,,,,31.615,0.0,558944000.0,558944000.0,1906310000.0,509123000.0,,4.59,2369929000.0,,,2369929000.0,5852664000.0,0.0,212577000.0,0.018,0.19,656620000.0,656620000.0,0.195,656620000.0,656620000.0,612578000.0,1.82,1.79,1.82,8823098000.0,,8823098000.0,13498359308.0,7.0,6.852,1665056000.0,5.966,1.0,1452965000.0,0.433,2797830000.0,44042000.0,48330561000.0,,0.0,22832162000.0,,,40494308000.0,,,11559364308.0,130234000.0,0.0,25152000.0,-40000.0,-52538000.0,-39203000.0,-1497426000.0,-1439895000.0,1665056000.0,1807000.0,509123000.0,509123000.0,509123000.0,0.0,0.0,0.152,796345000.0,656620000.0,3524588000.0,0.104,1.31,7.8,7.742,0.0,0.0,41.42,1.061,1.061,17543501000.0,3374419000.0,3359275000.0,3359275000.0,0.0,,,,,0.0,348685000.0,1.0,279076892.0,279076892.0,,12.037,46519576000.0,1115854000.0,103455000.0,0.0,166.691,
71,CB,MRQ,2003-09-30,2003-09-30,2003-09-30,2021-07-29,668375000.0,47234498000.0,,,,,29.994,0.0,431121000.0,431121000.0,1518478000.0,354965000.0,,4.66,2370116000.0,,,2370116000.0,6243098000.0,0.0,75957000.0,0.022,0.19,466259000.0,466259000.0,0.175,466259000.0,466259000.0,421911000.0,1.25,1.22,1.25,8345956000.0,,8345956000.0,10998966390.0,10.0,10.317,1041041000.0,3.741,1.0,1151292000.0,0.431,2710830000.0,44348000.0,46462663000.0,,0.0,21653588000.0,,,38888542000.0,,,9204632390.0,-144653000.0,0.0,15901000.0,-59000.0,-52774000.0,-48269000.0,-1156618000.0,-1126716000.0,1041041000.0,19193000.0,354965000.0,354965000.0,354965000.0,0.0,0.0,0.133,685033000.0,466259000.0,3175004000.0,0.152,1.103,11.123,11.29,0.0,0.0,33.08,0.947,0.947,18405316000.0,3000430000.0,2669770000.0,2669770000.0,0.0,,,,,0.0,293355000.0,1.0,278253683.0,278253683.0,,9.595,44523668000.0,1102612000.0,66946000.0,0.0,160.011,
72,CB,MRQ,2003-06-30,2003-06-30,2003-06-30,2021-07-29,812639000.0,46625754000.0,,,,,30.896,0.0,575774000.0,575774000.0,1459379000.0,370468000.0,,4.701,2370108000.0,,,2370108000.0,6393994000.0,0.0,74488000.0,0.02,0.19,502318000.0,502318000.0,0.191,502318000.0,502318000.0,458637000.0,1.35,1.32,1.35,8178104000.0,,8178104000.0,10969680905.0,19.0,18.761,978266000.0,3.696,1.0,1165721000.0,0.444,2710830000.0,43681000.0,45709258000.0,,0.0,20611295000.0,,,38447650000.0,,,9076608905.0,98405000.0,0.0,21419000.0,-399000.0,-48029000.0,526520000.0,-1406381000.0,-1413124000.0,978266000.0,0.0,370468000.0,370468000.0,370468000.0,0.0,0.0,0.141,663403000.0,502318000.0,3349357000.0,0.141,1.11,21.814,23.813,0.0,0.0,34.29,1.017,1.017,18739954000.0,2709714000.0,2625100000.0,2625100000.0,0.0,,,,,0.0,287288000.0,1.0,264701331.0,264701331.0,,9.917,43914924000.0,1093675000.0,88169000.0,0.0,165.904,
73,CB,MRQ,2003-03-31,2003-03-31,2003-03-31,2021-07-29,537681000.0,45456446000.0,,,,,25.558,0.0,477369000.0,477369000.0,1282833000.0,247444000.0,,5.736,2370441000.0,,,2370441000.0,6572565000.0,0.0,88962000.0,0.023,0.17,344803000.0,344803000.0,0.154,344803000.0,344803000.0,299874000.0,0.92,0.9,0.92,6702445000.0,,6702445000.0,9298594856.0,36.0,35.914,600637000.0,2.29,1.0,955022000.0,0.427,2710830000.0,44929000.0,44638688000.0,,0.0,18740749000.0,,,38442951000.0,,,7592072856.0,-185986000.0,0.0,6528000.0,498000.0,-44659000.0,-44048000.0,-742575000.0,-705265000.0,600637000.0,0.0,247444000.0,247444000.0,247444000.0,0.0,0.0,0.111,610219000.0,344803000.0,3511437000.0,0.185,1.133,50.776,62.935,0.0,0.0,28.95,0.958,0.958,19369143000.0,2395378000.0,2237855000.0,2237855000.0,0.0,,,,,0.0,259672000.0,1.0,262247758.0,262247758.0,,8.533,42745616000.0,1226965000.0,52430000.0,0.0,162.997,
74,CB,MRQ,2002-12-31,2002-12-31,2002-12-31,2021-07-29,439892000.0,43953956000.0,,,,,24.324,0.0,663355000.0,663355000.0,1832052000.0,-145313000.0,,5.831,2369877000.0,,,2369877000.0,5585524000.0,0.0,139410000.0,0.022,0.17,-247252000.0,-247252000.0,-0.113,-247252000.0,-247252000.0,-294113000.0,-0.59,-0.57,-0.59,6388686000.0,,6388686000.0,9500554695.0,52.0,52.249,934363000.0,3.557,1.0,356002000.0,0.163,2716860000.0,46861000.0,42943618000.0,,0.0,18045703000.0,,,37254220000.0,,,7706179695.0,13581000.0,0.0,3839000.0,-74340000.0,-44624000.0,-121541000.0,-811601000.0,-799727000.0,934363000.0,12360000.0,-145313000.0,-145313000.0,-145313000.0,0.0,0.0,-0.066,603254000.0,-247252000.0,3838688000.0,-0.288,1.206,77.153,104.786,0.0,0.0,29.34,1.066,1.066,18617666000.0,2199313000.0,2188054000.0,2188054000.0,0.0,,,,,0.0,240095000.0,1.0,262650978.0,262650978.0,,8.331,41237096000.0,1287983000.0,-148800000.0,0.0,157.003,
75,CB,MRQ,2002-09-30,2002-09-30,2002-09-30,2021-07-29,284805000.0,40829785000.0,,,,,24.571,0.0,649774000.0,649774000.0,1327792000.0,-56510000.0,,5.284,2444149000.0,,,2444149000.0,5570219000.0,0.0,93136000.0,0.022,0.17,-15165000.0,-15165000.0,-0.008,-15165000.0,-15165000.0,-63844000.0,-0.24,-0.24,-0.24,6447518000.0,,6447518000.0,9590146245.0,20.0,19.421,1020812000.0,3.89,1.0,548213000.0,0.292,2716860000.0,48679000.0,39907300000.0,,0.0,17087784000.0,,,34071217000.0,,,7769758245.0,-228005000.0,0.0,6911000.0,-254259000.0,-44582000.0,-298346000.0,-950471000.0,-834182000.0,1020812000.0,0.0,-56510000.0,-56510000.0,-56510000.0,0.0,0.0,-0.03,563378000.0,-15165000.0,3309367000.0,-0.708,1.205,26.658,28.2,0.0,0.0,29.61,1.11,1.11,16983822000.0,2419034000.0,1876005000.0,1876005000.0,0.0,,,,,0.0,250668000.0,1.0,262403174.0,262403174.0,,7.149,38112925000.0,1151937000.0,-7334000.0,0.0,145.246,
76,CB,MRQ,2002-06-30,2002-06-30,2002-06-30,2021-07-29,123506000.0,39323216000.0,,,,,24.347,0.0,877779000.0,877779000.0,960949000.0,103900000.0,,5.111,2698167000.0,,,2698167000.0,4990514000.0,0.0,90660000.0,0.02,0.17,176528000.0,176528000.0,0.109,176528000.0,176528000.0,124576000.0,0.37,0.36,0.37,6383807000.0,,6383807000.0,10588633786.0,550.0,179.271,427238000.0,1.629,1.0,663773000.0,0.409,2716513000.0,51952000.0,38427091000.0,,0.0,16108951000.0,,,32628359000.0,,,8285672786.0,57770000.0,0.0,7384000.0,-424790000.0,-39357000.0,-463106000.0,93638000.0,183185000.0,427238000.0,0.0,103900000.0,103900000.0,103900000.0,0.0,0.0,0.064,487245000.0,176528000.0,3327941000.0,0.459,1.298,-87.568,-47.879,0.0,0.0,31.6,1.245,1.245,16439870000.0,2526584000.0,1624722000.0,1624722000.0,0.0,,,,,0.0,229726000.0,1.0,262204835.0,262204835.0,,6.196,36606703000.0,1188405000.0,20676000.0,0.0,139.611,
77,CB,MRQ,2002-03-31,2002-03-31,2002-03-31,2021-07-29,16546000.0,38487288000.0,,,,,23.771,0.0,820009000.0,820009000.0,853145000.0,197805000.0,,5.154,3122970000.0,,,3122970000.0,4720511000.0,0.0,96859000.0,0.014,0.15,267723000.0,267723000.0,0.174,267723000.0,267723000.0,221721000.0,0.74,0.7,0.74,6203925000.0,,6203925000.0,12931715498.0,307.0,127.011,143857000.0,0.551,1.0,685717000.0,0.446,2772276000.0,46002000.0,38017973000.0,,0.0,15503333000.0,,,31972313000.0,,,10883215498.0,148628000.0,0.0,33900000.0,403076000.0,-38907000.0,391582000.0,-386811000.0,-427036000.0,143857000.0,0.0,197805000.0,197805000.0,197805000.0,0.0,0.0,0.129,417994000.0,267723000.0,3070273000.0,0.203,1.754,-162.429,-85.102,0.0,0.0,41.7,1.642,1.642,16229966000.0,2473681000.0,1538862000.0,1538862000.0,0.0,,,,,0.0,197203000.0,1.0,260988375.0,260988375.0,,5.896,35715012000.0,1239506000.0,23916000.0,0.0,136.845,
78,CB,MRQ,2001-12-31,2001-12-31,2001-12-31,2021-07-29,101599000.0,37186764000.0,,,,,23.531,0.0,671381000.0,671381000.0,1104695000.0,46265000.0,,5.039,2719881000.0,,,2719881000.0,3853429000.0,19907000.0,101187000.0,0.014,0.15,44800000.0,64707000.0,0.033,64707000.0,44800000.0,-1288000.0,0.18,0.18,0.18,6106707000.0,,6106707000.0,12416145756.0,-479.0,231.364,391683000.0,1.509,1.0,854933000.0,0.436,2772094000.0,46088000.0,36463170000.0,,0.0,15264532000.0,,,30769007000.0,,,10419834756.0,-83207000.0,0.0,1147785000.0,-30817000.0,-34466000.0,1076087000.0,-1550977000.0,-1567767000.0,391683000.0,0.0,46265000.0,46265000.0,46265000.0,0.0,0.0,0.024,810133000.0,44800000.0,2740675000.0,0.833,1.706,-71.167,-54.257,0.0,0.0,40.15,1.568,1.568,15385527000.0,2321576000.0,1959628000.0,1959628000.0,0.0,,,,,0.0,221840000.0,1.0,259522646.0,259522646.0,,7.551,34414670000.0,1250835000.0,-47553000.0,0.0,132.608,
79,CB,MRQ,2001-09-30,2001-09-30,2001-09-30,2021-07-29,152692000.0,34909275000.0,,,,,21.733,0.0,754588000.0,754588000.0,1541627000.0,-442590000.0,,5.895,2750899000.0,,,2750899000.0,3835895000.0,19912000.0,106460000.0,0.019,0.15,-469805000.0,-449893000.0,-0.294,-449893000.0,-469805000.0,-518935000.0,-1.95,-1.95,-1.95,5017780000.0,,5017780000.0,8690866020.0,74.0,44.085,487977000.0,2.114,1.0,-9990000.0,-0.007,2790986000.0,49130000.0,34114600000.0,,0.0,13837800000.0,,,29580445000.0,,,6665513020.0,77269000.0,0.0,-122217000.0,48181000.0,-34209000.0,-114661000.0,-296047000.0,-223107000.0,487977000.0,0.0,-442590000.0,-442590000.0,-442590000.0,0.0,0.0,-0.289,459815000.0,-469805000.0,2965902000.0,-0.077,1.328,-84.49,-60.146,0.0,0.0,28.87,1.124,1.124,14635061000.0,2320704000.0,1531637000.0,1531637000.0,0.0,,,,,0.0,205531000.0,1.0,230880249.0,230880249.0,,6.634,32118289000.0,1178418000.0,-76345000.0,0.0,139.112,
80,CB,MRQ,2001-06-30,2001-06-30,2001-06-30,2021-07-29,56896000.0,33007716000.0,,,,,23.875,0.0,677319000.0,677319000.0,954841000.0,131517000.0,,4.918,2702672000.0,,,2702672000.0,3771249000.0,19872000.0,107670000.0,0.014,0.15,199407000.0,219279000.0,0.137,219279000.0,199407000.0,149767000.0,0.54,0.52,0.54,5524838000.0,,5524838000.0,11033440588.0,14.0,12.431,84666000.0,0.366,1.0,643265000.0,0.403,2807205000.0,49640000.0,32225864000.0,,0.0,13470383000.0,,,27171828000.0,,,9045517588.0,-5753000.0,0.0,-4871000.0,31677000.0,-30075000.0,-9689000.0,-80730000.0,-73421000.0,84666000.0,0.0,131517000.0,131517000.0,131517000.0,0.0,0.0,0.082,443858000.0,199407000.0,2600203000.0,0.278,1.637,17.931,18.884,0.0,0.0,39.09,1.571,1.571,13213811000.0,2873562000.0,1598106000.0,1598106000.0,0.0,,,,,0.0,208194000.0,1.0,231402343.0,231402343.0,,6.906,30200511000.0,1126611000.0,18250000.0,0.0,130.511,
81,CB,MRQ,2001-03-31,2001-03-31,2001-03-31,2021-07-29,125287000.0,32889473000.0,,,,,23.684,0.0,683072000.0,683072000.0,951293000.0,118394000.0,,4.916,2670995000.0,,,2670995000.0,3675440000.0,19880000.0,122809000.0,0.014,0.13,199692000.0,219572000.0,0.141,219572000.0,199692000.0,145368000.0,0.48,0.46,0.48,5506816000.0,,5506816000.0,10602868316.0,13.0,12.154,388679000.0,1.672,1.0,602878000.0,0.388,2827039000.0,54324000.0,32050357000.0,,0.0,13445930000.0,,,27071607000.0,,,8547200316.0,75003000.0,0.0,-25525000.0,7103000.0,-29995000.0,-54832000.0,-258844000.0,-211212000.0,388679000.0,0.0,118394000.0,118394000.0,118394000.0,0.0,0.0,0.076,380516000.0,222362000.0,2623832000.0,0.271,1.552,17.556,18.108,0.0,0.0,36.76,1.56,1.56,13136499000.0,2792451000.0,1554171000.0,1554171000.0,0.0,,,,,0.0,193293000.0,1.0,232513623.0,232513623.0,,6.684,30062434000.0,1138876000.0,26974000.0,0.0,129.293,
82,CB,MRQ,2000-12-31,2000-12-31,2000-12-31,2021-07-29,69454000.0,31689526000.0,,,,,23.358,0.0,608069000.0,608069000.0,679584000.0,113788000.0,,4.789,2663737000.0,,,2663737000.0,3098411000.0,19931000.0,139056000.0,0.012,0.13,188251000.0,208182000.0,0.167,208182000.0,188251000.0,133345000.0,0.45,0.43,0.45,5420211000.0,,5420211000.0,11907225201.0,14.0,12.706,-52654000.0,-0.227,1.0,567144000.0,0.455,2846709000.0,54906000.0,30898485000.0,,0.0,13154255000.0,,,25958265000.0,,,9847502201.0,-8902000.0,0.0,16405000.0,-12957000.0,-30384000.0,-33351000.0,77103000.0,330995000.0,-52654000.0,0.0,113788000.0,113788000.0,113788000.0,0.0,0.0,0.091,378893000.0,188251000.0,2635540000.0,0.289,1.817,18.136,17.906,0.0,0.0,42.438,1.869,1.869,12337254000.0,2733633000.0,1246728000.0,1246728000.0,0.0,,,,,0.0,190849000.0,1.0,232047180.0,232047180.0,,5.373,28842817000.0,1144261000.0,19557000.0,0.0,124.297,
83,CB,MRQ,2000-09-30,2000-09-30,2000-09-30,2021-07-29,-23159000.0,31532100000.0,,,,,24.048,0.0,616971000.0,616971000.0,772887000.0,140753000.0,,4.958,2676694000.0,,,2676694000.0,3192781000.0,19919000.0,143693000.0,0.012,0.13,220593000.0,240512000.0,0.177,240512000.0,220593000.0,165185000.0,0.6,0.58,0.6,5240505000.0,,5240505000.0,10519973745.0,12.0,10.901,-170641000.0,-0.783,1.0,586682000.0,0.432,2857528000.0,55408000.0,30734295000.0,,0.0,13146960000.0,,,25980545000.0,,,8553471745.0,-67606000.0,0.0,409872000.0,25615000.0,-28296000.0,400770000.0,-297735000.0,-296830000.0,-170641000.0,0.0,140753000.0,140753000.0,140753000.0,0.0,0.0,0.104,366089000.0,220593000.0,2532233000.0,0.217,1.632,14.716,14.646,0.0,0.0,39.25,1.65,1.65,12269220000.0,2656608000.0,1359569000.0,1359569000.0,0.0,,,,,0.0,177912000.0,1.0,217922847.0,217922847.0,,6.239,28674572000.0,1090709000.0,24432000.0,0.0,131.581,
84,CB,MRQ,2000-06-30,2000-06-30,2000-06-30,2021-07-29,-145221000.0,30204848000.0,,,,,21.146,0.0,684577000.0,684577000.0,768111000.0,113928000.0,,5.514,2651079000.0,,,2651079000.0,3053214000.0,19324000.0,184155000.0,0.016,0.13,184794000.0,204118000.0,0.155,204118000.0,184794000.0,130847000.0,0.5,0.49,0.5,4589051000.0,,4589051000.0,8325877948.0,11.0,10.315,-119869000.0,-0.552,1.0,550710000.0,0.418,2877449000.0,53947000.0,29293901000.0,,0.0,11824629000.0,,,25304747000.0,,,6076507948.0,-123344000.0,0.0,6053000.0,-406212000.0,-23862000.0,-125273000.0,121798000.0,138521000.0,-119869000.0,0.0,113928000.0,113928000.0,113928000.0,0.0,0.0,0.086,365916000.0,184794000.0,2709392000.0,0.26,1.324,13.347,12.963,0.0,0.0,28.0,1.245,1.245,12145301000.0,2552532000.0,1318821000.0,1318821000.0,0.0,,,,,0.0,182864000.0,1.0,217018141.0,217018141.0,,6.077,27327399000.0,1004320000.0,16919000.0,0.0,125.922,
85,CB,MRQ,2000-03-31,2000-03-31,2000-03-31,2021-07-29,-81841000.0,30245298000.0,,,,,21.009,0.0,807921000.0,807921000.0,715483000.0,174513000.0,,5.621,3057291000.0,,,3057291000.0,2827312000.0,19646000.0,183931000.0,0.019,0.11,264702000.0,284348000.0,0.211,284348000.0,264702000.0,207513000.0,0.8,0.8,0.8,4568394000.0,,4568394000.0,7448686935.0,12.0,10.868,-84008000.0,-0.386,1.0,628998000.0,0.468,2806044000.0,57189000.0,29688624000.0,,0.0,12005840000.0,,,25676904000.0,,,4974105935.0,208689000.0,0.0,559000.0,-316522000.0,-23917000.0,-39880000.0,332577000.0,323700000.0,-84008000.0,0.0,174513000.0,174513000.0,174513000.0,0.0,0.0,0.13,364296000.0,264702000.0,2727272000.0,0.138,1.089,12.118,11.324,0.0,0.0,22.875,1.252,1.252,11993532000.0,2472224000.0,1344481000.0,1344481000.0,0.0,,,,,0.0,194008000.0,1.0,217447254.0,217447254.0,,6.183,27439254000.0,945115000.0,33000000.0,0.0,126.188,
86,CB,MRQ,1999-12-31,1999-12-31,1999-12-31,2021-07-29,-66152000.0,30122888000.0,,,,,22.934,0.0,599232000.0,599232000.0,594281000.0,152029000.0,,5.768,3073813000.0,,,3073813000.0,2492587000.0,18942000.0,201079000.0,0.025,0.11,217128000.0,236070000.0,0.203,236070000.0,217128000.0,164735000.0,0.78,0.77,0.78,4450560000.0,,4450560000.0,5401197485.0,11.0,9.926,-175481000.0,-0.904,1.0,565814000.0,0.488,2822718000.0,52393000.0,29774751000.0,,0.0,12276303000.0,,,25672328000.0,,,3238364485.0,-136548000.0,-86584000.0,169000.0,-129896000.0,-21617000.0,-51344000.0,90277000.0,91982000.0,-175481000.0,0.0,152029000.0,152029000.0,152029000.0,0.0,0.0,0.131,348686000.0,217128000.0,3420681000.0,0.141,0.728,8.873,8.876,0.0,0.0,16.688,1.073,1.073,11972976000.0,2321570000.0,1160095000.0,1160095000.0,0.0,,,,,0.0,195173000.0,1.0,194059295.0,194059295.0,,5.978,27300170000.0,916184000.0,12706000.0,0.0,140.68,
87,CB,MRQ,1999-09-30,1999-09-30,1999-09-30,2021-07-29,-100114000.0,29344183000.0,,,,,19.913,0.0,735780000.0,735780000.0,632910000.0,14793000.0,,6.594,2898613000.0,,,2898613000.0,2196245000.0,17474000.0,196338000.0,0.024,0.11,65189000.0,82663000.0,0.078,82663000.0,65189000.0,21121000.0,0.08,0.08,0.08,3864369000.0,,3864369000.0,3132449309.0,6.0,5.582,-356441000.0,-1.837,1.0,424608000.0,0.402,2664886000.0,44068000.0,28842130000.0,,0.0,11128721000.0,,,25479814000.0,,,3286879309.0,-68650000.0,-2584545000.0,-1812000.0,2079999000.0,-21345000.0,2056842000.0,-1769051000.0,881338000.0,-356441000.0,0.0,14793000.0,14793000.0,14793000.0,0.0,0.0,0.014,359419000.0,65189000.0,2969176000.0,1.375,0.851,7.28,7.238,0.0,0.0,16.938,1.435,1.435,12397888000.0,2193461000.0,1057518000.0,1057518000.0,0.0,,,,,0.0,204264000.0,1.0,194059295.0,194059295.0,,5.449,26679297000.0,977273000.0,6328000.0,0.0,137.48,
88,CB,MRQ,1999-06-30,1999-06-30,1999-06-30,2021-07-29,-32194000.0,9667810000.0,,,,,20.305,0.0,804430000.0,804430000.0,255471000.0,69122000.0,,1.455,650000000.0,,,650000000.0,913464000.0,4514000.0,0.0,0.013,0.11,77767000.0,82281000.0,0.201,82281000.0,77767000.0,73620000.0,0.36,0.35,0.36,3937481000.0,,3937481000.0,5462072332.0,11.0,10.789,147863000.0,0.763,1.0,154901000.0,0.377,533637000.0,4147000.0,8979743000.0,,0.0,5756076000.0,,,5730329000.0,,,5478090332.0,538412000.0,913000.0,3495000.0,0.0,-17445000.0,386050000.0,4499000.0,-42155000.0,147863000.0,0.0,69122000.0,69122000.0,69122000.0,0.0,0.0,0.168,77134000.0,77767000.0,341998000.0,0.306,1.391,12.168,12.336,0.0,0.0,28.25,3.679,3.679,1954546000.0,2200015000.0,410372000.0,410372000.0,0.0,,,,,0.0,41149000.0,1.0,193914702.0,193914702.0,,2.116,9134173000.0,39815000.0,4498000.0,0.0,47.104,
89,CB,MRQ,1999-03-31,1999-03-31,1999-03-31,2021-07-29,39293000.0,8876389000.0,,,,,20.422,0.0,266018000.0,266018000.0,156881000.0,129019000.0,,1.244,250000000.0,,,250000000.0,792073000.0,4420000.0,0.0,0.012,0.09,138701000.0,143121000.0,0.368,143121000.0,138701000.0,134171000.0,0.67,0.65,0.67,3956216000.0,,3956216000.0,6051246367.0,10.0,9.751,-76793000.0,-0.396,1.0,232124000.0,0.597,538244000.0,4530000.0,8322127000.0,,0.0,5804418000.0,,,4920173000.0,,,6041802367.0,25462000.0,-9000000.0,4971000.0,0.0,-17429000.0,-12458000.0,114713000.0,120178000.0,-76793000.0,0.0,129019000.0,129019000.0,129019000.0,0.0,0.0,0.332,93423000.0,138701000.0,250868000.0,0.134,1.527,10.835,10.943,0.0,0.0,31.188,4.062,4.062,1844483000.0,2152237000.0,389005000.0,389005000.0,0.0,,,,,0.0,54650000.0,1.0,193725126.0,193725126.0,,2.008,8338145000.0,43648000.0,5152000.0,0.0,43.041,
90,CB,MRQ,1998-12-31,1998-12-31,1998-12-31,2021-07-29,108742000.0,8834305000.0,,,,,20.188,0.0,240556000.0,240556000.0,111169000.0,238539000.0,,1.26,250000000.0,,,250000000.0,768383000.0,4435000.0,0.0,0.01,0.09,248622000.0,253057000.0,0.584,253057000.0,248622000.0,243881000.0,1.23,1.21,1.23,3909577000.0,,3909577000.0,6601330892.0,9.0,8.875,-71391000.0,-0.369,1.0,322087000.0,0.743,535920000.0,4741000.0,8307829000.0,,0.0,5974344000.0,,,4924728000.0,,,6669044892.0,-77158000.0,0.0,4000.0,0.0,-17422000.0,-17418000.0,11651000.0,-109891000.0,-71391000.0,0.0,238539000.0,238539000.0,238539000.0,0.0,0.0,0.551,73465000.0,248622000.0,210376000.0,0.073,1.706,9.858,9.619,0.0,0.0,34.438,4.32,4.32,1708609000.0,2040664000.0,433256000.0,433256000.0,0.0,,,,,0.0,41218000.0,1.0,193656476.0,193656476.0,,2.237,8298385000.0,42796000.0,5342000.0,0.0,42.851,
91,CB,MRQ,1998-09-30,1998-09-30,1998-09-30,2021-07-29,127570000.0,8788753000.0,,,,,19.189,0.0,317714000.0,317714000.0,118624000.0,13512000.0,,1.366,250000000.0,,,250000000.0,827496000.0,4336000.0,0.0,0.017,0.09,23457000.0,27793000.0,0.108,27793000.0,23457000.0,10576000.0,0.03,0.03,0.03,3714270000.0,,3714270000.0,5811595570.0,10.0,9.397,-221821000.0,-1.146,1.0,137640000.0,0.537,540355000.0,12881000.0,8180684000.0,,0.0,5883360000.0,,,5074483000.0,,,5806734570.0,-116222000.0,0.0,1197000.0,0.0,-16129000.0,-14932000.0,120531000.0,193413000.0,-221821000.0,0.0,13512000.0,13512000.0,13512000.0,0.0,0.0,0.053,114183000.0,23457000.0,241425000.0,3.0,1.563,10.366,9.901,0.0,0.0,30.0,4.127,4.127,1699082000.0,1819554000.0,256264000.0,256264000.0,0.0,,,,,0.0,85846000.0,1.0,193557819.0,193557819.0,,1.324,8248398000.0,25264000.0,-2936000.0,0.0,42.615,
92,CB,MRQ,1998-06-30,1998-06-30,1998-06-30,2021-07-29,110079000.0,7971454000.0,,,,,19.577,0.0,245139000.0,245139000.0,146233000.0,176528000.0,,1.273,250000000.0,,,250000000.0,658442000.0,4253000.0,0.0,0.016,0.09,192331000.0,196584000.0,0.481,196584000.0,192331000.0,186306000.0,0.92,0.9,0.92,3507573000.0,,3507573000.0,7043499051.0,9.0,8.811,33965000.0,0.19,1.0,262576000.0,0.642,497548000.0,6025000.0,7478767000.0,,0.0,5795273000.0,,,4463881000.0,,,6987681051.0,-4580000.0,-629758000.0,607239000.0,0.0,-13011000.0,594228000.0,-632773000.0,-7385000.0,33965000.0,0.0,176528000.0,176528000.0,176528000.0,0.0,0.0,0.432,70245000.0,192331000.0,134875000.0,0.098,1.992,9.764,10.317,0.0,0.0,39.0,4.4,4.4,1123767000.0,1708250000.0,408809000.0,408809000.0,0.0,,,,,0.0,36392000.0,1.0,179171309.0,179171309.0,,2.282,7473906000.0,69609000.0,9778000.0,0.0,41.714,
93,CB,MRQ,1998-03-31,1998-03-31,1998-03-31,2021-07-29,146897000.0,6993404000.0,,,,,17.102,0.0,194182000.0,194182000.0,129780000.0,247901000.0,,1.515,250000000.0,,,250000000.0,503054000.0,3814000.0,0.0,0.02,0.08,262523000.0,266337000.0,0.598,266337000.0,262523000.0,257331000.0,1.4,1.37,1.4,2780916000.0,,2780916000.0,6004836291.0,8.0,8.144,135952000.0,0.836,1.0,315594000.0,0.709,194128000.0,5192000.0,6855094000.0,,0.0,5247452000.0,,,4212488000.0,,,6128400291.0,159431000.0,-338000000.0,-28905000.0,250000000.0,-13084000.0,208011000.0,-184532000.0,102930000.0,135952000.0,0.0,247901000.0,247901000.0,247901000.0,0.0,0.0,0.557,53071000.0,262523000.0,121283000.0,0.057,2.204,9.159,10.354,0.0,0.0,37.688,4.232,4.232,1029232000.0,1552915000.0,445374000.0,445374000.0,0.0,,,,,0.0,23872000.0,1.0,162610953.0,162610953.0,,2.739,6799276000.0,74540000.0,9430000.0,0.0,41.813,
94,CB,MRQ,1997-12-31,1997-12-31,1997-12-31,2021-07-29,175011000.0,4998937000.0,,,,,16.103,0.0,123564000.0,123564000.0,122255000.0,122210000.0,,0.909,0.0,,,0.0,412513000.0,431000.0,0.0,0.027,0.24,127339000.0,127770000.0,0.431,127770000.0,127339000.0,125978000.0,0.68,0.67,0.68,2618552000.0,,2618552000.0,,,,118674000.0,0.73,1.0,174240000.0,0.588,195397000.0,1361000.0,4679976000.0,,0.0,4321414000.0,,,2380385000.0,,,5230652538.0,62894000.0,0.0,-76078000.0,0.0,-12165000.0,-88243000.0,32463000.0,23776000.0,118674000.0,0.0,122210000.0,122210000.0,122210000.0,0.0,0.0,0.412,46901000.0,127339000.0,96461000.0,0.353,1.998,10.478,11.958,0.0,0.0,32.167,4.297,4.297,169593000.0,1354180000.0,296495000.0,296495000.0,0.0,,,,,0.0,19802000.0,1.0,162610953.0,162610953.0,,1.823,4803540000.0,0.0,3768000.0,0.0,29.54,
95,CB,MRQ,1997-09-30,1997-09-30,1997-09-30,2021-07-29,198223000.0,5647596000.0,,,,,,0.0,216191000.0,216191000.0,159320000.0,168997000.0,,1.028,0.0,,,0.0,535204000.0,2913000.0,0.0,0.026,0.22,205835000.0,208748000.0,0.477,208748000.0,205835000.0,194178000.0,0.78,0.77,0.78,2785155000.0,,2785155000.0,,,,166092000.0,,1.0,278001000.0,0.636,301953000.0,11657000.0,5129452000.0,,0.0,4571725000.0,,,2862441000.0,,,,-53475000.0,3318000.0,-3956000.0,0.0,-12164000.0,-11964000.0,-207603000.0,-221793000.0,166092000.0,0.0,168997000.0,168997000.0,168997000.0,0.0,0.0,0.386,72166000.0,205835000.0,165635000.0,0.282,,,11.477,0.0,0.0,31.333,,,393542000.0,1403463000.0,437321000.0,437321000.0,0.0,,,,,0.0,20255000.0,1.0,,,,,5345643000.0,0.0,25181000.0,37496000.0,,
96,CB,MRQ,1997-06-30,1997-06-30,1997-06-30,2021-07-29,,,,,,,,0.0,,,111380000.0,130038000.0,,,,,,,,4412000.0,,0.031,0.22,130038000.0,134450000.0,0.5,134450000.0,130038000.0,130038000.0,0.78,0.77,0.78,,,,,,,40643000.0,,1.0,157556000.0,0.586,,0.0,,,,,,,,,,,9375000.0,0.0,-92879000.0,0.0,-10234000.0,-103113000.0,71845000.0,34887000.0,40643000.0,0.0,130038000.0,130038000.0,130038000.0,0.0,0.0,0.484,27518000.0,130038000.0,,0.282,,,,,0.0,24.625,,,,,268936000.0,268936000.0,0.0,,,,,0.0,15211000.0,1.0,,,,,,,0.0,,,
97,CB,MRQ,1997-03-31,1997-03-31,1997-03-31,2021-07-29,,,,,,,,0.0,,,105290000.0,77949000.0,,,,,,,,0.0,,0.034,0.18,77949000.0,77949000.0,0.364,77949000.0,77949000.0,77949000.0,0.45,0.45,0.45,,,,,,,129987000.0,,1.0,109106000.0,0.509,,0.0,,,,,,,,,,,-5923000.0,0.0,-69357000.0,0.0,-10431000.0,-79788000.0,-56122000.0,-47680000.0,129987000.0,0.0,77949000.0,77949000.0,77949000.0,0.0,0.0,0.364,31157000.0,77949000.0,,0.4,,,,,0.0,21.333,,,,,214396000.0,214396000.0,0.0,,,,,0.0,19270000.0,1.0,,,,,,,0.0,,,
98,CB,MRQ,1996-12-31,1996-12-31,1996-12-31,2021-07-29,,,,,,,,0.0,,,110150000.0,125741000.0,,,,,,,,0.0,,0.034,0.18,125741000.0,125741000.0,0.473,125741000.0,125741000.0,125741000.0,0.72,0.713,0.72,,,,,,,86761000.0,,1.0,155711000.0,0.586,,0.0,,,,,,,,,,,40130000.0,-30416000.0,-14265000.0,0.0,-10199000.0,-24464000.0,-22167000.0,-9439000.0,86761000.0,0.0,125741000.0,125741000.0,125741000.0,0.0,0.0,0.473,29970000.0,125741000.0,,0.25,,,,,0.0,20.042,,,,,265861000.0,265861000.0,0.0,,,,,0.0,15841000.0,1.0,,,,,,,0.0,,,
0,CB,MRT,2021-06-30,2021-06-30,2021-06-30,2021-07-29,1822000000.0,197174000000.0,191927750000.0,,,0.203,133.563,0.0,1998000000.0,1998000000.0,21491000000.0,8177000000.0,,2.283,16667000000.0,,,16667000000.0,19167000000.0,290000000.0,0.0,0.02,3.14,9808000000.0,10098000000.0,0.259,10098000000.0,9808000000.0,9308000000.0,18.18,18.09,18.18,60062000000.0,58748000000.0,60062000000.0,86224819990.0,9.0,8.539,11315000000.0,25.162,1.0,17456000000.0,0.448,21200000000.0,500000000.0,190643000000.0,185814750000.0,0.0,124353000000.0,,,137112000000.0,,,71473819990.0,289000000.0,-138000000.0,-2381000000.0,-313000000.0,-1413000000.0,-4206000000.0,-6852000000.0,-6359000000.0,11315000000.0,32000000.0,8177000000.0,8177000000.0,8177000000.0,0.0,0.0,0.21,7648000000.0,9808000000.0,40203000000.0,0.173,1.19,8.741,8.743,0.0,0.0,158.94,1.835,1.835,14861000000.0,43902000000.0,38947000000.0,38947000000.0,0.0,0.043,0.139,0.053,0.252,0.0,3030000000.0,1.0,449690575.0,449690575.0,,86.608,175974000000.0,0.0,1131000000.0,581000000.0,391.322,
1,CB,MRT,2021-03-31,2021-03-31,2021-03-31,2021-07-29,958000000.0,191977000000.0,188002750000.0,,,0.204,131.214,0.0,1841000000.0,1841000000.0,23100000000.0,5581000000.0,,2.25,16592000000.0,,,16592000000.0,18040000000.0,289000000.0,0.0,0.02,3.12,6839000000.0,7128000000.0,0.186,7128000000.0,6839000000.0,6333000000.0,12.36,12.3,12.36,59076000000.0,57422500000.0,59076000000.0,85947028401.0,13.0,12.058,10178000000.0,22.606,1.0,15168000000.0,0.396,21161000000.0,506000000.0,185567000000.0,181990250000.0,0.0,121850000000.0,,,132901000000.0,,,71122028401.0,183000000.0,-138000000.0,-506000000.0,-313000000.0,-1401000000.0,-2249000000.0,-7763000000.0,-7236000000.0,10178000000.0,17000000.0,5581000000.0,5581000000.0,5581000000.0,0.0,0.0,0.146,8329000000.0,6839000000.0,38607000000.0,0.252,1.204,12.744,12.781,0.0,0.0,157.97,1.859,1.859,13408000000.0,41637000000.0,38268000000.0,38268000000.0,0.0,0.03,0.097,0.038,0.179,0.0,2982000000.0,1.0,450224906.0,450224906.0,,84.998,170816000000.0,0.0,752000000.0,482000000.0,379.401,
2,CB,MRT,2020-12-31,2020-12-31,2020-12-31,2021-07-29,2869000000.0,190774000000.0,183290250000.0,,,0.196,131.69,0.0,1836000000.0,1836000000.0,22494000000.0,3533000000.0,,2.209,16661000000.0,,,16661000000.0,17652000000.0,290000000.0,0.0,0.02,3.09,4678000000.0,4968000000.0,0.138,4968000000.0,4678000000.0,4162000000.0,7.82,7.79,7.82,59441000000.0,55702750000.0,59441000000.0,85452950131.0,18.0,17.201,9785000000.0,21.678,1.0,13500000000.0,0.375,21211000000.0,516000000.0,184388000000.0,177379000000.0,0.0,121482000000.0,,,131333000000.0,,,69474950131.0,190000000.0,-1623000000.0,-378000000.0,-313000000.0,-1388000000.0,-2082000000.0,-7521000000.0,-5428000000.0,9785000000.0,8000000.0,3533000000.0,3533000000.0,3533000000.0,0.0,0.0,0.098,8822000000.0,4678000000.0,38196000000.0,0.395,1.169,19.665,19.683,0.0,0.0,153.92,1.93,1.93,13249000000.0,39337000000.0,35994000000.0,35994000000.0,0.0,0.019,0.063,0.026,0.13,0.0,2979000000.0,1.0,451370518.0,451370518.0,,79.744,169563000000.0,0.0,629000000.0,892000000.0,375.663,
3,CB,MRT,2020-09-30,2020-09-30,2020-09-30,2021-07-29,1856000000.0,187786000000.0,179832500000.0,,,0.194,124.983,0.0,1873000000.0,1873000000.0,22537000000.0,2288000000.0,,2.329,17851000000.0,,,17851000000.0,17502000000.0,293000000.0,0.0,0.026,3.06,3276000000.0,3569000000.0,0.102,3569000000.0,3276000000.0,2752000000.0,5.06,5.03,5.06,56413000000.0,54675250000.0,56413000000.0,67376607263.0,21.0,18.878,8670000000.0,19.208,1.0,12347000000.0,0.354,21103000000.0,524000000.0,182661000000.0,173912000000.0,0.0,118581000000.0,,,131373000000.0,,,52412607263.0,284000000.0,-1837000000.0,-534000000.0,2523000000.0,-1375000000.0,739000000.0,-9073000000.0,-6724000000.0,8670000000.0,-52000000.0,2288000000.0,2288000000.0,2288000000.0,0.0,0.0,0.066,9071000000.0,3276000000.0,37015000000.0,0.605,0.929,22.908,22.949,0.0,0.0,116.12,1.502,1.502,13348000000.0,36919000000.0,34884000000.0,34884000000.0,0.0,0.013,0.042,0.019,0.094,0.0,3011000000.0,1.0,451365891.0,451365891.0,,77.285,166683000000.0,0.0,464000000.0,815000000.0,369.286,
4,CB,MRT,2020-06-30,2020-06-30,2020-06-30,2021-07-29,1098000000.0,181474000000.0,176673000000.0,,,0.195,121.323,0.0,1709000000.0,1709000000.0,21714000000.0,2185000000.0,,2.314,16673000000.0,,,16673000000.0,17081000000.0,297000000.0,0.0,0.024,3.03,3269000000.0,3566000000.0,0.103,3566000000.0,3269000000.0,2737000000.0,4.82,4.78,4.82,54760000000.0,54215000000.0,54760000000.0,72018849930.0,22.0,20.196,7331000000.0,16.242,1.0,12751000000.0,0.37,21093000000.0,532000000.0,175345000000.0,170046750000.0,0.0,112241000000.0,,,126714000000.0,,,57150849930.0,341000000.0,-2159000000.0,-939000000.0,1531000000.0,-1361000000.0,-618000000.0,-6312000000.0,-4002000000.0,7331000000.0,-60000000.0,2185000000.0,2185000000.0,2185000000.0,0.0,0.0,0.063,9482000000.0,3269000000.0,35877000000.0,0.629,1.044,26.156,26.27,0.0,0.0,126.62,1.658,1.658,13578000000.0,35991000000.0,34465000000.0,34465000000.0,0.0,0.012,0.04,0.019,0.095,0.0,3030000000.0,1.0,451357210.0,451357210.0,,76.359,160381000000.0,0.0,552000000.0,696000000.0,355.331,
5,CB,MRT,2020-03-31,2020-03-31,2020-03-31,2021-07-29,-2093000000.0,173127000000.0,174933500000.0,,,0.194,115.504,0.0,1658000000.0,1658000000.0,19790000000.0,3666000000.0,,2.317,16526000000.0,,,16526000000.0,16459000000.0,302000000.0,0.0,0.027,3.0,5032000000.0,5334000000.0,0.157,5334000000.0,5032000000.0,4488000000.0,8.07,8.01,8.07,52197000000.0,53975500000.0,52197000000.0,65409581735.0,13.0,12.263,6732000000.0,14.897,1.0,14217000000.0,0.418,20873000000.0,544000000.0,167122000000.0,167882000000.0,0.0,106630000000.0,,,120930000000.0,,,50473581735.0,265000000.0,-2159000000.0,-1270000000.0,2317000000.0,-1357000000.0,-166000000.0,-6242000000.0,-3388000000.0,6732000000.0,-59000000.0,3666000000.0,3666000000.0,3666000000.0,0.0,0.0,0.108,9185000000.0,5032000000.0,34379000000.0,0.372,0.967,13.768,13.84,0.0,0.0,111.69,1.484,1.484,12628000000.0,36331000000.0,34007000000.0,34007000000.0,0.0,0.021,0.068,0.03,0.148,0.0,3061000000.0,1.0,451907796.0,451907796.0,,75.252,152254000000.0,0.0,822000000.0,474000000.0,336.914,
6,CB,MRT,2019-12-31,2019-12-31,2019-12-31,2021-07-29,619000000.0,176943000000.0,174488500000.0,,,0.196,122.089,0.0,1646000000.0,1646000000.0,19470000000.0,4454000000.0,,2.198,16582000000.0,,,16582000000.0,16771000000.0,305000000.0,0.0,0.019,2.98,5801000000.0,6106000000.0,0.179,6106000000.0,5801000000.0,5249000000.0,9.77,9.71,9.77,55331000000.0,54015000000.0,55331000000.0,83975470796.0,14.0,13.753,6342000000.0,13.994,1.0,14716000000.0,0.43,21359000000.0,552000000.0,170520000000.0,166812000000.0,0.0,110566000000.0,,,121612000000.0,,,70545470796.0,306000000.0,-609000000.0,-1326000000.0,2318000000.0,-1354000000.0,-151000000.0,-5905000000.0,-4639000000.0,6342000000.0,20000000.0,4454000000.0,4454000000.0,4454000000.0,0.0,0.0,0.13,8915000000.0,5801000000.0,34573000000.0,0.305,1.275,15.839,15.932,0.0,0.0,155.66,2.064,2.064,13004000000.0,36142000000.0,34186000000.0,34186000000.0,0.0,0.026,0.082,0.035,0.17,0.0,3030000000.0,1.0,453202305.0,453202305.0,,75.432,155584000000.0,0.0,795000000.0,804000000.0,343.299,
7,CB,MRT,2019-09-30,2019-09-30,2019-09-30,2021-07-29,521000000.0,175148000000.0,172195500000.0,,,0.192,119.741,0.0,1589000000.0,1589000000.0,19152000000.0,3636000000.0,,2.209,15019000000.0,,,15019000000.0,16571000000.0,315000000.0,0.0,0.018,2.96,4992000000.0,5307000000.0,0.16,5307000000.0,4992000000.0,4421000000.0,7.98,7.91,7.98,54572000000.0,52760250000.0,54572000000.0,87312195890.0,17.0,16.452,6496000000.0,14.253,1.0,13922000000.0,0.421,21378000000.0,571000000.0,167200000000.0,164016750000.0,0.0,108242000000.0,,,120576000000.0,,,73576195890.0,432000000.0,-329000000.0,-1331000000.0,787000000.0,-1350000000.0,-1691000000.0,-4369000000.0,-3241000000.0,6496000000.0,-4000000.0,3636000000.0,3636000000.0,3636000000.0,0.0,0.0,0.11,8930000000.0,4992000000.0,19470000000.0,0.371,1.348,20.235,20.231,0.0,0.0,161.44,2.225,2.225,13094000000.0,34969000000.0,33074000000.0,33074000000.0,0.0,0.021,0.069,0.03,0.151,0.0,2948000000.0,1.0,455749479.0,455749479.0,,72.571,153770000000.0,0.0,785000000.0,766000000.0,337.4,
8,CB,MRT,2019-06-30,2019-06-30,2019-06-30,2021-07-29,139000000.0,174516000000.0,170329500000.0,,,0.192,117.505,0.0,1368000000.0,1368000000.0,18937000000.0,3776000000.0,,2.244,15104000000.0,,,15104000000.0,16403000000.0,322000000.0,0.0,0.02,2.94,5111000000.0,5433000000.0,0.166,5433000000.0,5111000000.0,4514000000.0,8.24,8.17,8.24,53802000000.0,51850750000.0,53802000000.0,80353779969.0,16.0,14.79,5991000000.0,13.084,1.0,13842000000.0,0.422,21566000000.0,597000000.0,166686000000.0,162073500000.0,0.0,106789000000.0,,,120714000000.0,,,67439779969.0,267000000.0,0.0,-1288000000.0,691000000.0,-1347000000.0,-1773000000.0,-3962000000.0,-2842000000.0,5991000000.0,11000000.0,3776000000.0,3776000000.0,3776000000.0,0.0,0.0,0.115,8731000000.0,5111000000.0,19737000000.0,0.357,1.253,17.86,17.875,0.0,0.0,147.29,2.057,2.057,13700000000.0,33878000000.0,32779000000.0,32779000000.0,0.0,0.022,0.073,0.032,0.156,0.0,2915000000.0,1.0,457870731.0,457870731.0,,71.59,152950000000.0,0.0,738000000.0,697000000.0,334.046,
9,CB,MRT,2019-03-31,2019-03-31,2019-03-31,2021-07-29,-770000000.0,171347000000.0,168584000000.0,,,0.194,114.217,0.0,1393000000.0,1393000000.0,18698000000.0,3920000000.0,,2.273,14307000000.0,,,14307000000.0,15909000000.0,330000000.0,0.0,0.021,2.92,5292000000.0,5622000000.0,0.172,5622000000.0,5292000000.0,4668000000.0,8.5,8.43,8.5,52355000000.0,51143000000.0,52355000000.0,77192001655.0,15.0,13.73,6251000000.0,13.637,1.0,14064000000.0,0.429,21419000000.0,624000000.0,162842000000.0,160196750000.0,0.0,103968000000.0,,,118992000000.0,,,64210001655.0,-720000000.0,0.0,-1266000000.0,-1698000000.0,-1343000000.0,-4188000000.0,-2727000000.0,-2139000000.0,6251000000.0,-56000000.0,3920000000.0,3920000000.0,3920000000.0,0.0,0.0,0.12,8772000000.0,5292000000.0,19540000000.0,0.344,1.226,16.38,16.48,0.0,0.0,140.08,1.96,1.96,12524000000.0,32728000000.0,32762000000.0,32762000000.0,0.0,0.023,0.077,0.033,0.162,0.0,2904000000.0,1.0,458380937.0,458380937.0,,71.473,149928000000.0,0.0,748000000.0,541000000.0,327.082,
10,CB,MRT,2018-12-31,2018-12-31,2018-12-31,2021-07-29,-2448000000.0,167771000000.0,167942500000.0,,,0.195,109.183,0.0,1340000000.0,1340000000.0,18657000000.0,3962000000.0,,2.335,14322000000.0,,,14322000000.0,15532000000.0,339000000.0,0.0,0.022,2.9,5298000000.0,5637000000.0,0.172,5637000000.0,5298000000.0,4657000000.0,8.55,8.49,8.55,50312000000.0,50876000000.0,50312000000.0,72740837955.0,14.0,12.904,5480000000.0,11.892,1.0,14060000000.0,0.43,21414000000.0,641000000.0,159339000000.0,159666250000.0,0.0,101646000000.0,,,117459000000.0,,,59526837955.0,489000000.0,0.0,-929000000.0,180000000.0,-1337000000.0,-1991000000.0,-2935000000.0,-2402000000.0,5480000000.0,-65000000.0,3962000000.0,3962000000.0,3962000000.0,0.0,0.0,0.121,8762000000.0,5298000000.0,18835000000.0,0.339,1.183,15.024,15.109,0.0,0.0,129.18,1.819,1.819,12619000000.0,31700000000.0,32717000000.0,32717000000.0,0.0,0.024,0.078,0.033,0.162,0.0,2886000000.0,1.0,460805372.0,460805372.0,,71.0,146357000000.0,0.0,695000000.0,304000000.0,317.611,
11,CB,MRT,2018-09-30,2018-09-30,2018-09-30,2021-07-29,-2159000000.0,167684000000.0,167755250000.0,,,0.197,109.947,0.0,1157000000.0,1157000000.0,18333000000.0,5140000000.0,,2.292,14371000000.0,,,14371000000.0,15725000000.0,319000000.0,0.0,0.022,2.88,5938000000.0,6257000000.0,0.189,6257000000.0,5938000000.0,5294000000.0,11.04,10.95,11.04,50934000000.0,51091000000.0,50934000000.0,75313921668.0,13.0,12.037,4989000000.0,10.769,1.0,14773000000.0,0.446,21471000000.0,644000000.0,159427000000.0,159432000000.0,0.0,101819000000.0,,,116750000000.0,,,61909921668.0,-36000000.0,0.0,-698000000.0,175000000.0,-1331000000.0,-1773000000.0,-3208000000.0,-2766000000.0,4989000000.0,-44000000.0,5140000000.0,5140000000.0,5140000000.0,0.0,0.0,0.155,8835000000.0,5938000000.0,17799000000.0,0.261,1.215,12.045,12.105,0.0,0.0,133.64,1.87,1.87,12741000000.0,31491000000.0,33106000000.0,33106000000.0,0.0,0.031,0.101,0.037,0.179,0.0,2895000000.0,1.0,463258917.0,463258917.0,,71.463,146213000000.0,0.0,154000000.0,363000000.0,315.618,
12,CB,MRT,2018-06-30,2018-06-30,2018-06-30,2021-07-29,-1520000000.0,167534000000.0,167728750000.0,,,0.197,109.426,0.0,1101000000.0,1101000000.0,19754000000.0,3839000000.0,,2.287,14505000000.0,,,14505000000.0,15748000000.0,301000000.0,0.0,0.023,2.86,4355000000.0,4656000000.0,0.141,4656000000.0,4355000000.0,3725000000.0,8.23,8.16,8.23,50971000000.0,50975250000.0,50971000000.0,73228184647.0,17.0,15.728,5060000000.0,10.863,1.0,13212000000.0,0.401,21759000000.0,630000000.0,159179000000.0,159205250000.0,0.0,101861000000.0,,,116563000000.0,,,59166184647.0,-318000000.0,0.0,-551000000.0,275000000.0,-1323000000.0,-1525000000.0,-3805000000.0,-3379000000.0,5060000000.0,-48000000.0,3839000000.0,3839000000.0,3839000000.0,0.0,0.0,0.116,8857000000.0,4355000000.0,17736000000.0,0.348,1.161,15.412,15.434,0.0,0.0,127.02,1.795,1.795,13027000000.0,30260000000.0,32966000000.0,32966000000.0,0.0,0.023,0.075,0.027,0.132,0.0,2890000000.0,1.0,465802115.0,465802115.0,,70.773,145775000000.0,0.0,-114000000.0,326000000.0,312.955,
13,CB,MRT,2018-03-31,2018-03-31,2018-03-31,2021-07-29,-502000000.0,168781000000.0,166592250000.0,,,0.195,110.511,0.0,2113000000.0,2113000000.0,19426000000.0,3850000000.0,,2.291,16175000000.0,,,16175000000.0,15495000000.0,281000000.0,0.0,0.021,2.84,4328000000.0,4609000000.0,0.142,4609000000.0,4328000000.0,3718000000.0,8.24,8.17,8.24,51287000000.0,50819750000.0,51287000000.0,77030760810.0,18.0,16.713,4041000000.0,8.707,1.0,13138000000.0,0.403,22123000000.0,610000000.0,160720000000.0,157906250000.0,0.0,102769000000.0,,,117494000000.0,,,63473760810.0,953000000.0,0.0,-559000000.0,1882000000.0,-1314000000.0,106000000.0,-3237000000.0,-2781000000.0,4041000000.0,43000000.0,3850000000.0,3850000000.0,3850000000.0,0.0,0.0,0.118,8810000000.0,4328000000.0,16805000000.0,0.345,1.238,16.487,16.598,0.0,0.0,136.77,1.949,1.949,12170000000.0,28965000000.0,32564000000.0,32564000000.0,0.0,0.023,0.076,0.027,0.133,0.0,2849000000.0,1.0,464091254.0,464091254.0,,70.167,146658000000.0,0.0,-132000000.0,468000000.0,316.011,
14,CB,MRT,2017-12-31,2017-12-31,2017-12-31,2021-07-29,543000000.0,167022000000.0,164638750000.0,,,0.196,110.232,0.0,851000000.0,851000000.0,19130000000.0,3861000000.0,,2.264,14285000000.0,,,14285000000.0,15216000000.0,260000000.0,0.0,0.019,2.82,4329000000.0,4589000000.0,0.142,4589000000.0,4329000000.0,3722000000.0,8.26,8.19,8.26,51172000000.0,50304000000.0,51172000000.0,81043758814.0,19.0,17.66,4503000000.0,9.7,1.0,13113000000.0,0.407,22054000000.0,607000000.0,158402000000.0,155765000000.0,0.0,103106000000.0,,,115850000000.0,,,67836758814.0,-237000000.0,0.0,-650000000.0,-496000000.0,-1308000000.0,-2319000000.0,-2422000000.0,-1892000000.0,4503000000.0,1000000.0,3861000000.0,3861000000.0,3861000000.0,0.0,0.0,0.12,8784000000.0,4329000000.0,17150000000.0,0.341,1.326,17.57,17.691,0.0,0.0,146.13,2.104,2.104,11863000000.0,27474000000.0,32243000000.0,32243000000.0,0.0,0.023,0.077,0.028,0.134,0.0,2833000000.0,1.0,464221986.0,464221986.0,,69.456,144968000000.0,0.0,-139000000.0,699000000.0,312.282,
15,CB,MRT,2017-09-30,2017-09-30,2017-09-30,2021-07-29,1069000000.0,167578000000.0,162829750000.0,,,0.199,108.443,0.0,1088000000.0,1088000000.0,18698000000.0,3938000000.0,,2.32,14295000000.0,,,14295000000.0,15456000000.0,1772000000.0,0.0,0.02,2.8,5045000000.0,6817000000.0,0.21,6817000000.0,5045000000.0,4440000000.0,8.43,8.36,8.43,50471000000.0,49579750000.0,50471000000.0,79353062061.0,16.0,11.64,4866000000.0,10.455,1.0,13698000000.0,0.423,22265000000.0,605000000.0,158520000000.0,154046250000.0,0.0,103076000000.0,,,117107000000.0,,,66345062061.0,213000000.0,0.0,-548000000.0,-498000000.0,-1300000000.0,-2202000000.0,-2389000000.0,-1642000000.0,4866000000.0,-62000000.0,3938000000.0,3938000000.0,3938000000.0,0.0,0.0,0.122,8653000000.0,5045000000.0,16757000000.0,0.332,1.315,16.847,16.91,0.0,0.0,142.55,2.048,2.048,12057000000.0,25941000000.0,32396000000.0,32396000000.0,0.0,0.024,0.079,0.033,0.156,0.0,2804000000.0,1.0,465416079.0,465416079.0,,69.607,145313000000.0,0.0,502000000.0,1139000000.0,312.222,
16,CB,MRT,2017-06-30,2017-06-30,2017-06-30,2021-07-29,370000000.0,162988000000.0,161387750000.0,,,0.2,107.831,0.0,1297000000.0,1297000000.0,16706000000.0,5368000000.0,,2.237,14305000000.0,,,14305000000.0,15289000000.0,1707000000.0,0.0,0.019,2.78,6839000000.0,8546000000.0,0.264,8546000000.0,6839000000.0,6232000000.0,11.48,11.39,11.48,50349000000.0,49055000000.0,50349000000.0,81130619894.0,12.0,9.493,4779000000.0,10.235,1.0,15607000000.0,0.483,22013000000.0,607000000.0,153983000000.0,152742000000.0,0.0,100870000000.0,,,112639000000.0,,,67881619894.0,298000000.0,0.0,-311000000.0,-498000000.0,-1289000000.0,-1916000000.0,-2527000000.0,-1800000000.0,4779000000.0,-38000000.0,5368000000.0,5368000000.0,5368000000.0,0.0,0.0,0.166,8768000000.0,6839000000.0,16339000000.0,0.242,1.348,12.646,12.664,0.0,0.0,145.38,2.101,2.101,12254000000.0,26011000000.0,32313000000.0,32313000000.0,0.0,0.033,0.109,0.045,0.212,0.0,2862000000.0,1.0,466925420.0,466925420.0,,69.204,140975000000.0,0.0,864000000.0,1122000000.0,301.922,
17,CB,MRT,2017-03-31,2017-03-31,2017-03-31,2021-07-29,0.0,160967000000.0,160691500000.0,,,0.2,105.681,0.0,1063000000.0,1063000000.0,16797000000.0,4789000000.0,,2.27,14312000000.0,,,14312000000.0,14857000000.0,1642000000.0,0.0,0.02,2.76,6221000000.0,7863000000.0,0.245,7863000000.0,6221000000.0,5608000000.0,10.24,10.16,10.24,49224000000.0,48274250000.0,49224000000.0,77298675148.0,12.0,9.831,5285000000.0,11.347,1.0,15305000000.0,0.477,22061000000.0,613000000.0,152155000000.0,152024500000.0,0.0,100157000000.0,,,111743000000.0,,,63462675148.0,-41000000.0,14000000.0,30000000.0,-500000000.0,-1279000000.0,-1498000000.0,-3773000000.0,-3220000000.0,5285000000.0,-55000000.0,4789000000.0,4789000000.0,4789000000.0,0.0,0.0,0.149,9084000000.0,6221000000.0,15942000000.0,0.27,1.289,13.252,13.306,0.0,0.0,136.25,1.977,1.977,11429000000.0,24706000000.0,32102000000.0,32102000000.0,0.0,0.03,0.099,0.041,0.194,0.0,2985000000.0,1.0,465781102.0,465781102.0,,68.921,138906000000.0,0.0,819000000.0,967000000.0,298.222,
18,CB,MRT,2016-12-31,2016-12-31,2016-12-31,2021-07-29,-314000000.0,159786000000.0,159610750000.0,,,0.197,103.742,0.0,985000000.0,985000000.0,16640000000.0,4135000000.0,,2.31,14821000000.0,,,14821000000.0,14779000000.0,1578000000.0,0.0,0.021,2.74,5555000000.0,7133000000.0,0.227,7133000000.0,5555000000.0,4950000000.0,8.94,8.87,8.94,48275000000.0,47442500000.0,48275000000.0,75445606039.0,14.0,10.577,5292000000.0,11.372,1.0,14829000000.0,0.471,22095000000.0,605000000.0,151527000000.0,150746000000.0,0.0,99760000000.0,,,111511000000.0,,,61480606039.0,-797000000.0,-14248000000.0,167000000.0,-1000000.0,-1173000000.0,-742000000.0,-5322000000.0,9328000000.0,5292000000.0,-25000000.0,4135000000.0,4135000000.0,4135000000.0,0.0,0.0,0.131,9274000000.0,5555000000.0,15347000000.0,0.306,1.274,14.868,14.779,0.0,0.0,132.12,1.954,1.954,11418000000.0,23613000000.0,31469000000.0,31469000000.0,0.0,0.026,0.087,0.037,0.177,0.0,3081000000.0,1.0,465339149.0,465339149.0,,67.626,137691000000.0,0.0,815000000.0,988000000.0,295.894,
19,CB,MRT,2016-09-30,2016-09-30,2016-09-30,2021-07-29,1197000000.0,161810000000.0,145240750000.0,,,0.193,104.008,0.0,870000000.0,870000000.0,15085000000.0,3208000000.0,,2.345,14835000000.0,,,14835000000.0,15054000000.0,0.0,0.0,0.022,2.72,4375000000.0,4375000000.0,0.156,4375000000.0,4375000000.0,3831000000.0,7.54,7.48,7.54,48372000000.0,42657500000.0,48372000000.0,72270234702.0,17.0,16.519,5002000000.0,10.755,1.0,12895000000.0,0.461,22472000000.0,544000000.0,153303000000.0,139351250000.0,0.0,101701000000.0,,,113438000000.0,,,58437234702.0,-168000000.0,-14243000000.0,159000000.0,4594000000.0,-1069000000.0,3962000000.0,-9143000000.0,5199000000.0,5002000000.0,11000000.0,3208000000.0,3208000000.0,3208000000.0,0.0,0.0,0.115,8520000000.0,4375000000.0,15774000000.0,0.361,1.208,18.216,16.664,0.0,0.0,125.65,2.089,2.089,10942000000.0,22003000000.0,27980000000.0,27980000000.0,0.0,0.022,0.075,0.031,0.156,0.0,2943000000.0,1.0,465079457.0,465079457.0,,60.162,139338000000.0,0.0,623000000.0,1418000000.0,299.6,
20,CB,MRT,2016-06-30,2016-06-30,2016-06-30,2021-07-29,1181000000.0,160203000000.0,129228250000.0,,,0.188,101.675,0.0,1011000000.0,1011000000.0,13393000000.0,2376000000.0,,2.392,14844000000.0,,,14844000000.0,15229000000.0,0.0,0.0,0.021,2.7,3314000000.0,3314000000.0,0.136,3314000000.0,3314000000.0,2854000000.0,6.27,6.22,6.27,47226000000.0,37846250000.0,47226000000.0,74467986549.0,22.0,22.471,4126000000.0,8.883,1.0,10931000000.0,0.449,22923000000.0,460000000.0,151113000000.0,125420000000.0,0.0,100504000000.0,,,112977000000.0,,,60711986549.0,221000000.0,-14239000000.0,169000000.0,4594000000.0,-965000000.0,4085000000.0,-7946000000.0,6404000000.0,4126000000.0,-44000000.0,2376000000.0,2376000000.0,2376000000.0,0.0,0.0,0.098,7617000000.0,3314000000.0,15701000000.0,0.431,1.286,25.552,20.847,0.0,0.0,130.71,2.496,2.496,10996000000.0,20643000000.0,24324000000.0,24324000000.0,0.0,0.018,0.063,0.026,0.136,0.0,2739000000.0,1.0,464478489.0,464478489.0,,52.368,137280000000.0,0.0,478000000.0,1409000000.0,295.557,
21,CB,MRT,2016-03-31,2016-03-31,2016-03-31,2021-07-29,367000000.0,156644000000.0,114137500000.0,,,0.188,99.415,0.0,1091000000.0,1091000000.0,11563000000.0,2592000000.0,,2.413,14847000000.0,,,14847000000.0,14896000000.0,0.0,0.0,0.022,2.68,3436000000.0,3436000000.0,0.16,3436000000.0,3436000000.0,3058000000.0,7.61,7.54,7.61,45897000000.0,33428500000.0,45897000000.0,64393015977.0,19.0,18.741,3809000000.0,8.25,1.0,9912000000.0,0.462,23359000000.0,378000000.0,147041000000.0,112554000000.0,0.0,98240000000.0,,,110747000000.0,,,55008015977.0,143000000.0,-13998000000.0,-268000000.0,4142000000.0,-866000000.0,3260000000.0,-6889000000.0,7160000000.0,3809000000.0,-37000000.0,2592000000.0,2592000000.0,2592000000.0,0.0,0.0,0.121,6476000000.0,3436000000.0,14787000000.0,0.352,1.199,21.222,15.657,0.0,0.0,119.15,2.561,2.561,10068000000.0,19917000000.0,21475000000.0,21475000000.0,0.0,0.023,0.078,0.031,0.16,0.0,2488000000.0,1.0,461670290.0,461670290.0,,46.516,133285000000.0,0.0,466000000.0,1142000000.0,288.702,
22,CB,MRT,2015-12-31,2015-12-31,2015-12-31,2021-07-29,-735000000.0,102306000000.0,99576000000.0,,,0.191,89.873,0.0,1775000000.0,1775000000.0,10027000000.0,2834000000.0,,2.511,11100000000.0,,,11100000000.0,8439000000.0,0.0,0.0,0.023,2.66,3596000000.0,3596000000.0,0.189,3596000000.0,3596000000.0,3296000000.0,8.71,8.62,8.71,29135000000.0,29379750000.0,29135000000.0,43411604238.0,12.0,12.072,3864000000.0,11.919,1.0,8960000000.0,0.472,5683000000.0,300000000.0,105948000000.0,100531750000.0,0.0,66904000000.0,,,73171000000.0,,,37880604238.0,1120000000.0,264000000.0,-627000000.0,4942000000.0,-862000000.0,3695000000.0,-6294000000.0,-6295000000.0,3864000000.0,-145000000.0,2834000000.0,2834000000.0,2834000000.0,0.0,0.0,0.149,5364000000.0,3596000000.0,11522000000.0,0.305,1.3,13.366,13.416,0.0,0.0,116.85,1.995,1.995,7405000000.0,19478000000.0,18987000000.0,18987000000.0,0.0,0.028,0.096,0.036,0.189,0.0,2270000000.0,1.0,324181471.0,324181471.0,,58.569,96623000000.0,318000000.0,462000000.0,0.0,298.052,
23,CB,MRT,2015-09-30,2015-09-30,2015-09-30,2021-07-29,-192000000.0,97760000000.0,98561500000.0,,,0.193,89.952,0.0,1038000000.0,1038000000.0,10116000000.0,2706000000.0,,2.356,6569000000.0,,,6569000000.0,8510000000.0,0.0,0.0,0.026,2.64,3607000000.0,3607000000.0,0.189,3607000000.0,3607000000.0,3333000000.0,8.28,8.2,8.28,29127000000.0,29492750000.0,29127000000.0,39259438682.0,11.0,10.884,3973000000.0,12.27,1.0,8929000000.0,0.469,5713000000.0,274000000.0,97578000000.0,98566500000.0,0.0,63038000000.0,,,68633000000.0,,,33481438682.0,232000000.0,-335000000.0,-1058000000.0,351000000.0,-860000000.0,-1314000000.0,-2241000000.0,-1641000000.0,3973000000.0,-186000000.0,2706000000.0,2706000000.0,2706000000.0,0.0,0.0,0.142,5322000000.0,3607000000.0,11214000000.0,0.319,1.149,12.373,12.488,0.0,0.0,103.4,1.758,1.758,7349000000.0,18795000000.0,19045000000.0,19045000000.0,0.0,0.027,0.092,0.037,0.189,0.0,2290000000.0,1.0,323805010.0,323805010.0,,58.816,92047000000.0,395000000.0,627000000.0,0.0,284.267,
24,CB,MRT,2015-06-30,2015-06-30,2015-06-30,2021-07-29,607000000.0,99840000000.0,98510750000.0,,,0.197,90.495,0.0,790000000.0,790000000.0,10193000000.0,2963000000.0,,2.378,6568000000.0,,,6568000000.0,8879000000.0,0.0,0.0,0.032,3.27,3910000000.0,3910000000.0,0.202,3910000000.0,3910000000.0,3634000000.0,9.0,8.9,9.0,29555000000.0,29715250000.0,29555000000.0,39277916452.0,10.0,10.046,4291000000.0,13.139,1.0,9181000000.0,0.474,5969000000.0,276000000.0,99649000000.0,98557750000.0,0.0,63903000000.0,,,70285000000.0,,,33207916452.0,196000000.0,-339000000.0,-1524000000.0,350000000.0,-861000000.0,-1811000000.0,-2065000000.0,-1499000000.0,4291000000.0,-219000000.0,2963000000.0,2963000000.0,2963000000.0,0.0,0.0,0.153,5271000000.0,3910000000.0,11773000000.0,0.363,1.124,11.208,11.298,0.0,0.0,101.68,1.714,1.714,7995000000.0,18267000000.0,19374000000.0,19374000000.0,0.0,0.03,0.1,0.04,0.202,0.0,2276000000.0,1.0,326592412.0,326592412.0,,59.322,93871000000.0,285000000.0,671000000.0,0.0,287.426,
25,CB,MRT,2015-03-31,2015-03-31,2015-03-31,2021-07-29,1152000000.0,98398000000.0,97912500000.0,,,0.195,90.737,0.0,948000000.0,948000000.0,10155000000.0,2800000000.0,,2.313,7018000000.0,,,7018000000.0,8182000000.0,0.0,0.0,0.023,2.6,3738000000.0,3738000000.0,0.195,3738000000.0,3738000000.0,3461000000.0,8.41,8.32,8.41,29702000000.0,29907750000.0,29702000000.0,42058358591.0,11.0,11.252,4321000000.0,13.2,1.0,8986000000.0,0.469,5516000000.0,277000000.0,98952000000.0,98032500000.0,0.0,64484000000.0,,,68696000000.0,,,36495358591.0,101000000.0,-766000000.0,-1315000000.0,999000000.0,-862000000.0,-972000000.0,-3021000000.0,-1878000000.0,4321000000.0,-227000000.0,2800000000.0,2800000000.0,2800000000.0,0.0,0.0,0.146,5248000000.0,3738000000.0,11426000000.0,0.309,1.229,13.034,13.257,0.0,0.0,111.49,1.907,1.907,7007000000.0,17325000000.0,19141000000.0,19141000000.0,0.0,0.029,0.094,0.038,0.195,0.0,2264000000.0,1.0,327341997.0,327341997.0,,58.474,92882000000.0,224000000.0,661000000.0,0.0,283.746,
26,CB,MRT,2014-12-31,2014-12-31,2014-12-31,2021-07-29,1191000000.0,98248000000.0,97107750000.0,,,0.197,89.188,0.0,655000000.0,655000000.0,10166000000.0,2853000000.0,,2.321,6218000000.0,,,6218000000.0,8222000000.0,0.0,0.0,0.022,2.58,3767000000.0,3767000000.0,0.196,3767000000.0,3767000000.0,3487000000.0,8.5,8.42,8.5,29587000000.0,29824500000.0,29587000000.0,43521007715.0,12.0,11.553,4496000000.0,13.553,1.0,9005000000.0,0.47,5724000000.0,280000000.0,98087000000.0,97036500000.0,0.0,63408000000.0,,,68661000000.0,,,38110007715.0,76000000.0,-766000000.0,-1302000000.0,199000000.0,-862000000.0,-1777000000.0,-2504000000.0,-1464000000.0,4496000000.0,-139000000.0,2853000000.0,2853000000.0,2853000000.0,0.0,0.0,0.149,5238000000.0,3767000000.0,11152000000.0,0.304,1.288,13.358,13.515,0.0,0.0,114.88,1.988,1.988,7452000000.0,16644000000.0,19171000000.0,19171000000.0,0.0,0.029,0.096,0.039,0.196,0.0,2245000000.0,1.0,331737541.0,331737541.0,,57.79,92524000000.0,295000000.0,634000000.0,0.0,278.907,
27,CB,MRT,2014-09-30,2014-09-30,2014-09-30,2021-07-29,1608000000.0,97557000000.0,96173250000.0,,,0.203,89.416,0.0,806000000.0,806000000.0,10269000000.0,3296000000.0,,2.25,6217000000.0,,,6217000000.0,8020000000.0,0.0,0.0,0.023,2.44,4069000000.0,4069000000.0,0.209,4069000000.0,4069000000.0,3786000000.0,9.74,9.64,9.74,30017000000.0,29634000000.0,30017000000.0,40827754613.0,10.0,10.034,4508000000.0,13.429,1.0,9239000000.0,0.474,5425000000.0,283000000.0,97543000000.0,96150750000.0,0.0,63749000000.0,,,67540000000.0,,,35204754613.0,38000000.0,-172000000.0,-944000000.0,197000000.0,-820000000.0,-1401000000.0,-2991000000.0,-2467000000.0,4508000000.0,-78000000.0,3296000000.0,3296000000.0,3296000000.0,0.0,0.0,0.169,5170000000.0,4069000000.0,11074000000.0,0.251,1.173,10.681,10.767,0.0,0.0,104.87,1.805,1.805,6900000000.0,16089000000.0,19508000000.0,19508000000.0,0.0,0.034,0.111,0.042,0.209,0.0,2225000000.0,1.0,335698995.0,335698995.0,,58.112,92132000000.0,408000000.0,490000000.0,0.0,274.448,
28,CB,MRT,2014-06-30,2014-06-30,2014-06-30,2021-07-29,2095000000.0,97447000000.0,95430000000.0,,,0.204,89.799,0.0,594000000.0,594000000.0,10253000000.0,3427000000.0,,2.213,6217000000.0,,,6217000000.0,8296000000.0,0.0,0.0,0.021,2.16,4181000000.0,4181000000.0,0.215,4181000000.0,4181000000.0,3896000000.0,10.07,9.98,10.07,30325000000.0,29184250000.0,30325000000.0,40190510453.0,10.0,9.613,4310000000.0,12.763,1.0,9227000000.0,0.474,5522000000.0,285000000.0,97548000000.0,95357250000.0,0.0,64090000000.0,,,67122000000.0,,,35019510453.0,-85000000.0,-172000000.0,-484000000.0,199000000.0,-776000000.0,-892000000.0,-3525000000.0,-2968000000.0,4310000000.0,22000000.0,3427000000.0,3427000000.0,3427000000.0,0.0,0.0,0.176,5046000000.0,4181000000.0,10654000000.0,0.214,1.155,10.219,10.298,0.0,0.0,103.7,1.798,1.798,7183000000.0,15304000000.0,19480000000.0,19480000000.0,0.0,0.036,0.117,0.044,0.215,0.0,2234000000.0,1.0,337700207.0,337700207.0,,57.684,91925000000.0,234000000.0,469000000.0,0.0,272.209,
29,CB,MRT,2014-03-31,2014-03-31,2014-03-31,2021-07-29,1526000000.0,95179000000.0,94490250000.0,,,0.205,87.237,0.0,847000000.0,847000000.0,10081000000.0,3539000000.0,,2.241,6018000000.0,,,6018000000.0,7791000000.0,0.0,0.0,0.022,2.16,4276000000.0,4276000000.0,0.221,4276000000.0,4276000000.0,3990000000.0,10.38,10.29,10.38,29369000000.0,28426750000.0,29369000000.0,38787278993.0,9.0,9.071,4359000000.0,12.948,1.0,9289000000.0,0.48,5382000000.0,286000000.0,94968000000.0,94378000000.0,0.0,62511000000.0,,,65810000000.0,,,33349278993.0,-8000000.0,-944000000.0,-314000000.0,-1000000.0,-729000000.0,-894000000.0,-3479000000.0,-2147000000.0,4359000000.0,6000000.0,3539000000.0,3539000000.0,3539000000.0,0.0,0.0,0.183,5013000000.0,4276000000.0,10503000000.0,0.208,1.136,9.423,9.543,0.0,0.0,99.06,1.722,1.722,6482000000.0,14525000000.0,19370000000.0,19370000000.0,0.0,0.037,0.124,0.045,0.221,0.0,2232000000.0,1.0,336657376.0,336657376.0,,57.536,89797000000.0,516000000.0,451000000.0,0.0,266.731,
30,CB,MRT,2013-12-31,2013-12-31,2013-12-31,2021-07-29,1152000000.0,94510000000.0,94060750000.0,,,0.205,84.763,0.0,579000000.0,579000000.0,9863000000.0,3758000000.0,,2.279,6017000000.0,,,6017000000.0,7539000000.0,0.0,0.0,0.02,2.02,4513000000.0,4513000000.0,0.234,4513000000.0,4513000000.0,4238000000.0,11.02,10.92,11.02,28825000000.0,28070000000.0,28825000000.0,40456936461.0,9.0,8.965,4022000000.0,11.827,1.0,9398000000.0,0.488,5404000000.0,275000000.0,94544000000.0,94064750000.0,0.0,61398000000.0,,,65685000000.0,,,35206936461.0,-36000000.0,-977000000.0,-152000000.0,947000000.0,-517000000.0,391000000.0,-4442000000.0,-3072000000.0,4022000000.0,-7000000.0,3758000000.0,3758000000.0,3758000000.0,0.0,0.0,0.195,4885000000.0,4513000000.0,10071000000.0,0.183,1.221,9.369,9.395,0.0,0.0,103.53,1.828,1.828,6701000000.0,13791000000.0,19261000000.0,19261000000.0,0.0,0.04,0.134,0.048,0.234,0.0,2211000000.0,1.0,340065071.0,340065071.0,,56.639,89106000000.0,616000000.0,480000000.0,0.0,262.026,
31,CB,MRT,2013-09-30,2013-09-30,2013-09-30,2021-07-29,1374000000.0,94584000000.0,93569500000.0,,,0.202,82.965,0.0,768000000.0,768000000.0,10035000000.0,3525000000.0,,2.352,6018000000.0,,,6018000000.0,7794000000.0,0.0,0.0,0.021,2.0,4050000000.0,4050000000.0,0.215,4050000000.0,4050000000.0,3782000000.0,10.34,10.24,10.34,28218000000.0,27746500000.0,28218000000.0,37159490484.0,9.0,9.175,3706000000.0,10.896,1.0,8839000000.0,0.468,5465000000.0,268000000.0,94369000000.0,93435000000.0,0.0,60810000000.0,,,66366000000.0,,,31821490484.0,78000000.0,-977000000.0,-68000000.0,947000000.0,-674000000.0,273000000.0,-3896000000.0,-2515000000.0,3706000000.0,-5000000.0,3525000000.0,3525000000.0,3525000000.0,0.0,0.0,0.187,4789000000.0,4050000000.0,10064000000.0,0.193,1.128,9.027,9.048,0.0,0.0,93.56,1.686,1.686,6813000000.0,12793000000.0,18874000000.0,18874000000.0,0.0,0.038,0.127,0.043,0.215,0.0,2194000000.0,1.0,340118546.0,340118546.0,,55.492,89119000000.0,584000000.0,257000000.0,12000000.0,262.023,
32,CB,MRT,2013-06-30,2013-06-30,2013-06-30,2021-07-29,1260000000.0,93688000000.0,93300500000.0,,,0.202,80.239,0.0,679000000.0,679000000.0,10419000000.0,3249000000.0,,2.432,6017000000.0,,,6017000000.0,7851000000.0,0.0,0.0,0.022,1.96,3757000000.0,3757000000.0,0.199,3757000000.0,3757000000.0,3498000000.0,9.54,9.44,9.54,27295000000.0,27432750000.0,27295000000.0,35601691619.0,9.0,9.476,4420000000.0,12.993,1.0,8421000000.0,0.447,5395000000.0,259000000.0,93631000000.0,93067500000.0,0.0,60142000000.0,,,66393000000.0,,,30438691619.0,62000000.0,-1045000000.0,-79000000.0,946000000.0,-666000000.0,231000000.0,-4565000000.0,-3094000000.0,4420000000.0,-24000000.0,3249000000.0,3249000000.0,3249000000.0,0.0,0.0,0.172,4664000000.0,3757000000.0,10650000000.0,0.205,1.115,9.369,9.379,0.0,0.0,89.48,1.616,1.616,6841000000.0,11877000000.0,18840000000.0,18840000000.0,0.0,0.035,0.118,0.04,0.199,0.0,2150000000.0,1.0,340173118.0,340173118.0,,55.384,88293000000.0,753000000.0,249000000.0,30000000.0,259.553,
33,CB,MRT,2013-03-31,2013-03-31,2013-03-31,2021-07-29,2650000000.0,93461000000.0,92553750000.0,,,0.195,82.348,0.0,855000000.0,855000000.0,10280000000.0,2686000000.0,,2.345,6018000000.0,,,6018000000.0,7019000000.0,0.0,0.0,0.022,1.96,3216000000.0,3216000000.0,0.178,3216000000.0,3216000000.0,2968000000.0,7.89,7.81,7.89,27942000000.0,27049500000.0,27942000000.0,34644127515.0,11.0,10.772,4336000000.0,12.779,1.0,7781000000.0,0.431,4909000000.0,248000000.0,93715000000.0,92241750000.0,0.0,61808000000.0,,,65519000000.0,,,30189127515.0,140000000.0,-106000000.0,-35000000.0,817000000.0,-658000000.0,124000000.0,-4290000000.0,-3677000000.0,4336000000.0,-30000000.0,2686000000.0,2686000000.0,2686000000.0,0.0,0.0,0.149,4565000000.0,3216000000.0,10892000000.0,0.248,1.08,11.239,11.276,0.0,0.0,88.97,1.672,1.672,5807000000.0,10986000000.0,18061000000.0,18061000000.0,0.0,0.029,0.099,0.035,0.178,0.0,2100000000.0,1.0,339318053.0,339318053.0,,53.227,88552000000.0,505000000.0,282000000.0,43000000.0,260.97,
34,CB,MRT,2012-12-31,2012-12-31,2012-12-31,2021-07-29,2887000000.0,92545000000.0,91625750000.0,,,0.196,81.019,0.0,615000000.0,615000000.0,10174000000.0,2706000000.0,,2.361,5070000000.0,,,5070000000.0,6864000000.0,0.0,0.0,0.03,2.41,3226000000.0,3226000000.0,0.18,3226000000.0,3226000000.0,2976000000.0,7.96,7.89,7.96,27531000000.0,26421750000.0,27531000000.0,31497703040.0,10.0,9.764,3995000000.0,11.757,1.0,7762000000.0,0.433,4975000000.0,250000000.0,92025000000.0,91156500000.0,0.0,60718000000.0,,,65014000000.0,,,27116703040.0,1000000.0,-98000000.0,115000000.0,150000000.0,-815000000.0,-550000000.0,-3439000000.0,-2786000000.0,3995000000.0,-5000000.0,2706000000.0,2706000000.0,2706000000.0,0.0,0.0,0.151,4536000000.0,3226000000.0,10664000000.0,0.303,0.985,10.021,10.025,0.0,0.0,79.8,1.512,1.512,5764000000.0,10033000000.0,17936000000.0,17936000000.0,0.0,0.03,0.102,0.035,0.18,0.0,2096000000.0,1.0,339808296.0,339808296.0,,52.783,87570000000.0,453000000.0,270000000.0,0.0,257.704,
35,CB,MRT,2012-09-30,2012-09-30,2012-09-30,2021-07-29,3014000000.0,93508000000.0,90319750000.0,,,0.196,79.515,0.0,690000000.0,690000000.0,9754000000.0,2676000000.0,,2.468,5071000000.0,,,5071000000.0,7068000000.0,0.0,804000000.0,0.025,1.92,3451000000.0,3451000000.0,0.195,3451000000.0,3451000000.0,3201000000.0,7.88,7.82,7.88,26963000000.0,25622000000.0,26963000000.0,30088380755.0,9.0,8.719,3497000000.0,10.313,1.0,7974000000.0,0.45,4990000000.0,250000000.0,92899000000.0,89857250000.0,0.0,60171000000.0,,,66545000000.0,,,25635380755.0,-76000000.0,-310000000.0,92000000.0,151000000.0,-601000000.0,-358000000.0,-3188000000.0,-2374000000.0,3497000000.0,-27000000.0,2676000000.0,2676000000.0,2676000000.0,0.0,0.0,0.151,4523000000.0,3451000000.0,10767000000.0,0.244,0.951,9.58,9.594,0.0,0.0,75.6,1.446,1.446,6901000000.0,9268000000.0,17728000000.0,17728000000.0,0.0,0.03,0.104,0.038,0.195,0.0,2074000000.0,1.0,339092347.0,339092347.0,,52.281,88518000000.0,344000000.0,525000000.0,221000000.0,261.044,
36,CB,MRT,2012-06-30,2012-06-30,2012-06-30,2021-07-29,2338000000.0,90701000000.0,89122750000.0,,,0.189,76.063,0.0,617000000.0,617000000.0,9405000000.0,1997000000.0,,2.521,5070000000.0,,,5070000000.0,7044000000.0,0.0,687000000.0,0.017,1.29,2789000000.0,2789000000.0,0.165,2789000000.0,2789000000.0,2540000000.0,5.89,5.85,5.89,25762000000.0,24818750000.0,25762000000.0,29592208923.0,11.0,10.61,2790000000.0,8.238,1.0,7479000000.0,0.443,4826000000.0,249000000.0,90328000000.0,88646500000.0,0.0,58020000000.0,,,64939000000.0,,,25107208923.0,-216000000.0,-256000000.0,-20000000.0,1000000.0,-554000000.0,-573000000.0,-2387000000.0,-1526000000.0,2790000000.0,-46000000.0,1997000000.0,1997000000.0,1997000000.0,0.0,0.0,0.118,4690000000.0,2789000000.0,10690000000.0,0.219,0.975,12.572,12.586,0.0,0.0,74.13,1.487,1.487,6760000000.0,8628000000.0,16884000000.0,16884000000.0,0.0,0.022,0.08,0.031,0.165,0.0,2075000000.0,1.0,338691622.0,338691622.0,,49.851,85875000000.0,557000000.0,543000000.0,162000000.0,253.549,
37,CB,MRT,2012-03-31,2012-03-31,2012-03-31,2021-07-29,2209000000.0,89749000000.0,88761000000.0,,,0.194,75.429,0.0,715000000.0,715000000.0,9518000000.0,2263000000.0,,2.529,5200000000.0,,,5200000000.0,6664000000.0,0.0,690000000.0,0.022,1.64,3028000000.0,3028000000.0,0.176,3028000000.0,3028000000.0,2779000000.0,6.68,6.63,6.68,25431000000.0,24406500000.0,25431000000.0,28985633359.0,10.0,9.573,3039000000.0,9.014,1.0,7693000000.0,0.447,4860000000.0,249000000.0,89374000000.0,88222500000.0,0.0,57138000000.0,,,64318000000.0,,,24679633359.0,-400000000.0,-586000000.0,-14000000.0,131000000.0,-506000000.0,-389000000.0,-3020000000.0,-1879000000.0,3039000000.0,-30000000.0,2263000000.0,2263000000.0,2263000000.0,0.0,0.0,0.131,4665000000.0,3028000000.0,9958000000.0,0.246,0.97,10.906,10.958,0.0,0.0,73.2,1.434,1.434,6130000000.0,8300000000.0,17211000000.0,17211000000.0,0.0,0.025,0.093,0.034,0.176,0.0,2079000000.0,1.0,337153475.0,337153475.0,,51.048,84889000000.0,568000000.0,516000000.0,201000000.0,251.781,
38,CB,MRT,2011-12-31,2011-12-31,2011-12-31,2021-07-29,1911000000.0,87321000000.0,87878750000.0,,,0.192,72.24,0.0,614000000.0,614000000.0,9921000000.0,1540000000.0,,2.589,4920000000.0,,,4920000000.0,6334000000.0,0.0,0.0,0.015,1.03,2292000000.0,2292000000.0,0.136,2292000000.0,2292000000.0,2042000000.0,4.55,4.52,4.55,24332000000.0,23892750000.0,24332000000.0,27771097577.0,12.0,12.117,3470000000.0,10.302,1.0,6913000000.0,0.411,4799000000.0,250000000.0,86828000000.0,87240000000.0,0.0,56028000000.0,,,62989000000.0,,,23618097577.0,-158000000.0,-606000000.0,-56000000.0,-50000000.0,-459000000.0,-565000000.0,-3036000000.0,-1948000000.0,3470000000.0,-27000000.0,1540000000.0,1540000000.0,1540000000.0,0.0,0.0,0.091,4621000000.0,2292000000.0,9825000000.0,0.226,0.971,15.336,15.411,0.0,0.0,70.12,1.403,1.403,5928000000.0,7327000000.0,16834000000.0,16834000000.0,0.0,0.018,0.064,0.026,0.136,0.0,2068000000.0,1.0,336823967.0,336823967.0,,49.979,82522000000.0,673000000.0,502000000.0,159000000.0,245.0,
39,CB,MRT,2011-09-30,2011-09-30,2011-09-30,2021-07-29,1839000000.0,88720000000.0,86887250000.0,,,0.193,70.273,0.0,766000000.0,766000000.0,9577000000.0,1783000000.0,,2.736,4919000000.0,,,4919000000.0,6594000000.0,0.0,653000000.0,0.022,1.36,2541000000.0,2541000000.0,0.152,2541000000.0,2541000000.0,2292000000.0,5.25,5.22,5.25,23750000000.0,23553250000.0,23750000000.0,24716856791.0,10.0,9.727,3769000000.0,11.152,1.0,7187000000.0,0.429,4817000000.0,249000000.0,88056000000.0,86254500000.0,0.0,55870000000.0,,,64970000000.0,,,20480856791.0,279000000.0,-1466000000.0,-300000000.0,1290000000.0,-454000000.0,536000000.0,-4043000000.0,-2124000000.0,3769000000.0,17000000.0,1783000000.0,1783000000.0,1783000000.0,0.0,0.0,0.106,4646000000.0,2541000000.0,9761000000.0,0.259,0.862,11.487,11.543,0.0,0.0,60.6,1.222,1.222,6985000000.0,6761000000.0,16764000000.0,16764000000.0,0.0,0.021,0.076,0.029,0.152,0.0,2054000000.0,1.0,337967945.0,337967945.0,,49.602,83903000000.0,623000000.0,509000000.0,191000000.0,248.257,
40,CB,MRT,2011-06-30,2011-06-30,2011-06-30,2021-07-29,1989000000.0,89254000000.0,85304250000.0,,,0.192,71.467,0.0,833000000.0,833000000.0,8729000000.0,2497000000.0,,2.701,5069000000.0,,,5069000000.0,6913000000.0,0.0,700000000.0,0.025,1.67,3246000000.0,3246000000.0,0.198,3246000000.0,3246000000.0,3001000000.0,7.34,7.3,7.34,24113000000.0,23327000000.0,24113000000.0,26160809645.0,8.0,8.059,3918000000.0,11.612,1.0,7629000000.0,0.466,4858000000.0,245000000.0,88632000000.0,84644750000.0,0.0,55542000000.0,,,65141000000.0,,,22207809645.0,165000000.0,-1519000000.0,-184000000.0,1440000000.0,-448000000.0,808000000.0,-4613000000.0,-2729000000.0,3918000000.0,52000000.0,2497000000.0,2497000000.0,2497000000.0,0.0,0.0,0.153,4383000000.0,3246000000.0,9101000000.0,0.228,0.921,8.894,8.967,0.0,0.0,65.82,1.358,1.358,6634000000.0,6792000000.0,16358000000.0,16358000000.0,0.0,0.029,0.107,0.038,0.198,0.0,1967000000.0,1.0,337402152.0,337402152.0,,48.482,84396000000.0,586000000.0,504000000.0,23000000.0,250.135,
41,CB,MRT,2011-03-31,2011-03-31,2011-03-31,2021-07-29,1782000000.0,86220000000.0,83030750000.0,,,0.191,69.666,0.0,1115000000.0,1115000000.0,8282000000.0,2580000000.0,,2.688,5068000000.0,,,5068000000.0,6533000000.0,0.0,494000000.0,0.02,1.32,3340000000.0,3340000000.0,0.211,3340000000.0,3340000000.0,3105000000.0,7.58,7.54,7.58,23376000000.0,22651250000.0,23376000000.0,25904597579.0,8.0,7.756,3726000000.0,11.104,1.0,7583000000.0,0.478,4729000000.0,235000000.0,85444000000.0,82304250000.0,0.0,53087000000.0,,,62844000000.0,,,21709597579.0,389000000.0,-1184000000.0,-210000000.0,1440000000.0,-442000000.0,788000000.0,-4146000000.0,-2676000000.0,3726000000.0,21000000.0,2580000000.0,2580000000.0,2580000000.0,0.0,0.0,0.163,4243000000.0,3340000000.0,8277000000.0,0.174,0.929,8.415,8.536,0.0,0.0,64.7,1.368,1.368,5642000000.0,6185000000.0,15865000000.0,15865000000.0,0.0,0.031,0.114,0.041,0.211,0.0,1912000000.0,1.0,335542482.0,335542482.0,,47.282,81491000000.0,703000000.0,525000000.0,149000000.0,242.863,
42,CB,MRT,2010-12-31,2010-12-31,2010-12-31,2021-07-29,1594000000.0,83355000000.0,81308000000.0,,,0.197,67.692,0.0,772000000.0,772000000.0,7936000000.0,3085000000.0,,2.628,4967000000.0,,,4967000000.0,6330000000.0,0.0,421000000.0,0.021,1.3,3862000000.0,3862000000.0,0.241,3862000000.0,3862000000.0,3638000000.0,9.08,9.04,9.08,22974000000.0,21966250000.0,22974000000.0,24262020839.0,6.0,6.282,3546000000.0,10.448,1.0,8070000000.0,0.504,4664000000.0,224000000.0,82886000000.0,80527500000.0,0.0,51767000000.0,,,60381000000.0,,,21127020839.0,103000000.0,-1139000000.0,-173000000.0,1340000000.0,-435000000.0,732000000.0,-4181000000.0,-2709000000.0,3546000000.0,6000000.0,3085000000.0,3085000000.0,3085000000.0,0.0,0.0,0.193,4208000000.0,3862000000.0,8050000000.0,0.143,0.92,6.848,6.856,0.0,0.0,62.25,1.32,1.32,5744000000.0,5926000000.0,16006000000.0,16006000000.0,0.0,0.038,0.14,0.048,0.241,0.0,1873000000.0,1.0,339389893.0,339389893.0,,47.161,78691000000.0,769000000.0,553000000.0,116000000.0,231.86,
43,CB,MRT,2010-09-30,2010-09-30,2010-09-30,2021-07-29,2110000000.0,82388000000.0,79964250000.0,,,0.198,67.414,0.0,487000000.0,487000000.0,7844000000.0,3060000000.0,,2.606,3622000000.0,,,3622000000.0,6571000000.0,0.0,327000000.0,0.022,1.28,3912000000.0,3912000000.0,0.247,3912000000.0,3912000000.0,3694000000.0,9.03,8.99,9.03,22845000000.0,21139500000.0,22845000000.0,22685512845.0,6.0,5.799,3778000000.0,11.149,1.0,8025000000.0,0.506,3906000000.0,218000000.0,81617000000.0,79058000000.0,0.0,51481000000.0,,,59543000000.0,,,19739512845.0,-255000000.0,-67000000.0,47000000.0,-200000000.0,-428000000.0,-573000000.0,-3455000000.0,-3363000000.0,3778000000.0,-5000000.0,3060000000.0,3060000000.0,3060000000.0,0.0,0.0,0.193,4113000000.0,3912000000.0,7938000000.0,0.142,0.864,6.451,6.451,0.0,0.0,58.25,1.244,1.244,5372000000.0,4925000000.0,15869000000.0,15869000000.0,0.0,0.038,0.145,0.049,0.247,0.0,1842000000.0,1.0,338875757.0,338875757.0,,46.828,78482000000.0,873000000.0,634000000.0,260000000.0,231.595,
44,CB,MRT,2010-06-30,2010-06-30,2010-06-30,2021-07-29,1294000000.0,80160000000.0,78822500000.0,,,0.199,63.22,0.0,668000000.0,668000000.0,7828000000.0,2879000000.0,,2.744,3614000000.0,,,3614000000.0,6836000000.0,0.0,308000000.0,0.024,1.24,3667000000.0,3667000000.0,0.234,3667000000.0,3667000000.0,3447000000.0,8.51,8.48,8.51,21410000000.0,20111500000.0,21410000000.0,20325263081.0,6.0,5.543,3704000000.0,10.937,1.0,7834000000.0,0.5,3836000000.0,220000000.0,79270000000.0,77938000000.0,0.0,49008000000.0,,,58750000000.0,,,17434263081.0,14000000.0,0.0,30000000.0,-216000000.0,-419000000.0,-597000000.0,-3076000000.0,-3171000000.0,3704000000.0,-17000000.0,2879000000.0,2879000000.0,2879000000.0,0.0,0.0,0.184,4167000000.0,3667000000.0,7726000000.0,0.146,0.814,6.056,6.049,0.0,0.0,51.48,1.113,1.113,5862000000.0,4250000000.0,15662000000.0,15662000000.0,0.0,0.037,0.143,0.047,0.234,0.0,1860000000.0,1.0,338660899.0,338660899.0,,46.247,76324000000.0,1105000000.0,568000000.0,170000000.0,225.37,
45,CB,MRT,2010-03-31,2010-03-31,2010-03-31,2021-07-29,1126000000.0,79329000000.0,77696250000.0,,,0.199,61.315,0.0,726000000.0,726000000.0,7840000000.0,2737000000.0,,2.844,3617000000.0,,,3617000000.0,6437000000.0,0.0,323000000.0,0.024,1.24,3488000000.0,3488000000.0,0.226,3488000000.0,3488000000.0,3264000000.0,8.1,8.08,8.1,20636000000.0,18899250000.0,20636000000.0,20560981338.0,6.0,5.895,3596000000.0,10.685,1.0,7609000000.0,0.493,3883000000.0,224000000.0,78337000000.0,76893500000.0,0.0,48193000000.0,,,58693000000.0,,,17601981338.0,-118000000.0,0.0,31000000.0,34000000.0,-402000000.0,-329000000.0,-3394000000.0,-3481000000.0,3596000000.0,9000000.0,2737000000.0,2737000000.0,2737000000.0,0.0,0.0,0.177,4121000000.0,3488000000.0,7485000000.0,0.153,0.853,6.431,6.457,0.0,0.0,52.3,1.139,1.139,5331000000.0,3573000000.0,15449000000.0,15449000000.0,0.0,0.035,0.145,0.045,0.226,0.0,1851000000.0,1.0,336557967.0,336557967.0,,45.903,75446000000.0,1174000000.0,527000000.0,223000000.0,224.169,
46,CB,MRT,2009-12-31,2009-12-31,2009-12-31,2021-07-29,823000000.0,77980000000.0,76145750000.0,,,0.198,58.46,0.0,669000000.0,669000000.0,7747000000.0,2549000000.0,,2.965,3628000000.0,,,3628000000.0,6067000000.0,0.0,332000000.0,0.029,1.46,3302000000.0,3302000000.0,0.219,3302000000.0,3302000000.0,3077000000.0,7.57,7.55,7.57,19667000000.0,17419750000.0,19667000000.0,20043483850.0,6.0,6.07,3335000000.0,9.913,1.0,7328000000.0,0.486,3931000000.0,225000000.0,77008000000.0,75340500000.0,0.0,46948000000.0,,,58313000000.0,,,16955483850.0,-198000000.0,0.0,25000000.0,34000000.0,-388000000.0,-321000000.0,-3224000000.0,-3323000000.0,3335000000.0,12000000.0,2549000000.0,2549000000.0,2549000000.0,0.0,0.0,0.169,4026000000.0,3302000000.0,7384000000.0,0.193,0.862,6.652,6.658,0.0,0.0,50.4,1.125,1.125,5192000000.0,2818000000.0,15075000000.0,15075000000.0,0.0,0.033,0.146,0.044,0.219,0.0,1811000000.0,1.0,336418317.0,336418317.0,,44.81,74049000000.0,1154000000.0,528000000.0,111000000.0,220.11,
47,CB,MRT,2009-09-30,2009-09-30,2009-09-30,2021-07-29,785000000.0,77821000000.0,74665000000.0,,,0.186,55.726,0.0,742000000.0,742000000.0,7694000000.0,1616000000.0,,3.154,3830000000.0,,,3830000000.0,6369000000.0,0.0,318000000.0,0.026,1.41,2246000000.0,2246000000.0,0.162,2246000000.0,2246000000.0,2023000000.0,4.78,4.78,4.78,18733000000.0,16114500000.0,18733000000.0,21164145233.0,9.0,9.423,3293000000.0,9.796,1.0,6212000000.0,0.447,3772000000.0,223000000.0,77137000000.0,73845750000.0,0.0,46399000000.0,,,59088000000.0,,,17971145233.0,263000000.0,1000000.0,28000000.0,230000000.0,-369000000.0,-99000000.0,-3021000000.0,-2817000000.0,3293000000.0,90000000.0,1616000000.0,1616000000.0,1616000000.0,0.0,0.0,0.116,3966000000.0,2246000000.0,7496000000.0,0.295,0.959,11.121,11.184,0.0,0.0,53.46,1.292,1.292,5353000000.0,1865000000.0,13906000000.0,13906000000.0,0.0,0.022,0.1,0.03,0.162,0.0,1769000000.0,1.0,336160598.0,336160598.0,,41.367,74049000000.0,1234000000.0,407000000.0,156000000.0,220.279,
48,CB,MRT,2009-06-30,2009-06-30,2009-06-30,2021-07-29,-991000000.0,75655000000.0,73998500000.0,,,0.187,49.304,0.0,654000000.0,654000000.0,8190000000.0,1176000000.0,,3.568,3847000000.0,,,3847000000.0,6725000000.0,0.0,314000000.0,0.018,0.79,1713000000.0,1713000000.0,0.124,1713000000.0,1713000000.0,1482000000.0,3.48,3.48,3.48,16561000000.0,15270250000.0,16561000000.0,17589800872.0,10.0,10.268,3341000000.0,9.946,1.0,5654000000.0,0.408,3756000000.0,231000000.0,75092000000.0,73187250000.0,0.0,43543000000.0,,,59094000000.0,,,14856800872.0,72000000.0,36000000.0,31000000.0,-459000000.0,-363000000.0,-779000000.0,-2535000000.0,-2289000000.0,3341000000.0,45000000.0,1176000000.0,1176000000.0,1176000000.0,0.0,0.0,0.085,3941000000.0,1713000000.0,7841000000.0,0.227,0.897,12.633,12.71,0.0,0.0,44.23,1.073,1.073,5927000000.0,1397000000.0,13844000000.0,13844000000.0,0.0,0.016,0.077,0.023,0.124,0.0,1775000000.0,1.0,335898731.0,335898731.0,,41.215,71899000000.0,1579000000.0,306000000.0,115000000.0,214.05,
49,CB,MRT,2009-03-31,2009-03-31,2009-03-31,2021-07-29,-2146000000.0,73127000000.0,74528750000.0,,,0.19,44.117,0.0,844000000.0,844000000.0,8275000000.0,1387000000.0,,3.969,3577000000.0,,,3577000000.0,6186000000.0,0.0,333000000.0,0.027,1.08,1966000000.0,1966000000.0,0.139,1966000000.0,1966000000.0,1729000000.0,4.1,4.08,4.1,14718000000.0,15211750000.0,14718000000.0,16196981664.0,8.0,8.239,3648000000.0,10.935,1.0,5856000000.0,0.414,3735000000.0,237000000.0,72125000000.0,73901500000.0,0.0,41126000000.0,,,58409000000.0,,,13477981664.0,333000000.0,-2521000000.0,54000000.0,-109000000.0,-364000000.0,-995000000.0,-2363000000.0,651000000.0,3648000000.0,43000000.0,1387000000.0,1387000000.0,1387000000.0,0.0,0.0,0.098,3890000000.0,1966000000.0,8302000000.0,0.263,0.916,9.717,9.854,0.0,0.0,40.4,0.954,0.954,5446000000.0,641000000.0,14131000000.0,14131000000.0,0.0,0.019,0.091,0.027,0.139,0.0,1782000000.0,1.0,333613391.0,333613391.0,,42.357,69392000000.0,1952000000.0,342000000.0,165000000.0,208.001,
50,CB,MRT,2008-12-31,2008-12-31,2008-12-31,2021-07-29,-1916000000.0,72057000000.0,74726750000.0,,,0.182,43.306,0.0,867000000.0,867000000.0,8002000000.0,1197000000.0,,3.988,3586000000.0,,,3586000000.0,5950000000.0,0.0,345000000.0,0.015,0.82,1797000000.0,1797000000.0,0.132,1797000000.0,1797000000.0,1567000000.0,3.52,3.5,3.52,14446000000.0,15716000000.0,14446000000.0,20818157079.0,12.0,11.585,4101000000.0,12.294,1.0,5630000000.0,0.413,3747000000.0,230000000.0,71029000000.0,74472500000.0,0.0,40547000000.0,,,57611000000.0,,,17653157079.0,357000000.0,-2521000000.0,107000000.0,1156000000.0,-362000000.0,314000000.0,-4124000000.0,-995000000.0,4101000000.0,66000000.0,1197000000.0,1197000000.0,1197000000.0,0.0,0.0,0.088,3833000000.0,1797000000.0,7512000000.0,0.233,1.222,14.748,15.034,0.0,0.0,52.92,1.295,1.295,4992000000.0,74000000.0,13632000000.0,13632000000.0,0.0,0.016,0.076,0.024,0.132,0.0,1737000000.0,1.0,333581968.0,333581968.0,,40.866,68310000000.0,1835000000.0,370000000.0,138000000.0,204.777,
51,CB,MRT,2008-09-30,2008-09-30,2008-09-30,2021-07-29,-1023000000.0,75155000000.0,74735000000.0,,,0.188,46.08,0.0,479000000.0,479000000.0,8042000000.0,1749000000.0,,3.894,3644000000.0,,,3644000000.0,6459000000.0,0.0,346000000.0,0.015,0.83,2392000000.0,2392000000.0,0.171,2392000000.0,2392000000.0,2173000000.0,5.09,5.09,5.09,15356000000.0,16273750000.0,15356000000.0,21823510774.0,9.0,9.124,3963000000.0,11.892,1.0,5982000000.0,0.427,3817000000.0,219000000.0,74503000000.0,74523750000.0,0.0,42678000000.0,,,59799000000.0,,,18038510774.0,-27000000.0,-2522000000.0,109000000.0,1195000000.0,-364000000.0,353000000.0,-4338000000.0,-1165000000.0,3963000000.0,-5000000.0,1749000000.0,1749000000.0,1749000000.0,0.0,0.0,0.125,3590000000.0,2392000000.0,8058000000.0,0.163,1.175,10.314,10.635,0.0,0.0,54.13,1.286,1.286,5269000000.0,54000000.0,14024000000.0,14024000000.0,0.0,0.023,0.107,0.032,0.171,0.0,1678000000.0,1.0,333244235.0,333244235.0,,42.083,71338000000.0,1468000000.0,424000000.0,0.0,214.071,
52,CB,MRT,2008-06-30,2008-06-30,2008-06-30,2021-07-29,-54000000.0,77776000000.0,73934750000.0,,,0.19,49.044,0.0,582000000.0,582000000.0,7492000000.0,2351000000.0,,3.764,4367000000.0,,,4367000000.0,7054000000.0,0.0,354000000.0,0.02,1.1,3117000000.0,3117000000.0,0.222,3117000000.0,3117000000.0,2922000000.0,6.91,6.88,6.91,16327000000.0,16443500000.0,16327000000.0,21592827018.0,7.0,6.927,4389000000.0,13.184,1.0,6555000000.0,0.467,3612000000.0,195000000.0,77949000000.0,73693250000.0,0.0,44743000000.0,,,61449000000.0,,,18339827018.0,-39000000.0,-2557000000.0,118000000.0,1900000000.0,-356000000.0,1064000000.0,-5532000000.0,-2217000000.0,4389000000.0,40000000.0,2351000000.0,2351000000.0,2351000000.0,0.0,0.0,0.167,3438000000.0,3117000000.0,9002000000.0,0.159,1.123,7.801,7.973,0.0,0.0,55.09,1.306,1.306,6050000000.0,0.0,14047000000.0,14047000000.0,0.0,0.032,0.143,0.042,0.222,0.0,1579000000.0,1.0,332906644.0,332906644.0,,42.195,74164000000.0,1029000000.0,571000000.0,28000000.0,222.777,
53,CB,MRT,2008-03-31,2008-03-31,2008-03-31,2021-07-29,474000000.0,73919000000.0,72245750000.0,,,0.189,50.729,0.0,511000000.0,511000000.0,7301000000.0,2254000000.0,,3.417,3764000000.0,,,3764000000.0,6653000000.0,0.0,362000000.0,0.02,1.08,3028000000.0,3028000000.0,0.221,3028000000.0,3028000000.0,2853000000.0,6.67,6.63,6.67,16735000000.0,16157750000.0,16735000000.0,20145640382.0,7.0,6.653,4480000000.0,13.58,1.0,6380000000.0,0.466,2763000000.0,175000000.0,74409000000.0,71737250000.0,0.0,44006000000.0,,,57184000000.0,,,18163640382.0,-128000000.0,0.0,117000000.0,800000000.0,-349000000.0,547000000.0,-5197000000.0,-4665000000.0,4480000000.0,42000000.0,2254000000.0,2254000000.0,2254000000.0,0.0,0.0,0.165,3352000000.0,3028000000.0,8393000000.0,0.162,1.085,8.058,8.255,0.0,0.0,55.06,1.328,1.328,19459000000.0,9358000000.0,13681000000.0,13681000000.0,0.0,0.031,0.139,0.042,0.221,0.0,1474000000.0,1.0,329888123.0,329888123.0,,41.472,71156000000.0,1054000000.0,599000000.0,198000000.0,215.697,
54,CB,MRT,2007-12-31,2007-12-31,2007-12-31,2021-07-29,769000000.0,72090000000.0,71209500000.0,,,0.199,50.6,0.0,510000000.0,510000000.0,7519000000.0,2578000000.0,,3.323,2492000000.0,,,2492000000.0,6227000000.0,0.0,351000000.0,0.017,1.06,3328000000.0,3328000000.0,0.235,3328000000.0,3328000000.0,3153000000.0,7.7,7.63,7.7,16677000000.0,15713750000.0,16677000000.0,22319730884.0,7.0,6.707,4701000000.0,14.263,1.0,6635000000.0,0.469,2838000000.0,175000000.0,71234000000.0,70473750000.0,0.0,42552000000.0,,,55413000000.0,,,20361730884.0,-55000000.0,0.0,74000000.0,35000000.0,-341000000.0,-253000000.0,-4530000000.0,-4111000000.0,4701000000.0,27000000.0,2578000000.0,2578000000.0,2578000000.0,0.0,0.0,0.182,3307000000.0,3328000000.0,8575000000.0,0.138,1.221,7.898,8.023,0.0,0.0,61.78,1.439,1.439,5140000000.0,9080000000.0,14154000000.0,14154000000.0,0.0,0.036,0.164,0.047,0.235,0.0,1455000000.0,1.0,329584513.0,329584513.0,,42.945,69252000000.0,1087000000.0,575000000.0,111000000.0,210.119,
55,CB,MRT,2007-09-30,2007-09-30,2007-09-30,2021-07-29,656000000.0,71954000000.0,69970750000.0,,,0.202,48.712,0.0,506000000.0,506000000.0,7387000000.0,2671000000.0,,3.487,2464000000.0,,,2464000000.0,6542000000.0,0.0,355000000.0,0.017,1.04,3403000000.0,3403000000.0,0.241,3403000000.0,3403000000.0,3229000000.0,8.1,7.97,8.1,16035000000.0,15114000000.0,16035000000.0,21774430359.0,6.0,6.399,4682000000.0,14.223,1.0,6741000000.0,0.477,2731000000.0,174000000.0,71181000000.0,69236750000.0,0.0,42253000000.0,,,55919000000.0,,,19938430359.0,-38000000.0,372000000.0,80000000.0,0.0,-335000000.0,-300000000.0,-4428000000.0,-4710000000.0,4682000000.0,8000000.0,2671000000.0,2671000000.0,2671000000.0,0.0,0.0,0.189,3338000000.0,3403000000.0,8989000000.0,0.128,1.243,7.465,7.478,0.0,0.0,60.57,1.411,1.411,19229000000.0,8609000000.0,14128000000.0,14128000000.0,0.0,0.038,0.177,0.049,0.241,0.0,1435000000.0,1.0,329179963.0,329179963.0,,42.919,69223000000.0,1163000000.0,558000000.0,174000000.0,210.289,
56,CB,MRT,2007-06-30,2007-06-30,2007-06-30,2021-07-29,403000000.0,71020000000.0,68590500000.0,,,0.202,46.208,0.0,621000000.0,621000000.0,7295000000.0,2593000000.0,,3.677,2457000000.0,,,2457000000.0,7001000000.0,0.0,363000000.0,0.016,1.02,3317000000.0,3317000000.0,0.239,3317000000.0,3317000000.0,3141000000.0,7.88,7.75,7.88,15184000000.0,14483000000.0,15184000000.0,22856214671.0,7.0,6.891,4531000000.0,13.789,1.0,6580000000.0,0.474,2731000000.0,176000000.0,70125000000.0,67860250000.0,0.0,40179000000.0,,,55836000000.0,,,20544214671.0,69000000.0,0.0,84000000.0,-300000000.0,-327000000.0,-588000000.0,-3874000000.0,-3856000000.0,4531000000.0,0.0,2593000000.0,2593000000.0,2593000000.0,0.0,0.0,0.187,3263000000.0,3317000000.0,9203000000.0,0.129,1.353,7.923,7.934,0.0,0.0,62.52,1.481,1.481,19858000000.0,8053000000.0,13875000000.0,13875000000.0,0.0,0.038,0.179,0.049,0.239,0.0,1430000000.0,1.0,328602282.0,328602282.0,,42.224,68289000000.0,1163000000.0,548000000.0,168000000.0,207.817,
57,CB,MRT,2007-03-31,2007-03-31,2007-03-31,2021-07-29,778000000.0,69774000000.0,67183000000.0,,,0.204,45.784,0.0,639000000.0,639000000.0,7250000000.0,2517000000.0,,3.664,2951000000.0,,,2951000000.0,6670000000.0,0.0,327000000.0,0.018,1.0,3213000000.0,3213000000.0,0.235,3213000000.0,3213000000.0,3034000000.0,7.67,7.54,7.67,14959000000.0,13803500000.0,14959000000.0,20525003005.0,6.0,6.388,4255000000.0,13.023,1.0,6446000000.0,0.471,2731000000.0,179000000.0,69355000000.0,66545000000.0,0.0,39124000000.0,,,54815000000.0,,,18643003005.0,241000000.0,0.0,65000000.0,498000000.0,-320000000.0,198000000.0,-4214000000.0,-4241000000.0,4255000000.0,2000000.0,2517000000.0,2517000000.0,2517000000.0,0.0,0.0,0.184,3233000000.0,3213000000.0,8268000000.0,0.13,1.246,7.407,7.439,0.0,0.0,57.06,1.361,1.361,19684000000.0,7504000000.0,13696000000.0,13696000000.0,0.0,0.037,0.182,0.048,0.235,0.0,1414000000.0,1.0,326726300.0,326726300.0,,41.919,67043000000.0,1192000000.0,517000000.0,265000000.0,205.196,
58,CB,MRT,2006-12-31,2006-12-31,2006-12-31,2021-07-29,716000000.0,67135000000.0,65951250000.0,,,0.202,43.777,0.0,565000000.0,565000000.0,7070000000.0,2305000000.0,,3.702,2447000000.0,,,2447000000.0,6437000000.0,0.0,335000000.0,0.016,0.98,3003000000.0,3003000000.0,0.225,3003000000.0,3003000000.0,2827000000.0,7.02,6.91,7.02,14278000000.0,13103000000.0,14278000000.0,21651903259.0,7.0,7.21,4105000000.0,12.586,1.0,6258000000.0,0.47,2731000000.0,176000000.0,66286000000.0,65248000000.0,0.0,37390000000.0,,,52857000000.0,,,19754903259.0,53000000.0,0.0,75000000.0,-2000000.0,-312000000.0,-284000000.0,-3770000000.0,-3791000000.0,4105000000.0,2000000.0,2305000000.0,2305000000.0,2305000000.0,0.0,0.0,0.173,3259000000.0,2999000000.0,7447000000.0,0.14,1.384,8.57,8.628,0.0,0.0,60.57,1.482,1.482,19746000000.0,6906000000.0,13328000000.0,13328000000.0,0.0,0.035,0.176,0.046,0.225,0.0,1456000000.0,1.0,326149963.0,326149963.0,,40.865,64404000000.0,1165000000.0,522000000.0,156000000.0,197.467,
59,CB,MRT,2006-09-30,2006-09-30,2006-09-30,2021-07-29,568000000.0,66433000000.0,64777500000.0,,,0.201,41.501,0.0,544000000.0,544000000.0,7381000000.0,1876000000.0,,3.917,2441000000.0,,,2441000000.0,6676000000.0,0.0,346000000.0,0.018,0.96,2458000000.0,2458000000.0,0.188,2458000000.0,2458000000.0,2278000000.0,5.69,5.59,5.69,13511000000.0,12486500000.0,13511000000.0,19994623399.0,8.0,8.135,4110000000.0,12.625,1.0,5666000000.0,0.434,2655000000.0,180000000.0,65675000000.0,64087750000.0,0.0,36446000000.0,,,52922000000.0,,,17817623399.0,135000000.0,-372000000.0,1579000000.0,1000000.0,-296000000.0,1239000000.0,-5221000000.0,-4614000000.0,4110000000.0,7000000.0,1876000000.0,1876000000.0,1876000000.0,0.0,0.0,0.144,3212000000.0,2454000000.0,7326000000.0,0.169,1.319,9.498,9.619,0.0,0.0,54.73,1.366,1.366,20300000000.0,6334000000.0,13047000000.0,13047000000.0,0.0,0.029,0.15,0.038,0.188,0.0,1392000000.0,1.0,325554968.0,325554968.0,,40.076,63778000000.0,1164000000.0,402000000.0,166000000.0,195.905,
60,CB,MRT,2006-06-30,2006-06-30,2006-06-30,2021-07-29,52000000.0,65390000000.0,63305500000.0,,,0.208,38.335,0.0,552000000.0,552000000.0,8367000000.0,1186000000.0,,4.245,2729000000.0,,,2729000000.0,6963000000.0,0.0,348000000.0,0.019,0.94,1650000000.0,1650000000.0,0.125,1650000000.0,1650000000.0,1473000000.0,3.5,3.43,3.5,12466000000.0,11666000000.0,12466000000.0,18474148104.0,11.0,11.196,3970000000.0,12.208,1.0,4785000000.0,0.364,2703000000.0,177000000.0,64864000000.0,62632750000.0,0.0,35257000000.0,,,52924000000.0,,,16451148104.0,-99000000.0,7000000.0,1586000000.0,310000000.0,-281000000.0,1570000000.0,-5635000000.0,-5449000000.0,3970000000.0,-4000000.0,1186000000.0,1186000000.0,1186000000.0,0.0,0.0,0.09,3139000000.0,1646000000.0,6373000000.0,0.269,1.32,13.871,14.454,0.0,0.0,50.59,1.251,1.251,21097000000.0,5849000000.0,13152000000.0,13152000000.0,0.0,0.019,0.102,0.026,0.125,0.0,1347000000.0,1.0,325185770.0,325185770.0,,40.445,62687000000.0,1243000000.0,287000000.0,138000000.0,192.773,
61,CB,MRT,2006-03-31,2006-03-31,2006-03-31,2021-07-29,250000000.0,64847000000.0,61488750000.0,,,0.213,37.531,0.0,398000000.0,398000000.0,8462000000.0,1080000000.0,,4.334,2421000000.0,,,2421000000.0,6554000000.0,0.0,318000000.0,0.018,0.92,1536000000.0,1536000000.0,0.117,1536000000.0,1536000000.0,1361000000.0,3.36,3.29,3.36,12157000000.0,11174250000.0,12157000000.0,18755236559.0,12.0,12.21,4181000000.0,12.907,1.0,4659000000.0,0.355,2703000000.0,175000000.0,64167000000.0,60711000000.0,0.0,34142000000.0,,,52690000000.0,,,16847236559.0,-176000000.0,7000000.0,1596000000.0,12000000.0,-266000000.0,1297000000.0,-5633000000.0,-5451000000.0,4181000000.0,-21000000.0,1080000000.0,1080000000.0,1080000000.0,0.0,0.0,0.082,3127000000.0,1532000000.0,6922000000.0,0.274,1.386,15.599,15.479,0.0,0.0,52.01,1.284,1.284,20988000000.0,5369000000.0,13121000000.0,13121000000.0,0.0,0.018,0.097,0.025,0.117,0.0,1323000000.0,1.0,323923038.0,323923038.0,,40.507,62144000000.0,1271000000.0,281000000.0,179000000.0,191.848,
62,CB,MRT,2005-12-31,2005-12-31,2005-12-31,2021-07-29,332000000.0,62440000000.0,59529182750.0,,,0.22,36.646,0.0,512000000.0,512000000.0,8571000000.0,1028000000.0,,4.286,2420000000.0,,,2420000000.0,5884000000.0,0.0,350000000.0,0.017,0.9,1475000000.0,1475000000.0,0.113,1475000000.0,1475000000.0,1301000000.0,3.36,3.31,3.36,11812000000.0,10627431000.0,11812000000.0,19238202921.0,13.0,13.043,4308000000.0,13.365,1.0,4517000000.0,0.345,2703000000.0,174000000.0,61645000000.0,58706151000.0,0.0,32718000000.0,,,50628000000.0,,,17225202921.0,14000000.0,7000000.0,1613000000.0,13000000.0,-253000000.0,1328000000.0,-5593000000.0,-5454000000.0,4308000000.0,-29000000.0,1028000000.0,1028000000.0,1028000000.0,0.0,0.0,0.079,3042000000.0,1475000000.0,6224000000.0,0.268,1.458,16.756,15.905,0.0,0.0,53.44,1.316,1.316,20152000000.0,4965000000.0,13088000000.0,13088000000.0,0.0,0.017,0.097,0.025,0.113,0.0,1261000000.0,1.0,322327905.0,322327905.0,,40.605,59737000000.0,1314000000.0,273000000.0,174000000.0,185.33,
63,CB,MRT,2005-09-30,2005-09-30,2005-09-30,2021-07-29,441000000.0,60545000000.0,57964932750.0,,,0.228,35.473,0.0,409000000.0,409000000.0,8650000000.0,1070000000.0,,4.919,2422000000.0,,,2422000000.0,6238000000.0,0.0,331000000.0,0.019,0.88,1478000000.0,1478000000.0,0.112,1478000000.0,1478000000.0,1307000000.0,3.63,3.56,3.63,10229000000.0,10135681000.0,10229000000.0,15330221604.0,10.0,10.372,4367000000.0,15.144,1.0,4543000000.0,0.344,2703000000.0,171000000.0,59855000000.0,57142901000.0,0.0,30837000000.0,,,50316000000.0,,,13573221604.0,-214000000.0,13000000.0,103000000.0,10000000.0,-247000000.0,-179000000.0,-4398000000.0,-4306000000.0,4367000000.0,-4000000.0,1070000000.0,1070000000.0,1070000000.0,0.0,0.0,0.081,3065000000.0,1478000000.0,5937000000.0,0.242,1.327,12.685,12.967,0.0,0.0,47.07,1.029,1.029,20813000000.0,4815000000.0,13193000000.0,13193000000.0,0.0,0.018,0.106,0.026,0.112,0.0,1297000000.0,1.0,288362473.0,288362473.0,,45.751,57842000000.0,1244000000.0,237000000.0,0.0,200.588,
64,CB,MRT,2005-06-30,2005-06-30,2005-06-30,2021-07-29,552000000.0,58123000000.0,56442603500.0,,,0.226,36.523,0.0,651000000.0,651000000.0,8067000000.0,1186000000.0,,4.536,2408000000.0,,,2408000000.0,6457000000.0,0.0,347000000.0,0.019,0.86,1651000000.0,1651000000.0,0.129,1651000000.0,1651000000.0,1473000000.0,4.03,3.96,4.03,10499000000.0,9948324250.0,10499000000.0,14726903950.0,9.0,8.92,4981000000.0,17.328,1.0,4705000000.0,0.368,2703000000.0,178000000.0,57177000000.0,55585226750.0,0.0,29603000000.0,,,47624000000.0,,,12892581950.0,-9000000.0,6000000.0,90000000.0,-474000000.0,-239000000.0,-668000000.0,-4318000000.0,-4223000000.0,4981000000.0,-4000000.0,1186000000.0,1186000000.0,1186000000.0,0.0,0.0,0.093,3054000000.0,1651000000.0,5590000000.0,0.213,1.228,10.871,11.129,0.0,0.0,44.85,1.009,1.009,19795000000.0,5005000000.0,12772000000.0,12772000000.0,0.0,0.021,0.119,0.03,0.129,0.0,1295000000.0,1.0,287460034.0,287460034.0,,44.431,55420000000.0,1134000000.0,287000000.0,0.0,192.792,
65,CB,MRT,2005-03-31,2005-03-31,2005-03-31,2021-07-29,447910000.0,57008731000.0,55324642500.0,,,0.227,34.695,0.0,574118000.0,574118000.0,7950000000.0,1142000000.0,,4.718,2408440000.0,,,2408440000.0,6527031000.0,0.0,301524000.0,0.02,0.84,1611000000.0,1611000000.0,0.128,1611000000.0,1611000000.0,1430000000.0,3.89,3.82,3.89,9969724000.0,9628692500.0,9969724000.0,13732697021.0,9.0,8.524,4976091000.0,17.317,1.0,4631000000.0,0.368,2695449000.0,181000000.0,56147604000.0,54604899000.0,0.0,28492138000.0,,,47039007000.0,,,11859097021.0,-37236000.0,959000000.0,95911000.0,26014000.0,-232818000.0,-155680000.0,-4865670000.0,-5589738000.0,4976091000.0,8023000.0,1142000000.0,1142000000.0,1142000000.0,0.0,0.0,0.091,3020000000.0,1611000000.0,5677837000.0,0.216,1.19,10.384,10.609,0.0,0.0,41.27,0.943,0.943,19585309000.0,4614588000.0,12581000000.0,12581000000.0,0.0,0.021,0.119,0.03,0.128,0.0,1283000000.0,1.0,287353938.0,287353938.0,,43.782,54313282000.0,1177810000.0,288000000.0,0.0,189.012,
66,CB,MRT,2004-12-31,2004-12-31,2004-12-31,2021-07-29,734000000.0,56183000000.0,54192097000.0,,,0.227,34.641,0.0,498000000.0,498000000.0,7690000000.0,1153000000.0,,4.707,2407000000.0,,,2407000000.0,5983000000.0,0.0,343000000.0,0.019,0.82,1622000000.0,1622000000.0,0.132,1622000000.0,1622000000.0,1439000000.0,3.95,3.88,3.95,9845000000.0,9485466500.0,9845000000.0,13930519435.0,9.0,8.588,4939000000.0,17.379,1.0,4630000000.0,0.376,2700000000.0,183000000.0,55392000000.0,53454871000.0,0.0,27721000000.0,,,46338000000.0,,,12149450435.0,-61000000.0,959000000.0,91000000.0,25000000.0,-226000000.0,-155000000.0,-4866000000.0,-5627000000.0,4939000000.0,21000000.0,1153000000.0,1153000000.0,1153000000.0,0.0,0.0,0.094,3008000000.0,1622000000.0,5411000000.0,0.208,1.234,10.537,10.823,0.0,0.0,42.75,0.986,0.986,19688000000.0,4249000000.0,12320000000.0,12320000000.0,0.0,0.021,0.122,0.03,0.132,0.0,1265000000.0,1.0,284197671.0,284197671.0,,43.35,53483000000.0,1173000000.0,286000000.0,0.0,188.189,
67,CB,MRT,2004-09-30,2004-09-30,2004-09-30,2021-07-29,607838000.0,54455683000.0,52475698500.0,,,0.236,33.377,0.0,625799000.0,625799000.0,7382803000.0,1383552000.0,,4.745,2406868000.0,,,2406868000.0,6465590000.0,0.0,220303000.0,0.02,0.8,1989170000.0,1989170000.0,0.161,1989170000.0,1989170000.0,1804856000.0,4.82,4.73,4.82,9479573000.0,9229991000.0,9479573000.0,13596429406.0,7.0,6.835,5736056000.0,20.196,1.0,5002738000.0,0.404,2612449000.0,184314000.0,53624303000.0,51689511250.0,0.0,27383547000.0,,,44976110000.0,,,11377789406.0,194234000.0,953000000.0,105152000.0,24960000.0,-218538000.0,-133203000.0,-5411426000.0,-6169895000.0,5736056000.0,2807000.0,1383552000.0,1383552000.0,1383552000.0,0.0,0.0,0.112,3013568000.0,1989170000.0,4446268000.0,0.166,1.2,8.224,8.311,0.0,0.0,40.06,0.919,0.919,19469714000.0,4031251000.0,12385541000.0,12385541000.0,0.0,0.026,0.15,0.038,0.161,0.0,1276311000.0,1.0,284018700.0,284018700.0,,43.608,51843234000.0,1015576000.0,421304000.0,0.0,182.535,
68,CB,MRT,2004-06-30,2004-06-30,2004-06-30,2021-07-29,305538000.0,53651156000.0,50670402250.0,,,0.236,32.565,0.0,663240000.0,663240000.0,6680281000.0,1734517000.0,,4.819,2881880000.0,,,2881880000.0,6555437000.0,0.0,221308000.0,0.018,0.78,2336429000.0,2336429000.0,0.195,2336429000.0,2336429000.0,2157767000.0,6.1,5.98,6.1,9220473000.0,8946586750.0,9220473000.0,13739768217.0,6.0,5.881,4970097000.0,17.553,1.0,5302030000.0,0.442,2614107000.0,178662000.0,53255689000.0,49899101250.0,0.0,26071826000.0,,,44430683000.0,,,11971300217.0,86581000.0,953000000.0,106053000.0,499901000.0,-212312000.0,348528000.0,-5258044000.0,-6029611000.0,4970097000.0,26000000.0,1734517000.0,1734517000.0,1734517000.0,0.0,0.0,0.145,2965601000.0,2336429000.0,4240481000.0,0.128,1.298,6.902,6.931,0.0,0.0,42.28,0.999,0.999,19788541000.0,4104754000.0,11982311000.0,11982311000.0,0.0,0.034,0.194,0.047,0.195,0.0,1263666000.0,1.0,283143342.0,283143342.0,,42.319,51037049000.0,1114559000.0,423250000.0,0.0,180.252,
69,CB,MRT,2004-03-31,2004-03-31,2004-03-31,2021-07-29,854245000.0,52478549000.0,48914051750.0,,,0.236,33.423,0.0,613886000.0,613886000.0,6413660000.0,1681985000.0,,4.585,2382354000.0,,,2382354000.0,6929562000.0,0.0,217443000.0,0.018,0.76,2240747000.0,2240747000.0,0.194,2240747000.0,2240747000.0,2064404000.0,5.98,5.86,5.98,9396820000.0,8685994500.0,9396820000.0,13802162402.0,6.0,6.16,4860272000.0,17.287,1.0,5126751000.0,0.444,2699525000.0,176343000.0,51547492000.0,48012493500.0,0.0,25574617000.0,,,43081729000.0,,,11993883402.0,136222000.0,0.0,100561000.0,-512000.0,-206523000.0,412728000.0,-5166755000.0,-5092997000.0,4860272000.0,29977000.0,1681985000.0,1681985000.0,1681985000.0,0.0,0.0,0.146,2886004000.0,2240747000.0,3909773000.0,0.127,1.276,7.131,7.134,0.0,0.0,42.66,1.039,1.039,19303101000.0,3762514000.0,11540411000.0,11540411000.0,0.0,0.034,0.194,0.047,0.194,0.0,1246954000.0,1.0,281150572.0,281150572.0,,41.047,49779024000.0,997034000.0,382419000.0,0.0,177.055,
70,CB,MRT,2003-12-31,2003-12-31,2003-12-31,2021-07-29,713421000.0,49317406000.0,47158526000.0,,,0.231,31.615,0.0,558944000.0,558944000.0,6167000000.0,1482000000.0,,4.59,2369929000.0,,,2369929000.0,5852664000.0,0.0,212577000.0,0.018,0.74,1970000000.0,1970000000.0,0.181,1970000000.0,1970000000.0,1793000000.0,5.35,5.25,5.35,8823098000.0,8012400750.0,8823098000.0,13498359308.0,7.0,6.852,4285000000.0,15.354,1.0,4725000000.0,0.434,2797830000.0,177000000.0,48330561000.0,46285292500.0,0.0,22832162000.0,,,40494308000.0,,,11559364308.0,-102000000.0,0.0,69000000.0,0.0,-198000000.0,395000000.0,-4803000000.0,-4685000000.0,4285000000.0,21000000.0,1482000000.0,1482000000.0,1482000000.0,0.0,0.0,0.136,2755000000.0,1970000000.0,3524588000.0,0.138,1.31,7.8,7.742,0.0,0.0,41.42,1.061,1.061,17543501000.0,3374419000.0,10892000000.0,10892000000.0,0.0,0.031,0.185,0.043,0.181,0.0,1189000000.0,1.0,279076892.0,279076892.0,,39.029,46519576000.0,1115854000.0,311000000.0,0.0,166.691,
71,CB,MRT,2003-09-30,2003-09-30,2003-09-30,2021-07-29,668375000.0,47234498000.0,45817663500.0,,,0.212,29.994,0.0,431121000.0,431121000.0,6092742000.0,827564000.0,,4.66,2370116000.0,,,2370116000.0,6243098000.0,0.0,75957000.0,0.022,0.72,1066128000.0,1066128000.0,0.11,1066128000.0,1066128000.0,886309000.0,2.93,2.87,2.93,8345956000.0,7403797750.0,8345956000.0,10998966390.0,10.0,10.317,3554307000.0,12.774,1.0,3628037000.0,0.373,2710830000.0,179819000.0,46462663000.0,44938556750.0,0.0,21653588000.0,,,38888542000.0,,,9204632390.0,-218653000.0,0.0,47687000.0,-74300000.0,-190086000.0,312662000.0,-4117175000.0,-4044832000.0,3554307000.0,31553000.0,827564000.0,827564000.0,827564000.0,0.0,0.0,0.085,2561909000.0,1066128000.0,3175004000.0,0.246,1.103,11.123,11.29,0.0,0.0,33.08,0.947,0.947,18405316000.0,3000430000.0,9720779000.0,9720779000.0,0.0,0.018,0.112,0.024,0.11,0.0,1080410000.0,1.0,278253683.0,278253683.0,,34.935,44523668000.0,1102612000.0,58745000.0,0.0,160.011,
72,CB,MRT,2003-06-30,2003-06-30,2003-06-30,2021-07-29,812639000.0,46625754000.0,44216485250.0,,,0.202,30.896,0.0,575774000.0,575774000.0,5902056000.0,416089000.0,,4.701,2370108000.0,,,2370108000.0,6393994000.0,0.0,74488000.0,0.02,0.7,584704000.0,584704000.0,0.065,584704000.0,584704000.0,400554000.0,1.44,1.41,1.44,8178104000.0,6929188250.0,8178104000.0,10969680905.0,19.0,18.761,3534078000.0,13.351,1.0,3024958000.0,0.339,2710830000.0,184150000.0,45709258000.0,43299716000.0,0.0,20611295000.0,,,38447650000.0,,,9076608905.0,-302005000.0,0.0,38697000.0,-328500000.0,-181894000.0,62585000.0,-3911028000.0,-3752298000.0,3534078000.0,12360000.0,416089000.0,416089000.0,416089000.0,0.0,0.0,0.047,2440254000.0,584704000.0,3349357000.0,0.486,1.11,21.814,23.813,0.0,0.0,34.29,1.017,1.017,18739954000.0,2709714000.0,8927014000.0,8927014000.0,0.0,0.009,0.06,0.014,0.065,0.0,1037723000.0,1.0,264701331.0,264701331.0,,33.725,43914924000.0,1093675000.0,-15535000.0,0.0,165.904,
73,CB,MRT,2003-03-31,2003-03-31,2003-03-31,2021-07-29,537681000.0,45456446000.0,42390850750.0,,,0.187,25.558,0.0,477369000.0,477369000.0,5403626000.0,149521000.0,,5.736,2370441000.0,,,2370441000.0,6572565000.0,0.0,88962000.0,0.023,0.68,258914000.0,258914000.0,0.033,258914000.0,258914000.0,66493000.0,0.46,0.45,0.46,6702445000.0,6480614000.0,6702445000.0,9298594856.0,36.0,35.914,2983050000.0,11.375,1.0,2523010000.0,0.318,2710830000.0,192421000.0,44638688000.0,41479174250.0,0.0,18740749000.0,,,38442951000.0,,,7592072856.0,-342640000.0,0.0,24662000.0,-752891000.0,-173222000.0,-927041000.0,-2411009000.0,-2155989000.0,2983050000.0,12360000.0,149521000.0,149521000.0,149521000.0,0.0,0.0,0.019,2264096000.0,258914000.0,3511437000.0,1.478,1.133,50.776,62.935,0.0,0.0,28.95,0.958,0.958,19369143000.0,2395378000.0,7926636000.0,7926636000.0,0.0,0.004,0.023,0.006,0.033,0.0,980161000.0,1.0,262247758.0,262247758.0,,30.226,42745616000.0,1226965000.0,-83028000.0,0.0,162.997,
74,CB,MRT,2002-12-31,2002-12-31,2002-12-31,2021-07-29,439892000.0,43953956000.0,40648561250.0,,,0.178,24.324,0.0,663355000.0,663355000.0,4973938000.0,99882000.0,,5.831,2369877000.0,,,2369877000.0,5585524000.0,0.0,139410000.0,0.022,0.66,181834000.0,181834000.0,0.025,181834000.0,181834000.0,-11660000.0,0.28,0.27,0.28,6388686000.0,6355984000.0,6388686000.0,9500554695.0,52.0,52.249,2526270000.0,9.618,1.0,2253705000.0,0.312,2716860000.0,193494000.0,42943618000.0,39823995500.0,0.0,18045703000.0,,,37254220000.0,,,7706179695.0,-8026000.0,0.0,52034000.0,-350313000.0,-167470000.0,-491411000.0,-2055245000.0,-1877760000.0,2526270000.0,12360000.0,99882000.0,99882000.0,99882000.0,0.0,0.0,0.014,2071871000.0,181834000.0,3838688000.0,2.357,1.206,77.153,104.786,0.0,0.0,29.34,1.066,1.066,18617666000.0,2199313000.0,7227643000.0,7227643000.0,0.0,0.002,0.016,0.005,0.025,0.0,917692000.0,1.0,262650978.0,262650978.0,,27.518,41237096000.0,1287983000.0,-111542000.0,0.0,157.003,
75,CB,MRT,2002-09-30,2002-09-30,2002-09-30,2021-07-29,284805000.0,40829785000.0,38956763250.0,,,0.18,24.571,0.0,649774000.0,649774000.0,4246581000.0,291460000.0,,5.284,2444149000.0,,,2444149000.0,5570219000.0,19907000.0,93136000.0,0.022,0.64,473886000.0,493793000.0,0.071,493793000.0,473886000.0,281165000.0,1.05,1.0,1.05,6447518000.0,6285489250.0,6447518000.0,9590146245.0,20.0,19.421,1983590000.0,7.559,1.0,2752636000.0,0.393,2716860000.0,192721000.0,39907300000.0,38203883500.0,0.0,17087784000.0,,,34071217000.0,,,7769758245.0,-104814000.0,0.0,1195980000.0,-306790000.0,-157312000.0,706217000.0,-2794621000.0,-2645800000.0,1983590000.0,0.0,291460000.0,291460000.0,291460000.0,0.0,0.0,0.042,2278750000.0,473886000.0,3309367000.0,0.61,1.205,26.658,28.2,0.0,0.0,29.61,1.11,1.11,16983822000.0,2419034000.0,6999217000.0,6999217000.0,0.0,0.007,0.046,0.012,0.068,0.0,899437000.0,1.0,262403174.0,262403174.0,,26.674,38112925000.0,1151937000.0,-10295000.0,0.0,145.246,
76,CB,MRT,2002-06-30,2002-06-30,2002-06-30,2021-07-29,123506000.0,39323216000.0,37476635750.0,,,0.178,24.347,0.0,877779000.0,877779000.0,4460416000.0,-94620000.0,,5.111,2698167000.0,,,2698167000.0,4990514000.0,39819000.0,90660000.0,0.02,0.62,19246000.0,59065000.0,0.009,59065000.0,19246000.0,-173926000.0,-0.66,-0.71,-0.66,6383807000.0,5928054750.0,6383807000.0,10588633786.0,550.0,179.271,1450755000.0,5.533,1.0,2194433000.0,0.33,2716513000.0,193172000.0,38427091000.0,36755708500.0,0.0,16108951000.0,,,32628359000.0,,,8285672786.0,200460000.0,0.0,1066852000.0,-4350000.0,-146939000.0,889902000.0,-2140197000.0,-2034725000.0,1450755000.0,0.0,-94620000.0,-94620000.0,-94620000.0,0.0,0.0,-0.014,2175187000.0,19246000.0,3327941000.0,-0.939,1.298,-87.568,-47.879,0.0,0.0,31.6,1.245,1.245,16439870000.0,2526584000.0,6654849000.0,6654849000.0,0.0,-0.003,-0.016,0.001,0.003,0.0,854300000.0,1.0,262204835.0,262204835.0,,25.38,36606703000.0,1188405000.0,-79306000.0,0.0,139.611,
77,CB,MRT,2002-03-31,2002-03-31,2002-03-31,2021-07-29,16546000.0,38487288000.0,35897760750.0,,,0.185,23.771,0.0,820009000.0,820009000.0,4454308000.0,-67003000.0,,5.154,3122970000.0,,,3122970000.0,4720511000.0,59691000.0,96859000.0,0.014,0.6,42125000.0,101816000.0,0.015,101816000.0,42125000.0,-148735000.0,-0.49,-0.55,-0.49,6203925000.0,5713312500.0,6203925000.0,12931715498.0,307.0,127.011,1108183000.0,4.246,1.0,2173925000.0,0.328,2772276000.0,190860000.0,38017973000.0,35205401750.0,0.0,15503333000.0,,,31972313000.0,,,10883215498.0,136937000.0,0.0,1054597000.0,452117000.0,-137657000.0,1343319000.0,-2314565000.0,-2291331000.0,1108183000.0,0.0,-67003000.0,-67003000.0,-67003000.0,0.0,0.0,-0.01,2131800000.0,42125000.0,3070273000.0,-1.224,1.754,-162.429,-85.102,0.0,0.0,41.7,1.642,1.642,16229966000.0,2473681000.0,6628233000.0,6628233000.0,0.0,-0.002,-0.012,0.001,0.006,0.0,832768000.0,1.0,260988375.0,260988375.0,,25.397,35715012000.0,1239506000.0,-81732000.0,0.0,136.845,
78,CB,MRT,2001-12-31,2001-12-31,2001-12-31,2021-07-29,101599000.0,37186764000.0,34498307000.0,,,0.193,23.531,0.0,671381000.0,671381000.0,4552456000.0,-146414000.0,,5.039,2719881000.0,,,2719881000.0,3853429000.0,79571000.0,101187000.0,0.014,0.58,-25906000.0,53665000.0,0.008,53665000.0,-25906000.0,-225088000.0,-0.74,-0.74,-0.74,6106707000.0,5539035250.0,6106707000.0,12416145756.0,-479.0,231.364,1353005000.0,5.213,1.0,2092683000.0,0.315,2772094000.0,199182000.0,36463170000.0,33713497750.0,0.0,15264532000.0,,,30769007000.0,,,10419834756.0,63312000.0,0.0,995172000.0,56144000.0,-128745000.0,896905000.0,-2186598000.0,-2075507000.0,1353005000.0,0.0,-146414000.0,-146414000.0,-146414000.0,0.0,0.0,-0.022,2095919000.0,-3236000.0,2740675000.0,-0.784,1.706,-71.167,-54.257,0.0,0.0,40.15,1.568,1.568,15385527000.0,2321576000.0,6645139000.0,6645139000.0,0.0,-0.004,-0.026,-0.001,-0.004,0.0,830455000.0,1.0,259522646.0,259522646.0,,25.605,34414670000.0,1250835000.0,-78674000.0,0.0,132.608,
79,CB,MRT,2001-09-30,2001-09-30,2001-09-30,2021-07-29,152692000.0,34909275000.0,33123997500.0,,,0.179,21.733,0.0,754588000.0,754588000.0,4127345000.0,-78891000.0,,5.895,2750899000.0,,,2750899000.0,3835895000.0,79595000.0,106460000.0,0.019,0.56,117545000.0,197140000.0,0.033,197140000.0,117545000.0,-90455000.0,-0.48,-0.54,-0.48,5017780000.0,5367411250.0,5017780000.0,8690866020.0,74.0,44.085,908668000.0,3.936,1.0,1803297000.0,0.304,2790986000.0,208000000.0,34114600000.0,32322326500.0,0.0,13837800000.0,,,29580445000.0,,,6665513020.0,137617000.0,0.0,-136208000.0,74004000.0,-124663000.0,-212533000.0,-558518000.0,-176745000.0,908668000.0,0.0,-78891000.0,-78891000.0,-78891000.0,0.0,0.0,-0.013,1663082000.0,140215000.0,2965902000.0,-1.167,1.328,-84.49,-60.146,0.0,0.0,28.87,1.124,1.124,14635061000.0,2320704000.0,5930642000.0,5930642000.0,0.0,-0.002,-0.015,0.004,0.02,0.0,797867000.0,1.0,230880249.0,230880249.0,,25.687,32118289000.0,1178418000.0,-11564000.0,0.0,139.112,
80,CB,MRT,2001-06-30,2001-06-30,2001-06-30,2021-07-29,56896000.0,33007716000.0,32279703750.0,,,0.178,23.875,0.0,677319000.0,677319000.0,3358605000.0,504452000.0,,4.918,2702672000.0,,,2702672000.0,3771249000.0,79602000.0,107670000.0,0.014,0.54,807943000.0,887545000.0,0.154,887545000.0,807943000.0,593665000.0,2.07,1.99,2.07,5524838000.0,5423092500.0,5524838000.0,11033440588.0,14.0,12.431,250050000.0,1.081,1.0,2399969000.0,0.417,2807205000.0,214278000.0,32225864000.0,31477250250.0,0.0,13470383000.0,,,27171828000.0,,,9045517588.0,-7258000.0,0.0,395881000.0,51438000.0,-118750000.0,302898000.0,-560206000.0,-250468000.0,250050000.0,0.0,504452000.0,504452000.0,504452000.0,0.0,0.0,0.088,1569356000.0,830613000.0,2600203000.0,0.261,1.637,17.931,18.884,0.0,0.0,39.09,1.571,1.571,13213811000.0,2873562000.0,5758574000.0,5758574000.0,0.0,0.016,0.093,0.026,0.14,0.0,770248000.0,1.0,231402343.0,231402343.0,,24.886,30200511000.0,1126611000.0,89213000.0,0.0,130.511,
81,CB,MRT,2001-03-31,2001-03-31,2001-03-31,2021-07-29,125287000.0,32889473000.0,31578986750.0,,,0.174,23.684,0.0,683072000.0,683072000.0,3171875000.0,486863000.0,,4.916,2670995000.0,,,2670995000.0,3675440000.0,79054000.0,122809000.0,0.014,0.52,793330000.0,872384000.0,0.159,872384000.0,793330000.0,574745000.0,2.03,1.96,2.03,5506816000.0,5189145750.0,5506816000.0,10602868316.0,13.0,12.154,45515000.0,0.196,1.0,2307414000.0,0.421,2827039000.0,218585000.0,32050357000.0,30744259500.0,0.0,13445930000.0,,,27071607000.0,,,8547200316.0,-124849000.0,0.0,406805000.0,-386451000.0,-112537000.0,187314000.0,-357678000.0,-38526000.0,45515000.0,0.0,486863000.0,486863000.0,486863000.0,0.0,0.0,0.089,1491414000.0,816000000.0,2623832000.0,0.256,1.552,17.556,18.108,0.0,0.0,36.76,1.56,1.56,13136499000.0,2792451000.0,5479289000.0,5479289000.0,0.0,0.015,0.094,0.026,0.145,0.0,744918000.0,1.0,232513623.0,232513623.0,,23.565,30062434000.0,1138876000.0,87882000.0,0.0,129.293,
82,CB,MRT,2000-12-31,2000-12-31,2000-12-31,2021-07-29,69454000.0,31689526000.0,30917943000.0,,,0.17,23.358,0.0,608069000.0,608069000.0,2936065000.0,542982000.0,,4.789,2663737000.0,,,2663737000.0,3098411000.0,78820000.0,139056000.0,0.012,0.5,858340000.0,937160000.0,0.178,937160000.0,858340000.0,636890000.0,2.37,2.31,2.37,5420211000.0,4954540250.0,5420211000.0,11907225201.0,14.0,12.706,-427172000.0,-1.841,1.0,2333534000.0,0.443,2846709000.0,221450000.0,30898485000.0,30153826250.0,0.0,13154255000.0,,,25958265000.0,,,9847502201.0,8837000.0,0.0,432889000.0,-710076000.0,-106459000.0,202266000.0,233743000.0,496386000.0,-427172000.0,0.0,542982000.0,542982000.0,542982000.0,0.0,0.0,0.103,1475194000.0,858340000.0,2635540000.0,0.211,1.817,18.136,17.906,0.0,0.0,42.438,1.869,1.869,12337254000.0,2733633000.0,5269599000.0,5269599000.0,0.0,0.018,0.11,0.028,0.163,0.0,745633000.0,1.0,232047180.0,232047180.0,,22.709,28842817000.0,1144261000.0,93908000.0,0.0,124.297,
83,CB,MRT,2000-09-30,2000-09-30,2000-09-30,2021-07-29,-23159000.0,31532100000.0,30526283500.0,,,0.17,24.048,0.0,616971000.0,616971000.0,2850762000.0,581223000.0,,4.958,2676694000.0,,,2676694000.0,3192781000.0,77831000.0,143693000.0,0.012,0.48,887217000.0,965048000.0,0.186,965048000.0,887217000.0,668280000.0,2.68,2.64,2.68,5240505000.0,4712127500.0,5240505000.0,10519973745.0,12.0,10.901,-549999000.0,-2.524,1.0,2332204000.0,0.45,2857528000.0,218937000.0,30734295000.0,29872892750.0,0.0,13146960000.0,,,25980545000.0,,,8553471745.0,-118809000.0,-86584000.0,416653000.0,-827015000.0,-97692000.0,184273000.0,246917000.0,257373000.0,-549999000.0,0.0,581223000.0,581223000.0,581223000.0,0.0,0.0,0.112,1444987000.0,887217000.0,2532233000.0,0.179,1.632,14.716,14.646,0.0,0.0,39.25,1.65,1.65,12269220000.0,2656608000.0,5182966000.0,5182966000.0,0.0,0.019,0.123,0.03,0.171,0.0,749957000.0,1.0,217922847.0,217922847.0,,23.783,28674572000.0,1090709000.0,87057000.0,0.0,131.581,
84,CB,MRT,2000-06-30,2000-06-30,2000-06-30,2021-07-29,-145221000.0,30204848000.0,29979304250.0,,,0.163,21.146,0.0,684577000.0,684577000.0,2710785000.0,455263000.0,,5.514,2651079000.0,,,2651079000.0,3053214000.0,75386000.0,184155000.0,0.016,0.46,731813000.0,807199000.0,0.165,807199000.0,731813000.0,524216000.0,2.16,2.14,2.16,4589051000.0,4368093500.0,4589051000.0,8325877948.0,11.0,10.315,-735799000.0,-3.39,1.0,2170130000.0,0.445,2877449000.0,207597000.0,29293901000.0,29399851500.0,0.0,11824629000.0,,,25304747000.0,,,6076507948.0,-119853000.0,-2671129000.0,4969000.0,1227369000.0,-90741000.0,1840345000.0,-1224399000.0,1435541000.0,-735799000.0,0.0,455263000.0,455263000.0,455263000.0,0.0,0.0,0.093,1438317000.0,731813000.0,2709392000.0,0.213,1.324,13.347,12.963,0.0,0.0,28.0,1.245,1.245,12145301000.0,2552532000.0,4880915000.0,4880915000.0,0.0,0.015,0.104,0.025,0.15,0.0,776309000.0,1.0,217018141.0,217018141.0,,22.491,27327399000.0,1004320000.0,68953000.0,0.0,125.922,
85,CB,MRT,2000-03-31,2000-03-31,2000-03-31,2021-07-29,-81841000.0,30245298000.0,24845044750.0,,,0.16,21.009,0.0,807921000.0,807921000.0,2198145000.0,410457000.0,,5.621,3057291000.0,,,3057291000.0,2827312000.0,60576000.0,183931000.0,0.019,0.44,624786000.0,685362000.0,0.173,685362000.0,624786000.0,466989000.0,2.02,2.0,2.02,4568394000.0,4205201000.0,4568394000.0,7448686935.0,12.0,10.868,-468067000.0,-2.153,1.0,1774321000.0,0.447,2806044000.0,157797000.0,29688624000.0,24321312000.0,0.0,12005840000.0,,,25676904000.0,,,4974105935.0,541903000.0,-2670216000.0,2411000.0,1633581000.0,-84324000.0,2351668000.0,-1341698000.0,1254865000.0,-468067000.0,0.0,410457000.0,410457000.0,410457000.0,0.0,0.0,0.103,1149535000.0,624786000.0,2727272000.0,0.218,1.089,12.118,11.324,0.0,0.0,22.875,1.252,1.252,11993532000.0,2472224000.0,3972466000.0,3972466000.0,0.0,0.017,0.098,0.026,0.157,0.0,634594000.0,1.0,217447254.0,217447254.0,,18.269,27439254000.0,945115000.0,56532000.0,0.0,126.188,
86,CB,MRT,1999-12-31,1999-12-31,1999-12-31,2021-07-29,-66152000.0,30122888000.0,19502817500.0,,,0.155,22.934,0.0,599232000.0,599232000.0,1639543000.0,364963000.0,,5.768,3073813000.0,,,3073813000.0,2492587000.0,45350000.0,201079000.0,0.025,0.42,498785000.0,544135000.0,0.18,544135000.0,498785000.0,393647000.0,1.88,1.85,1.88,4450560000.0,4052156500.0,4450560000.0,5401197485.0,11.0,9.926,-460852000.0,-2.375,1.0,1377447000.0,0.457,2822718000.0,105138000.0,29774751000.0,18979687750.0,0.0,12276303000.0,,,25672328000.0,,,3238364485.0,358676000.0,-2679216000.0,6823000.0,1950103000.0,-77836000.0,2379090000.0,-1559562000.0,1051343000.0,-460852000.0,0.0,364963000.0,364963000.0,364963000.0,0.0,0.0,0.121,878662000.0,498785000.0,3420681000.0,0.223,0.728,8.873,8.876,0.0,0.0,16.688,1.073,1.073,11972976000.0,2321570000.0,3016990000.0,3016990000.0,0.0,0.019,0.09,0.026,0.165,0.0,495236000.0,1.0,194059295.0,194059295.0,,15.547,27300170000.0,916184000.0,28684000.0,0.0,140.68,
87,CB,MRT,1999-09-30,1999-09-30,1999-09-30,2021-07-29,-100114000.0,29344183000.0,14180671750.0,,,0.161,19.913,0.0,735780000.0,735780000.0,1156431000.0,451473000.0,,6.594,2898613000.0,,,2898613000.0,2196245000.0,30843000.0,196338000.0,0.024,0.4,530279000.0,561122000.0,0.245,561122000.0,530279000.0,472793000.0,2.34,2.29,2.34,3864369000.0,3916910750.0,3864369000.0,3132449309.0,6.0,5.582,-356762000.0,-1.838,1.0,1133720000.0,0.495,2664886000.0,57486000.0,28842130000.0,13612957250.0,0.0,11128721000.0,,,25479814000.0,,,3286879309.0,418066000.0,-2592632000.0,6658000.0,2079999000.0,-73641000.0,2413016000.0,-1638188000.0,849470000.0,-356762000.0,0.0,451473000.0,451473000.0,451473000.0,0.0,0.0,0.197,603441000.0,530279000.0,2969176000.0,0.171,0.851,7.28,7.238,0.0,0.0,16.938,1.435,1.435,12397888000.0,2193461000.0,2290151000.0,2290151000.0,0.0,0.032,0.115,0.039,0.232,0.0,341281000.0,1.0,194059295.0,194059295.0,,11.801,26679297000.0,977273000.0,21320000.0,0.0,137.48,
88,CB,MRT,1999-06-30,1999-06-30,1999-06-30,2021-07-29,-32194000.0,9667810000.0,9041814250.0,,,0.165,20.305,0.0,804430000.0,804430000.0,642145000.0,450192000.0,,1.455,650000000.0,,,650000000.0,913464000.0,17705000.0,0.0,0.013,0.38,488547000.0,506252000.0,0.34,506252000.0,488547000.0,462248000.0,2.29,2.24,2.29,3937481000.0,3879386000.0,3937481000.0,5462072332.0,11.0,10.789,-222142000.0,-1.146,1.0,846752000.0,0.569,533637000.0,26299000.0,8979743000.0,8447595750.0,0.0,5756076000.0,,,5730329000.0,,,5478090332.0,370494000.0,-8087000.0,9667000.0,0.0,-68425000.0,341242000.0,251394000.0,161545000.0,-222142000.0,0.0,450192000.0,450192000.0,450192000.0,0.0,0.0,0.302,358205000.0,488547000.0,341998000.0,0.166,1.391,12.168,12.336,0.0,0.0,28.25,3.679,3.679,1954546000.0,2200015000.0,1488897000.0,1488897000.0,0.0,0.05,0.116,0.058,0.328,0.0,222863000.0,1.0,193914702.0,193914702.0,,7.678,9134173000.0,39815000.0,12056000.0,0.0,47.104,
89,CB,MRT,1999-03-31,1999-03-31,1999-03-31,2021-07-29,39293000.0,8876389000.0,8617725250.0,,,0.173,20.422,0.0,266018000.0,266018000.0,532907000.0,557598000.0,,1.244,250000000.0,,,250000000.0,792073000.0,17444000.0,0.0,0.012,0.36,603111000.0,620555000.0,0.417,620555000.0,603111000.0,574934000.0,2.85,2.79,2.85,3956216000.0,3771909000.0,3956216000.0,6051246367.0,10.0,9.751,-336040000.0,-1.735,1.0,954427000.0,0.642,538244000.0,28177000.0,8322127000.0,8072351750.0,0.0,5804418000.0,,,4920173000.0,,,6041802367.0,-172498000.0,-638758000.0,613411000.0,0.0,-63991000.0,549420000.0,-385878000.0,196315000.0,-336040000.0,0.0,557598000.0,557598000.0,557598000.0,0.0,0.0,0.375,351316000.0,603111000.0,250868000.0,0.126,1.527,10.835,10.943,0.0,0.0,31.188,4.062,4.062,1844483000.0,2152237000.0,1487334000.0,1487334000.0,0.0,0.065,0.148,0.075,0.405,0.0,218106000.0,1.0,193725126.0,193725126.0,,7.678,8338145000.0,43648000.0,17336000.0,0.0,43.041,
90,CB,MRT,1998-12-31,1998-12-31,1998-12-31,2021-07-29,108742000.0,8834305000.0,8146979000.0,,,0.189,20.188,0.0,240556000.0,240556000.0,505806000.0,676480000.0,,1.26,250000000.0,,,250000000.0,768383000.0,16838000.0,0.0,0.01,0.35,726933000.0,743771000.0,0.482,743771000.0,726933000.0,698094000.0,3.58,3.51,3.58,3909577000.0,3478084000.0,3909577000.0,6601330892.0,9.0,8.875,-123295000.0,-0.637,1.0,1037897000.0,0.672,535920000.0,28839000.0,8307829000.0,7705593500.0,0.0,5974344000.0,,,4924728000.0,,,6669044892.0,-38529000.0,-967758000.0,579535000.0,250000000.0,-59646000.0,769889000.0,-685123000.0,179067000.0,-123295000.0,0.0,676480000.0,676480000.0,676480000.0,0.0,0.0,0.438,310964000.0,726933000.0,210376000.0,0.098,1.706,9.858,9.619,0.0,0.0,34.438,4.32,4.32,1708609000.0,2040664000.0,1543703000.0,1543703000.0,0.0,0.083,0.194,0.094,0.471,0.0,187328000.0,1.0,193656476.0,193656476.0,,7.971,8298385000.0,42796000.0,21614000.0,0.0,42.851,
91,CB,MRT,1998-09-30,1998-09-30,1998-09-30,2021-07-29,127570000.0,8788753000.0,7188137000.0,,,0.196,19.189,0.0,317714000.0,317714000.0,516892000.0,560151000.0,,1.366,250000000.0,,,250000000.0,827496000.0,12834000.0,0.0,0.017,0.5,605650000.0,618484000.0,0.44,618484000.0,605650000.0,580191000.0,3.03,2.96,3.03,3714270000.0,3155327750.0,3714270000.0,5811595570.0,10.0,9.397,66770000.0,0.345,1.0,890050000.0,0.633,540355000.0,25459000.0,8180684000.0,6798630250.0,0.0,5883360000.0,,,5074483000.0,,,5806734570.0,101523000.0,-967758000.0,503453000.0,250000000.0,-54389000.0,699064000.0,-664311000.0,312734000.0,66770000.0,0.0,560151000.0,560151000.0,560151000.0,0.0,0.0,0.398,284400000.0,605650000.0,241425000.0,0.165,1.563,10.366,9.901,0.0,0.0,30.0,4.127,4.127,1699082000.0,1819554000.0,1406942000.0,1406942000.0,0.0,0.078,0.178,0.089,0.43,0.0,165912000.0,1.0,193557819.0,193557819.0,,7.269,8248398000.0,25264000.0,20040000.0,0.0,42.615,
92,CB,MRT,1998-06-30,1998-06-30,1998-06-30,2021-07-29,110079000.0,7971454000.0,6402847750.0,,,0.248,19.577,0.0,245139000.0,245139000.0,557588000.0,715636000.0,,1.273,250000000.0,,,250000000.0,658442000.0,11411000.0,0.0,0.016,0.63,788028000.0,799439000.0,0.503,799439000.0,788028000.0,763793000.0,3.78,3.71,3.78,3507573000.0,2923049000.0,3507573000.0,7043499051.0,9.0,8.811,454683000.0,2.538,1.0,1030411000.0,0.649,497548000.0,24235000.0,7478767000.0,6035822250.0,0.0,5795273000.0,,,4463881000.0,,,6987681051.0,164270000.0,-964440000.0,498300000.0,250000000.0,-50424000.0,702032000.0,-992445000.0,-102472000.0,454683000.0,0.0,715636000.0,715636000.0,715636000.0,0.0,0.0,0.451,242383000.0,788028000.0,134875000.0,0.167,1.992,9.764,10.317,0.0,0.0,39.0,4.4,4.4,1123767000.0,1708250000.0,1587999000.0,1587999000.0,0.0,0.112,0.245,0.131,0.496,0.0,100321000.0,1.0,179171309.0,179171309.0,,8.863,7473906000.0,69609000.0,48157000.0,0.0,41.714,
93,CB,MRT,1998-03-31,1998-03-31,1998-03-31,2021-07-29,146897000.0,6993404000.0,,,,,17.102,0.0,194182000.0,194182000.0,522735000.0,669146000.0,,1.515,250000000.0,,,250000000.0,503054000.0,11570000.0,0.0,0.02,0.76,725735000.0,737305000.0,0.509,737305000.0,725735000.0,707525000.0,3.64,3.58,3.64,2780916000.0,,2780916000.0,6004836291.0,8.0,8.144,461361000.0,2.837,1.0,925391000.0,0.639,194128000.0,18210000.0,6855094000.0,,0.0,5247452000.0,,,4212488000.0,,,6128400291.0,178225000.0,-334682000.0,-201818000.0,250000000.0,-47647000.0,4691000.0,-287827000.0,-60200000.0,461361000.0,0.0,669146000.0,669146000.0,669146000.0,0.0,0.0,0.462,199656000.0,725735000.0,121283000.0,0.209,2.204,9.159,10.354,0.0,0.0,37.688,4.232,4.232,1029232000.0,1552915000.0,1448126000.0,1448126000.0,0.0,,,,0.501,0.0,79140000.0,1.0,162610953.0,162610953.0,,8.905,6799276000.0,74540000.0,38379000.0,0.0,41.813,
94,CB,MRT,1997-12-31,1997-12-31,1997-12-31,2021-07-29,175011000.0,4998937000.0,,,,,16.103,0.0,123564000.0,123564000.0,498245000.0,499194000.0,,0.909,0.0,,,0.0,412513000.0,7756000.0,0.0,0.027,0.86,541161000.0,548917000.0,0.451,548917000.0,541161000.0,528143000.0,2.69,2.66,2.69,2618552000.0,,2618552000.0,,,,455396000.0,2.801,1.0,718903000.0,0.591,195397000.0,13018000.0,4679976000.0,,0.0,4321414000.0,,,2380385000.0,,,5230652538.0,12871000.0,3318000.0,-242270000.0,0.0,-44994000.0,-283108000.0,-159417000.0,-210810000.0,455396000.0,0.0,499194000.0,499194000.0,499194000.0,0.0,0.0,0.41,177742000.0,541161000.0,96461000.0,0.32,1.998,10.478,11.958,0.0,0.0,32.167,4.297,4.297,169593000.0,1354180000.0,1217148000.0,1217148000.0,0.0,,,,0.445,0.0,74538000.0,1.0,162610953.0,162610953.0,,7.485,4803540000.0,0.0,28949000.0,0.0,29.54,
95,CB,MRT,1997-09-30,1997-09-30,1997-09-30,2021-07-29,198223000.0,5647596000.0,,,,,,0.0,216191000.0,216191000.0,486140000.0,502725000.0,,1.028,0.0,,,0.0,535204000.0,7325000.0,0.0,0.026,0.8,539563000.0,546888000.0,0.461,546888000.0,539563000.0,527906000.0,2.73,2.69,2.73,2785155000.0,,2785155000.0,,,,423483000.0,,1.0,700374000.0,0.59,301953000.0,11657000.0,5129452000.0,,0.0,4571725000.0,,,2862441000.0,,,,-9893000.0,-27098000.0,-180457000.0,0.0,-43028000.0,-219329000.0,-214047000.0,-244025000.0,423483000.0,0.0,502725000.0,502725000.0,502725000.0,0.0,0.0,0.424,160811000.0,539563000.0,165635000.0,0.293,,,11.477,0.0,0.0,31.333,,,393542000.0,1403463000.0,1186514000.0,1186514000.0,0.0,,,,0.455,0.0,67724000.0,1.0,,,,,5345643000.0,0.0,25181000.0,37496000.0,,
96,CB,MRT,1997-06-30,1997-06-30,1997-06-30,2021-07-29,,,,,,,,,,,,,,,,,,,,,,0.031,0.76,,,,,,,,,,,,,,,,,,1.0,,,,,,,,,,,,,,,,,,,,,,,,,,,,,,,,,,,,,,,,24.625,,,,,,,,,,,,,,1.0,,,,,,,,,,
97,CB,MRT,1997-03-31,1997-03-31,1997-03-31,2021-07-29,,,,,,,,,,,,,,,,,,,,,,0.034,0.72,,,,,,,,,,,,,,,,,,1.0,,,,,,,,,,,,,,,,,,,,,,,,,,,,,,,,,,,,,,,,21.333,,,,,,,,,,,,,,1.0,,,,,,,,,,
98,CB,MRT,1996-12-31,1996-12-31,1996-12-31,2021-07-29,,,,,,,,,,,,,,,,,,,,,,0.034,0.68,,,,,,,,,,,,,,,,,,1.0,,,,,,,,,,,,,,,,,,,,,,,,,,,,,,,,,,,,,,,,20.042,,,,,,,,,,,,,,1.0,,,,,,,,,,
99,CB,MRT,1996-09-30,1996-09-30,1996-09-30,2021-07-29,,,,,,,,0.0,,,520277000.0,327619000.0,,,,,,,,1507000.0,,0.036,0.64,364643000.0,366150000.0,0.357,366150000.0,364643000.0,354162000.0,2.02,2.0,2.02,,,,,,,724111000.0,,1.0,504493000.0,0.492,,10481000.0,,,,,,,,,,,115569000.0,-49050000.0,-41448000.0,0.0,-27684000.0,-69132000.0,-539410000.0,-517038000.0,724111000.0,0.0,327619000.0,327619000.0,327619000.0,0.0,0.0,0.32,139850000.0,364643000.0,,0.317,,,8.725,,0.0,17.625,,,,,1024770000.0,1024770000.0,0.0,,,,0.356,0.0,41825000.0,1.0,,,,,,,26543000.0,,,
