None,ticker,dimension,calendardate,datekey,reportperiod,lastupdated,accoci,assets,assetsavg,assetsc,assetsnc,assetturnover,bvps,capex,cashneq,cashnequsd,cor,consolinc,currentratio,de,debt,debtc,debtnc,debtusd,deferredrev,depamor,deposits,divyield,dps,ebit,ebitda,ebitdamargin,ebitdausd,ebitusd,ebt,eps,epsdil,epsusd,equity,equityavg,equityusd,ev,evebit,evebitda,fcf,fcfps,fxusd,gp,grossmargin,intangibles,intexp,invcap,invcapavg,inventory,investments,investmentsc,investmentsnc,liabilities,liabilitiesc,liabilitiesnc,marketcap,ncf,ncfbus,ncfcommon,ncfdebt,ncfdiv,ncff,ncfi,ncfinv,ncfo,ncfx,netinc,netinccmn,netinccmnusd,netincdis,netincnci,netmargin,opex,opinc,payables,payoutratio,pb,pe,pe1,ppnenet,prefdivis,price,ps,ps1,receivables,retearn,revenue,revenueusd,rnd,roa,roe,roic,ros,sbcomp,sgna,sharefactor,sharesbas,shareswa,shareswadil,sps,tangibles,taxassets,taxexp,taxliabilities,tbvps,workingcapital
0,MTG,MRY,2020-12-31,2020-12-31,2020-12-31,2021-08-05,216821000.0,7354526000.0,6808477750.0,,,0.176,13.822,-3311000.0,296680000.0,296680000.0,364774000.0,446093000.0,,0.565,1243193000.0,,,1243193000.0,287099000.0,57812000.0,0.0,0.019,0.24,618858000.0,676670000.0,0.564,676670000.0,618858000.0,559263000.0,1.31,1.29,1.31,4698986000.0,4459447750.0,4698986000.0,5102939337.0,8.0,7.541,728998000.0,2.144,1.0,834372000.0,0.696,0.0,59595000.0,8301039000.0,7489922250.0,0.0,6682911000.0,,,2655540000.0,,,4249097337.0,127624000.0,0.0,-119997000.0,419134000.0,-82061000.0,167821000.0,-772506000.0,-769195000.0,732309000.0,0.0,446093000.0,446093000.0,446093000.0,0.0,0.0,0.372,188778000.0,645594000.0,0.0,0.183,0.904,9.525,9.58,47144000.0,0.0,12.55,3.543,3.558,56713000.0,2642096000.0,1199146000.0,1199146000.0,0.0,0.066,0.1,0.083,0.516,0.0,188778000.0,1.0,338573493.0,339953000.0,359293000.0,3.527,7354526000.0,0.0,113170000.0,0.0,21.634,
1,MTG,MRY,2019-12-31,2019-12-31,2019-12-31,2021-08-05,72708000.0,6229571000.0,6075489000.0,,,0.2,12.213,-5636000.0,169056000.0,169056000.0,118575000.0,673763000.0,,0.446,832739000.0,,,832739000.0,380302000.0,48784000.0,0.0,0.008,0.12,900633000.0,949417000.0,0.782,949417000.0,900633000.0,847977000.0,1.91,1.85,1.91,4309234000.0,4080174750.0,4309234000.0,5601906455.0,6.0,5.9,603896000.0,1.712,1.0,1095402000.0,0.902,0.0,52656000.0,6893254000.0,6700669000.0,0.0,5758320000.0,,,1920337000.0,,,4941210455.0,14018000.0,0.0,-125766000.0,0.0,-41914000.0,-173406000.0,-422108000.0,-416472000.0,609532000.0,0.0,673763000.0,673763000.0,673763000.0,0.0,0.0,0.555,194769000.0,900633000.0,0.0,0.063,1.147,7.334,7.419,50121000.0,0.0,14.17,4.07,4.118,57108000.0,2278650000.0,1213977000.0,1213977000.0,0.0,0.111,0.165,0.134,0.742,0.0,194769000.0,1.0,348709277.0,352827000.0,373924000.0,3.441,6229571000.0,0.0,174214000.0,0.0,17.656,
2,MTG,MRY,2018-12-31,2018-12-31,2018-12-31,2021-08-05,-124214000.0,5677802000.0,5635817250.0,,,0.199,9.802,-14238000.0,155038000.0,155038000.0,36562000.0,670097000.0,,0.585,831585000.0,,,831585000.0,409985000.0,58215000.0,0.0,0.0,0.0,897143000.0,955358000.0,0.85,955358000.0,897143000.0,844150000.0,1.83,1.78,1.83,3581891000.0,3404175000.0,3581891000.0,4346531337.0,5.0,4.55,530279000.0,1.451,1.0,1087286000.0,0.967,0.0,52993000.0,6354349000.0,6269115500.0,0.0,5159019000.0,,,2095911000.0,,,3782231337.0,55187000.0,0.0,-163419000.0,0.0,0.0,-171550000.0,-317780000.0,-303542000.0,544517000.0,0.0,670097000.0,670097000.0,670097000.0,0.0,0.0,0.596,190143000.0,897143000.0,0.0,0.0,1.056,5.644,5.716,51734000.0,0.0,10.46,3.365,3.401,58038000.0,1647275000.0,1123848000.0,1123848000.0,0.0,0.119,0.197,0.143,0.798,0.0,190143000.0,1.0,361589994.0,365406000.0,386078000.0,3.076,5677802000.0,69184000.0,174053000.0,0.0,15.538,
3,MTG,MRY,2017-12-31,2017-12-31,2017-12-31,2021-08-05,-43783000.0,5619499000.0,5699855750.0,,,0.187,8.705,-16066000.0,99851000.0,99851000.0,53709000.0,355761000.0,,0.781,830432000.0,,,830432000.0,392934000.0,64430000.0,0.0,0.0,0.0,841531000.0,905961000.0,0.85,905961000.0,841531000.0,784496000.0,0.98,0.95,0.98,3154526000.0,2981816750.0,3154526000.0,5808139562.0,7.0,6.411,390591000.0,1.078,1.0,1012345000.0,0.95,0.0,57035000.0,6350080000.0,6428433500.0,0.0,4990561000.0,,,2464973000.0,,,5228697562.0,-55559000.0,0.0,0.0,-147250000.0,0.0,-158575000.0,-303641000.0,-287575000.0,406657000.0,0.0,355761000.0,355761000.0,355761000.0,0.0,0.0,0.334,170749000.0,841596000.0,0.0,0.0,1.658,14.697,14.398,44936000.0,0.0,14.11,4.905,4.796,57917000.0,977160000.0,1066054000.0,1066054000.0,0.0,0.062,0.119,0.131,0.789,0.0,170749000.0,1.0,370566801.0,362380000.0,394766000.0,2.942,5619499000.0,234381000.0,428735000.0,0.0,15.507,
4,MTG,MRY,2016-12-31,2016-12-31,2016-12-31,2021-08-05,-75100000.0,5734529000.0,5781441750.0,,,0.184,7.433,-10552000.0,155410000.0,155410000.0,240157000.0,342517000.0,,1.25,1178739000.0,,,1178739000.0,329737000.0,61342000.0,0.0,0.0,0.0,571386000.0,632728000.0,0.596,632728000.0,571386000.0,514714000.0,1.0,0.86,1.0,2548842000.0,2496749750.0,2548842000.0,4374641852.0,8.0,6.914,214208000.0,0.625,1.0,822326000.0,0.774,0.0,56672000.0,6757858000.0,6661801250.0,0.0,4692350000.0,,,3185687000.0,,,3471352852.0,-25710000.0,0.0,-147127000.0,107329000.0,0.0,-157078000.0,-93392000.0,-82840000.0,224760000.0,0.0,342517000.0,342517000.0,342517000.0,0.0,0.0,0.322,160409000.0,661917000.0,0.0,0.0,1.362,10.135,10.19,36088000.0,0.0,10.19,3.267,3.289,57356000.0,632564000.0,1062483000.0,1062483000.0,0.0,0.059,0.137,0.086,0.538,0.0,160409000.0,1.0,340662694.0,342890000.0,431992000.0,3.099,5734529000.0,607655000.0,172197000.0,0.0,16.724,
5,MTG,MRY,2015-12-31,2015-12-31,2015-12-31,2021-08-05,-60880000.0,5868343000.0,5601501750.0,,,0.186,6.586,-4630000.0,181120000.0,181120000.0,319796000.0,1172000000.0,,1.624,1211823000.0,,,1211823000.0,279973000.0,52559000.0,0.0,0.0,0.0,556619000.0,609178000.0,0.585,609178000.0,556619000.0,487687000.0,3.45,2.6,3.45,2236140000.0,1702125750.0,2236140000.0,3911106160.0,7.0,6.42,156765000.0,0.462,1.0,721492000.0,0.693,0.0,68932000.0,6899046000.0,6623292750.0,0.0,4663206000.0,,,3632203000.0,,,2999167160.0,-16762000.0,0.0,0.0,-73105000.0,0.0,-81199000.0,-96958000.0,-109540000.0,161395000.0,0.0,1172000000.0,1172000000.0,1172000000.0,0.0,0.0,1.126,164366000.0,557126000.0,0.0,0.0,1.341,2.559,2.559,30095000.0,0.0,8.83,2.88,2.879,51788000.0,290047000.0,1041288000.0,1041288000.0,0.0,0.209,0.689,0.084,0.535,0.0,164366000.0,1.0,339656530.0,339552000.0,468039000.0,3.067,5868343000.0,762080000.0,-684313000.0,0.0,17.283,
6,MTG,MRY,2014-12-31,2014-12-31,2014-12-31,2021-08-05,-81341000.0,5266434000.0,5362487750.0,,,0.176,3.063,-4707000.0,215094000.0,215094000.0,471367000.0,251949000.0,,4.079,1296440000.0,,,1296440000.0,203414000.0,48861000.0,0.0,0.0,0.0,324371000.0,373232000.0,0.396,373232000.0,324371000.0,254723000.0,0.74,0.64,0.74,1036903000.0,948435250.0,1036903000.0,4190673959.0,13.0,11.228,-409984000.0,-1.211,1.0,471267000.0,0.5,0.0,69648000.0,6347780000.0,6371320750.0,0.0,4612669000.0,,,4229531000.0,,,3155374959.0,-134810000.0,0.0,0.0,-20772000.0,0.0,-21767000.0,292234000.0,296713000.0,-405277000.0,0.0,251949000.0,251949000.0,251949000.0,0.0,0.0,0.267,146059000.0,325208000.0,0.0,0.0,3.043,12.524,12.595,28693000.0,0.0,9.32,3.347,3.347,202989000.0,-852458000.0,942634000.0,942634000.0,0.0,0.047,0.266,0.051,0.344,0.0,146059000.0,1.0,338559545.0,338523000.0,413522000.0,2.785,5266434000.0,0.0,2774000.0,0.0,15.557,
7,MTG,MRY,2013-12-31,2013-12-31,2013-12-31,2021-08-05,-117726000.0,5601390000.0,6002734750.0,,,0.173,2.388,-820000.0,350132000.0,350132000.0,813406000.0,-49848000.0,,6.523,1317295000.0,,,1317295000.0,154479000.0,69203000.0,0.0,0.0,0.0,33511000.0,102714000.0,0.099,102714000.0,33511000.0,-46152000.0,-0.16,-0.16,-0.16,744538000.0,726482000.0,744538000.0,3649540946.0,109.0,35.531,-971531000.0,-3.116,1.0,226029000.0,0.217,0.0,79663000.0,6568553000.0,6540268000.0,0.0,4866819000.0,,,4856852000.0,,,2850678946.0,-694933000.0,0.0,663335000.0,467390000.0,0.0,1130725000.0,-854947000.0,-836687000.0,-970711000.0,0.0,-49848000.0,-49848000.0,-49848000.0,0.0,0.0,-0.048,192518000.0,33511000.0,0.0,0.0,3.829,-57.187,-52.75,26185000.0,0.0,8.44,2.743,2.531,111337000.0,-1074617000.0,1039435000.0,1039435000.0,0.0,-0.008,-0.069,0.005,0.032,0.0,192518000.0,1.0,337758169.0,311754000.0,311754000.0,3.334,5601390000.0,0.0,3696000.0,0.0,17.967,
8,MTG,MRY,2012-12-31,2012-12-31,2012-12-31,2021-08-05,-48163000.0,5574324000.0,6178491000.0,,,0.223,0.975,0.0,1027625000.0,1027625000.0,2006217000.0,-927079000.0,,27.305,824519000.0,,,824519000.0,138840000.0,100135000.0,0.0,0.0,0.0,-829300000.0,-729165000.0,-0.529,-729165000.0,-829300000.0,-928644000.0,-4.59,-4.59,-4.59,196940000.0,715922750.0,196940000.0,622055865.0,-1.0,-0.853,-1568600000.0,-7.77,1.0,-627853000.0,-0.456,0.0,99344000.0,5371218000.0,6200983500.0,0.0,4230275000.0,,,5377384000.0,,,537404865.0,31826000.0,0.0,0.0,-53107000.0,0.0,-53107000.0,1653533000.0,1653553000.0,-1568600000.0,0.0,-927079000.0,-927079000.0,-927079000.0,0.0,0.0,-0.673,201447000.0,-829300000.0,0.0,0.0,2.729,-0.58,-0.58,27190000.0,0.0,2.66,0.39,0.39,84274000.0,-990281000.0,1378364000.0,1378364000.0,0.0,-0.15,-1.295,-0.134,-0.602,0.0,201447000.0,1.0,202031904.0,201892000.0,201892000.0,6.827,5574324000.0,0.0,-1565000.0,0.0,27.61,
9,MTG,MRY,2011-12-31,2011-12-31,2011-12-31,2021-08-05,30124000.0,7216230000.0,8020310250.0,,,0.188,5.954,0.0,995799000.0,995799000.0,1670557000.0,-485892000.0,,5.03,859937000.0,,,859937000.0,154866000.0,84828000.0,0.0,0.0,0.0,-381028000.0,-296200000.0,-0.197,-296200000.0,-381028000.0,-484299000.0,-2.42,-2.42,-2.42,1196815000.0,1426701750.0,1196815000.0,809708799.0,-2.0,-2.734,-1883851000.0,-9.372,1.0,-166278000.0,-0.111,0.0,103271000.0,7080368000.0,7973366500.0,0.0,5823647000.0,,,6019415000.0,,,750369799.0,-308355000.0,0.0,0.0,-178721000.0,0.0,-178721000.0,1754217000.0,1756445000.0,-1883851000.0,0.0,-485892000.0,-485892000.0,-485892000.0,0.0,0.0,-0.323,214750000.0,-381028000.0,0.0,0.0,0.627,-1.544,-1.541,28145000.0,0.0,3.73,0.499,0.498,90964000.0,-11635000.0,1504279000.0,1504279000.0,0.0,-0.061,-0.341,-0.048,-0.253,0.0,214750000.0,1.0,201171528.0,201019000.0,201019000.0,7.483,7216230000.0,0.0,1593000.0,0.0,35.898,
10,MTG,MRY,2010-12-31,2010-12-31,2010-12-31,2021-08-05,22136000.0,9333642000.0,9688978000.0,,,0.157,9.461,0.0,1304154000.0,1304154000.0,1556194000.0,-363735000.0,,4.592,1036955000.0,,,1036955000.0,215157000.0,60882000.0,0.0,0.0,0.0,-260811000.0,-199929000.0,-0.131,-199929000.0,-260811000.0,-359400000.0,-2.06,-2.06,-2.06,1669055000.0,1695796750.0,1669055000.0,907978302.0,-3.0,-4.542,-875430000.0,-4.963,1.0,-35669000.0,-0.023,0.0,98589000.0,9066443000.0,8960059750.0,0.0,7458282000.0,,,7664587000.0,,,2042581302.0,118415000.0,83500000.0,772376000.0,333373000.0,0.0,1105749000.0,-111904000.0,-197679000.0,-875430000.0,0.0,-363735000.0,-363735000.0,-363735000.0,0.0,0.0,-0.239,225142000.0,-260811000.0,0.0,0.0,1.224,-5.616,-4.947,28638000.0,0.0,10.19,1.343,1.182,113727000.0,525562000.0,1520525000.0,1520525000.0,0.0,-0.038,-0.214,-0.029,-0.172,0.0,225142000.0,1.0,200449588.0,176406000.0,176406000.0,8.619,9333642000.0,0.0,4335000.0,0.0,52.91,
11,MTG,MRY,2009-12-31,2009-12-31,2009-12-31,2021-08-05,74155000.0,9404419000.0,9360030750.0,,,0.183,10.487,0.0,1185739000.0,1185739000.0,3118294000.0,-1322277000.0,,6.22,668883000.0,,,668883000.0,280738000.0,60349000.0,0.0,0.0,0.0,-1675787000.0,-1615438000.0,-0.946,-1615438000.0,-1675787000.0,-1765053000.0,-10.65,-10.65,-10.65,1302581000.0,1823341250.0,1302581000.0,524568502.0,0.0,-0.325,329954000.0,2.656,1.0,-1409768000.0,-0.825,0.0,89266000.0,8887563000.0,9039127000.0,0.0,7254465000.0,,,8101838000.0,,,723088502.0,88405000.0,0.0,0.0,-294352000.0,0.0,-294352000.0,52803000.0,70693000.0,329954000.0,0.0,-1322277000.0,-1322277000.0,-1322277000.0,0.0,0.0,-0.774,266019000.0,-1675787000.0,0.0,0.0,0.555,-0.547,-0.543,29556000.0,0.0,5.78,0.423,0.42,102990000.0,924707000.0,1708526000.0,1708526000.0,0.0,-0.141,-0.725,-0.185,-0.981,0.0,239612000.0,1.0,125101817.0,124209000.0,124209000.0,13.755,9404419000.0,275187000.0,-442776000.0,0.0,75.714,
12,MTG,MRY,2008-12-31,2008-12-31,2008-12-31,2021-08-05,-106789000.0,9146734000.0,8884710000.0,,,0.194,21.36,0.0,1097334000.0,1097334000.0,2314996000.0,-525355000.0,,2.758,970911000.0,,,970911000.0,336098000.0,33688000.0,0.0,0.023,0.08,-842079000.0,-808391000.0,-0.47,-808391000.0,-842079000.0,-923153000.0,-4.61,-4.61,-4.61,2434233000.0,2728995000.0,2434233000.0,420377255.0,0.0,-0.52,1364908000.0,11.977,1.0,-593470000.0,-0.345,0.0,81074000.0,9020311000.0,8893976000.0,0.0,7045536000.0,,,6712501000.0,,,435238255.0,808401000.0,149770000.0,459717000.0,277199000.0,-8159000.0,728757000.0,-1285264000.0,-1454581000.0,1364908000.0,0.0,-525355000.0,-525355000.0,-525355000.0,0.0,0.0,-0.305,273095000.0,-866565000.0,0.0,-0.017,0.179,-0.828,-0.755,32255000.0,0.0,3.48,0.253,0.23,102017000.0,2247234000.0,1721526000.0,1721526000.0,0.0,-0.059,-0.193,-0.095,-0.489,0.0,271314000.0,1.0,125068464.0,113962000.0,113962000.0,15.106,9146734000.0,370473000.0,-397798000.0,0.0,80.261,
13,MTG,MRY,2007-12-31,2007-12-31,2007-12-31,2021-08-05,70675000.0,7716361000.0,7000336750.0,,,0.242,31.913,0.0,288933000.0,288933000.0,3576264000.0,-1670018000.0,,1.974,798250000.0,,,798250000.0,272233000.0,24695000.0,0.0,0.035,0.775,-2462009000.0,-2437314000.0,-1.439,-2437314000.0,-2462009000.0,-2503995000.0,-20.54,-20.54,-20.54,2594343000.0,3870404750.0,2594343000.0,2220012697.0,-1.0,-0.911,631971000.0,7.774,1.0,-1883058000.0,-1.112,0.0,41986000.0,8225678000.0,7428027750.0,0.0,6039927000.0,,,5122018000.0,,,1834623697.0,-4805000.0,186897000.0,-72077000.0,12890000.0,-63819000.0,-123006000.0,-513770000.0,-699405000.0,631971000.0,0.0,-1670018000.0,-1670018000.0,-1670018000.0,0.0,0.0,-0.986,309610000.0,-2192668000.0,0.0,-0.038,0.707,-1.099,-1.092,34603000.0,0.0,22.43,1.084,1.077,116048000.0,4350316000.0,1693206000.0,1693206000.0,0.0,-0.239,-0.431,-0.331,-1.454,0.0,309610000.0,1.0,81793299.0,81294000.0,81294000.0,20.828,7716361000.0,865665000.0,-833977000.0,0.0,94.919,
14,MTG,MRY,2006-12-31,2006-12-31,2006-12-31,2021-08-05,65789000.0,6621671000.0,6441084000.0,,,0.228,50.94,0.0,293738000.0,293738000.0,613635000.0,564739000.0,,0.541,781277000.0,,,781277000.0,189661000.0,22317000.0,0.0,0.016,1.0,734184000.0,756501000.0,0.515,756501000.0,734184000.0,694836000.0,6.7,6.65,6.7,4295877000.0,4225360000.0,4295877000.0,5716587482.0,8.0,7.557,495797000.0,5.879,1.0,855534000.0,0.582,0.0,39348000.0,7109210000.0,6923084250.0,0.0,5908306000.0,,,2325794000.0,,,5191866482.0,98482000.0,-75948000.0,-365852000.0,89050000.0,-85495000.0,-357358000.0,-39957000.0,34110000.0,495797000.0,0.0,564739000.0,564739000.0,564739000.0,0.0,0.0,0.384,290858000.0,564676000.0,0.0,0.149,1.209,9.193,9.334,32603000.0,0.0,62.54,3.534,3.59,97691000.0,5998631000.0,1469169000.0,1469169000.0,0.0,0.088,0.134,0.106,0.5,0.0,290858000.0,1.0,83016733.0,84332000.0,84950000.0,17.421,6621671000.0,0.0,130097000.0,34480000.0,78.519,
15,MTG,MRY,2005-12-31,2005-12-31,2005-12-31,2021-08-05,77499000.0,6357569000.0,6372282000.0,,,0.24,45.377,0.0,195256000.0,195256000.0,553530000.0,626873000.0,,0.526,685163000.0,,,685163000.0,159823000.0,18977000.0,0.0,0.008,0.525,844896000.0,863873000.0,0.566,863873000.0,844896000.0,803805000.0,6.83,6.78,6.83,4165055000.0,4207895750.0,4165055000.0,6569882198.0,8.0,7.605,508305000.0,5.538,1.0,973000000.0,0.637,0.0,41091000.0,6847476000.0,6956206500.0,0.0,5777208000.0,,,2192514000.0,,,5971890198.0,28788000.0,2724000.0,-528334000.0,40565000.0,-48439000.0,-536208000.0,56691000.0,53918000.0,508305000.0,0.0,626873000.0,626873000.0,626873000.0,0.0,0.0,0.411,275416000.0,697584000.0,0.0,0.077,1.434,9.526,9.637,32666000.0,0.0,65.82,3.912,3.958,101155000.0,5519389000.0,1526530000.0,1526530000.0,0.0,0.098,0.149,0.121,0.553,0.0,275416000.0,1.0,90730632.0,91787000.0,92443000.0,16.631,6357569000.0,0.0,176932000.0,62006000.0,69.264,
16,MTG,MRY,2004-12-31,2004-12-31,2004-12-31,2021-08-05,123383000.0,6380691000.0,6223603750.0,,,0.259,42.815,0.0,2829000.0,2829000.0,700999000.0,553186000.0,,0.54,639303000.0,,,639303000.0,143433000.0,21631000.0,0.0,0.003,0.238,753665000.0,775296000.0,0.481,775296000.0,753665000.0,712534000.0,5.67,5.63,5.67,4143639000.0,4046265750.0,4143639000.0,7265978864.0,10.0,9.372,559160000.0,5.778,1.0,911694000.0,0.565,0.0,41131000.0,7017165000.0,6829749000.0,0.0,5996936000.0,,,2237052000.0,,,6669072864.0,5122000.0,-12137000.0,-173001000.0,37804000.0,-22032000.0,-157229000.0,-396809000.0,-384672000.0,559160000.0,0.0,553186000.0,553186000.0,553186000.0,0.0,0.0,0.343,278786000.0,632908000.0,0.0,0.042,1.609,12.056,12.153,36382000.0,0.0,68.91,4.135,4.135,102232000.0,4940955000.0,1612693000.0,1612693000.0,0.0,0.089,0.137,0.11,0.467,0.0,278786000.0,1.0,96779464.0,96779464.0,,16.664,6380691000.0,0.0,159348000.0,109741000.0,65.93,
17,MTG,MRY,2003-12-31,2003-12-31,2003-12-31,2021-08-05,140651000.0,5917387000.0,5666391750.0,,,0.297,38.567,0.0,23612000.0,23612000.0,766028000.0,493879000.0,,0.558,599680000.0,,,599680000.0,168137000.0,21224000.0,0.0,0.002,0.125,681019000.0,702243000.0,0.417,702243000.0,681019000.0,639906000.0,5.0,4.99,5.0,3796902000.0,3649253500.0,3796902000.0,6201297707.0,9.0,8.831,686636000.0,6.975,1.0,919383000.0,0.545,0.0,41113000.0,6493455000.0,6259535750.0,0.0,5513374000.0,,,2120485000.0,,,5605648707.0,48075000.0,-7769000.0,-88973000.0,-78873000.0,-11124000.0,-178970000.0,-459591000.0,-451822000.0,686636000.0,0.0,493879000.0,493879000.0,493879000.0,0.0,0.0,0.293,302473000.0,616910000.0,0.0,0.025,1.476,11.35,11.388,36722000.0,0.0,56.94,3.326,3.326,129818000.0,4411148000.0,1685411000.0,1685411000.0,0.0,0.087,0.135,0.109,0.404,0.0,302473000.0,1.0,98448344.0,98448344.0,,17.12,5917387000.0,0.0,146027000.0,118126000.0,60.107,
18,MTG,MRY,2002-12-31,2002-12-31,2002-12-31,2021-08-05,147908000.0,5300303000.0,5075294750.0,,,0.293,33.79,0.0,11041000.0,11041000.0,365752000.0,629191000.0,,0.561,677246000.0,,,677246000.0,170167000.0,12292000.0,0.0,0.003,0.11,906938000.0,919230000.0,0.619,919230000.0,906938000.0,870162000.0,6.07,6.04,6.07,3395192000.0,3280773250.0,3395192000.0,4771714444.0,5.0,5.191,613330000.0,6.104,1.0,1118811000.0,0.754,0.0,36776000.0,5966508000.0,5696584500.0,0.0,4966557000.0,,,1905111000.0,,,4149736444.0,-73081000.0,-17528000.0,-356066000.0,202087000.0,-10358000.0,-164337000.0,-522074000.0,-504546000.0,613330000.0,0.0,629191000.0,629191000.0,629191000.0,0.0,0.0,0.424,265633000.0,853178000.0,0.0,0.018,1.222,6.595,6.804,35962000.0,0.0,41.3,2.795,2.795,105931000.0,3928393000.0,1484563000.0,1484563000.0,0.0,0.124,0.192,0.159,0.611,0.0,265633000.0,1.0,100477880.0,100477880.0,,14.775,5300303000.0,0.0,240971000.0,133843000.0,52.751,
19,MTG,MRY,2001-12-31,2001-12-31,2001-12-31,2021-08-05,46644000.0,4567012000.0,4327005500.0,,,0.304,28.177,0.0,26392000.0,26392000.0,160814000.0,639137000.0,,0.512,472102000.0,,,472102000.0,174545000.0,8281000.0,0.0,0.002,0.11,947350000.0,955631000.0,0.727,955631000.0,947350000.0,916727000.0,5.98,5.93,5.98,3020187000.0,2852896250.0,3020187000.0,6982731612.0,7.0,7.307,626119000.0,5.841,1.0,1153646000.0,0.878,0.0,30623000.0,5012722000.0,4722913000.0,0.0,4231121000.0,,,1546825000.0,,,6615514612.0,29162000.0,-15000000.0,-56658000.0,72137000.0,-10685000.0,4794000.0,-601751000.0,-586751000.0,626119000.0,0.0,639137000.0,639137000.0,639137000.0,0.0,0.0,0.486,234494000.0,919152000.0,0.0,0.018,2.19,10.351,10.321,34762000.0,0.0,61.72,5.033,5.033,78853000.0,3309560000.0,1314460000.0,1314460000.0,0.0,0.148,0.224,0.201,0.721,0.0,234494000.0,1.0,107185914.0,107185914.0,,12.263,4567012000.0,0.0,277590000.0,80937000.0,42.608,
20,MTG,MRY,2000-12-31,2000-12-31,2000-12-31,2021-08-05,75814000.0,3857781000.0,3532565750.0,,,0.314,23.09,0.0,5598000.0,5598000.0,91723000.0,541999000.0,,0.565,397364000.0,,,397364000.0,180724000.0,6860000.0,0.0,0.002,0.115,817560000.0,824420000.0,0.742,824420000.0,817560000.0,788801000.0,5.1,5.05,5.1,2464882000.0,2180031000.0,2464882000.0,7605177790.0,9.0,9.225,551037000.0,5.162,1.0,1018618000.0,0.917,0.0,28759000.0,4249547000.0,3939551500.0,0.0,3611033000.0,,,1392899000.0,,,7199416790.0,47122000.0,-19180000.0,12475000.0,-27672000.0,-10618000.0,-25815000.0,-478100000.0,-458920000.0,551037000.0,0.0,541999000.0,541999000.0,541999000.0,0.0,0.0,0.488,201058000.0,817560000.0,0.0,0.023,2.921,13.283,13.224,31308000.0,0.0,67.44,6.484,6.484,0.0,2681108000.0,1110341000.0,1110341000.0,0.0,0.153,0.249,0.208,0.736,0.0,177837000.0,1.0,106752918.0,106752918.0,,10.401,3857781000.0,0.0,246802000.0,83185000.0,36.137,
21,MTG,MRY,1999-12-31,1999-12-31,1999-12-31,2021-08-05,-40735000.0,3104393000.0,3111222250.0,,,0.32,16.801,0.0,2322000.0,2322000.0,97196000.0,470201000.0,,0.748,425000000.0,,,425000000.0,181378000.0,11746000.0,0.0,0.002,0.115,701412000.0,713158000.0,0.715,713158000.0,701412000.0,681010000.0,4.35,4.3,4.35,1775989000.0,1748245000.0,1775989000.0,6766770471.0,10.0,9.488,455015000.0,4.304,1.0,899559000.0,0.902,0.0,20402000.0,3527071000.0,3530036750.0,0.0,2891279000.0,,,1328404000.0,,,6362536471.0,-66791000.0,-13599000.0,-196621000.0,-17000000.0,-10825000.0,-224446000.0,-297360000.0,-283761000.0,455015000.0,0.0,470201000.0,470201000.0,470201000.0,0.0,0.0,0.472,198147000.0,701412000.0,0.0,0.026,3.583,13.532,13.837,32880000.0,0.0,60.19,6.383,6.383,0.0,2149727000.0,996755000.0,996755000.0,0.0,0.151,0.269,0.199,0.704,0.0,198147000.0,1.0,105707534.0,105707534.0,,9.429,3104393000.0,0.0,210809000.0,0.0,29.368,
22,MTG,MRY,1998-12-31,1998-12-31,1998-12-31,2021-08-05,94572000.0,3050541000.0,2877757000.0,,,0.338,14.981,0.0,4650000.0,4650000.0,211354000.0,385465000.0,,0.859,442000000.0,,,442000000.0,183739000.0,7742000.0,0.0,0.003,0.12,573209000.0,580951000.0,0.598,580951000.0,573209000.0,554585000.0,3.44,3.39,3.44,1640591000.0,1606070500.0,1640591000.0,4774171741.0,8.0,8.218,411782000.0,3.76,1.0,760312000.0,0.782,0.0,18624000.0,3487891000.0,3208387750.0,0.0,2854952000.0,,,1409950000.0,,,4359634741.0,57233000.0,-33426000.0,-239887000.0,204500000.0,-11243000.0,-46630000.0,-307919000.0,-274493000.0,411782000.0,0.0,385465000.0,385465000.0,385465000.0,0.0,0.0,0.397,187103000.0,573209000.0,0.0,0.035,2.657,11.31,11.573,32400000.0,0.0,39.81,4.487,4.487,0.0,1690351000.0,971666000.0,971666000.0,0.0,0.134,0.24,0.179,0.59,0.0,187103000.0,1.0,109511046.0,109511046.0,,8.873,3050541000.0,0.0,169120000.0,0.0,27.856,
23,MTG,MRY,1997-12-31,1997-12-31,1997-12-31,2021-08-05,83985000.0,2617687000.0,2420001000.0,,,0.359,13.057,0.0,4893000.0,4893000.0,242362000.0,323750000.0,,0.761,237500000.0,,,237500000.0,198305000.0,8187000.0,0.0,0.002,0.105,471772000.0,479959000.0,0.553,479959000.0,471772000.0,465373000.0,2.78,2.75,2.78,1486782000.0,1426448500.0,1486782000.0,,,,374049000.0,3.285,1.0,625910000.0,0.721,0.0,6399000.0,2850294000.0,2552086000.0,0.0,2446140000.0,,,1130905000.0,,,7572209830.0,-24349000.0,-7350000.0,-241353000.0,202076000.0,-11029000.0,-50306000.0,-348092000.0,-340742000.0,374049000.0,0.0,323750000.0,323750000.0,323750000.0,0.0,0.0,0.373,154138000.0,471772000.0,0.0,0.038,5.093,23.389,23.921,33784000.0,0.0,66.5,8.721,8.721,0.0,1316129000.0,868272000.0,868272000.0,0.0,0.134,0.227,0.185,0.543,0.0,157194000.0,1.0,113867817.0,113867817.0,,7.625,2617687000.0,0.0,141623000.0,27717000.0,22.989,
24,MTG,MRY,1996-12-31,1996-12-31,1996-12-31,2021-08-05,40685000.0,2222315000.0,,,,,,0.0,3861000.0,3861000.0,234350000.0,257991000.0,,0.627,35424000.0,,,35424000.0,219307000.0,8969000.0,0.0,0.002,0.08,368821000.0,377790000.0,0.507,377790000.0,368821000.0,365028000.0,2.19,2.17,2.19,1366115000.0,,1366115000.0,,,,386055000.0,,1.0,511281000.0,0.686,0.0,3793000.0,2253878000.0,,0.0,2051184000.0,,,856200000.0,,,,53711000.0,-15750000.0,10209000.0,-4168000.0,-9425000.0,-3384000.0,-328960000.0,-313210000.0,386055000.0,0.0,257991000.0,257991000.0,257991000.0,0.0,0.0,0.346,142460000.0,368821000.0,0.0,0.037,,,17.352,35050000.0,0.0,38.0,,,0.0,1003408000.0,745631000.0,745631000.0,0.0,,,,0.495,0.0,146483000.0,1.0,,,,,2222315000.0,0.0,107037000.0,23111000.0,,
25,MTG,MRY,1995-12-31,1995-12-31,1995-12-31,2021-08-05,,,,,,,,0.0,,,189982000.0,207565000.0,,,,,,,,8613000.0,,0.003,0.08,295230000.0,303843000.0,0.492,303843000.0,295230000.0,291409000.0,1.77,1.75,1.77,,,,,,,286537000.0,,1.0,427904000.0,0.693,,3821000.0,,,,,,,,,,,-77025000.0,0.0,6079000.0,-348000.0,-9371000.0,-3640000.0,-359922000.0,-359922000.0,286537000.0,0.0,207565000.0,207565000.0,207565000.0,0.0,0.0,0.336,132674000.0,295230000.0,,0.045,,,15.325,,0.0,27.125,,,,,617886000.0,617886000.0,0.0,,,,0.478,0.0,137559000.0,1.0,,,,,,,83844000.0,,,
0,MTG,MRQ,2021-06-30,2021-06-30,2021-06-30,2021-08-05,169282000.0,7575727000.0,,,,,14.484,-964000.0,190953000.0,190953000.0,29164000.0,153051000.0,,0.541,1244257000.0,,,1244257000.0,263751000.0,15050000.0,0.0,0.018,0.06,211865000.0,226915000.0,0.762,226915000.0,211865000.0,193868000.0,0.45,0.44,0.45,4914707000.0,,4914707000.0,5665651527.0,7.0,6.493,150425000.0,0.443,1.0,268688000.0,0.902,0.0,17997000.0,8629031000.0,,0.0,6982962000.0,,,2661020000.0,,,4614692527.0,-1813000.0,0.0,0.0,0.0,-20359000.0,-20359000.0,-132843000.0,-131879000.0,151389000.0,0.0,153051000.0,153051000.0,153051000.0,0.0,0.0,0.514,56823000.0,211865000.0,0.0,0.133,0.939,7.884,7.907,45477000.0,0.0,13.6,3.865,3.865,57343000.0,2972362000.0,297852000.0,297852000.0,0.0,,,,,0.0,56823000.0,1.0,339315627.0,339326000.0,356536000.0,0.878,7575727000.0,0.0,40817000.0,0.0,22.326,
1,MTG,MRQ,2021-03-31,2021-03-31,2021-03-31,2021-08-05,123565000.0,7407016000.0,,,,,13.964,-441000.0,192766000.0,192766000.0,39636000.0,150021000.0,,0.565,1243725000.0,,,1243725000.0,273553000.0,17422000.0,0.0,0.017,0.06,207602000.0,225024000.0,0.755,225024000.0,207602000.0,189617000.0,0.44,0.43,0.44,4732293000.0,,4732293000.0,5638611374.0,9.0,8.202,197592000.0,0.583,1.0,258321000.0,0.867,0.0,17985000.0,8457975000.0,,0.0,6829737000.0,,,2674723000.0,,,4692098374.0,-103914000.0,0.0,0.0,0.0,-20827000.0,-27448000.0,-274499000.0,-274058000.0,198033000.0,0.0,150021000.0,150021000.0,150021000.0,0.0,0.0,0.503,50719000.0,207602000.0,0.0,0.136,0.992,10.513,10.573,46024000.0,0.0,13.85,3.942,3.944,55713000.0,2839884000.0,297957000.0,297957000.0,0.0,,,,,0.0,50719000.0,1.0,338779666.0,338904000.0,356383000.0,0.879,7407016000.0,0.0,39596000.0,0.0,21.856,
2,MTG,MRQ,2020-12-31,2020-12-31,2020-12-31,2021-08-05,216821000.0,7354526000.0,,,,,13.878,-1097000.0,296680000.0,296680000.0,45758000.0,151430000.0,,0.565,1243193000.0,,,1243193000.0,287099000.0,17152000.0,0.0,0.019,0.06,208227000.0,225379000.0,0.746,225379000.0,208227000.0,190212000.0,0.44,0.44,0.44,4698986000.0,,4698986000.0,5102939337.0,8.0,7.541,222359000.0,0.657,1.0,256523000.0,0.849,0.0,18015000.0,8301039000.0,,0.0,6682911000.0,,,2655540000.0,,,4249097337.0,-92130000.0,0.0,0.0,-823000.0,-20316000.0,-21139000.0,-294447000.0,-293350000.0,223456000.0,0.0,151430000.0,151430000.0,151430000.0,0.0,0.0,0.501,48296000.0,208227000.0,0.0,0.136,0.904,9.525,9.58,47144000.0,0.0,12.55,3.543,3.558,56713000.0,2642096000.0,302281000.0,302281000.0,0.0,,,,,0.0,48296000.0,1.0,338573493.0,338588000.0,356005000.0,0.893,7354526000.0,0.0,38782000.0,0.0,21.721,
3,MTG,MRQ,2020-09-30,2020-09-30,2020-09-30,2021-08-05,167777000.0,7149510000.0,,,,,13.33,-1272000.0,388810000.0,388810000.0,40686000.0,130811000.0,,0.584,1242652000.0,,,1242652000.0,315071000.0,15203000.0,0.0,0.027,0.06,180054000.0,195257000.0,0.66,195257000.0,180054000.0,164329000.0,0.39,0.38,0.39,4513622000.0,,4513622000.0,3461683148.0,5.0,4.946,87456000.0,0.258,1.0,255318000.0,0.863,0.0,15725000.0,8003352000.0,,0.0,6365878000.0,,,2635888000.0,,,2999761148.0,17417000.0,0.0,0.0,419957000.0,-20319000.0,359282000.0,-430593000.0,-429321000.0,88728000.0,0.0,130811000.0,130811000.0,130811000.0,0.0,0.0,0.442,48528000.0,206790000.0,0.0,0.154,0.665,6.358,6.42,47546000.0,0.0,8.86,2.482,2.482,55033000.0,2511248000.0,296004000.0,296004000.0,0.0,,,,,0.0,48528000.0,1.0,338573493.0,338598000.0,357195000.0,0.874,7149510000.0,0.0,33518000.0,0.0,21.115,
4,MTG,MRQ,2020-06-30,2020-06-30,2020-06-30,2021-08-05,145412000.0,6574588000.0,,,,,12.946,-362000.0,371393000.0,371393000.0,217374000.0,14047000.0,,0.5,833315000.0,,,833315000.0,343229000.0,12405000.0,0.0,0.029,0.06,29412000.0,41817000.0,0.142,41817000.0,29412000.0,16483000.0,0.04,0.04,0.04,4383355000.0,,4383355000.0,3236364910.0,5.0,4.298,235439000.0,0.695,1.0,76594000.0,0.261,0.0,12929000.0,7036510000.0,,0.0,5883315000.0,,,2191233000.0,,,2772863910.0,1867000.0,0.0,0.0,0.0,-20315000.0,-20315000.0,-213619000.0,-213257000.0,235801000.0,0.0,14047000.0,14047000.0,14047000.0,0.0,0.0,0.048,47182000.0,29412000.0,0.0,1.5,0.633,5.354,5.497,47738000.0,0.0,8.19,2.253,2.253,55379000.0,2400820000.0,293968000.0,293968000.0,0.0,,,,,0.0,47182000.0,1.0,338567022.0,338593000.0,339661000.0,0.868,6574588000.0,0.0,2436000.0,0.0,19.417,
5,MTG,MRQ,2020-03-31,2020-03-31,2020-03-31,2021-08-05,1224000.0,6155287000.0,,,,,12.329,-580000.0,369526000.0,369526000.0,60956000.0,149805000.0,,0.451,833027000.0,,,833027000.0,365408000.0,13052000.0,0.0,0.028,0.06,201165000.0,214217000.0,0.698,214217000.0,201165000.0,188239000.0,0.44,0.42,0.44,4241828000.0,,4241828000.0,2859847207.0,3.0,3.018,183744000.0,0.534,1.0,245937000.0,0.801,0.0,12926000.0,6618788000.0,,0.0,5490838000.0,,,1913459000.0,,,2196164207.0,200470000.0,0.0,-119997000.0,0.0,-21111000.0,-150007000.0,166153000.0,166733000.0,184324000.0,0.0,149805000.0,149805000.0,149805000.0,0.0,0.0,0.488,44772000.0,201165000.0,0.0,0.136,0.518,3.27,3.307,49010000.0,0.0,6.35,1.787,1.777,55131000.0,2407305000.0,306893000.0,306893000.0,0.0,,,,,0.0,44772000.0,1.0,345852631.0,344053000.0,365216000.0,0.892,6155287000.0,8867000.0,38434000.0,0.0,17.891,
6,MTG,MRQ,2019-12-31,2019-12-31,2019-12-31,2021-08-05,72708000.0,6229571000.0,,,,,12.365,-1557000.0,169056000.0,169056000.0,23691000.0,177110000.0,,0.446,832739000.0,,,832739000.0,380302000.0,13006000.0,0.0,0.008,0.06,235644000.0,248650000.0,0.798,248650000.0,235644000.0,222710000.0,0.51,0.49,0.51,4309234000.0,,4309234000.0,5601906455.0,6.0,5.9,149812000.0,0.43,1.0,287936000.0,0.924,0.0,12934000.0,6893254000.0,,0.0,5758320000.0,,,1920337000.0,,,4941210455.0,-2698000.0,0.0,-20000000.0,0.0,-20925000.0,-40925000.0,-113142000.0,-111585000.0,151369000.0,0.0,177110000.0,177110000.0,177110000.0,0.0,0.0,0.568,52292000.0,235644000.0,0.0,0.118,1.147,7.334,7.419,50121000.0,0.0,14.17,4.07,4.118,57108000.0,2278650000.0,311627000.0,311627000.0,0.0,,,,,0.0,52292000.0,1.0,348709277.0,348492000.0,369898000.0,0.894,6229571000.0,0.0,45600000.0,0.0,17.876,
7,MTG,MRQ,2019-09-30,2019-09-30,2019-09-30,2021-08-05,63782000.0,6146751000.0,,,,,11.835,-799000.0,171754000.0,171754000.0,33985000.0,176934000.0,,0.478,832450000.0,,,832450000.0,392556000.0,12314000.0,0.0,0.005,0.06,236059000.0,248373000.0,0.78,248373000.0,236059000.0,223120000.0,0.5,0.49,0.5,4159617000.0,,4159617000.0,5062241088.0,6.0,5.492,175753000.0,0.5,1.0,284398000.0,0.893,0.0,12939000.0,6807447000.0,,0.0,5681452000.0,,,1987134000.0,,,4455262088.0,-53429000.0,0.0,-69185000.0,0.0,-20989000.0,-90248000.0,-139733000.0,-138934000.0,176552000.0,0.0,176934000.0,176934000.0,176934000.0,0.0,0.0,0.556,48339000.0,236059000.0,0.0,0.12,1.071,6.808,6.874,50540000.0,0.0,12.58,3.75,3.722,53377000.0,2122705000.0,318383000.0,318383000.0,0.0,,,,,0.0,48339000.0,1.0,354154379.0,351475000.0,372575000.0,0.906,6146751000.0,11583000.0,46186000.0,0.0,17.488,
8,MTG,MRQ,2019-06-30,2019-06-30,2019-06-30,2021-08-05,30810000.0,6055537000.0,,,,,11.345,-2972000.0,225183000.0,225183000.0,21836000.0,167778000.0,,0.501,832162000.0,,,832162000.0,400999000.0,11556000.0,0.0,0.0,0.0,224761000.0,236317000.0,0.808,236317000.0,224761000.0,211211000.0,0.47,0.46,0.47,4035665000.0,,4035665000.0,5247013139.0,6.0,5.628,113758000.0,0.32,1.0,270481000.0,0.925,0.0,13550000.0,6662516000.0,,0.0,5512037000.0,,,2019872000.0,,,4677651139.0,-37329000.0,0.0,-24941000.0,0.0,0.0,-24941000.0,-129118000.0,-126146000.0,116730000.0,0.0,167778000.0,167778000.0,167778000.0,0.0,0.0,0.574,45720000.0,224761000.0,0.0,0.0,1.159,7.094,7.18,51607000.0,0.0,13.14,4.032,4.029,74395000.0,1966994000.0,292317000.0,292317000.0,0.0,,,,,0.0,45720000.0,1.0,355985627.0,355734000.0,376603000.0,0.822,6055537000.0,20932000.0,43433000.0,0.0,17.023,
9,MTG,MRQ,2019-03-31,2019-03-31,2019-03-31,2021-08-05,-41493000.0,5870097000.0,,,,,10.73,-308000.0,262512000.0,262512000.0,39063000.0,151941000.0,,0.538,831874000.0,,,831874000.0,404504000.0,11908000.0,0.0,0.0,0.0,204169000.0,216077000.0,0.741,216077000.0,204169000.0,190936000.0,0.43,0.42,0.43,3816183000.0,,3816183000.0,5367389586.0,6.0,5.577,164573000.0,0.463,1.0,252587000.0,0.866,0.0,13233000.0,6439459000.0,,0.0,5294517000.0,,,2053914000.0,,,4690842586.0,107474000.0,0.0,-11640000.0,0.0,0.0,-17292000.0,-40115000.0,-39807000.0,164881000.0,0.0,151941000.0,151941000.0,151941000.0,0.0,0.0,0.521,48418000.0,204169000.0,0.0,0.0,1.229,6.915,7.053,50388000.0,0.0,13.19,4.08,4.08,54665000.0,1799216000.0,291650000.0,291650000.0,0.0,,,,,0.0,48418000.0,1.0,355636284.0,355653000.0,376667000.0,0.82,5870097000.0,39440000.0,38995000.0,0.0,16.505,
10,MTG,MRQ,2018-12-31,2018-12-31,2018-12-31,2021-08-05,-124214000.0,5677802000.0,,,,,9.948,-3579000.0,155038000.0,155038000.0,27685000.0,157746000.0,,0.585,831585000.0,,,831585000.0,409985000.0,12948000.0,0.0,0.0,0.0,207965000.0,220913000.0,0.773,220913000.0,207965000.0,194709000.0,0.43,0.42,0.43,3581891000.0,,3581891000.0,4346531337.0,5.0,4.55,157391000.0,0.437,1.0,257948000.0,0.903,0.0,13256000.0,6354349000.0,,0.0,5159019000.0,,,2095911000.0,,,3782231337.0,-111959000.0,0.0,-63360000.0,0.0,0.0,-63360000.0,-209569000.0,-162311000.0,160970000.0,0.0,157746000.0,157746000.0,157746000.0,0.0,0.0,0.552,49983000.0,207965000.0,0.0,0.0,1.056,5.644,5.716,51734000.0,0.0,10.46,3.365,3.401,58038000.0,1647275000.0,285633000.0,285633000.0,0.0,,,,,0.0,49983000.0,1.0,361589994.0,360054000.0,381017000.0,0.793,5677802000.0,69184000.0,36963000.0,0.0,15.769,
11,MTG,MRQ,2018-09-30,2018-09-30,2018-09-30,2021-08-05,-128931000.0,5657108000.0,,,,,9.635,-2403000.0,266997000.0,266997000.0,-1518000.0,181900000.0,,0.621,831297000.0,,,831297000.0,407614000.0,13872000.0,0.0,0.0,0.0,245152000.0,259024000.0,0.892,259024000.0,245152000.0,231894000.0,0.5,0.49,0.5,3489531000.0,,3489531000.0,5459397782.0,6.0,5.412,118551000.0,0.327,1.0,291963000.0,1.005,0.0,13258000.0,6221408000.0,,0.0,4980432000.0,,,2167577000.0,,,4820283782.0,75103000.0,0.0,0.0,0.0,0.0,-58000.0,-45793000.0,-73637000.0,120954000.0,0.0,181900000.0,181900000.0,181900000.0,0.0,0.0,0.626,46811000.0,245152000.0,0.0,0.0,1.381,8.932,9.054,50055000.0,0.0,13.31,4.344,4.344,54751000.0,1489529000.0,290445000.0,290445000.0,0.0,,,,,0.0,46811000.0,1.0,362155055.0,362180000.0,382905000.0,0.802,5657108000.0,111613000.0,49994000.0,0.0,15.62,
12,MTG,MRQ,2018-06-30,2018-06-30,2018-06-30,2021-08-05,-117294000.0,5592016000.0,,,,,8.991,-3048000.0,191894000.0,191894000.0,-13455000.0,186814000.0,,0.687,831008000.0,,,831008000.0,406159000.0,15562000.0,0.0,0.0,0.0,250768000.0,266330000.0,0.944,266330000.0,250768000.0,237522000.0,0.51,0.49,0.51,3313875000.0,,3313875000.0,4634078615.0,5.0,4.812,125579000.0,0.341,1.0,295455000.0,1.048,0.0,13246000.0,6231130000.0,,0.0,4933395000.0,,,2278141000.0,,,3980846615.0,14406000.0,0.0,-100059000.0,0.0,0.0,-100059000.0,-14162000.0,-24546000.0,128627000.0,0.0,186814000.0,186814000.0,186814000.0,0.0,0.0,0.662,44687000.0,250768000.0,0.0,0.0,1.201,8.332,8.31,49461000.0,0.0,10.72,3.653,3.626,59508000.0,1307629000.0,282000000.0,282000000.0,0.0,,,,,0.0,44687000.0,1.0,371347632.0,368578000.0,388881000.0,0.765,5592016000.0,161488000.0,50708000.0,0.0,15.172,
13,MTG,MRQ,2018-03-31,2018-03-31,2018-03-31,2021-08-05,-107760000.0,5616343000.0,,,,,8.712,-5208000.0,177488000.0,177488000.0,23850000.0,143637000.0,,0.738,830720000.0,,,830720000.0,397688000.0,15833000.0,0.0,0.0,0.0,193258000.0,209091000.0,0.787,209091000.0,193258000.0,180025000.0,0.39,0.38,0.39,3231403000.0,,3231403000.0,5551789470.0,7.0,6.116,128758000.0,0.347,1.0,241920000.0,0.91,0.0,13233000.0,6269575000.0,,0.0,4937262000.0,,,2384940000.0,,,4821208470.0,77637000.0,0.0,0.0,0.0,0.0,-8073000.0,-48256000.0,-43048000.0,133966000.0,0.0,143637000.0,143637000.0,143637000.0,0.0,0.0,0.54,48662000.0,193258000.0,0.0,0.0,1.492,11.771,11.818,48382000.0,0.0,13.0,4.502,4.502,56419000.0,1120815000.0,265770000.0,265770000.0,0.0,,,,,0.0,48662000.0,1.0,370862190.0,370908000.0,391562000.0,0.717,5616343000.0,211994000.0,36388000.0,0.0,15.142,
14,MTG,MRQ,2017-12-31,2017-12-31,2017-12-31,2021-08-05,-43783000.0,5619499000.0,,,,,8.51,-3945000.0,99851000.0,99851000.0,-30996000.0,27314000.0,,0.781,830432000.0,,,830432000.0,392934000.0,15548000.0,0.0,0.0,0.0,258712000.0,274260000.0,1.01,274260000.0,258712000.0,245456000.0,0.07,0.09,0.07,3154526000.0,,3154526000.0,5808139562.0,7.0,6.411,146356000.0,0.395,1.0,302498000.0,1.114,0.0,13256000.0,6350080000.0,,0.0,4990561000.0,,,2464973000.0,,,5228697562.0,-150850000.0,0.0,0.0,0.0,0.0,-39000.0,-301112000.0,-293429000.0,150301000.0,0.0,27314000.0,27314000.0,27314000.0,0.0,0.0,0.101,43786000.0,258712000.0,0.0,0.0,1.658,14.697,14.398,44936000.0,0.0,14.11,4.905,4.796,57917000.0,977160000.0,271502000.0,271502000.0,0.0,,,,,0.0,43786000.0,1.0,370566801.0,370681000.0,391454000.0,0.732,5619499000.0,234381000.0,218142000.0,0.0,15.16,
15,MTG,MRQ,2017-09-30,2017-09-30,2017-09-30,2021-08-05,-26097000.0,5675868000.0,,,,,8.446,-2462000.0,250701000.0,250701000.0,29747000.0,120027000.0,,0.813,830143000.0,,,830143000.0,370816000.0,15691000.0,0.0,0.0,0.0,197740000.0,213431000.0,0.789,213431000.0,197740000.0,184467000.0,0.32,0.32,0.32,3130149000.0,,3130149000.0,5345083861.0,7.0,6.464,128338000.0,0.346,1.0,240613000.0,0.89,0.0,13273000.0,6255310000.0,,0.0,4717392000.0,,,2545719000.0,,,4643136861.0,122793000.0,0.0,0.0,0.0,0.0,-59000.0,-7948000.0,-5777000.0,130800000.0,0.0,120027000.0,120027000.0,120027000.0,0.0,0.0,0.444,42873000.0,197740000.0,0.0,0.0,1.483,10.651,10.27,43157000.0,0.0,12.53,4.376,4.376,58576000.0,939424000.0,270360000.0,270360000.0,0.0,,,,,0.0,42873000.0,1.0,370561601.0,370586000.0,391087000.0,0.73,5675868000.0,416167000.0,64440000.0,0.0,15.316,
16,MTG,MRQ,2017-06-30,2017-06-30,2017-06-30,2021-08-05,-37494000.0,5600168000.0,,,,,8.163,-5645000.0,127908000.0,127908000.0,27339000.0,118622000.0,,0.87,829855000.0,,,829855000.0,352010000.0,16112000.0,0.0,0.0,0.0,194813000.0,210925000.0,0.801,210925000.0,194813000.0,180616000.0,0.32,0.31,0.32,2995061000.0,,2995061000.0,5052574483.0,8.0,6.953,42442000.0,0.116,1.0,235973000.0,0.896,0.0,14197000.0,6302115000.0,,0.0,4708420000.0,,,2605107000.0,,,4150233483.0,-299166000.0,0.0,0.0,-295727000.0,0.0,-300232000.0,-47021000.0,-34487000.0,48087000.0,0.0,118622000.0,118622000.0,118622000.0,0.0,0.0,0.45,41095000.0,194878000.0,0.0,0.0,1.386,11.141,10.566,42212000.0,0.0,11.2,3.899,3.86,57495000.0,819397000.0,263312000.0,263312000.0,0.0,,,,,0.0,41095000.0,1.0,370556561.0,366918000.0,394470000.0,0.718,5600168000.0,481389000.0,61994000.0,0.0,15.263,
17,MTG,MRQ,2017-03-31,2017-03-31,2017-03-31,2021-08-05,-63101000.0,5903888000.0,,,,,7.764,-4014000.0,427074000.0,427074000.0,27619000.0,89798000.0,,1.23,1329415000.0,,,1329415000.0,337322000.0,17079000.0,0.0,0.0,0.0,190266000.0,207345000.0,0.795,207345000.0,190266000.0,173957000.0,0.26,0.24,0.26,2647531000.0,,2647531000.0,4477558926.0,7.0,6.328,73455000.0,0.215,1.0,233261000.0,0.894,0.0,16309000.0,6806229000.0,,0.0,4649281000.0,,,3256357000.0,,,3454229926.0,271664000.0,0.0,0.0,148477000.0,0.0,141755000.0,52440000.0,46118000.0,77469000.0,0.0,89798000.0,89798000.0,89798000.0,0.0,0.0,0.344,42995000.0,190266000.0,0.0,0.0,1.305,9.513,9.557,38314000.0,0.0,10.13,3.244,3.244,57036000.0,722515000.0,260880000.0,260880000.0,0.0,,,,,0.0,42995000.0,1.0,340990121.0,341009000.0,402175000.0,0.765,5903888000.0,552469000.0,84159000.0,0.0,17.313,
18,MTG,MRQ,2016-12-31,2016-12-31,2016-12-31,2021-08-05,-75100000.0,5734529000.0,,,,,7.467,-5583000.0,155410000.0,155410000.0,47658000.0,107487000.0,,1.25,1178739000.0,,,1178739000.0,329737000.0,17018000.0,0.0,0.0,0.0,178229000.0,195247000.0,0.733,195247000.0,178229000.0,162038000.0,0.32,0.28,0.32,2548842000.0,,2548842000.0,4374641852.0,8.0,6.914,70191000.0,0.206,1.0,218862000.0,0.821,0.0,16191000.0,6757858000.0,,0.0,4692350000.0,,,3185687000.0,,,3471352852.0,-119333000.0,0.0,-55530000.0,-189000.0,0.0,-55742000.0,-139365000.0,-130406000.0,75774000.0,0.0,107487000.0,107487000.0,107487000.0,0.0,0.0,0.403,40633000.0,178229000.0,0.0,0.0,1.362,10.135,10.19,36088000.0,0.0,10.19,3.267,3.289,57356000.0,632564000.0,266520000.0,266520000.0,0.0,,,,,0.0,40633000.0,1.0,340662694.0,341351000.0,463699000.0,0.781,5734529000.0,607655000.0,54551000.0,0.0,16.8,
19,MTG,MRQ,2016-09-30,2016-09-30,2016-09-30,2021-08-05,30155000.0,5873049000.0,,,,,7.393,-2245000.0,274743000.0,274743000.0,60897000.0,56618000.0,,1.274,1178032000.0,,,1178032000.0,321326000.0,15847000.0,0.0,0.0,0.0,97285000.0,113132000.0,0.413,113132000.0,97285000.0,83749000.0,0.16,0.14,0.16,2583079000.0,,2583079000.0,3472352216.0,7.0,6.013,91748000.0,0.263,1.0,212953000.0,0.778,0.0,13536000.0,6776338000.0,,0.0,4725843000.0,,,3289970000.0,,,2725130216.0,-26231000.0,0.0,-91597000.0,236224000.0,0.0,94846000.0,-215070000.0,-191682000.0,93993000.0,0.0,56618000.0,56618000.0,56618000.0,0.0,0.0,0.207,40445000.0,172508000.0,0.0,0.0,1.055,8.076,8.163,32009000.0,0.0,8.0,2.585,2.651,52053000.0,525077000.0,273850000.0,273850000.0,0.0,,,,,0.0,40445000.0,1.0,340641277.0,349376000.0,406050000.0,0.784,5873049000.0,602142000.0,27131000.0,0.0,16.81,
20,MTG,MRQ,2016-06-30,2016-06-30,2016-06-30,2021-08-05,44840000.0,5744786000.0,,,,,7.373,-808000.0,300974000.0,300974000.0,46590000.0,109221000.0,,1.287,1048196000.0,,,1048196000.0,308424000.0,14368000.0,0.0,0.0,0.0,177483000.0,191851000.0,0.728,191851000.0,177483000.0,165239000.0,0.32,0.26,0.32,2511679000.0,,2511679000.0,2874383610.0,5.0,4.611,50649000.0,0.149,1.0,216944000.0,0.823,0.0,12244000.0,6492008000.0,,0.0,4566078000.0,,,3233107000.0,,,2026785610.0,51076000.0,0.0,0.0,-48741000.0,0.0,-52118000.0,51737000.0,72315000.0,51457000.0,0.0,109221000.0,109221000.0,109221000.0,0.0,0.0,0.414,37593000.0,179351000.0,0.0,0.0,0.807,1.836,1.836,30800000.0,0.0,5.95,1.93,1.93,51375000.0,468459000.0,263534000.0,263534000.0,0.0,,,,,0.0,37593000.0,1.0,340636237.0,340678000.0,446139000.0,0.774,5744786000.0,617266000.0,56018000.0,0.0,16.863,
21,MTG,MRQ,2016-03-31,2016-03-31,2016-03-31,2021-08-05,-11336000.0,5773403000.0,,,,,6.889,-1916000.0,249898000.0,249898000.0,85012000.0,69191000.0,,1.464,1097496000.0,,,1097496000.0,289879000.0,14109000.0,0.0,0.0,0.0,118389000.0,132498000.0,0.512,132498000.0,118389000.0,103688000.0,0.2,0.17,0.2,2343399000.0,,2343399000.0,3649770724.0,7.0,6.33,1620000.0,0.005,1.0,173567000.0,0.671,0.0,14701000.0,6621001000.0,,0.0,4564203000.0,,,3430004000.0,,,2607865724.0,68778000.0,0.0,0.0,-79965000.0,0.0,-144064000.0,209306000.0,166933000.0,3536000.0,0.0,69191000.0,69191000.0,69191000.0,0.0,0.0,0.268,41738000.0,131829000.0,0.0,0.0,1.113,2.353,2.36,31047000.0,0.0,7.67,2.533,2.534,51040000.0,359238000.0,258579000.0,258579000.0,0.0,,,,,0.0,41738000.0,1.0,340008569.0,340144000.0,431365000.0,0.76,5773403000.0,702400000.0,34497000.0,0.0,16.973,
22,MTG,MRQ,2015-12-31,2015-12-31,2015-12-31,2021-08-05,-60880000.0,5868343000.0,,,,,6.583,-1795000.0,181120000.0,181120000.0,95066000.0,102418000.0,,1.624,1211823000.0,,,1211823000.0,279973000.0,14198000.0,0.0,0.0,0.0,125837000.0,140035000.0,0.542,140035000.0,125837000.0,109002000.0,0.3,0.25,0.3,2236140000.0,,2236140000.0,3911106160.0,7.0,6.42,24569000.0,0.072,1.0,163367000.0,0.632,0.0,16835000.0,6899046000.0,,0.0,4663206000.0,,,3632203000.0,,,2999167160.0,-203416000.0,0.0,0.0,-73105000.0,0.0,-83312000.0,-146468000.0,-96553000.0,26364000.0,0.0,102418000.0,102418000.0,102418000.0,0.0,0.0,0.396,37023000.0,126344000.0,0.0,0.0,1.341,2.559,2.559,30095000.0,0.0,8.83,2.88,2.879,51788000.0,290047000.0,258433000.0,258433000.0,0.0,,,,,2113000.0,37023000.0,1.0,339656530.0,339696000.0,467928000.0,0.761,5868343000.0,762080000.0,6584000.0,0.0,17.275,
23,MTG,MRQ,2015-09-30,2015-09-30,2015-09-30,2021-08-05,-43147000.0,6008150000.0,,,,,6.325,-1124000.0,384536000.0,384536000.0,76458000.0,822852000.0,,1.796,1296475000.0,,,1296475000.0,265119000.0,14423000.0,0.0,0.0,0.0,144610000.0,159033000.0,0.59,159033000.0,144610000.0,127248000.0,2.42,1.78,2.42,2148519000.0,,2148519000.0,4225747084.0,8.0,7.384,193798000.0,0.57,1.0,193053000.0,0.716,0.0,17362000.0,6920089000.0,,0.0,4593965000.0,,,3859631000.0,,,3145054084.0,168766000.0,0.0,0.0,0.0,0.0,-455000.0,-25701000.0,-30935000.0,194922000.0,0.0,822852000.0,822852000.0,822852000.0,0.0,0.0,3.053,48443000.0,144610000.0,0.0,0.0,1.464,2.749,2.756,29265000.0,0.0,9.26,3.071,3.072,56041000.0,187630000.0,269511000.0,269511000.0,0.0,,,,,455000.0,48443000.0,1.0,339638670.0,339701000.0,468128000.0,0.793,6008150000.0,758851000.0,-695604000.0,0.0,17.687,
24,MTG,MRQ,2015-06-30,2015-06-30,2015-06-30,2021-08-05,-128140000.0,5246782000.0,,,,,3.645,-1135000.0,215770000.0,215770000.0,72905000.0,113654000.0,,3.237,1296463000.0,,,1296463000.0,244288000.0,12627000.0,0.0,0.0,0.0,132349000.0,144976000.0,0.596,144976000.0,132349000.0,114976000.0,0.33,0.28,0.33,1238284000.0,,1238284000.0,4928917065.0,11.0,9.585,-28318000.0,-0.083,1.0,170224000.0,0.7,0.0,17373000.0,6327475000.0,,0.0,4552110000.0,,,4008498000.0,,,3865088065.0,-16853000.0,0.0,0.0,0.0,0.0,0.0,10330000.0,-29598000.0,-27183000.0,0.0,113654000.0,113654000.0,113654000.0,0.0,0.0,0.467,37875000.0,132349000.0,0.0,0.0,3.121,9.83,9.896,28925000.0,0.0,11.38,3.905,3.906,258928000.0,-635224000.0,243129000.0,243129000.0,0.0,,,,,0.0,37875000.0,1.0,339638670.0,339705000.0,439127000.0,0.716,5246782000.0,0.0,1322000.0,0.0,15.445,
25,MTG,MRQ,2015-03-31,2015-03-31,2015-03-31,2021-08-05,-64492000.0,5282732000.0,,,,,3.496,-576000.0,232623000.0,232623000.0,75367000.0,133076000.0,,3.456,1296452000.0,,,1296452000.0,223053000.0,11311000.0,0.0,0.0,0.0,153823000.0,165134000.0,0.611,165134000.0,153823000.0,136461000.0,0.39,0.32,0.39,1185560000.0,,1185560000.0,4345154874.0,11.0,9.759,-33284000.0,-0.098,1.0,194848000.0,0.721,0.0,17362000.0,6346561000.0,,0.0,4597763000.0,,,4097172000.0,,,3263808874.0,34741000.0,0.0,0.0,0.0,0.0,2568000.0,64881000.0,47546000.0,-32708000.0,0.0,133076000.0,133076000.0,133076000.0,0.0,0.0,0.492,41025000.0,153823000.0,0.0,0.0,2.753,10.041,10.137,28565000.0,0.0,9.63,3.338,3.34,230313000.0,-748876000.0,270215000.0,270215000.0,0.0,,,,,-2568000.0,41025000.0,1.0,338920963.0,339107000.0,468121000.0,0.797,5282732000.0,0.0,3385000.0,0.0,15.578,
26,MTG,MRQ,2014-12-31,2014-12-31,2014-12-31,2021-08-05,-81341000.0,5266434000.0,,,,,3.062,-709000.0,215094000.0,215094000.0,112114000.0,74428000.0,,4.079,1296440000.0,,,1296440000.0,203414000.0,10632000.0,0.0,0.0,0.0,92483000.0,103115000.0,0.428,103115000.0,92483000.0,75109000.0,0.22,0.19,0.22,1036903000.0,,1036903000.0,4190673959.0,13.0,11.228,-68320000.0,-0.202,1.0,129087000.0,0.535,0.0,17374000.0,6347780000.0,,0.0,4612669000.0,,,4229531000.0,,,3155374959.0,-46040000.0,0.0,0.0,995000.0,0.0,0.0,21571000.0,29530000.0,-67611000.0,0.0,74428000.0,74428000.0,74428000.0,0.0,0.0,0.309,35767000.0,93320000.0,0.0,0.0,3.043,12.524,12.595,28693000.0,0.0,9.32,3.347,3.347,202989000.0,-852458000.0,241201000.0,241201000.0,0.0,,,,,0.0,35767000.0,1.0,338559545.0,338628000.0,413669000.0,0.712,5266434000.0,0.0,681000.0,0.0,15.552,
27,MTG,MRQ,2014-09-30,2014-09-30,2014-09-30,2021-08-05,-56776000.0,5339378000.0,,,,,2.907,-782000.0,261129000.0,261129000.0,108510000.0,72017000.0,,4.423,1296428000.0,,,1296428000.0,185992000.0,11360000.0,0.0,0.0,0.0,89627000.0,100987000.0,0.43,100987000.0,89627000.0,72266000.0,0.21,0.18,0.21,984508000.0,,984508000.0,3580763046.0,14.0,11.81,-59307000.0,-0.175,1.0,126605000.0,0.538,0.0,17361000.0,6374677000.0,,0.0,4630001000.0,,,4354870000.0,,,2644150046.0,-98678000.0,0.0,0.0,0.0,0.0,0.0,-40153000.0,-46616000.0,-58525000.0,0.0,72017000.0,72017000.0,72017000.0,0.0,0.0,0.306,36978000.0,89627000.0,0.0,0.0,2.686,15.014,15.019,28583000.0,0.0,7.81,2.773,2.774,179962000.0,-926887000.0,235115000.0,235115000.0,0.0,,,,,0.0,36978000.0,1.0,338559545.0,338626000.0,413576000.0,0.694,5339378000.0,0.0,249000.0,0.0,15.768,
28,MTG,MRQ,2014-06-30,2014-06-30,2014-06-30,2021-08-05,-35253000.0,5379144000.0,,,,,2.751,-245000.0,359803000.0,359803000.0,133308000.0,45522000.0,,4.774,1296416000.0,,,1296416000.0,168200000.0,11980000.0,0.0,0.0,0.0,64014000.0,75994000.0,0.329,75994000.0,64014000.0,46640000.0,0.13,0.12,0.13,931615000.0,,931615000.0,4109960620.0,22.0,16.545,-121499000.0,-0.359,1.0,97928000.0,0.423,0.0,17374000.0,6315757000.0,,0.0,4614479000.0,,,4447529000.0,,,3127886620.0,45713000.0,0.0,0.0,0.0,0.0,0.0,168898000.0,181598000.0,-121254000.0,-1931000.0,45522000.0,45522000.0,45522000.0,0.0,0.0,0.197,33914000.0,64014000.0,0.0,0.0,3.357,26.916,26.4,28336000.0,0.0,9.24,3.216,3.217,100712000.0,-998903000.0,231236000.0,231236000.0,0.0,,,,,0.0,33914000.0,1.0,338515868.0,338626000.0,413481000.0,0.683,5379144000.0,0.0,1118000.0,0.0,15.885,
29,MTG,MRQ,2014-03-31,2014-03-31,2014-03-31,2021-08-05,-78361000.0,5464995000.0,,,,,2.486,-2971000.0,314331000.0,314331000.0,117435000.0,59982000.0,,5.5,1296405000.0,,,1296405000.0,160097000.0,14889000.0,0.0,0.0,0.0,78247000.0,93136000.0,0.396,93136000.0,78247000.0,60708000.0,0.18,0.15,0.18,840715000.0,,840715000.0,3847229967.0,24.0,17.617,-160858000.0,-0.476,1.0,117647000.0,0.5,0.0,17539000.0,6447069000.0,,0.0,4761481000.0,,,4624280000.0,,,2880066967.0,-35805000.0,0.0,0.0,-21767000.0,0.0,-21767000.0,141918000.0,132201000.0,-157887000.0,1931000.0,59982000.0,59982000.0,59982000.0,0.0,0.0,0.255,39400000.0,78247000.0,0.0,0.0,3.426,34.673,32.769,28650000.0,0.0,8.52,2.865,2.866,101441000.0,-1044426000.0,235082000.0,235082000.0,0.0,,,,,0.0,39400000.0,1.0,338036029.0,338213000.0,413180000.0,0.695,5464995000.0,0.0,726000.0,0.0,16.158,
30,MTG,MRQ,2013-12-31,2013-12-31,2013-12-31,2021-08-05,-117726000.0,5601390000.0,,,,,2.203,-820000.0,350132000.0,350132000.0,187481000.0,-1407000.0,,6.523,1317295000.0,,,1317295000.0,154479000.0,15604000.0,0.0,0.0,0.0,17486000.0,33090000.0,0.131,33090000.0,17486000.0,-176000.0,0.0,0.0,0.0,744538000.0,,744538000.0,3649540946.0,109.0,35.531,-278915000.0,-0.825,1.0,64460000.0,0.256,0.0,17662000.0,6568553000.0,,0.0,4866819000.0,,,4856852000.0,,,2850678946.0,-125378000.0,0.0,0.0,0.0,0.0,0.0,152717000.0,110946000.0,-278095000.0,0.0,-1407000.0,-1407000.0,-1407000.0,0.0,0.0,-0.006,46974000.0,17486000.0,0.0,,3.829,-57.187,-52.75,26185000.0,0.0,8.44,2.743,2.531,111337000.0,-1074617000.0,251941000.0,251941000.0,0.0,,,,,0.0,46974000.0,1.0,337758169.0,338028000.0,338028000.0,0.745,5601390000.0,0.0,1231000.0,0.0,16.571,
31,MTG,MRQ,2013-09-30,2013-09-30,2013-09-30,2021-08-05,-159270000.0,5857538000.0,,,,,2.081,0.0,518418000.0,518418000.0,176376000.0,12114000.0,,7.332,1317280000.0,,,1317280000.0,149369000.0,16082000.0,0.0,0.0,0.0,30103000.0,46185000.0,0.182,46185000.0,30103000.0,12450000.0,0.04,0.04,0.04,703046000.0,,703046000.0,3144346470.0,-9.0,-11.825,-183997000.0,-0.545,1.0,78073000.0,0.307,0.0,17653000.0,6656400000.0,,0.0,5020172000.0,,,5154492000.0,,,2458879470.0,-113394000.0,0.0,-57000.0,-72000.0,0.0,-129000.0,70732000.0,-27438000.0,-183997000.0,0.0,12114000.0,12114000.0,12114000.0,0.0,0.0,0.048,47970000.0,30103000.0,0.0,0.0,3.497,-5.651,-3.402,26411000.0,0.0,7.28,2.122,2.122,79639000.0,-1073210000.0,254449000.0,254449000.0,0.0,,,,,0.0,47970000.0,1.0,337758169.0,337868000.0,339426000.0,0.753,5857538000.0,0.0,336000.0,0.0,17.337,
32,MTG,MRQ,2013-06-30,2013-06-30,2013-06-30,2021-08-05,-168432000.0,6043513000.0,,,,,2.015,0.0,631797000.0,631797000.0,184991000.0,12375000.0,,7.879,1317264000.0,,,1317264000.0,142418000.0,14659000.0,0.0,0.0,0.0,31307000.0,45966000.0,0.174,45966000.0,31307000.0,13365000.0,0.04,0.04,0.04,680662000.0,,680662000.0,1748833086.0,-3.0,-3.417,-256910000.0,-0.76,1.0,78869000.0,0.299,0.0,17942000.0,6728980000.0,,0.0,4998991000.0,,,5362851000.0,,,2050192086.0,-1064346000.0,0.0,-150000.0,-17208000.0,0.0,-17358000.0,-790078000.0,-588442000.0,-256910000.0,0.0,12375000.0,12375000.0,12375000.0,0.0,0.0,0.047,47562000.0,31307000.0,0.0,0.0,3.012,-2.953,-1.785,26566000.0,0.0,6.07,1.693,1.694,76750000.0,-1085323000.0,263860000.0,263860000.0,0.0,,,,,0.0,47562000.0,1.0,337758169.0,337868000.0,339341000.0,0.781,6043513000.0,0.0,990000.0,0.0,17.887,
33,MTG,MRQ,2013-03-31,2013-03-31,2013-03-31,2021-08-05,-57801000.0,6508498000.0,,,,,3.347,0.0,1635810000.0,1635810000.0,264558000.0,-72930000.0,,7.369,1334451000.0,,,1334451000.0,140213000.0,22858000.0,0.0,0.0,0.0,-45385000.0,-22527000.0,-0.084,-22527000.0,-45385000.0,-71791000.0,-0.31,-0.31,-0.31,777682000.0,,777682000.0,798300013.0,-1.0,-1.02,-251709000.0,-1.083,1.0,4627000.0,0.017,0.0,26406000.0,6207139000.0,,0.0,4540690000.0,,,5730816000.0,,,1001406013.0,608185000.0,0.0,663542000.0,484670000.0,0.0,1148212000.0,-288318000.0,-331753000.0,-251709000.0,0.0,-72930000.0,-72930000.0,-72930000.0,0.0,0.0,-0.271,50012000.0,-45385000.0,0.0,0.0,1.288,-1.021,-1.031,26863000.0,0.0,4.95,0.79,0.907,85924000.0,-1097696000.0,269185000.0,269185000.0,0.0,,,,,0.0,50012000.0,1.0,202304245.0,232348000.0,232348000.0,1.159,6508498000.0,0.0,1139000.0,0.0,28.012,
34,MTG,MRQ,2012-12-31,2012-12-31,2012-12-31,2021-08-05,-48163000.0,5574324000.0,,,,,0.975,0.0,1027625000.0,1027625000.0,678285000.0,-386691000.0,,27.305,824519000.0,,,824519000.0,138840000.0,22909000.0,0.0,0.0,0.0,-358429000.0,-335520000.0,-0.903,-335520000.0,-358429000.0,-383756000.0,-1.91,-1.91,-1.91,196940000.0,,196940000.0,622055865.0,-1.0,-0.853,-396078000.0,-1.961,1.0,-306913000.0,-0.826,0.0,25327000.0,5371218000.0,,0.0,4230275000.0,,,5377384000.0,,,537404865.0,297221000.0,0.0,0.0,0.0,0.0,0.0,693299000.0,680166000.0,-396078000.0,0.0,-386691000.0,-386691000.0,-386691000.0,0.0,0.0,-1.041,51516000.0,-358429000.0,0.0,0.0,2.729,-0.58,-0.58,27190000.0,0.0,2.66,0.39,0.39,84274000.0,-990281000.0,371372000.0,371372000.0,0.0,,,,,0.0,51516000.0,1.0,202031904.0,202015000.0,202015000.0,1.838,5574324000.0,0.0,2935000.0,0.0,27.594,
35,MTG,MRQ,2012-09-30,2012-09-30,2012-09-30,2021-08-05,38373000.0,6008890000.0,,,,,3.307,0.0,730404000.0,730404000.0,480977000.0,-246942000.0,,7.996,815055000.0,,,815055000.0,140137000.0,25721000.0,0.0,0.0,0.0,-225436000.0,-199715000.0,-0.652,-199715000.0,-225436000.0,-249914000.0,-1.22,-1.22,-1.22,667976000.0,,667976000.0,552000813.0,-1.0,-1.246,-318414000.0,-1.576,1.0,-174758000.0,-0.571,0.0,24478000.0,6093541000.0,,0.0,4926764000.0,,,5340914000.0,,,309108813.0,167259000.0,0.0,0.0,0.0,0.0,0.0,485673000.0,517634000.0,-318414000.0,0.0,-246942000.0,-246942000.0,-246942000.0,0.0,0.0,-0.806,50678000.0,-225436000.0,0.0,0.0,0.463,-0.457,-0.455,26891000.0,0.0,1.53,0.213,0.213,85364000.0,-603592000.0,306219000.0,306219000.0,0.0,,,,,0.0,50678000.0,1.0,202031904.0,202014000.0,202014000.0,1.516,6008890000.0,0.0,-2972000.0,0.0,29.745,
36,MTG,MRQ,2012-06-30,2012-06-30,2012-06-30,2021-08-05,-7223000.0,6318636000.0,,,,,4.293,0.0,563145000.0,563145000.0,524050000.0,-273891000.0,,6.286,806037000.0,,,806037000.0,143187000.0,26809000.0,0.0,0.0,0.0,-251870000.0,-225061000.0,-0.701,-225061000.0,-251870000.0,-276782000.0,-1.36,-1.36,-1.36,867223000.0,,867223000.0,547380212.0,-1.0,-1.411,-430493000.0,-2.131,1.0,-202960000.0,-0.632,0.0,24912000.0,6561528000.0,,0.0,5401674000.0,,,5451413000.0,,,581847212.0,-339461000.0,0.0,0.0,-53107000.0,0.0,-53107000.0,144139000.0,152016000.0,-430493000.0,0.0,-273891000.0,-273891000.0,-273891000.0,0.0,0.0,-0.853,48910000.0,-251870000.0,0.0,0.0,0.671,-0.98,-0.973,27290000.0,0.0,2.88,0.392,0.392,87032000.0,-356650000.0,321090000.0,321090000.0,0.0,,,,,0.0,48910000.0,1.0,202030282.0,202013000.0,202013000.0,1.589,6318636000.0,0.0,-2891000.0,0.0,31.278,
37,MTG,MRQ,2012-03-31,2012-03-31,2012-03-31,2021-08-05,-14711000.0,6812114000.0,,,,,5.615,0.0,902606000.0,902606000.0,322905000.0,-19555000.0,,5.02,868139000.0,,,868139000.0,147375000.0,24696000.0,0.0,0.0,0.0,6435000.0,31131000.0,0.082,31131000.0,6435000.0,-18192000.0,-0.1,-0.1,-0.1,1131552000.0,,1131552000.0,863414692.0,-2.0,-3.097,-423615000.0,-2.102,1.0,56778000.0,0.15,0.0,24627000.0,6777647000.0,,0.0,5536249000.0,,,5680562000.0,,,999276692.0,-93193000.0,0.0,0.0,0.0,0.0,0.0,330422000.0,303737000.0,-423615000.0,0.0,-19555000.0,-19555000.0,-19555000.0,0.0,0.0,-0.052,50343000.0,6435000.0,0.0,0.0,0.883,-2.118,-2.111,27590000.0,0.0,4.96,0.653,0.653,85224000.0,-82759000.0,379683000.0,379683000.0,0.0,,,,,0.0,50343000.0,1.0,201467075.0,201528000.0,201528000.0,1.884,6812114000.0,0.0,1363000.0,0.0,33.802,
38,MTG,MRQ,2011-12-31,2011-12-31,2011-12-31,2021-08-05,30124000.0,7216230000.0,,,,,5.951,0.0,995799000.0,995799000.0,470361000.0,-135294000.0,,5.03,859937000.0,,,859937000.0,154866000.0,24662000.0,0.0,0.0,0.0,-74051000.0,-49389000.0,-0.11,-49389000.0,-74051000.0,-99193000.0,-0.68,-0.68,-0.68,1196815000.0,,1196815000.0,809708799.0,-2.0,-2.734,-467850000.0,-2.326,1.0,-23371000.0,-0.052,0.0,25142000.0,7080368000.0,,0.0,5823647000.0,,,6019415000.0,,,750369799.0,129185000.0,0.0,0.0,-49543000.0,0.0,-49543000.0,646578000.0,652315000.0,-467850000.0,0.0,-135294000.0,-135294000.0,-135294000.0,0.0,0.0,-0.303,50680000.0,-74051000.0,0.0,0.0,0.627,-1.544,-1.541,28145000.0,0.0,3.73,0.499,0.498,90964000.0,-11635000.0,446990000.0,446990000.0,0.0,,,,,0.0,50680000.0,1.0,201171528.0,201127000.0,201127000.0,2.222,7216230000.0,0.0,36101000.0,0.0,35.879,
39,MTG,MRQ,2011-09-30,2011-09-30,2011-09-30,2021-08-05,89393000.0,7747303000.0,,,,,6.906,0.0,866614000.0,866614000.0,450266000.0,-165205000.0,,4.578,925953000.0,,,925953000.0,166703000.0,20897000.0,0.0,0.0,0.0,-165574000.0,-144677000.0,-0.429,-144677000.0,-165574000.0,-191335000.0,-0.82,-0.82,-0.82,1388825000.0,,1388825000.0,333527232.0,-1.0,-0.947,-438539000.0,-2.181,1.0,-113097000.0,-0.335,0.0,25761000.0,7806642000.0,,0.0,6458220000.0,,,6358478000.0,,,376144232.0,-171954000.0,0.0,0.0,-77409000.0,0.0,-77409000.0,343994000.0,344406000.0,-438539000.0,0.0,-165205000.0,-165205000.0,-165205000.0,0.0,0.0,-0.49,52477000.0,-165574000.0,0.0,0.0,0.271,-0.7,-0.68,28527000.0,0.0,1.87,0.265,0.265,90997000.0,123657000.0,337169000.0,337169000.0,0.0,,,,,0.0,52477000.0,1.0,201146648.0,201109000.0,201109000.0,1.677,7747303000.0,0.0,-26130000.0,0.0,38.523,
40,MTG,MRQ,2011-06-30,2011-06-30,2011-06-30,2021-08-05,50977000.0,8269736000.0,,,,,7.523,0.0,1038568000.0,1038568000.0,448517000.0,-151732000.0,,4.466,995951000.0,,,995951000.0,186985000.0,19709000.0,0.0,0.0,0.0,-135553000.0,-115844000.0,-0.316,-115844000.0,-135553000.0,-161879000.0,-0.75,-0.75,-0.75,1512860000.0,,1512860000.0,1128163089.0,-4.0,-4.65,-556529000.0,-2.767,1.0,-81510000.0,-0.222,0.0,26326000.0,8227119000.0,,0.0,6746449000.0,,,6756876000.0,,,1196798089.0,-73766000.0,0.0,0.0,-51769000.0,0.0,-51769000.0,534532000.0,535253000.0,-556529000.0,0.0,-151732000.0,-151732000.0,-151732000.0,0.0,0.0,-0.413,54043000.0,-135553000.0,0.0,0.0,0.791,-2.825,-2.717,28962000.0,0.0,5.95,0.818,0.818,108938000.0,288865000.0,367007000.0,367007000.0,0.0,,,,,0.0,54043000.0,1.0,201142536.0,201097000.0,201097000.0,1.825,8269736000.0,0.0,-10147000.0,0.0,41.123,
41,MTG,MRQ,2011-03-31,2011-03-31,2011-03-31,2021-08-05,-2551000.0,8847972000.0,,,,,8.012,0.0,1112334000.0,1112334000.0,301413000.0,-33661000.0,,4.501,1043699000.0,,,1043699000.0,200661000.0,19560000.0,0.0,0.0,0.0,-5850000.0,13710000.0,0.039,13710000.0,-5850000.0,-31892000.0,-0.17,-0.17,-0.17,1608307000.0,,1608307000.0,1520715635.0,-11.0,-22.127,-420933000.0,-2.097,1.0,51700000.0,0.146,0.0,26042000.0,8779337000.0,,0.0,7203418000.0,,,7239665000.0,,,1787914635.0,-191820000.0,0.0,0.0,0.0,0.0,0.0,229113000.0,224471000.0,-420933000.0,0.0,-33661000.0,-33661000.0,-33661000.0,0.0,0.0,-0.095,57550000.0,-5850000.0,0.0,0.0,1.112,-7.23,-6.838,28883000.0,0.0,8.89,1.19,1.187,116421000.0,440596000.0,353113000.0,353113000.0,0.0,,,,,0.0,57550000.0,1.0,201115257.0,200744000.0,200744000.0,1.759,8847972000.0,0.0,1769000.0,0.0,44.076,
42,MTG,MRQ,2010-12-31,2010-12-31,2010-12-31,2021-08-05,22136000.0,9333642000.0,,,,,8.331,0.0,1304154000.0,1304154000.0,430100000.0,-186667000.0,,4.592,1036955000.0,,,1036955000.0,215157000.0,17313000.0,0.0,0.0,0.0,-122566000.0,-105253000.0,-0.291,-105253000.0,-122566000.0,-148336000.0,-1.01,-1.01,-1.01,1669055000.0,,1669055000.0,907978302.0,-3.0,-4.542,-422022000.0,-2.107,1.0,-69025000.0,-0.191,0.0,25770000.0,9066443000.0,,0.0,7458282000.0,,,7664587000.0,,,2042581302.0,-861947000.0,83500000.0,0.0,-1000000.0,0.0,-1000000.0,-438925000.0,-510135000.0,-422022000.0,0.0,-186667000.0,-186667000.0,-186667000.0,0.0,0.0,-0.517,53541000.0,-122566000.0,0.0,0.0,1.224,-5.616,-4.947,28638000.0,0.0,10.19,1.343,1.182,113727000.0,525562000.0,361075000.0,361075000.0,0.0,,,,,0.0,53541000.0,1.0,200449588.0,200337000.0,200337000.0,1.802,9333642000.0,0.0,38331000.0,0.0,46.59,
43,MTG,MRQ,2010-09-30,2010-09-30,2010-09-30,2021-08-05,153228000.0,9986763000.0,,,,,9.913,0.0,2166101000.0,2166101000.0,375691000.0,-51528000.0,,4.035,1031498000.0,,,1031498000.0,234178000.0,15744000.0,0.0,0.0,0.0,-50972000.0,-35228000.0,-0.092,-35228000.0,-50972000.0,-77674000.0,-0.26,-0.26,-0.26,1983445000.0,,1983445000.0,479924697.0,-1.0,-0.802,-269617000.0,-1.348,1.0,6634000.0,0.017,0.0,26702000.0,8852160000.0,,0.0,7123031000.0,,,8003318000.0,,,1850149697.0,-229467000.0,0.0,76000.0,-77000.0,0.0,-1000.0,40151000.0,70250000.0,-269617000.0,0.0,-51528000.0,-51528000.0,-51528000.0,0.0,0.0,-0.135,57606000.0,-50972000.0,0.0,0.0,0.933,-4.047,-2.578,28046000.0,0.0,9.23,1.182,1.18,90237000.0,712230000.0,382325000.0,382325000.0,0.0,,,,,0.0,57606000.0,1.0,200449588.0,200077000.0,200077000.0,1.911,9986763000.0,0.0,-26146000.0,0.0,49.915,
44,MTG,MRQ,2010-06-30,2010-06-30,2010-06-30,2021-08-05,94329000.0,10185090000.0,,,,,10.83,0.0,2395568000.0,2395568000.0,309458000.0,24551000.0,,4.163,1025343000.0,,,1025343000.0,249438000.0,15198000.0,0.0,0.0,0.0,42847000.0,58045000.0,0.143,58045000.0,42847000.0,17748000.0,0.14,0.13,0.14,1972733000.0,,1972733000.0,1237422916.0,-1.0,-1.08,13258000.0,0.073,1.0,96897000.0,0.238,0.0,25099000.0,8814865000.0,,0.0,7086303000.0,,,8212357000.0,,,1381068916.0,1577445000.0,0.0,772300000.0,334450000.0,0.0,1106750000.0,457437000.0,428362000.0,13258000.0,0.0,24551000.0,24551000.0,24551000.0,0.0,0.0,0.06,54050000.0,42847000.0,0.0,0.0,0.7,-1.496,-0.92,27932000.0,0.0,6.89,0.865,0.786,94907000.0,763760000.0,406355000.0,406355000.0,0.0,,,,,0.0,54050000.0,1.0,200445416.0,182156000.0,182156000.0,2.231,10185090000.0,0.0,-6803000.0,0.0,55.914,
45,MTG,MRQ,2010-03-31,2010-03-31,2010-03-31,2021-08-05,79945000.0,9250417000.0,,,,,9.272,0.0,818123000.0,818123000.0,440945000.0,-150091000.0,,6.989,674477000.0,,,674477000.0,265052000.0,12627000.0,0.0,0.0,0.0,-130120000.0,-117493000.0,-0.317,-117493000.0,-130120000.0,-151138000.0,-1.2,-1.2,-1.2,1157954000.0,,1157954000.0,860576506.0,-1.0,-0.572,-197049000.0,-1.578,1.0,-70175000.0,-0.189,0.0,21018000.0,9106771000.0,,0.0,7470237000.0,,,8092463000.0,,,1377432506.0,-367616000.0,0.0,0.0,0.0,0.0,0.0,-170567000.0,-186156000.0,-197049000.0,0.0,-150091000.0,-150091000.0,-150091000.0,0.0,0.0,-0.405,59945000.0,-130120000.0,0.0,0.0,1.19,-1.07,-1.058,28745000.0,0.0,10.97,0.838,0.833,90091000.0,739208000.0,370770000.0,370770000.0,0.0,,,,,0.0,59945000.0,1.0,125563583.0,124889000.0,124889000.0,2.969,9250417000.0,266905000.0,-1047000.0,0.0,74.069,
46,MTG,MRQ,2009-12-31,2009-12-31,2009-12-31,2021-08-05,74155000.0,9404419000.0,,,,,10.48,0.0,1185739000.0,1185739000.0,866260000.0,-280114000.0,,6.22,668883000.0,,,668883000.0,280738000.0,12973000.0,0.0,0.0,0.0,-516946000.0,-503973000.0,-1.243,-503973000.0,-516946000.0,-537770000.0,-2.26,-2.26,-2.26,1302581000.0,,1302581000.0,524568502.0,0.0,-0.325,-87245000.0,-0.702,1.0,-460737000.0,-1.136,0.0,20824000.0,8887563000.0,,0.0,7254465000.0,,,8101838000.0,,,723088502.0,316017000.0,0.0,0.0,-6693000.0,0.0,-6693000.0,409955000.0,496179000.0,-87245000.0,0.0,-280114000.0,-280114000.0,-280114000.0,0.0,0.0,-0.691,56209000.0,-516946000.0,0.0,0.0,0.555,-0.547,-0.543,29556000.0,0.0,5.78,0.423,0.42,102990000.0,924707000.0,405523000.0,405523000.0,0.0,,,,,0.0,56209000.0,1.0,125101817.0,124296000.0,124296000.0,3.263,9404419000.0,275187000.0,-257656000.0,0.0,75.661,
47,MTG,MRQ,2009-09-30,2009-09-30,2009-09-30,2021-08-05,144545000.0,9480991000.0,,,,,13.268,0.0,869722000.0,869722000.0,951697000.0,-517768000.0,,4.749,671202000.0,,,671202000.0,299591000.0,15175000.0,0.0,0.0,0.0,-597493000.0,-582318000.0,-1.409,-582318000.0,-597493000.0,-618079000.0,-4.17,-4.17,-4.17,1649101000.0,,1649101000.0,627247819.0,0.0,-0.411,-12862000.0,-0.103,1.0,-538360000.0,-1.302,0.0,20586000.0,9282471000.0,,0.0,7854791000.0,,,7831890000.0,,,927003819.0,-138468000.0,0.0,0.0,-35899000.0,0.0,-35899000.0,-89707000.0,-125174000.0,-12862000.0,0.0,-517768000.0,-517768000.0,-517768000.0,0.0,0.0,-1.253,59133000.0,-597493000.0,0.0,0.0,0.562,-0.703,-0.689,29425000.0,0.0,7.41,0.541,0.537,99094000.0,1204824000.0,413337000.0,413337000.0,0.0,,,,,0.0,59133000.0,1.0,125101730.0,124296000.0,124296000.0,3.325,9480991000.0,0.0,-100311000.0,13873000.0,76.278,
48,MTG,MRQ,2009-06-30,2009-06-30,2009-06-30,2021-08-05,-1459000.0,9222029000.0,,,,,16.234,0.0,1008190000.0,1008190000.0,707245000.0,-339835000.0,,3.572,708434000.0,,,708434000.0,313084000.0,14851000.0,0.0,0.006,0.0,-314484000.0,-299633000.0,-0.659,-299633000.0,-314484000.0,-338414000.0,-2.74,-2.74,-2.74,2017009000.0,,2017009000.0,281930437.0,0.0,-0.252,397000.0,0.003,1.0,-252763000.0,-0.556,0.0,23930000.0,8922273000.0,,0.0,7478278000.0,,,7205020000.0,,,550413437.0,-204507000.0,0.0,0.0,-232338000.0,0.0,-232338000.0,27434000.0,-9946000.0,397000.0,0.0,-339835000.0,-339835000.0,-339835000.0,0.0,0.0,-0.748,61721000.0,-314484000.0,0.0,0.0,0.273,-0.601,-0.586,30146000.0,0.0,4.4,0.312,0.31,99691000.0,1722593000.0,454482000.0,454482000.0,0.0,,,,,0.0,61721000.0,1.0,125093963.0,124244000.0,124244000.0,3.658,9222029000.0,0.0,1421000.0,28177000.0,74.225,
49,MTG,MRQ,2009-03-31,2009-03-31,2009-03-31,2021-08-05,-30328000.0,9332684000.0,,,,,18.748,0.0,1212697000.0,1212697000.0,593092000.0,-184560000.0,,3.015,944214000.0,,,944214000.0,327212000.0,17350000.0,0.0,0.039,0.0,-246864000.0,-229514000.0,-0.527,-229514000.0,-246864000.0,-270790000.0,-1.49,-1.49,-1.49,2324674000.0,,2324674000.0,154136126.0,0.0,-0.159,429664000.0,3.465,1.0,-157908000.0,-0.363,0.0,23926000.0,9064201000.0,,0.0,7425438000.0,,,7008010000.0,,,177431126.0,115363000.0,0.0,0.0,-19422000.0,0.0,-19422000.0,-294879000.0,-290366000.0,429664000.0,0.0,-184560000.0,-184560000.0,-184560000.0,0.0,0.0,-0.424,88956000.0,-246864000.0,0.0,0.0,0.076,-0.263,-0.254,31065000.0,0.0,1.42,0.102,0.102,101070000.0,2062133000.0,435184000.0,435184000.0,0.0,,,,,0.0,62549000.0,1.0,124951497.0,123999000.0,123999000.0,3.51,9332684000.0,0.0,-86230000.0,20450000.0,75.264,
50,MTG,MRQ,2008-12-31,2008-12-31,2008-12-31,2021-08-05,-106789000.0,9146734000.0,,,,,19.646,0.0,1097334000.0,1097334000.0,773852000.0,-275588000.0,,2.758,970911000.0,,,970911000.0,336098000.0,10630000.0,0.0,0.023,0.0,-426845000.0,-416215000.0,-1.011,-416215000.0,-426845000.0,-450534000.0,-2.35,-2.35,-2.35,2434233000.0,,2434233000.0,420377255.0,0.0,-0.52,471939000.0,3.809,1.0,-362366000.0,-0.881,0.0,23689000.0,9020311000.0,,0.0,7045536000.0,,,6712501000.0,,,435238255.0,9300000.0,0.0,0.0,0.0,0.0,0.0,-462639000.0,-362047000.0,471939000.0,0.0,-275588000.0,-275588000.0,-275588000.0,0.0,0.0,-0.67,64479000.0,-426845000.0,0.0,0.0,0.179,-0.828,-0.755,32255000.0,0.0,3.48,0.253,0.23,102017000.0,2247234000.0,411486000.0,411486000.0,0.0,,,,,0.0,63668000.0,1.0,125068464.0,123907000.0,123907000.0,3.321,9146734000.0,370473000.0,-174946000.0,0.0,73.819,
51,MTG,MRQ,2008-09-30,2008-09-30,2008-09-30,2021-08-05,-115292000.0,8953125000.0,,,,,21.227,0.0,1088034000.0,1088034000.0,584032000.0,-115385000.0,,2.406,1073173000.0,,,1073173000.0,336084000.0,8324000.0,0.0,0.015,0.025,-182079000.0,-173755000.0,-0.376,-173755000.0,-182079000.0,-205445000.0,-0.93,-0.93,-0.93,2628626000.0,,2628626000.0,990834302.0,0.0,-0.375,36138000.0,0.292,1.0,-122400000.0,-0.265,0.0,23366000.0,8938264000.0,,0.0,6650327000.0,,,6324499000.0,,,879231302.0,27371000.0,122666000.0,0.0,-100104000.0,-3146000.0,-103250000.0,94483000.0,-145826000.0,36138000.0,0.0,-115385000.0,-115385000.0,-115385000.0,0.0,0.0,-0.25,63031000.0,-185431000.0,0.0,-0.027,0.334,-0.512,-0.348,32417000.0,0.0,7.03,0.514,0.509,108258000.0,2527023000.0,461632000.0,461632000.0,0.0,,,,,0.0,62424000.0,1.0,125068464.0,123834000.0,123834000.0,3.728,8953125000.0,414303000.0,-90060000.0,0.0,72.299,
52,MTG,MRQ,2008-06-30,2008-06-30,2008-06-30,2021-08-05,10927000.0,8770584000.0,,,,,23.147,0.0,1060663000.0,1060663000.0,529245000.0,-99885000.0,,2.06,1172266000.0,,,1172266000.0,320385000.0,9956000.0,0.0,0.054,0.03,-162154000.0,-152198000.0,-0.359,-152198000.0,-162154000.0,-185100000.0,-0.81,-0.81,-0.81,2866398000.0,,2866398000.0,830886431.0,0.0,-0.288,595955000.0,4.813,1.0,-104712000.0,-0.247,0.0,22946000.0,8882187000.0,,0.0,6865940000.0,,,5904186000.0,,,764141431.0,-26580000.0,27312000.0,-1210000.0,23533000.0,-2965000.0,19358000.0,-641893000.0,-613279000.0,595955000.0,0.0,-99885000.0,-99885000.0,-99885000.0,0.0,0.0,-0.235,68599000.0,-173311000.0,0.0,-0.037,0.267,-0.387,-0.256,33067000.0,0.0,6.11,0.424,0.42,116758000.0,2643443000.0,424533000.0,424533000.0,0.0,,,,,0.0,68236000.0,1.0,125064064.0,123834000.0,123834000.0,3.428,8770584000.0,256940000.0,-85215000.0,0.0,70.825,
53,MTG,MRQ,2008-03-31,2008-03-31,2008-03-31,2021-08-05,39217000.0,8668397000.0,,,,,35.503,0.0,1087243000.0,1087243000.0,427867000.0,-34497000.0,,1.902,1153988000.0,,,1153988000.0,296067000.0,4778000.0,0.0,0.052,0.025,-71001000.0,-66223000.0,-0.156,-66223000.0,-71001000.0,-82074000.0,-0.41,-0.41,-0.41,2986723000.0,,2986723000.0,1369148004.0,-1.0,-0.52,260876000.0,3.101,1.0,-3992000.0,-0.009,0.0,11073000.0,8735142000.0,,0.0,6345214000.0,,,5681674000.0,,,859831004.0,798310000.0,-208000.0,460927000.0,353770000.0,-2048000.0,812649000.0,-275215000.0,-333429000.0,260876000.0,0.0,-34497000.0,-34497000.0,-34497000.0,0.0,0.0,-0.081,76986000.0,-80978000.0,0.0,-0.061,0.288,-0.479,-0.476,33772000.0,0.0,10.53,0.492,0.507,111374000.0,2745802000.0,423875000.0,423875000.0,0.0,,,,,0.0,76986000.0,1.0,81655366.0,84127000.0,84127000.0,5.039,8668397000.0,694110000.0,-47577000.0,0.0,103.039,
54,MTG,MRQ,2007-12-31,2007-12-31,2007-12-31,2021-08-05,70675000.0,7716361000.0,,,,,32.134,0.0,288933000.0,288933000.0,2557006000.0,-1466627000.0,,1.974,798250000.0,,,798250000.0,272233000.0,3894000.0,0.0,0.035,0.025,-2255478000.0,-2251584000.0,-5.642,-2251584000.0,-2255478000.0,-2266985000.0,-18.04,-18.04,-18.04,2594343000.0,,2594343000.0,2220012697.0,-1.0,-0.911,377886000.0,4.681,1.0,-2157921000.0,-5.407,0.0,11507000.0,8225678000.0,,0.0,6039927000.0,,,5122018000.0,,,1834623697.0,-128869000.0,195000.0,0.0,-5000000.0,-1778000.0,-6778000.0,-499977000.0,-478197000.0,377886000.0,0.0,-1466627000.0,-1466627000.0,-1466627000.0,0.0,0.0,-3.675,72883000.0,-2230804000.0,0.0,-0.001,0.707,-1.099,-1.092,34603000.0,0.0,22.43,1.084,1.077,116048000.0,4350316000.0,399085000.0,399085000.0,0.0,,,,,0.0,72883000.0,1.0,81793299.0,80736000.0,80736000.0,4.943,7716361000.0,865665000.0,-800358000.0,0.0,95.575,
55,MTG,MRQ,2007-09-30,2007-09-30,2007-09-30,2021-08-05,44291000.0,6838389000.0,,,,,49.913,0.0,417802000.0,417802000.0,602274000.0,-372469000.0,,0.696,803191000.0,,,803191000.0,227660000.0,11086000.0,0.0,0.031,0.25,-423778000.0,-412692000.0,-0.743,-412692000.0,-423778000.0,-434704000.0,-4.61,-4.61,-4.61,4032288000.0,,4032288000.0,3106512578.0,-58.0,-110.548,21224000.0,0.263,1.0,-46834000.0,-0.084,0.0,10926000.0,7223778000.0,,0.0,5605331000.0,,,2806101000.0,,,2643297578.0,234415000.0,190618000.0,-7738000.0,155300000.0,-20495000.0,-45646000.0,258837000.0,32684000.0,21224000.0,0.0,-372469000.0,-372469000.0,-372469000.0,0.0,0.0,-0.671,86325000.0,-133159000.0,0.0,-0.054,0.656,-32.266,-30.771,34380000.0,0.0,32.31,1.591,1.571,111424000.0,5818720000.0,555440000.0,555440000.0,0.0,,,,,0.0,86325000.0,1.0,81810510.0,80786000.0,80786000.0,6.875,6838389000.0,361051000.0,-62235000.0,0.0,84.648,
56,MTG,MRQ,2007-06-30,2007-06-30,2007-06-30,2021-08-05,11075000.0,6798907000.0,,,,,53.452,0.0,183387000.0,183387000.0,235226000.0,76715000.0,,0.545,646602000.0,,,646602000.0,208247000.0,5007000.0,0.0,0.018,0.25,90382000.0,95389000.0,0.258,95389000.0,90382000.0,81788000.0,0.94,0.93,0.94,4399572000.0,,4399572000.0,5076041547.0,9.0,9.084,53873000.0,0.655,1.0,133813000.0,0.363,0.0,8594000.0,7262122000.0,,0.0,6070771000.0,,,2399335000.0,,,4723198547.0,-71656000.0,-3706000.0,-67536000.0,37214000.0,-20786000.0,63435000.0,-188964000.0,-166349000.0,53873000.0,0.0,76715000.0,76715000.0,76715000.0,0.0,0.0,0.208,75330000.0,58483000.0,0.0,0.266,1.074,11.232,11.105,33309000.0,0.0,56.86,3.201,3.172,101609000.0,6211684000.0,369039000.0,369039000.0,0.0,,,,,0.0,75330000.0,1.0,83067157.0,82309000.0,82309000.0,4.484,6798907000.0,83649000.0,5073000.0,0.0,82.602,
57,MTG,MRQ,2007-03-31,2007-03-31,2007-03-31,2021-08-05,61121000.0,6647690000.0,,,,,54.101,0.0,255043000.0,255043000.0,181758000.0,92363000.0,,0.492,607886000.0,,,607886000.0,194175000.0,4708000.0,0.0,0.017,0.25,126865000.0,131573000.0,0.356,131573000.0,126865000.0,115906000.0,1.13,1.12,1.13,4455416000.0,,4455416000.0,5380196468.0,8.0,8.124,178988000.0,2.173,1.0,187884000.0,0.508,0.0,10959000.0,7000533000.0,,0.0,5949961000.0,,,2192274000.0,,,4892657468.0,-38695000.0,-210000.0,3197000.0,-174624000.0,-20760000.0,-134017000.0,-83666000.0,-87543000.0,178988000.0,0.0,92363000.0,92363000.0,92363000.0,0.0,0.0,0.25,75072000.0,112812000.0,0.0,0.221,1.098,9.911,9.936,32126000.0,0.0,58.92,3.329,3.301,96992000.0,6155755000.0,369642000.0,369642000.0,0.0,,,,,0.0,75072000.0,1.0,83038993.0,82354000.0,82354000.0,4.488,6647690000.0,19012000.0,23543000.0,0.0,80.721,
58,MTG,MRQ,2006-12-31,2006-12-31,2006-12-31,2021-08-05,65789000.0,6621671000.0,,,,,53.67,0.0,293738000.0,293738000.0,187286000.0,121469000.0,,0.541,781277000.0,,,781277000.0,189661000.0,5098000.0,0.0,0.016,0.25,152531000.0,157629000.0,0.429,157629000.0,152531000.0,141190000.0,1.49,1.48,1.49,4295877000.0,,4295877000.0,5716587482.0,8.0,7.557,101611000.0,1.269,1.0,179950000.0,0.49,0.0,11341000.0,7109210000.0,,0.0,5908306000.0,,,2325794000.0,,,5191866482.0,36324000.0,-7396000.0,-12571000.0,-2067000.0,-20754000.0,-34776000.0,-30511000.0,-9813000.0,101611000.0,0.0,121469000.0,121469000.0,121469000.0,0.0,0.0,0.331,74397000.0,105553000.0,0.0,0.168,1.209,9.193,9.334,32603000.0,0.0,62.54,3.534,3.59,97691000.0,5998631000.0,367236000.0,367236000.0,0.0,,,,,0.0,74397000.0,1.0,83016733.0,80042000.0,82514000.0,4.588,6621671000.0,0.0,19721000.0,34480000.0,82.727,
59,MTG,MRQ,2006-09-30,2006-09-30,2006-09-30,2021-08-05,85399000.0,6515185000.0,,,,,50.38,0.0,257414000.0,257414000.0,164997000.0,129978000.0,,0.544,782135000.0,,,782135000.0,181490000.0,4631000.0,0.0,0.015,0.25,169558000.0,174189000.0,0.472,174189000.0,169558000.0,159709000.0,1.56,1.55,1.56,4220094000.0,,4220094000.0,5589802443.0,7.0,7.253,123648000.0,1.476,1.0,204400000.0,0.553,0.0,9849000.0,7039906000.0,,0.0,5842002000.0,,,2295091000.0,,,5065140443.0,150972000.0,-67049000.0,-158791000.0,148839000.0,-21025000.0,-30977000.0,58301000.0,130121000.0,123648000.0,0.0,129978000.0,129978000.0,129978000.0,0.0,0.0,0.352,70704000.0,133696000.0,0.0,0.16,1.2,8.865,8.991,32195000.0,0.0,59.97,3.439,3.411,93833000.0,5897917000.0,369397000.0,369397000.0,0.0,,,,,0.0,70704000.0,1.0,84461238.0,83766000.0,83766000.0,4.41,6515185000.0,0.0,29731000.0,42148000.0,77.778,
60,MTG,MRQ,2006-06-30,2006-06-30,2006-06-30,2021-08-05,13259000.0,6303262000.0,,,,,48.574,0.0,106442000.0,106442000.0,146467000.0,149839000.0,,0.504,631104000.0,,,631104000.0,172277000.0,5734000.0,0.0,0.012,0.25,193161000.0,198895000.0,0.547,198895000.0,193161000.0,184318000.0,1.75,1.74,1.75,4189943000.0,,4189943000.0,6074228875.0,8.0,7.664,78519000.0,0.91,1.0,217037000.0,0.597,0.0,8843000.0,6827924000.0,,0.0,5799195000.0,,,2113319000.0,,,5683149875.0,-100153000.0,-519000.0,-109763000.0,31861000.0,-21762000.0,-98207000.0,-80465000.0,-90786000.0,78519000.0,0.0,149839000.0,149839000.0,149839000.0,0.0,0.0,0.412,71492000.0,145545000.0,0.0,0.143,1.356,9.735,9.745,32261000.0,0.0,65.0,3.842,3.79,94514000.0,5788965000.0,363504000.0,363504000.0,0.0,,,,,0.0,71492000.0,1.0,87433075.0,86259000.0,86259000.0,4.214,6303262000.0,0.0,34479000.0,41531000.0,73.074,
61,MTG,MRQ,2006-03-31,2006-03-31,2006-03-31,2021-08-05,45975000.0,6324218000.0,,,,,48.099,0.0,206595000.0,206595000.0,114885000.0,163453000.0,,0.507,597674000.0,,,597674000.0,160130000.0,6854000.0,0.0,0.011,0.25,218934000.0,225788000.0,0.612,225788000.0,218934000.0,209619000.0,1.89,1.87,1.89,4195526000.0,,4195526000.0,6510059404.0,8.0,7.818,192019000.0,2.201,1.0,254147000.0,0.689,0.0,9315000.0,6715297000.0,,0.0,5709287000.0,,,2128692000.0,,,5829512404.0,11339000.0,-984000.0,-84727000.0,-89583000.0,-21954000.0,-193398000.0,12718000.0,4588000.0,192019000.0,0.0,163453000.0,163453000.0,163453000.0,0.0,0.0,0.443,74265000.0,179882000.0,0.0,0.132,1.389,9.583,9.799,32579000.0,0.0,66.63,3.859,3.847,101894000.0,5660887000.0,369032000.0,369032000.0,0.0,,,,,0.0,74265000.0,1.0,87490806.0,87227000.0,87227000.0,4.231,6324218000.0,0.0,46166000.0,114878000.0,72.503,
62,MTG,MRQ,2005-12-31,2005-12-31,2005-12-31,2021-08-05,77499000.0,6357569000.0,,,,,48.286,0.0,195256000.0,195256000.0,171552000.0,128121000.0,,0.526,685163000.0,,,685163000.0,159823000.0,5396000.0,0.0,0.008,0.15,166435000.0,171831000.0,0.463,171831000.0,166435000.0,156662000.0,1.47,1.45,1.47,4165055000.0,,4165055000.0,6569882198.0,8.0,7.605,95416000.0,1.106,1.0,199374000.0,0.538,0.0,9773000.0,6847476000.0,,0.0,5777208000.0,,,2192514000.0,,,5971890198.0,-146260000.0,-980000.0,-190348000.0,83649000.0,-13311000.0,-120010000.0,-121666000.0,-120735000.0,95416000.0,0.0,128121000.0,128121000.0,128121000.0,0.0,0.0,0.345,69767000.0,129607000.0,0.0,0.102,1.434,9.526,9.637,32666000.0,0.0,65.82,3.912,3.958,101155000.0,5519389000.0,370926000.0,370926000.0,0.0,,,,,0.0,69767000.0,1.0,90730632.0,86258000.0,88882000.0,4.3,6357569000.0,0.0,28541000.0,62006000.0,73.704,
63,MTG,MRQ,2005-09-30,2005-09-30,2005-09-30,2021-08-05,87200000.0,6349968000.0,,,,,46.264,0.0,1814000.0,1814000.0,146197000.0,142382000.0,,0.495,599806000.0,,,599806000.0,146462000.0,4409000.0,0.0,0.007,0.15,191592000.0,196001000.0,0.522,196001000.0,191592000.0,181508000.0,1.56,1.55,1.56,4246894000.0,,4246894000.0,6568024264.0,8.0,7.484,185739000.0,2.023,1.0,229546000.0,0.611,0.0,10084000.0,6947960000.0,,0.0,5968995000.0,,,2103074000.0,,,5973409264.0,-3593000.0,10762000.0,-67851000.0,-983000.0,-13849000.0,-82683000.0,-106649000.0,-117411000.0,185739000.0,0.0,142382000.0,142382000.0,142382000.0,0.0,0.0,0.379,69695000.0,159851000.0,0.0,0.096,1.407,9.433,9.511,32717000.0,0.0,64.2,3.832,3.781,103632000.0,5404576000.0,375743000.0,375743000.0,0.0,,,,,0.0,69695000.0,1.0,93043758.0,91796000.0,91796000.0,4.093,6349968000.0,0.0,39126000.0,81692000.0,69.175,
64,MTG,MRQ,2005-06-30,2005-06-30,2005-06-30,2021-08-05,128896000.0,6337113000.0,,,,,45.309,0.0,5235000.0,5235000.0,136915000.0,174357000.0,,0.501,599850000.0,,,599850000.0,138589000.0,4653000.0,0.0,0.006,0.15,234474000.0,239127000.0,0.605,239127000.0,234474000.0,223962000.0,1.88,1.87,1.88,4221953000.0,,4221953000.0,6808261367.0,8.0,7.837,-9214000.0,-0.099,1.0,258038000.0,0.653,0.0,10512000.0,6931728000.0,,0.0,5960169000.0,,,2115160000.0,,,6155077367.0,158013000.0,-5298000.0,-202841000.0,-57048000.0,-14078000.0,-273967000.0,441194000.0,446492000.0,-9214000.0,0.0,174357000.0,174357000.0,174357000.0,0.0,0.0,0.441,68059000.0,189979000.0,0.0,0.08,1.458,9.849,9.942,33334000.0,0.0,65.22,3.911,3.861,103525000.0,5276044000.0,394953000.0,394953000.0,0.0,,,,,0.0,68059000.0,1.0,94374078.0,93182000.0,93182000.0,4.239,6337113000.0,0.0,49605000.0,112649000.0,68.008,
65,MTG,MRQ,2005-03-31,2005-03-31,2005-03-31,2021-08-05,66691000.0,6444478000.0,,,,,43.824,0.0,2031000.0,2031000.0,98866000.0,182013000.0,,0.535,655215000.0,,,655215000.0,139101000.0,4519000.0,0.0,0.004,0.075,252395000.0,256914000.0,0.667,256914000.0,252395000.0,241673000.0,1.91,1.9,1.91,4197681000.0,,4197681000.0,6523729506.0,8.0,7.701,236364000.0,2.468,1.0,286042000.0,0.743,0.0,10722000.0,7097662000.0,,0.0,6073745000.0,,,2246797000.0,,,5887255506.0,20628000.0,-1760000.0,-67294000.0,14947000.0,-7201000.0,-59548000.0,-156188000.0,-154428000.0,236364000.0,0.0,182013000.0,182013000.0,182013000.0,0.0,0.0,0.473,67895000.0,218147000.0,0.0,0.039,1.403,9.729,9.867,33954000.0,0.0,61.67,3.721,3.733,93829000.0,5115763000.0,384908000.0,384908000.0,0.0,,,,,0.0,67895000.0,1.0,95463848.0,95784000.0,95784000.0,4.018,6444478000.0,0.0,59660000.0,154575000.0,67.281,
66,MTG,MRQ,2004-12-31,2004-12-31,2004-12-31,2021-08-05,123383000.0,6380691000.0,,,,,42.815,0.0,2829000.0,2829000.0,186447000.0,134520000.0,,0.54,639303000.0,,,639303000.0,143433000.0,5517000.0,0.0,0.003,0.08,180029000.0,185546000.0,0.46,185546000.0,180029000.0,169658000.0,1.4,1.38,1.4,4143639000.0,,4143639000.0,7265978864.0,10.0,9.372,93379000.0,0.965,1.0,216624000.0,0.537,0.0,10371000.0,7017165000.0,,0.0,5996936000.0,,,2237052000.0,,,6669072864.0,-109489000.0,-3679000.0,-108980000.0,38863000.0,-7259000.0,-77376000.0,-125492000.0,-121813000.0,93379000.0,0.0,134520000.0,134520000.0,134520000.0,0.0,0.0,0.334,69967000.0,146657000.0,0.0,0.057,1.609,12.056,12.153,36382000.0,0.0,68.91,4.135,4.135,102232000.0,4940955000.0,403071000.0,403071000.0,0.0,,,,,0.0,69967000.0,1.0,96779464.0,96779464.0,,4.165,6380691000.0,0.0,35138000.0,109741000.0,65.93,
67,MTG,MRQ,2004-09-30,2004-09-30,2004-09-30,2021-08-05,125313000.0,6299344000.0,,,,,41.936,0.0,2820000.0,2820000.0,169802000.0,134069000.0,,0.527,599726000.0,,,599726000.0,139903000.0,5152000.0,0.0,0.003,0.08,182028000.0,187180000.0,0.479,187180000.0,182028000.0,171718000.0,1.37,1.36,1.37,4125887000.0,,4125887000.0,7150790124.0,10.0,9.765,147112000.0,1.495,1.0,221232000.0,0.566,0.0,10310000.0,6896250000.0,,0.0,5937794000.0,,,2173457000.0,,,6556397124.0,76272000.0,-2144000.0,-44001000.0,-484000.0,-7380000.0,-51865000.0,-18975000.0,-16831000.0,147112000.0,0.0,134069000.0,134069000.0,134069000.0,0.0,0.0,0.343,68782000.0,152450000.0,0.0,0.058,1.589,12.547,12.509,35742000.0,0.0,66.55,4.03,4.024,101586000.0,4815041000.0,391034000.0,391034000.0,0.0,,,,,0.0,68782000.0,1.0,98518364.0,98386000.0,98386000.0,3.974,6299344000.0,0.0,37649000.0,106144000.0,64.027,
68,MTG,MRQ,2004-06-30,2004-06-30,2004-06-30,2021-08-05,38498000.0,6054993000.0,,,,,40.022,0.0,5375000.0,5375000.0,154073000.0,154524000.0,,0.524,599768000.0,,,599768000.0,143100000.0,6335000.0,0.0,0.002,0.04,211156000.0,217491000.0,0.539,217491000.0,211156000.0,200954000.0,1.57,1.56,1.57,3972788000.0,,3972788000.0,8091089012.0,12.0,11.668,74274000.0,0.748,1.0,249076000.0,0.618,0.0,10202000.0,6649386000.0,,0.0,5670983000.0,,,2082205000.0,,,7494281012.0,17991000.0,-2229000.0,-10777000.0,-783000.0,-3697000.0,-15257000.0,-41026000.0,-38797000.0,74274000.0,0.0,154524000.0,154524000.0,154524000.0,0.0,0.0,0.383,72723000.0,176353000.0,0.0,0.025,1.886,15.183,15.112,35867000.0,0.0,75.86,4.505,4.527,109395000.0,4688352000.0,403149000.0,403149000.0,0.0,,,,,0.0,72723000.0,1.0,98790944.0,99264000.0,99264000.0,4.061,6054993000.0,0.0,46430000.0,48131000.0,60.999,
69,MTG,MRQ,2004-03-31,2004-03-31,2004-03-31,2021-08-05,149050000.0,6159387000.0,,,,,39.756,0.0,3408000.0,3408000.0,190677000.0,130073000.0,,0.562,600216000.0,,,600216000.0,155443000.0,4627000.0,0.0,0.002,0.037,180452000.0,185079000.0,0.446,185079000.0,180452000.0,170204000.0,1.32,1.31,1.32,3942749000.0,,3942749000.0,6914460776.0,10.0,10.163,244395000.0,2.464,1.0,224762000.0,0.541,0.0,10248000.0,6756195000.0,,0.0,5775679000.0,,,2216638000.0,,,6338392776.0,20348000.0,-4085000.0,-9243000.0,208000.0,-3696000.0,-12731000.0,-211316000.0,-207231000.0,244395000.0,0.0,130073000.0,130073000.0,130073000.0,0.0,0.0,0.313,67314000.0,157448000.0,0.0,0.028,1.608,13.127,13.081,35881000.0,0.0,64.23,3.745,3.764,111947000.0,4537525000.0,415439000.0,415439000.0,0.0,,,,,0.0,67314000.0,1.0,98682746.0,99174000.0,99174000.0,4.189,6159387000.0,0.0,40131000.0,183778000.0,62.107,
70,MTG,MRQ,2003-12-31,2003-12-31,2003-12-31,2021-08-05,140651000.0,5917387000.0,,,,,38.567,0.0,23612000.0,23612000.0,229971000.0,103863000.0,,0.558,599680000.0,,,599680000.0,168137000.0,5404000.0,0.0,0.002,0.04,137163000.0,142567000.0,0.342,142567000.0,137163000.0,126942000.0,1.06,1.05,1.06,3796902000.0,,3796902000.0,6201297707.0,9.0,8.831,150920000.0,1.533,1.0,187476000.0,0.449,0.0,10221000.0,6493455000.0,,0.0,5513374000.0,,,2120485000.0,,,5605648707.0,-61270000.0,-3372000.0,-4918000.0,-5336000.0,-3691000.0,-13945000.0,-198245000.0,-194873000.0,150920000.0,0.0,103863000.0,103863000.0,103863000.0,0.0,0.0,0.249,72169000.0,115307000.0,0.0,0.038,1.476,11.35,11.388,36722000.0,0.0,56.94,3.326,3.326,129818000.0,4411148000.0,417447000.0,417447000.0,0.0,,,,,0.0,72169000.0,1.0,98448344.0,98448344.0,,4.24,5917387000.0,0.0,23079000.0,118126000.0,60.107,
71,MTG,MRQ,2003-09-30,2003-09-30,2003-09-30,2021-08-05,138049000.0,5741412000.0,,,,,37.43,0.0,9068000.0,9068000.0,220726000.0,105129000.0,,0.552,604717000.0,,,604717000.0,162248000.0,5469000.0,0.0,0.002,0.03,142824000.0,148293000.0,0.347,148293000.0,142824000.0,132633000.0,1.07,1.06,1.07,3699004000.0,,3699004000.0,5724244642.0,8.0,7.763,203290000.0,2.057,1.0,206655000.0,0.484,0.0,10191000.0,6337061000.0,,0.0,5384455000.0,,,2042408000.0,,,5128176642.0,88012000.0,-5917000.0,1383000.0,1251000.0,-2462000.0,172000.0,-115450000.0,-109533000.0,203290000.0,0.0,105129000.0,105129000.0,105129000.0,0.0,0.0,0.246,76800000.0,129855000.0,0.0,0.028,1.386,9.721,9.769,37543000.0,0.0,52.07,3.2,3.211,107788000.0,4310976000.0,427381000.0,427381000.0,0.0,,,,,0.0,76800000.0,1.0,98486204.0,98825000.0,98825000.0,4.325,5741412000.0,0.0,27504000.0,121154000.0,58.097,
72,MTG,MRQ,2003-06-30,2003-06-30,2003-06-30,2021-08-05,175498000.0,5583198000.0,,,,,36.767,0.0,7147000.0,7147000.0,173120000.0,143777000.0,,0.537,603215000.0,,,603215000.0,162255000.0,5698000.0,0.0,0.002,0.03,198738000.0,204436000.0,0.473,204436000.0,198738000.0,188448000.0,1.46,1.46,1.46,3631838000.0,,3631838000.0,5208080738.0,7.0,6.376,70226000.0,0.711,1.0,258967000.0,0.599,0.0,10290000.0,6179266000.0,,0.0,5228881000.0,,,1951360000.0,,,4603289738.0,-34270000.0,-1875000.0,-12914000.0,-10420000.0,-2465000.0,38569000.0,-78697000.0,-76822000.0,70226000.0,0.0,143777000.0,143777000.0,143777000.0,0.0,0.0,0.333,79221000.0,179746000.0,0.0,0.021,1.267,8.02,8.14,37290000.0,0.0,46.64,2.94,2.942,100429000.0,4208309000.0,432087000.0,432087000.0,0.0,,,,,0.0,79221000.0,1.0,98698322.0,98781000.0,98781000.0,4.374,5583198000.0,0.0,44671000.0,136556000.0,56.521,
73,MTG,MRQ,2003-03-31,2003-03-31,2003-03-31,2021-08-05,142406000.0,5423570000.0,,,,,34.824,0.0,8797000.0,8797000.0,142211000.0,141110000.0,,0.563,613588000.0,,,613588000.0,179248000.0,4653000.0,0.0,0.003,0.025,202295000.0,206948000.0,0.507,206948000.0,202295000.0,191884000.0,1.42,1.42,1.42,3469270000.0,,3469270000.0,4563506316.0,5.0,5.235,262200000.0,2.632,1.0,266286000.0,0.652,0.0,10411000.0,6028361000.0,,0.0,5087123000.0,,,1954300000.0,,,3897301316.0,55603000.0,3395000.0,-72524000.0,-64368000.0,-2506000.0,-203766000.0,-67199000.0,-70594000.0,262200000.0,0.0,141110000.0,141110000.0,141110000.0,0.0,0.0,0.345,74283000.0,192003000.0,0.0,0.018,1.123,6.483,6.656,36178000.0,0.0,39.27,2.568,2.578,91774000.0,4066997000.0,408497000.0,408497000.0,0.0,,,,,0.0,74283000.0,1.0,99243731.0,99624000.0,99624000.0,4.1,5423570000.0,0.0,50774000.0,190532000.0,54.44,
74,MTG,MRQ,2002-12-31,2002-12-31,2002-12-31,2021-08-05,147908000.0,5300303000.0,,,,,33.79,0.0,11041000.0,11041000.0,140528000.0,137498000.0,,0.561,677246000.0,,,677246000.0,170167000.0,3562000.0,0.0,0.003,0.03,174116000.0,177678000.0,0.531,177678000.0,174116000.0,163862000.0,1.38,1.38,1.38,3395192000.0,,3395192000.0,4771714444.0,5.0,5.191,136040000.0,1.354,1.0,193826000.0,0.58,0.0,10254000.0,5966508000.0,,0.0,4966557000.0,,,1905111000.0,,,4149736444.0,-93602000.0,-17528000.0,-34252000.0,42541000.0,-2513000.0,5776000.0,-235418000.0,-217890000.0,136040000.0,0.0,137498000.0,137498000.0,137498000.0,0.0,0.0,0.411,73470000.0,120356000.0,0.0,0.022,1.222,6.595,6.804,35962000.0,0.0,41.3,2.795,2.795,105931000.0,3928393000.0,334354000.0,334354000.0,0.0,,,,,0.0,73470000.0,1.0,100477880.0,100477880.0,,3.328,5300303000.0,0.0,26364000.0,133843000.0,52.751,
75,MTG,MRQ,2002-09-30,2002-09-30,2002-09-30,2021-08-05,197409000.0,5157718000.0,,,,,32.266,0.0,12874000.0,12874000.0,101094000.0,151570000.0,,0.547,634852000.0,,,634852000.0,174345000.0,2712000.0,0.0,0.003,0.025,225066000.0,227778000.0,0.583,227778000.0,225066000.0,214996000.0,1.47,1.47,1.47,3335088000.0,,3335088000.0,4789410563.0,5.0,4.938,156673000.0,1.516,1.0,289712000.0,0.741,0.0,10070000.0,5779696000.0,,0.0,4841747000.0,,,1822630000.0,,,4192668563.0,-227258000.0,0.0,-169100000.0,20355000.0,-2562000.0,-151307000.0,-232624000.0,-232624000.0,156673000.0,0.0,151570000.0,151570000.0,151570000.0,0.0,0.0,0.388,64646000.0,225066000.0,0.0,0.017,1.257,6.424,6.575,35337000.0,0.0,40.83,2.862,2.881,0.0,3793409000.0,390806000.0,390806000.0,0.0,,,,,0.0,64646000.0,1.0,102685980.0,103361000.0,103361000.0,3.781,5157718000.0,0.0,63426000.0,0.0,49.9,
76,MTG,MRQ,2002-06-30,2002-06-30,2002-06-30,2021-08-05,96595000.0,4964314000.0,,,,,30.631,0.0,17109000.0,17109000.0,64416000.0,170936000.0,,0.53,613851000.0,,,613851000.0,170879000.0,2935000.0,0.0,0.002,0.03,256370000.0,259305000.0,0.676,259305000.0,256370000.0,246542000.0,1.63,1.61,1.63,3244496000.0,,3244496000.0,7766253232.0,8.0,7.908,87070000.0,0.822,1.0,319419000.0,0.832,0.0,9828000.0,5561056000.0,,0.0,4652292000.0,,,1719818000.0,,,7166019232.0,111407000.0,0.0,-129265000.0,-1194000.0,-2630000.0,-133089000.0,157426000.0,157426000.0,87070000.0,0.0,170936000.0,170936000.0,170936000.0,0.0,0.0,0.445,63049000.0,256370000.0,0.0,0.018,2.209,10.856,10.9,35470000.0,0.0,67.8,5.068,5.079,0.0,3644401000.0,383835000.0,383835000.0,0.0,,,,,0.0,63049000.0,1.0,105693499.0,105921000.0,105921000.0,3.624,4964314000.0,0.0,75606000.0,0.0,46.868,
77,MTG,MRQ,2002-03-31,2002-03-31,2002-03-31,2021-08-05,26442000.0,4878844000.0,,,,,29.443,0.0,13307000.0,13307000.0,59714000.0,169187000.0,,0.55,613541000.0,,,613541000.0,172770000.0,3083000.0,0.0,0.002,0.025,251386000.0,254469000.0,0.678,254469000.0,251386000.0,244762000.0,1.59,1.58,1.59,3148317000.0,,3148317000.0,7718372390.0,8.0,7.963,233547000.0,2.184,1.0,315854000.0,0.841,0.0,6624000.0,5479078000.0,,0.0,4574060000.0,,,1730527000.0,,,7272662390.0,136372000.0,0.0,-23449000.0,140385000.0,-2653000.0,114283000.0,-211458000.0,-211458000.0,233547000.0,0.0,169187000.0,169187000.0,169187000.0,0.0,0.0,0.45,64468000.0,251386000.0,0.0,0.016,2.31,11.182,11.218,35427000.0,0.0,68.43,5.31,5.343,0.0,3476094000.0,375568000.0,375568000.0,0.0,,,,,0.0,64468000.0,1.0,106278860.0,106931000.0,106931000.0,3.512,4878844000.0,0.0,75575000.0,0.0,45.626,
78,MTG,MRQ,2001-12-31,2001-12-31,2001-12-31,2021-08-05,46644000.0,4567012000.0,,,,,28.177,0.0,26392000.0,26392000.0,51665000.0,161003000.0,,0.512,472102000.0,,,472102000.0,174545000.0,3136000.0,0.0,0.002,0.025,225136000.0,228272000.0,0.726,228272000.0,225136000.0,217807000.0,1.52,1.5,1.52,3020187000.0,,3020187000.0,6982731612.0,7.0,7.307,104067000.0,0.971,1.0,262937000.0,0.836,0.0,7329000.0,5012722000.0,,0.0,4231121000.0,,,1546825000.0,,,6615514612.0,4801000.0,0.0,-64144000.0,94022000.0,-2654000.0,27224000.0,-126490000.0,-126490000.0,104067000.0,0.0,161003000.0,161003000.0,161003000.0,0.0,0.0,0.512,65999000.0,196938000.0,0.0,0.016,2.19,10.351,10.321,34762000.0,0.0,61.72,5.033,5.033,78853000.0,3309560000.0,314602000.0,314602000.0,0.0,,,,,0.0,65999000.0,1.0,107185914.0,107185914.0,,2.935,4567012000.0,0.0,56804000.0,80937000.0,42.608,
79,MTG,MRQ,2001-09-30,2001-09-30,2001-09-30,2021-08-05,98687000.0,4487125000.0,,,,,27.516,0.0,10047000.0,10047000.0,43468000.0,158992000.0,,0.507,377264000.0,,,377264000.0,174825000.0,2022000.0,0.0,0.002,0.025,238051000.0,240073000.0,0.706,240073000.0,238051000.0,230447000.0,1.48,1.47,1.48,2977676000.0,,2977676000.0,7408856819.0,8.0,7.982,245622000.0,2.27,1.0,296368000.0,0.872,0.0,7604000.0,4854342000.0,,0.0,4193681000.0,,,1509449000.0,,,7012750819.0,21739000.0,0.0,-3196000.0,-32210000.0,-2684000.0,-38090000.0,-185793000.0,-185793000.0,245622000.0,0.0,158992000.0,158992000.0,158992000.0,0.0,0.0,0.468,58317000.0,238051000.0,0.0,0.017,2.355,11.488,11.443,33253000.0,0.0,65.34,5.427,5.472,0.0,3151211000.0,339836000.0,339836000.0,0.0,,,,,0.0,58317000.0,1.0,107327071.0,108218000.0,108218000.0,3.14,4487125000.0,0.0,71455000.0,0.0,41.464,
80,MTG,MRQ,2001-06-30,2001-06-30,2001-06-30,2021-08-05,56609000.0,4170889000.0,,,,,25.72,0.0,12320000.0,12320000.0,36304000.0,161218000.0,,0.5,408426000.0,,,408426000.0,168277000.0,1808000.0,0.0,0.002,0.03,244715000.0,246523000.0,0.726,246523000.0,244715000.0,237588000.0,1.51,1.49,1.51,2780331000.0,,2780331000.0,8155457259.0,9.0,8.952,64294000.0,0.595,1.0,303239000.0,0.893,0.0,7127000.0,4566995000.0,,0.0,3904103000.0,,,1390558000.0,,,7780860259.0,-19736000.0,-10000000.0,6626000.0,20831000.0,-2677000.0,24780000.0,-108810000.0,-98810000.0,64294000.0,0.0,161218000.0,161218000.0,161218000.0,0.0,0.0,0.475,58524000.0,244715000.0,0.0,0.02,2.799,13.015,12.948,32137000.0,0.0,72.64,6.3,6.358,0.0,2994904000.0,339543000.0,339543000.0,0.0,,,,,0.0,58524000.0,1.0,107115367.0,108102000.0,108102000.0,3.141,4170889000.0,0.0,76370000.0,0.0,38.583,
81,MTG,MRQ,2001-03-31,2001-03-31,2001-03-31,2021-08-05,80696000.0,4082996000.0,,,,,24.425,0.0,14192000.0,14192000.0,29377000.0,157924000.0,,0.55,388789000.0,,,388789000.0,169169000.0,1315000.0,0.0,0.002,0.03,239448000.0,240763000.0,0.751,240763000.0,239448000.0,230885000.0,1.48,1.46,1.48,2633391000.0,,2633391000.0,7703041470.0,9.0,8.837,212136000.0,1.968,1.0,291102000.0,0.908,0.0,8563000.0,4457593000.0,,0.0,3833818000.0,,,1449605000.0,,,7311275470.0,22358000.0,-5000000.0,4056000.0,-10506000.0,-2670000.0,-9120000.0,-180658000.0,-175658000.0,212136000.0,0.0,157924000.0,157924000.0,157924000.0,0.0,0.0,0.493,51654000.0,239448000.0,0.0,0.02,2.776,12.766,12.717,31293000.0,0.0,68.42,6.251,6.307,0.0,2836359000.0,320479000.0,320479000.0,0.0,,,,,0.0,51654000.0,1.0,106858747.0,107817000.0,107817000.0,2.972,4082996000.0,0.0,72961000.0,0.0,37.87,
82,MTG,MRQ,2000-12-31,2000-12-31,2000-12-31,2021-08-05,75814000.0,3857781000.0,,,,,23.09,0.0,5598000.0,5598000.0,25126000.0,132321000.0,,0.565,397364000.0,,,397364000.0,180724000.0,1494000.0,0.0,0.002,0.025,199363000.0,200857000.0,0.687,200857000.0,199363000.0,191689000.0,1.24,1.22,1.24,2464882000.0,,2464882000.0,7605177790.0,9.0,9.225,146282000.0,1.37,1.0,267160000.0,0.914,0.0,7674000.0,4249547000.0,,0.0,3611033000.0,,,1392899000.0,,,7199416790.0,37786000.0,-4157000.0,7896000.0,-12672000.0,-2667000.0,-7443000.0,-101053000.0,-96896000.0,146282000.0,0.0,132321000.0,132321000.0,132321000.0,0.0,0.0,0.453,67797000.0,199363000.0,0.0,0.02,2.921,13.283,13.224,31308000.0,0.0,67.44,6.484,6.484,0.0,2681108000.0,292286000.0,292286000.0,0.0,,,,,0.0,44576000.0,1.0,106752918.0,106752918.0,,2.738,3857781000.0,0.0,59368000.0,83185000.0,36.137,
83,MTG,MRQ,2000-09-30,2000-09-30,2000-09-30,2021-08-05,9002000.0,3582253000.0,,,,,20.986,0.0,4239000.0,4239000.0,21442000.0,146355000.0,,0.59,410000000.0,,,410000000.0,182440000.0,1695000.0,0.0,0.002,0.03,221221000.0,222916000.0,0.788,222916000.0,221221000.0,213809000.0,1.38,1.36,1.38,2252621000.0,,2252621000.0,6912705137.0,8.0,8.355,147889000.0,1.378,1.0,261276000.0,0.924,0.0,7412000.0,3988014000.0,,0.0,3366149000.0,,,1329632000.0,,,6498838137.0,-29676000.0,0.0,7289000.0,-10000000.0,-2661000.0,-5372000.0,-172193000.0,-172193000.0,147889000.0,0.0,146355000.0,146355000.0,146355000.0,0.0,0.0,0.518,40055000.0,221221000.0,0.0,0.022,2.885,11.955,11.938,31255000.0,0.0,61.12,6.086,6.144,0.0,2551454000.0,282718000.0,282718000.0,0.0,,,,,0.0,40055000.0,1.0,106329158.0,107339000.0,107339000.0,2.634,3582253000.0,0.0,67454000.0,0.0,33.373,
84,MTG,MRQ,2000-06-30,2000-06-30,2000-06-30,2021-08-05,-10522000.0,3397294000.0,,,,,19.392,0.0,6133000.0,6133000.0,22540000.0,136103000.0,,0.64,420000000.0,,,420000000.0,175084000.0,1759000.0,0.0,0.003,0.03,205426000.0,207185000.0,0.756,207185000.0,205426000.0,198374000.0,1.28,1.27,1.28,2071985000.0,,2071985000.0,5232499594.0,7.0,6.607,84577000.0,0.792,1.0,251624000.0,0.918,0.0,7052000.0,3811161000.0,,0.0,3190158000.0,,,1325309000.0,,,4815950594.0,-62527000.0,-12778000.0,2453000.0,-5000000.0,-2644000.0,-5191000.0,-141913000.0,-129135000.0,84577000.0,0.0,136103000.0,136103000.0,136103000.0,0.0,0.0,0.496,46198000.0,205426000.0,0.0,0.023,2.324,9.258,9.343,31851000.0,0.0,45.5,4.651,4.695,0.0,2407760000.0,274164000.0,274164000.0,0.0,,,,,0.0,46198000.0,1.0,105845068.0,106845000.0,106845000.0,2.566,3397294000.0,0.0,62271000.0,0.0,31.796,
85,MTG,MRQ,2000-03-31,2000-03-31,2000-03-31,2021-08-05,-10590000.0,3292935000.0,,,,,18.067,0.0,8451000.0,8451000.0,22615000.0,127220000.0,,0.706,425000000.0,,,425000000.0,171331000.0,1912000.0,0.0,0.003,0.03,191550000.0,193462000.0,0.741,193462000.0,191550000.0,184929000.0,1.2,1.19,1.2,1930636000.0,,1930636000.0,5036733291.0,7.0,6.672,172289000.0,1.612,1.0,238558000.0,0.913,0.0,6621000.0,3709484000.0,,0.0,3098594000.0,,,1362299000.0,,,4614055291.0,101539000.0,-2245000.0,-5163000.0,0.0,-2646000.0,-7809000.0,-62941000.0,-60696000.0,172289000.0,0.0,127220000.0,127220000.0,127220000.0,0.0,0.0,0.487,47008000.0,191550000.0,0.0,0.025,2.39,9.284,9.421,32458000.0,0.0,43.62,4.563,4.609,0.0,2274301000.0,261173000.0,261173000.0,0.0,,,,,0.0,47008000.0,1.0,105778434.0,106860000.0,106860000.0,2.444,3292935000.0,0.0,57709000.0,0.0,30.815,
86,MTG,MRQ,1999-12-31,1999-12-31,1999-12-31,2021-08-05,-40735000.0,3104393000.0,,,,,16.801,0.0,2322000.0,2322000.0,2490000.0,133940000.0,,0.748,425000000.0,,,425000000.0,181378000.0,2963000.0,0.0,0.002,0.025,200869000.0,203832000.0,0.816,203832000.0,200869000.0,195297000.0,1.26,1.24,1.26,1775989000.0,,1775989000.0,6766770471.0,10.0,9.488,106052000.0,1.003,1.0,247284000.0,0.99,0.0,5572000.0,3527071000.0,,0.0,2891279000.0,,,1328404000.0,,,6362536471.0,-14992000.0,6988000.0,-49550000.0,14000000.0,-2645000.0,-38195000.0,-82849000.0,-89837000.0,106052000.0,0.0,133940000.0,133940000.0,133940000.0,0.0,0.0,0.536,46415000.0,200869000.0,0.0,0.02,3.583,13.532,13.837,32880000.0,0.0,60.19,6.383,6.383,0.0,2149727000.0,249774000.0,249774000.0,0.0,,,,,0.0,46415000.0,1.0,105707534.0,105707534.0,,2.363,3104393000.0,0.0,61357000.0,0.0,29.368,
87,MTG,MRQ,1999-09-30,1999-09-30,1999-09-30,2021-08-05,-7904000.0,3072823000.0,,,,,15.596,0.0,6766000.0,6766000.0,19533000.0,122909000.0,,0.787,411000000.0,,,411000000.0,181081000.0,4060000.0,0.0,0.003,0.03,183374000.0,187434000.0,0.749,187434000.0,183374000.0,178586000.0,1.13,1.11,1.13,1719658000.0,,1719658000.0,5623819200.0,9.0,8.515,150700000.0,1.367,1.0,230850000.0,0.922,0.0,4788000.0,3477057000.0,,0.0,2867321000.0,,,1353165000.0,,,5210813200.0,-21799000.0,-7127000.0,-148565000.0,-6000000.0,-2727000.0,-157292000.0,-15207000.0,-8080000.0,150700000.0,0.0,122909000.0,122909000.0,122909000.0,0.0,0.0,0.491,47476000.0,183374000.0,0.0,0.027,3.03,11.952,11.908,33270000.0,0.0,47.75,5.233,5.287,0.0,2018432000.0,250383000.0,250383000.0,0.0,,,,,0.0,47476000.0,1.0,109126978.0,110261000.0,110261000.0,2.271,3072823000.0,0.0,55677000.0,0.0,27.869,
88,MTG,MRQ,1999-06-30,1999-06-30,1999-06-30,2021-08-05,19762000.0,3118336000.0,,,,,16.105,0.0,3994000.0,3994000.0,30941000.0,112934000.0,,0.756,417000000.0,,,417000000.0,173500000.0,2572000.0,0.0,0.002,0.03,167606000.0,170178000.0,0.681,170178000.0,167606000.0,162962000.0,1.04,1.02,1.04,1775641000.0,,1775641000.0,5738488902.0,9.0,9.275,71570000.0,0.649,1.0,218990000.0,0.876,0.0,4644000.0,3531342000.0,,0.0,2921286000.0,,,1342695000.0,,,5303148902.0,-35016000.0,-1600000.0,1200000.0,-25000000.0,-2728000.0,-26528000.0,-80058000.0,-78458000.0,71570000.0,0.0,112934000.0,112934000.0,112934000.0,0.0,0.0,0.452,51384000.0,167606000.0,0.0,0.029,2.987,12.948,12.965,33688000.0,0.0,48.62,5.377,5.435,0.0,1898250000.0,249931000.0,249931000.0,0.0,,,,,0.0,51384000.0,1.0,109073404.0,110254000.0,110254000.0,2.267,3118336000.0,0.0,50028000.0,0.0,28.283,
89,MTG,MRQ,1999-03-31,1999-03-31,1999-03-31,2021-08-05,77356000.0,3149337000.0,,,,,15.663,0.0,6660000.0,6660000.0,44232000.0,100418000.0,,0.829,442000000.0,,,442000000.0,172715000.0,2151000.0,0.0,0.003,0.03,149563000.0,151714000.0,0.615,151714000.0,149563000.0,144165000.0,0.92,0.91,0.92,1721692000.0,,1721692000.0,4258972671.0,7.0,7.206,126693000.0,1.153,1.0,202435000.0,0.821,0.0,5398000.0,3584677000.0,,0.0,2954873000.0,,,1427645000.0,,,3821622671.0,5016000.0,-11860000.0,294000.0,0.0,-2725000.0,-2431000.0,-119246000.0,-107386000.0,126693000.0,0.0,100418000.0,100418000.0,100418000.0,0.0,0.0,0.407,52872000.0,149563000.0,0.0,0.033,2.22,9.753,9.904,34332000.0,0.0,35.06,3.922,3.955,0.0,1788044000.0,246667000.0,246667000.0,0.0,,,,,0.0,53233000.0,1.0,109002358.0,109918000.0,109918000.0,2.244,3149337000.0,0.0,43747000.0,61000000.0,28.652,
90,MTG,MRQ,1998-12-31,1998-12-31,1998-12-31,2021-08-05,94572000.0,3050541000.0,,,,,14.981,0.0,4650000.0,4650000.0,47915000.0,99714000.0,,0.859,442000000.0,,,442000000.0,183739000.0,2272000.0,0.0,0.003,0.03,148865000.0,151137000.0,0.607,151137000.0,148865000.0,142635000.0,0.92,0.9,0.92,1640591000.0,,1640591000.0,4774171741.0,8.0,8.218,105633000.0,0.965,1.0,200885000.0,0.807,0.0,6230000.0,3487891000.0,,0.0,2854952000.0,,,1409950000.0,,,4359634741.0,50041000.0,-17500000.0,-22902000.0,33075000.0,-2722000.0,7451000.0,-63043000.0,-45543000.0,105633000.0,0.0,99714000.0,99714000.0,99714000.0,0.0,0.0,0.401,52020000.0,148865000.0,0.0,0.033,2.657,11.31,11.573,32400000.0,0.0,39.81,4.487,4.487,0.0,1690351000.0,248800000.0,248800000.0,0.0,,,,,0.0,49915000.0,1.0,109511046.0,109511046.0,,2.272,3050541000.0,0.0,42921000.0,0.0,27.856,
91,MTG,MRQ,1998-09-30,1998-09-30,1998-09-30,2021-08-05,113266000.0,2930206000.0,,,,,13.991,0.0,5463000.0,5463000.0,51487000.0,96492000.0,,0.858,420000000.0,,,420000000.0,179510000.0,1967000.0,0.0,0.003,0.03,143728000.0,145695000.0,0.605,145695000.0,143728000.0,138420000.0,0.87,0.86,0.87,1576706000.0,,1576706000.0,4414118911.0,8.0,7.888,108327000.0,0.961,1.0,189387000.0,0.786,0.0,5308000.0,3344743000.0,,0.0,2762206000.0,,,1353500000.0,,,4179994911.0,-8707000.0,-926000.0,-199895000.0,171267000.0,-2816000.0,-31444000.0,-85590000.0,-84664000.0,108327000.0,0.0,96492000.0,96492000.0,96492000.0,0.0,0.0,0.401,45659000.0,143728000.0,0.0,0.034,2.651,11.228,11.244,32882000.0,0.0,36.88,4.394,4.369,0.0,1593360000.0,240874000.0,240874000.0,0.0,,,,,0.0,46498000.0,1.0,113340426.0,112695000.0,112695000.0,2.137,2930206000.0,0.0,41928000.0,40403000.0,26.001,
92,MTG,MRQ,1998-06-30,1998-06-30,1998-06-30,2021-08-05,77381000.0,2795281000.0,,,,,14.079,0.0,10876000.0,10876000.0,52514000.0,95212000.0,,0.716,245000000.0,,,245000000.0,180293000.0,1611000.0,0.0,0.002,0.03,140909000.0,142520000.0,0.599,142520000.0,140909000.0,137453000.0,0.83,0.82,0.83,1629073000.0,,1629073000.0,6747378449.0,13.0,12.492,75215000.0,0.65,1.0,185512000.0,0.779,0.0,3456000.0,3029405000.0,,0.0,2619940000.0,,,1166208000.0,,,6510866449.0,-93094000.0,-15000000.0,-26429000.0,-4842000.0,-2855000.0,-34126000.0,-134183000.0,-119183000.0,75215000.0,0.0,95212000.0,95212000.0,95212000.0,0.0,0.0,0.4,44603000.0,140909000.0,0.0,0.036,3.997,18.088,18.172,32997000.0,0.0,57.06,6.969,7.067,0.0,1499685000.0,238026000.0,238026000.0,0.0,,,,,0.0,45532000.0,1.0,114105616.0,115713000.0,115713000.0,2.057,2795281000.0,0.0,42241000.0,22064000.0,24.157,
93,MTG,MRQ,1998-03-31,1998-03-31,1998-03-31,2021-08-05,73193000.0,2735000000.0,,,,,13.633,0.0,5988000.0,5988000.0,59438000.0,94047000.0,,0.733,242500000.0,,,242500000.0,183666000.0,1892000.0,0.0,0.002,0.03,139707000.0,141599000.0,0.58,141599000.0,139707000.0,136077000.0,0.83,0.81,0.83,1577912000.0,,1577912000.0,7712583899.0,15.0,14.967,122607000.0,1.059,1.0,184528000.0,0.756,0.0,3630000.0,2971512000.0,,0.0,2574075000.0,,,1157088000.0,,,7479976899.0,108993000.0,0.0,9339000.0,5000000.0,-2850000.0,11489000.0,-25103000.0,-25103000.0,122607000.0,0.0,94047000.0,94047000.0,94047000.0,0.0,0.0,0.385,44821000.0,139707000.0,0.0,0.036,4.74,21.658,21.97,33370000.0,0.0,65.69,8.246,8.381,0.0,1407326000.0,243966000.0,243966000.0,0.0,,,,,0.0,45158000.0,1.0,113867817.0,115741000.0,115741000.0,2.108,2735000000.0,0.0,42030000.0,50656000.0,23.63,
94,MTG,MRQ,1997-12-31,1997-12-31,1997-12-31,2021-08-05,83985000.0,2617687000.0,,,,,13.057,0.0,4893000.0,4893000.0,60132000.0,86524000.0,,0.761,237500000.0,,,237500000.0,198305000.0,1989000.0,0.0,0.002,0.03,127802000.0,129791000.0,0.568,129791000.0,127802000.0,124252000.0,0.75,0.75,0.75,1486782000.0,,1486782000.0,,,,100315000.0,0.881,1.0,168359000.0,0.737,0.0,3550000.0,2850294000.0,,0.0,2446140000.0,,,1130905000.0,,,7572209830.0,-8668000.0,0.0,-28703000.0,15000000.0,-2856000.0,-16559000.0,-92424000.0,-92424000.0,100315000.0,0.0,86524000.0,86524000.0,86524000.0,0.0,0.0,0.379,40557000.0,127802000.0,0.0,0.04,5.093,23.389,23.921,33784000.0,0.0,66.5,8.721,8.721,0.0,1316129000.0,228491000.0,228491000.0,0.0,,,,,0.0,41154000.0,1.0,113867817.0,113867817.0,,2.007,2617687000.0,0.0,37728000.0,27717000.0,22.989,
95,MTG,MRQ,1997-09-30,1997-09-30,1997-09-30,2021-08-05,,,,,,,,0.0,,,60785000.0,84175000.0,,,,,,,,2143000.0,,0.002,0.03,124084000.0,126227000.0,0.564,126227000.0,124084000.0,121554000.0,0.73,0.72,0.73,,,,,,,112449000.0,0.966,1.0,163040000.0,0.728,,2530000.0,,,,,,,,,,,30385000.0,-500000.0,-223581000.0,222500000.0,-2854000.0,-3935000.0,-78129000.0,-77629000.0,112449000.0,0.0,84175000.0,84175000.0,84175000.0,0.0,0.0,0.376,38956000.0,124084000.0,,0.041,,,,,0.0,57.31,,,,,223825000.0,223825000.0,0.0,,,,,0.0,39907000.0,1.0,,116386000.0,116386000.0,1.923,,,37379000.0,,,
96,MTG,MRQ,1997-06-30,1997-06-30,1997-06-30,2021-08-05,,,,,,,,0.0,,,58251000.0,80615000.0,,,,,,,,2038000.0,,0.002,0.025,115660000.0,117698000.0,0.558,117698000.0,115660000.0,115660000.0,0.68,0.67,0.68,,,,,,,55842000.0,0.467,1.0,152614000.0,0.724,,0.0,,,,,,,,,,,-66598000.0,-6850000.0,1841000.0,0.0,-2958000.0,-1117000.0,-121323000.0,-114473000.0,55842000.0,0.0,80615000.0,80615000.0,80615000.0,0.0,0.0,0.382,36954000.0,115660000.0,,0.037,,,,,0.0,47.94,,,,,210865000.0,210865000.0,0.0,,,,,0.0,37920000.0,1.0,,119594000.0,119594000.0,1.763,,,35045000.0,,,
97,MTG,MRQ,1997-03-31,1997-03-31,1997-03-31,2021-08-05,,,,,,,,0.0,,,63194000.0,72436000.0,,,,,,,,2017000.0,,0.002,0.02,104226000.0,106243000.0,0.518,106243000.0,104226000.0,103907000.0,0.61,0.61,0.61,,,,,,,105443000.0,0.884,1.0,141897000.0,0.692,,319000.0,,,,,,,,,,,20532000.0,0.0,9090000.0,-35424000.0,-2361000.0,-28695000.0,-56216000.0,-56216000.0,105443000.0,0.0,72436000.0,72436000.0,72436000.0,0.0,0.0,0.353,37671000.0,104226000.0,,0.033,,,,,0.0,35.375,,,,,205091000.0,205091000.0,0.0,,,,,0.0,38213000.0,1.0,,119323000.0,119323000.0,1.719,,,31471000.0,,,
98,MTG,MRQ,1996-12-31,1996-12-31,1996-12-31,2021-08-05,40685000.0,2222315000.0,,,,,,,3861000.0,3861000.0,,,,0.627,35424000.0,,,35424000.0,219307000.0,,0.0,0.002,0.02,,,,,,,,,,1366115000.0,,1366115000.0,,,,,,1.0,,,0.0,,2253878000.0,,0.0,2051184000.0,,,856200000.0,,,,,,,,,,,,,,,,,,,,,,0.0,,,,17.352,35050000.0,,38.0,,,0.0,1003408000.0,,,,,,,,,,1.0,,,,,2222315000.0,0.0,,23111000.0,,
0,MTG,MRT,2021-06-30,2021-06-30,2021-06-30,2021-08-05,169282000.0,7575727000.0,7371694750.0,,,0.162,14.484,-3774000.0,190953000.0,190953000.0,155244000.0,585313000.0,,0.541,1244257000.0,,,1244257000.0,263751000.0,64827000.0,0.0,0.018,0.24,807748000.0,872575000.0,0.731,872575000.0,807748000.0,738026000.0,1.72,1.69,1.72,4914707000.0,4714902000.0,4914707000.0,5665651527.0,7.0,6.493,657832000.0,1.939,1.0,1038850000.0,0.87,0.0,69722000.0,8629031000.0,8347849250.0,0.0,6982962000.0,,,2661020000.0,,,4614692527.0,-180440000.0,0.0,0.0,419134000.0,-81821000.0,290336000.0,-1132382000.0,-1128608000.0,661606000.0,0.0,585313000.0,585313000.0,585313000.0,0.0,0.0,0.49,204366000.0,834484000.0,0.0,0.14,0.939,7.884,7.907,45477000.0,0.0,13.6,3.865,3.865,57343000.0,2972362000.0,1194094000.0,1194094000.0,0.0,0.079,0.124,0.097,0.676,0.0,204366000.0,1.0,339315627.0,339326000.0,356536000.0,3.519,7575727000.0,0.0,152713000.0,0.0,22.326,
1,MTG,MRT,2021-03-31,2021-03-31,2021-03-31,2021-08-05,123565000.0,7407016000.0,7121410000.0,,,0.167,13.964,-3172000.0,192766000.0,192766000.0,343454000.0,446309000.0,,0.565,1243725000.0,,,1243725000.0,273553000.0,62182000.0,0.0,0.017,0.24,625295000.0,687477000.0,0.578,687477000.0,625295000.0,560641000.0,1.31,1.29,1.31,4732293000.0,4582064000.0,4732293000.0,5638611374.0,9.0,8.202,742846000.0,2.192,1.0,846756000.0,0.711,0.0,64654000.0,8457975000.0,7949719000.0,0.0,6829737000.0,,,2674723000.0,,,4692098374.0,-176760000.0,0.0,0.0,419134000.0,-81777000.0,290380000.0,-1213158000.0,-1209986000.0,746018000.0,0.0,446309000.0,446309000.0,446309000.0,0.0,0.0,0.375,194725000.0,652031000.0,0.0,0.183,0.992,10.513,10.573,46024000.0,0.0,13.85,3.942,3.944,55713000.0,2839884000.0,1190210000.0,1190210000.0,0.0,0.063,0.097,0.079,0.525,0.0,194725000.0,1.0,338779666.0,338904000.0,356383000.0,3.512,7407016000.0,0.0,114332000.0,0.0,21.856,
2,MTG,MRT,2020-12-31,2020-12-31,2020-12-31,2021-08-05,216821000.0,7354526000.0,6808477750.0,,,0.176,13.822,-3311000.0,296680000.0,296680000.0,364774000.0,446093000.0,,0.565,1243193000.0,,,1243193000.0,287099000.0,57812000.0,0.0,0.019,0.24,618858000.0,676670000.0,0.564,676670000.0,618858000.0,559263000.0,1.31,1.29,1.31,4698986000.0,4459447750.0,4698986000.0,5102939337.0,8.0,7.541,728998000.0,2.144,1.0,834372000.0,0.696,0.0,59595000.0,8301039000.0,7489922250.0,0.0,6682911000.0,,,2655540000.0,,,4249097337.0,127624000.0,0.0,-119997000.0,419134000.0,-82061000.0,167821000.0,-772506000.0,-769195000.0,732309000.0,0.0,446093000.0,446093000.0,446093000.0,0.0,0.0,0.372,188778000.0,645594000.0,0.0,0.183,0.904,9.525,9.58,47144000.0,0.0,12.55,3.543,3.558,56713000.0,2642096000.0,1199146000.0,1199146000.0,0.0,0.066,0.1,0.083,0.516,0.0,188778000.0,1.0,338573493.0,339953000.0,359293000.0,3.527,7354526000.0,0.0,113170000.0,0.0,21.634,
3,MTG,MRT,2020-09-30,2020-09-30,2020-09-30,2021-08-05,167777000.0,7149510000.0,6527239000.0,,,0.185,13.33,-3771000.0,388810000.0,388810000.0,342707000.0,471773000.0,,0.584,1242652000.0,,,1242652000.0,315071000.0,53666000.0,0.0,0.027,0.24,646275000.0,699941000.0,0.579,699941000.0,646275000.0,591761000.0,1.38,1.33,1.38,4513622000.0,4362009750.0,4513622000.0,3461683148.0,5.0,4.946,656451000.0,1.939,1.0,865785000.0,0.716,0.0,54514000.0,8003352000.0,7137976000.0,0.0,6365878000.0,,,2635888000.0,,,2999761148.0,217056000.0,0.0,-139997000.0,419957000.0,-82670000.0,148035000.0,-591201000.0,-587430000.0,660222000.0,0.0,471773000.0,471773000.0,471773000.0,0.0,0.0,0.39,192774000.0,673011000.0,0.0,0.174,0.665,6.358,6.42,47546000.0,0.0,8.86,2.482,2.482,55033000.0,2511248000.0,1208492000.0,1208492000.0,0.0,0.072,0.108,0.091,0.535,0.0,192774000.0,1.0,338573493.0,338598000.0,357195000.0,3.569,7149510000.0,0.0,119988000.0,0.0,21.115,
4,MTG,MRT,2020-06-30,2020-06-30,2020-06-30,2021-08-05,145412000.0,6574588000.0,6276549250.0,,,0.196,12.946,-3298000.0,371393000.0,371393000.0,336006000.0,517896000.0,,0.5,833315000.0,,,833315000.0,343229000.0,50777000.0,0.0,0.029,0.24,702280000.0,753057000.0,0.612,753057000.0,702280000.0,650552000.0,1.49,1.44,1.49,4383355000.0,4273508500.0,4383355000.0,3236364910.0,5.0,4.298,744748000.0,2.2,1.0,894865000.0,0.727,0.0,51728000.0,7036510000.0,6838999750.0,0.0,5883315000.0,,,2191233000.0,,,2772863910.0,146210000.0,0.0,-209182000.0,0.0,-83340000.0,-301495000.0,-300341000.0,-297043000.0,748046000.0,0.0,517896000.0,517896000.0,517896000.0,0.0,0.0,0.421,192585000.0,702280000.0,0.0,0.161,0.633,5.354,5.497,47738000.0,0.0,8.19,2.253,2.253,55379000.0,2400820000.0,1230871000.0,1230871000.0,0.0,0.083,0.121,0.103,0.571,0.0,192585000.0,1.0,338567022.0,338593000.0,339661000.0,3.635,6574588000.0,0.0,132656000.0,0.0,19.417,
5,MTG,MRT,2020-03-31,2020-03-31,2020-03-31,2021-08-05,1224000.0,6155287000.0,6146786500.0,,,0.2,12.329,-5908000.0,369526000.0,369526000.0,140468000.0,671627000.0,,0.451,833027000.0,,,833027000.0,365408000.0,49928000.0,0.0,0.028,0.18,897629000.0,947557000.0,0.771,947557000.0,897629000.0,845280000.0,1.92,1.86,1.92,4241828000.0,4186586000.0,4241828000.0,2859847207.0,3.0,3.018,623067000.0,1.811,1.0,1088752000.0,0.886,0.0,52349000.0,6618788000.0,6745501250.0,0.0,5490838000.0,,,1913459000.0,,,2196164207.0,107014000.0,0.0,-234123000.0,0.0,-63025000.0,-306121000.0,-215840000.0,-209932000.0,628975000.0,0.0,671627000.0,671627000.0,671627000.0,0.0,0.0,0.546,191123000.0,897629000.0,0.0,0.094,0.518,3.27,3.307,49010000.0,0.0,6.35,1.787,1.777,55131000.0,2407305000.0,1229220000.0,1229220000.0,0.0,0.109,0.16,0.133,0.73,0.0,191123000.0,1.0,345852631.0,344053000.0,365216000.0,3.573,6155287000.0,8867000.0,173653000.0,0.0,17.891,
6,MTG,MRT,2019-12-31,2019-12-31,2019-12-31,2021-08-05,72708000.0,6229571000.0,6075489000.0,,,0.2,12.213,-5636000.0,169056000.0,169056000.0,118575000.0,673763000.0,,0.446,832739000.0,,,832739000.0,380302000.0,48784000.0,0.0,0.008,0.12,900633000.0,949417000.0,0.782,949417000.0,900633000.0,847977000.0,1.91,1.85,1.91,4309234000.0,4080174750.0,4309234000.0,5601906455.0,6.0,5.9,603896000.0,1.712,1.0,1095402000.0,0.902,0.0,52656000.0,6893254000.0,6700669000.0,0.0,5758320000.0,,,1920337000.0,,,4941210455.0,14018000.0,0.0,-125766000.0,0.0,-41914000.0,-173406000.0,-422108000.0,-416472000.0,609532000.0,0.0,673763000.0,673763000.0,673763000.0,0.0,0.0,0.555,194769000.0,900633000.0,0.0,0.063,1.147,7.334,7.419,50121000.0,0.0,14.17,4.07,4.118,57108000.0,2278650000.0,1213977000.0,1213977000.0,0.0,0.111,0.165,0.134,0.742,0.0,194769000.0,1.0,348709277.0,352827000.0,373924000.0,3.441,6229571000.0,0.0,174214000.0,0.0,17.656,
7,MTG,MRT,2019-09-30,2019-09-30,2019-09-30,2021-08-05,63782000.0,6146751000.0,5937546750.0,,,0.2,11.835,-7658000.0,171754000.0,171754000.0,122569000.0,654399000.0,,0.478,832450000.0,,,832450000.0,392556000.0,48726000.0,0.0,0.005,0.06,872954000.0,921680000.0,0.776,921680000.0,872954000.0,819976000.0,1.83,1.79,1.83,4159617000.0,3898339000.0,4159617000.0,5062241088.0,6.0,5.492,611475000.0,1.74,1.0,1065414000.0,0.897,0.0,52978000.0,6807447000.0,6565942750.0,0.0,5681452000.0,,,1987134000.0,,,4455262088.0,-95243000.0,0.0,-169126000.0,0.0,-20989000.0,-195841000.0,-518535000.0,-467198000.0,619133000.0,0.0,654399000.0,654399000.0,654399000.0,0.0,0.0,0.551,192460000.0,872954000.0,0.0,0.033,1.071,6.808,6.874,50540000.0,0.0,12.58,3.75,3.722,53377000.0,2122705000.0,1187983000.0,1187983000.0,0.0,0.11,0.168,0.133,0.735,0.0,192460000.0,1.0,354154379.0,351475000.0,372575000.0,3.38,6146751000.0,11583000.0,165577000.0,0.0,17.488,
8,MTG,MRT,2019-06-30,2019-06-30,2019-06-30,2021-08-05,30810000.0,6055537000.0,5815136000.0,,,0.199,11.345,-9262000.0,225183000.0,225183000.0,87066000.0,659365000.0,,0.501,832162000.0,,,832162000.0,400999000.0,50284000.0,0.0,0.0,0.0,882047000.0,932331000.0,0.804,932331000.0,882047000.0,828750000.0,1.83,1.79,1.83,4035665000.0,3730817500.0,4035665000.0,5247013139.0,6.0,5.628,554273000.0,1.558,1.0,1072979000.0,0.925,0.0,53297000.0,6662516000.0,6419433000.0,0.0,5512037000.0,,,2019872000.0,,,4677651139.0,33289000.0,0.0,-99941000.0,0.0,0.0,-105651000.0,-424595000.0,-401901000.0,563535000.0,0.0,659365000.0,659365000.0,659365000.0,0.0,0.0,0.568,190932000.0,882047000.0,0.0,0.0,1.159,7.094,7.18,51607000.0,0.0,13.14,4.032,4.029,74395000.0,1966994000.0,1160045000.0,1160045000.0,0.0,0.113,0.177,0.137,0.76,0.0,190932000.0,1.0,355985627.0,355734000.0,376603000.0,3.261,6055537000.0,20932000.0,169385000.0,0.0,17.023,
9,MTG,MRT,2019-03-31,2019-03-31,2019-03-31,2021-08-05,-41493000.0,5870097000.0,5699255750.0,,,0.202,10.73,-9338000.0,262512000.0,262512000.0,51775000.0,678401000.0,,0.538,831874000.0,,,831874000.0,404504000.0,54290000.0,0.0,0.0,0.0,908054000.0,962344000.0,0.837,962344000.0,908054000.0,855061000.0,1.87,1.82,1.87,3816183000.0,3550370000.0,3816183000.0,5367389586.0,6.0,5.577,566094000.0,1.592,1.0,1097953000.0,0.955,0.0,52993000.0,6439459000.0,6311586500.0,0.0,5294517000.0,,,2053914000.0,,,4690842586.0,85024000.0,0.0,-175059000.0,0.0,0.0,-180769000.0,-309639000.0,-300301000.0,575432000.0,0.0,678401000.0,678401000.0,678401000.0,0.0,0.0,0.59,189899000.0,908054000.0,0.0,0.0,1.229,6.915,7.053,50388000.0,0.0,13.19,4.08,4.08,54665000.0,1799216000.0,1149728000.0,1149728000.0,0.0,0.119,0.191,0.144,0.79,0.0,189899000.0,1.0,355636284.0,355653000.0,376667000.0,3.233,5870097000.0,39440000.0,176660000.0,0.0,16.505,
10,MTG,MRT,2018-12-31,2018-12-31,2018-12-31,2021-08-05,-124214000.0,5677802000.0,5635817250.0,,,0.199,9.802,-14238000.0,155038000.0,155038000.0,36562000.0,670097000.0,,0.585,831585000.0,,,831585000.0,409985000.0,58215000.0,0.0,0.0,0.0,897143000.0,955358000.0,0.85,955358000.0,897143000.0,844150000.0,1.83,1.78,1.83,3581891000.0,3404175000.0,3581891000.0,4346531337.0,5.0,4.55,530279000.0,1.451,1.0,1087286000.0,0.967,0.0,52993000.0,6354349000.0,6269115500.0,0.0,5159019000.0,,,2095911000.0,,,3782231337.0,55187000.0,0.0,-163419000.0,0.0,0.0,-171550000.0,-317780000.0,-303542000.0,544517000.0,0.0,670097000.0,670097000.0,670097000.0,0.0,0.0,0.596,190143000.0,897143000.0,0.0,0.0,1.056,5.644,5.716,51734000.0,0.0,10.46,3.365,3.401,58038000.0,1647275000.0,1123848000.0,1123848000.0,0.0,0.119,0.197,0.143,0.798,0.0,190143000.0,1.0,361589994.0,365406000.0,386078000.0,3.076,5677802000.0,69184000.0,174053000.0,0.0,15.538,
11,MTG,MRT,2018-09-30,2018-09-30,2018-09-30,2021-08-05,-128931000.0,5657108000.0,5621241500.0,,,0.197,9.635,-14604000.0,266997000.0,266997000.0,-22119000.0,539665000.0,,0.621,831297000.0,,,831297000.0,407614000.0,60815000.0,0.0,0.0,0.0,947890000.0,1008705000.0,0.909,1008705000.0,947890000.0,894897000.0,1.47,1.45,1.47,3489531000.0,3297333750.0,3489531000.0,5459397782.0,6.0,5.412,519244000.0,1.434,1.0,1131836000.0,1.02,0.0,52993000.0,6221408000.0,6268048250.0,0.0,4980432000.0,,,2167577000.0,,,4820283782.0,16296000.0,0.0,-100059000.0,0.0,0.0,-108229000.0,-409323000.0,-434660000.0,533848000.0,0.0,539665000.0,539665000.0,539665000.0,0.0,0.0,0.486,183946000.0,947890000.0,0.0,0.0,1.381,8.932,9.054,50055000.0,0.0,13.31,4.344,4.344,54751000.0,1489529000.0,1109717000.0,1109717000.0,0.0,0.096,0.164,0.151,0.854,0.0,183946000.0,1.0,362155055.0,362180000.0,382905000.0,3.064,5657108000.0,111613000.0,355232000.0,0.0,15.62,
12,MTG,MRT,2018-06-30,2018-06-30,2018-06-30,2021-08-05,-117294000.0,5592016000.0,5625931500.0,,,0.194,8.991,-14663000.0,191894000.0,191894000.0,9146000.0,477792000.0,,0.687,831008000.0,,,831008000.0,406159000.0,62634000.0,0.0,0.0,0.0,900478000.0,963112000.0,0.884,963112000.0,900478000.0,847470000.0,1.29,1.28,1.29,3313875000.0,3207488250.0,3313875000.0,4634078615.0,5.0,4.812,529031000.0,1.435,1.0,1080486000.0,0.992,0.0,53008000.0,6231130000.0,6276523750.0,0.0,4933395000.0,,,2278141000.0,,,3980846615.0,63986000.0,0.0,-100059000.0,0.0,0.0,-108230000.0,-371478000.0,-366800000.0,543694000.0,0.0,477792000.0,477792000.0,477792000.0,0.0,0.0,0.438,180008000.0,900478000.0,0.0,0.0,1.201,8.332,8.31,49461000.0,0.0,10.72,3.653,3.626,59508000.0,1307629000.0,1089632000.0,1089632000.0,0.0,0.085,0.149,0.143,0.826,0.0,180008000.0,1.0,371347632.0,368578000.0,388881000.0,2.956,5592016000.0,161488000.0,369678000.0,0.0,15.172,
13,MTG,MRT,2018-03-31,2018-03-31,2018-03-31,2021-08-05,-107760000.0,5616343000.0,5627969500.0,,,0.19,8.712,-17260000.0,177488000.0,177488000.0,49940000.0,409600000.0,,0.738,830720000.0,,,830720000.0,397688000.0,63184000.0,0.0,0.0,0.0,844523000.0,907707000.0,0.848,907707000.0,844523000.0,790564000.0,1.1,1.1,1.1,3231403000.0,3127784750.0,3231403000.0,5551789470.0,7.0,6.116,445894000.0,1.202,1.0,1021004000.0,0.953,0.0,53959000.0,6269575000.0,6294270000.0,0.0,4937262000.0,,,2384940000.0,,,4821208470.0,-249586000.0,0.0,0.0,-295727000.0,0.0,-308403000.0,-404337000.0,-376741000.0,463154000.0,0.0,409600000.0,409600000.0,409600000.0,0.0,0.0,0.382,176416000.0,844588000.0,0.0,0.0,1.492,11.771,11.818,48382000.0,0.0,13.0,4.502,4.502,56419000.0,1120815000.0,1070944000.0,1070944000.0,0.0,0.073,0.131,0.134,0.789,0.0,176416000.0,1.0,370862190.0,370908000.0,391562000.0,2.887,5616343000.0,211994000.0,380964000.0,0.0,15.142,
14,MTG,MRT,2017-12-31,2017-12-31,2017-12-31,2021-08-05,-43783000.0,5619499000.0,5699855750.0,,,0.187,8.705,-16066000.0,99851000.0,99851000.0,53709000.0,355761000.0,,0.781,830432000.0,,,830432000.0,392934000.0,64430000.0,0.0,0.0,0.0,841531000.0,905961000.0,0.85,905961000.0,841531000.0,784496000.0,0.98,0.95,0.98,3154526000.0,2981816750.0,3154526000.0,5808139562.0,7.0,6.411,390591000.0,1.078,1.0,1012345000.0,0.95,0.0,57035000.0,6350080000.0,6428433500.0,0.0,4990561000.0,,,2464973000.0,,,5228697562.0,-55559000.0,0.0,0.0,-147250000.0,0.0,-158575000.0,-303641000.0,-287575000.0,406657000.0,0.0,355761000.0,355761000.0,355761000.0,0.0,0.0,0.334,170749000.0,841596000.0,0.0,0.0,1.658,14.697,14.398,44936000.0,0.0,14.11,4.905,4.796,57917000.0,977160000.0,1066054000.0,1066054000.0,0.0,0.062,0.119,0.131,0.789,0.0,170749000.0,1.0,370566801.0,362380000.0,394766000.0,2.942,5619499000.0,234381000.0,428735000.0,0.0,15.507,
15,MTG,MRT,2017-09-30,2017-09-30,2017-09-30,2021-08-05,-26097000.0,5675868000.0,5728613250.0,,,0.185,8.446,-17704000.0,250701000.0,250701000.0,132363000.0,435934000.0,,0.813,830143000.0,,,830143000.0,370816000.0,65900000.0,0.0,0.0,0.0,761048000.0,826948000.0,0.779,826948000.0,761048000.0,701078000.0,1.22,1.15,1.22,3130149000.0,2830395750.0,3130149000.0,5345083861.0,7.0,6.464,314426000.0,0.848,1.0,928709000.0,0.875,0.0,59970000.0,6255310000.0,6530378000.0,0.0,4717392000.0,,,2545719000.0,,,4643136861.0,-24042000.0,0.0,-55530000.0,-147439000.0,0.0,-214278000.0,-141894000.0,-124552000.0,332130000.0,0.0,435934000.0,435934000.0,435934000.0,0.0,0.0,0.411,167596000.0,761113000.0,0.0,0.0,1.483,10.651,10.27,43157000.0,0.0,12.53,4.376,4.376,58576000.0,939424000.0,1061072000.0,1061072000.0,0.0,0.076,0.154,0.117,0.717,0.0,167596000.0,1.0,370561601.0,370586000.0,391087000.0,2.863,5675868000.0,416167000.0,265144000.0,0.0,15.316,
16,MTG,MRT,2017-06-30,2017-06-30,2017-06-30,2021-08-05,-37494000.0,5600168000.0,5777908500.0,,,0.184,8.163,-17487000.0,127908000.0,127908000.0,163513000.0,372525000.0,,0.87,829855000.0,,,829855000.0,352010000.0,66056000.0,0.0,0.0,0.0,660593000.0,726649000.0,0.683,726649000.0,660593000.0,600360000.0,1.06,0.97,1.06,2995061000.0,2693628250.0,2995061000.0,5052574483.0,8.0,6.953,277836000.0,0.757,1.0,901049000.0,0.846,0.0,60233000.0,6302115000.0,6660635000.0,0.0,4708420000.0,,,2605107000.0,,,4150233483.0,-173066000.0,0.0,-147127000.0,88785000.0,0.0,-119373000.0,-349016000.0,-310457000.0,295323000.0,0.0,372525000.0,372525000.0,372525000.0,0.0,0.0,0.35,165168000.0,735881000.0,0.0,0.0,1.386,11.141,10.566,42212000.0,0.0,11.2,3.899,3.86,57495000.0,819397000.0,1064562000.0,1064562000.0,0.0,0.064,0.138,0.099,0.621,0.0,165168000.0,1.0,370556561.0,366918000.0,394470000.0,2.901,5600168000.0,481389000.0,227835000.0,0.0,15.263,
17,MTG,MRT,2017-03-31,2017-03-31,2017-03-31,2021-08-05,-63101000.0,5903888000.0,5814063000.0,,,0.183,7.764,-12650000.0,427074000.0,427074000.0,182764000.0,363124000.0,,1.23,1329415000.0,,,1329415000.0,337322000.0,64312000.0,0.0,0.0,0.0,643263000.0,707575000.0,0.665,707575000.0,643263000.0,584983000.0,1.06,0.92,1.06,2647531000.0,2572782750.0,2647531000.0,4477558926.0,7.0,6.328,286043000.0,0.839,1.0,882020000.0,0.828,0.0,58280000.0,6806229000.0,6708108250.0,0.0,4649281000.0,,,3256357000.0,,,3454229926.0,177176000.0,0.0,-147127000.0,335771000.0,0.0,128741000.0,-250258000.0,-203655000.0,298693000.0,0.0,363124000.0,363124000.0,363124000.0,0.0,0.0,0.341,161666000.0,720354000.0,0.0,0.0,1.305,9.513,9.557,38314000.0,0.0,10.13,3.244,3.244,57036000.0,722515000.0,1064784000.0,1064784000.0,0.0,0.062,0.141,0.096,0.604,0.0,161666000.0,1.0,340990121.0,341009000.0,402175000.0,3.122,5903888000.0,552469000.0,221859000.0,0.0,17.313,
18,MTG,MRT,2016-12-31,2016-12-31,2016-12-31,2021-08-05,-75100000.0,5734529000.0,5781441750.0,,,0.184,7.433,-10552000.0,155410000.0,155410000.0,240157000.0,342517000.0,,1.25,1178739000.0,,,1178739000.0,329737000.0,61342000.0,0.0,0.0,0.0,571386000.0,632728000.0,0.596,632728000.0,571386000.0,514714000.0,1.0,0.86,1.0,2548842000.0,2496749750.0,2548842000.0,4374641852.0,8.0,6.914,214208000.0,0.625,1.0,822326000.0,0.774,0.0,56672000.0,6757858000.0,6661801250.0,0.0,4692350000.0,,,3185687000.0,,,3471352852.0,-25710000.0,0.0,-147127000.0,107329000.0,0.0,-157078000.0,-93392000.0,-82840000.0,224760000.0,0.0,342517000.0,342517000.0,342517000.0,0.0,0.0,0.322,160409000.0,661917000.0,0.0,0.0,1.362,10.135,10.19,36088000.0,0.0,10.19,3.267,3.289,57356000.0,632564000.0,1062483000.0,1062483000.0,0.0,0.059,0.137,0.086,0.538,0.0,160409000.0,1.0,340662694.0,342890000.0,431992000.0,3.099,5734529000.0,607655000.0,172197000.0,0.0,16.724,
19,MTG,MRT,2016-09-30,2016-09-30,2016-09-30,2021-08-05,30155000.0,5873049000.0,5814895250.0,,,0.181,7.393,-6764000.0,274743000.0,274743000.0,287565000.0,337448000.0,,1.274,1178032000.0,,,1178032000.0,321326000.0,58522000.0,0.0,0.0,0.0,518994000.0,577516000.0,0.548,577516000.0,518994000.0,461678000.0,0.98,0.82,0.98,2583079000.0,2418574250.0,2583079000.0,3472352216.0,7.0,6.013,168586000.0,0.483,1.0,766831000.0,0.727,0.0,57316000.0,6776338000.0,6697098250.0,0.0,4725843000.0,,,3289970000.0,,,2725130216.0,-109793000.0,0.0,-91597000.0,34413000.0,0.0,-184648000.0,-100495000.0,-48987000.0,175350000.0,0.0,337448000.0,337448000.0,337448000.0,0.0,0.0,0.32,156799000.0,610032000.0,0.0,0.0,1.055,8.076,8.163,32009000.0,0.0,8.0,2.585,2.651,52053000.0,525077000.0,1054396000.0,1054396000.0,0.0,0.058,0.14,0.077,0.492,2113000.0,156799000.0,1.0,340641277.0,349376000.0,406050000.0,3.018,5873049000.0,602142000.0,124230000.0,0.0,16.81,
20,MTG,MRT,2016-06-30,2016-06-30,2016-06-30,2021-08-05,44840000.0,5744786000.0,5848670500.0,,,0.18,7.373,-5643000.0,300974000.0,300974000.0,303126000.0,1103682000.0,,1.287,1048196000.0,,,1048196000.0,308424000.0,57098000.0,0.0,0.0,0.0,566319000.0,623417000.0,0.594,623417000.0,566319000.0,505177000.0,3.24,2.46,3.24,2511679000.0,2309934250.0,2511679000.0,2874383610.0,5.0,4.611,270636000.0,0.794,1.0,746931000.0,0.711,0.0,61142000.0,6492008000.0,6733036000.0,0.0,4566078000.0,,,3233107000.0,,,2026785610.0,85204000.0,0.0,0.0,-201811000.0,0.0,-279949000.0,88874000.0,111760000.0,276279000.0,0.0,1103682000.0,1103682000.0,1103682000.0,0.0,0.0,1.051,164797000.0,582134000.0,0.0,0.0,0.807,1.836,1.836,30800000.0,0.0,5.95,1.93,1.93,51375000.0,468459000.0,1050057000.0,1050057000.0,0.0,0.189,0.478,0.084,0.539,2568000.0,164797000.0,1.0,340636237.0,340678000.0,446139000.0,3.082,5744786000.0,617266000.0,-598505000.0,0.0,16.863,
21,MTG,MRT,2016-03-31,2016-03-31,2016-03-31,2021-08-05,-11336000.0,5773403000.0,5724169500.0,,,0.18,6.889,-5970000.0,249898000.0,249898000.0,329441000.0,1108115000.0,,1.464,1097496000.0,,,1097496000.0,289879000.0,55357000.0,0.0,0.0,0.0,521185000.0,576542000.0,0.56,576542000.0,521185000.0,454914000.0,3.25,2.48,3.25,2343399000.0,1991585500.0,2343399000.0,3649770724.0,7.0,6.33,191669000.0,0.563,1.0,700211000.0,0.68,0.0,66271000.0,6621001000.0,6691902750.0,0.0,4564203000.0,,,3430004000.0,,,2607865724.0,17275000.0,0.0,0.0,-153070000.0,0.0,-227831000.0,47467000.0,9847000.0,197639000.0,0.0,1108115000.0,1108115000.0,1108115000.0,0.0,0.0,1.076,165079000.0,535132000.0,0.0,0.0,1.113,2.353,2.36,31047000.0,0.0,7.67,2.533,2.534,51040000.0,359238000.0,1029652000.0,1029652000.0,0.0,0.194,0.556,0.078,0.506,2568000.0,165079000.0,1.0,340008569.0,340144000.0,431365000.0,3.027,5773403000.0,702400000.0,-653201000.0,0.0,16.973,
22,MTG,MRT,2015-12-31,2015-12-31,2015-12-31,2021-08-05,-60880000.0,5868343000.0,5601501750.0,,,0.186,6.586,-4630000.0,181120000.0,181120000.0,319796000.0,1172000000.0,,1.624,1211823000.0,,,1211823000.0,279973000.0,52559000.0,0.0,0.0,0.0,556619000.0,609178000.0,0.585,609178000.0,556619000.0,487687000.0,3.45,2.6,3.45,2236140000.0,1702125750.0,2236140000.0,3911106160.0,7.0,6.42,156765000.0,0.462,1.0,721492000.0,0.693,0.0,68932000.0,6899046000.0,6623292750.0,0.0,4663206000.0,,,3632203000.0,,,2999167160.0,-16762000.0,0.0,0.0,-73105000.0,0.0,-81199000.0,-96958000.0,-109540000.0,161395000.0,0.0,1172000000.0,1172000000.0,1172000000.0,0.0,0.0,1.126,164366000.0,557126000.0,0.0,0.0,1.341,2.559,2.559,30095000.0,0.0,8.83,2.88,2.879,51788000.0,290047000.0,1041288000.0,1041288000.0,0.0,0.209,0.689,0.084,0.535,0.0,164366000.0,1.0,339656530.0,339552000.0,468039000.0,3.067,5868343000.0,762080000.0,-684313000.0,0.0,17.283,
23,MTG,MRT,2015-09-30,2015-09-30,2015-09-30,2021-08-05,-43147000.0,6008150000.0,5451024500.0,,,0.188,6.325,-3544000.0,384536000.0,384536000.0,336844000.0,1144010000.0,,1.796,1296475000.0,,,1296475000.0,265119000.0,48993000.0,0.0,0.0,0.0,523265000.0,572258000.0,0.559,572258000.0,523265000.0,453794000.0,3.36,2.57,3.36,2148519000.0,1402316500.0,2148519000.0,4225747084.0,8.0,7.384,63876000.0,0.188,1.0,687212000.0,0.671,0.0,69471000.0,6920089000.0,6485476250.0,0.0,4593965000.0,,,3859631000.0,,,3145054084.0,140614000.0,0.0,0.0,995000.0,0.0,2113000.0,71081000.0,16543000.0,67420000.0,0.0,1144010000.0,1144010000.0,1144010000.0,0.0,0.0,1.117,163110000.0,524102000.0,0.0,0.0,1.464,2.749,2.756,29265000.0,0.0,9.26,3.071,3.072,56041000.0,187630000.0,1024056000.0,1024056000.0,0.0,0.21,0.816,0.081,0.511,-2113000.0,163110000.0,1.0,339638670.0,339701000.0,468128000.0,3.015,6008150000.0,758851000.0,-690216000.0,0.0,17.687,
24,MTG,MRT,2015-06-30,2015-06-30,2015-06-30,2021-08-05,-128140000.0,5246782000.0,5283831500.0,,,0.187,3.645,-3202000.0,215770000.0,215770000.0,368896000.0,393175000.0,,3.237,1296463000.0,,,1296463000.0,244288000.0,45930000.0,0.0,0.0,0.0,468282000.0,514212000.0,0.52,514212000.0,468282000.0,398812000.0,1.15,0.97,1.15,1238284000.0,1111313750.0,1238284000.0,4928917065.0,11.0,9.585,-189229000.0,-0.557,1.0,620764000.0,0.627,0.0,69470000.0,6327475000.0,6349123250.0,0.0,4552110000.0,,,4008498000.0,,,3865088065.0,-126830000.0,0.0,0.0,995000.0,0.0,2568000.0,56629000.0,862000.0,-186027000.0,0.0,393175000.0,393175000.0,393175000.0,0.0,0.0,0.397,151645000.0,469119000.0,0.0,0.0,3.121,9.83,9.896,28925000.0,0.0,11.38,3.905,3.906,258928000.0,-635224000.0,989660000.0,989660000.0,0.0,0.074,0.354,0.074,0.473,-2568000.0,151645000.0,1.0,339638670.0,339705000.0,439127000.0,2.913,5246782000.0,0.0,5637000.0,0.0,15.445,
25,MTG,MRT,2015-03-31,2015-03-31,2015-03-31,2021-08-05,-64492000.0,5282732000.0,5316922000.0,,,0.184,3.496,-2312000.0,232623000.0,232623000.0,429299000.0,325043000.0,,3.456,1296452000.0,,,1296452000.0,223053000.0,45283000.0,0.0,0.0,0.0,399947000.0,445230000.0,0.455,445230000.0,399947000.0,330476000.0,0.95,0.81,0.95,1185560000.0,1034646500.0,1185560000.0,4345154874.0,11.0,9.759,-282410000.0,-0.833,1.0,548468000.0,0.561,0.0,69471000.0,6346561000.0,6346193750.0,0.0,4597763000.0,,,4097172000.0,,,3263808874.0,-64264000.0,0.0,0.0,995000.0,0.0,2568000.0,215197000.0,212058000.0,-280098000.0,-1931000.0,325043000.0,325043000.0,325043000.0,0.0,0.0,0.332,147684000.0,400784000.0,0.0,0.0,2.753,10.041,10.137,28565000.0,0.0,9.63,3.338,3.34,230313000.0,-748876000.0,977767000.0,977767000.0,0.0,0.061,0.314,0.063,0.409,-2568000.0,147684000.0,1.0,338920963.0,339107000.0,468121000.0,2.883,5282732000.0,0.0,5433000.0,0.0,15.578,
26,MTG,MRT,2014-12-31,2014-12-31,2014-12-31,2021-08-05,-81341000.0,5266434000.0,5362487750.0,,,0.176,3.063,-4707000.0,215094000.0,215094000.0,471367000.0,251949000.0,,4.079,1296440000.0,,,1296440000.0,203414000.0,48861000.0,0.0,0.0,0.0,324371000.0,373232000.0,0.396,373232000.0,324371000.0,254723000.0,0.74,0.64,0.74,1036903000.0,948435250.0,1036903000.0,4190673959.0,13.0,11.228,-409984000.0,-1.211,1.0,471267000.0,0.5,0.0,69648000.0,6347780000.0,6371320750.0,0.0,4612669000.0,,,4229531000.0,,,3155374959.0,-134810000.0,0.0,0.0,-20772000.0,0.0,-21767000.0,292234000.0,296713000.0,-405277000.0,0.0,251949000.0,251949000.0,251949000.0,0.0,0.0,0.267,146059000.0,325208000.0,0.0,0.0,3.043,12.524,12.595,28693000.0,0.0,9.32,3.347,3.347,202989000.0,-852458000.0,942634000.0,942634000.0,0.0,0.047,0.266,0.051,0.344,0.0,146059000.0,1.0,338559545.0,338523000.0,413522000.0,2.785,5266434000.0,0.0,2774000.0,0.0,15.557,
27,MTG,MRT,2014-09-30,2014-09-30,2014-09-30,2021-08-05,-56776000.0,5339378000.0,5446226750.0,,,0.175,2.907,-4818000.0,261129000.0,261129000.0,546734000.0,176114000.0,,4.423,1296428000.0,,,1296428000.0,185992000.0,53833000.0,0.0,0.0,0.0,249374000.0,303207000.0,0.318,303207000.0,249374000.0,179438000.0,0.52,0.45,0.52,984508000.0,875344000.0,984508000.0,3580763046.0,14.0,11.81,-620579000.0,-1.833,1.0,406640000.0,0.427,0.0,69936000.0,6374677000.0,6426514000.0,0.0,4630001000.0,,,4354870000.0,,,2644150046.0,-214148000.0,0.0,0.0,-21767000.0,0.0,-21767000.0,423380000.0,378129000.0,-615761000.0,0.0,176114000.0,176114000.0,176114000.0,0.0,0.0,0.185,157266000.0,249374000.0,0.0,0.0,2.686,15.014,15.019,28583000.0,0.0,7.81,2.773,2.774,179962000.0,-926887000.0,953374000.0,953374000.0,0.0,0.032,0.201,0.039,0.262,0.0,157266000.0,1.0,338559545.0,338626000.0,413576000.0,2.815,5339378000.0,0.0,3324000.0,0.0,15.768,
28,MTG,MRT,2014-06-30,2014-06-30,2014-06-30,2021-08-05,-35253000.0,5379144000.0,5575766750.0,,,0.174,2.751,-4036000.0,359803000.0,359803000.0,614600000.0,116211000.0,,4.774,1296416000.0,,,1296416000.0,168200000.0,58555000.0,0.0,0.0,0.0,189850000.0,248405000.0,0.255,248405000.0,189850000.0,119622000.0,0.35,0.31,0.35,931615000.0,804978500.0,931615000.0,4109960620.0,22.0,16.545,-745269000.0,-2.201,1.0,358108000.0,0.368,0.0,70228000.0,6315757000.0,6496944750.0,0.0,4614479000.0,,,4447529000.0,,,3127886620.0,-228864000.0,0.0,-57000.0,-21839000.0,0.0,-21896000.0,534265000.0,397307000.0,-741233000.0,0.0,116211000.0,116211000.0,116211000.0,0.0,0.0,0.119,168258000.0,189850000.0,0.0,0.0,3.357,26.916,26.4,28336000.0,0.0,9.24,3.216,3.217,100712000.0,-998903000.0,972708000.0,972708000.0,0.0,0.021,0.144,0.029,0.195,0.0,168258000.0,1.0,338515868.0,338626000.0,413481000.0,2.873,5379144000.0,0.0,3411000.0,0.0,15.885,
29,MTG,MRT,2014-03-31,2014-03-31,2014-03-31,2021-08-05,-78361000.0,5464995000.0,5741859000.0,,,0.175,2.486,-3791000.0,314331000.0,314331000.0,666283000.0,83064000.0,,5.5,1296405000.0,,,1296405000.0,160097000.0,61234000.0,0.0,0.0,0.0,157143000.0,218377000.0,0.217,218377000.0,157143000.0,86347000.0,0.26,0.23,0.26,840715000.0,742240250.0,840715000.0,3847229967.0,24.0,17.617,-880680000.0,-2.604,1.0,339049000.0,0.337,0.0,70796000.0,6447069000.0,6600250500.0,0.0,4761481000.0,,,4624280000.0,,,2880066967.0,-1338923000.0,0.0,-207000.0,-39047000.0,0.0,-39254000.0,-424711000.0,-372733000.0,-876889000.0,1931000.0,83064000.0,83064000.0,83064000.0,0.0,0.0,0.083,181906000.0,157143000.0,0.0,0.0,3.426,34.673,32.769,28650000.0,0.0,8.52,2.865,2.866,101441000.0,-1044426000.0,1005332000.0,1005332000.0,0.0,0.014,0.112,0.024,0.156,0.0,181906000.0,1.0,338036029.0,338213000.0,413180000.0,2.972,5464995000.0,0.0,3283000.0,0.0,16.158,
30,MTG,MRT,2013-12-31,2013-12-31,2013-12-31,2021-08-05,-117726000.0,5601390000.0,6002734750.0,,,0.173,2.388,-820000.0,350132000.0,350132000.0,813406000.0,-49848000.0,,6.523,1317295000.0,,,1317295000.0,154479000.0,69203000.0,0.0,0.0,0.0,33511000.0,102714000.0,0.099,102714000.0,33511000.0,-46152000.0,-0.16,-0.16,-0.16,744538000.0,726482000.0,744538000.0,3649540946.0,109.0,35.531,-971531000.0,-3.116,1.0,226029000.0,0.217,0.0,79663000.0,6568553000.0,6540268000.0,0.0,4866819000.0,,,4856852000.0,,,2850678946.0,-694933000.0,0.0,663335000.0,467390000.0,0.0,1130725000.0,-854947000.0,-836687000.0,-970711000.0,0.0,-49848000.0,-49848000.0,-49848000.0,0.0,0.0,-0.048,192518000.0,33511000.0,0.0,0.0,3.829,-57.187,-52.75,26185000.0,0.0,8.44,2.743,2.531,111337000.0,-1074617000.0,1039435000.0,1039435000.0,0.0,-0.008,-0.069,0.005,0.032,0.0,192518000.0,1.0,337758169.0,311754000.0,311754000.0,3.334,5601390000.0,0.0,3696000.0,0.0,17.967,
31,MTG,MRT,2013-09-30,2013-09-30,2013-09-30,2021-08-05,-159270000.0,5857538000.0,5995968250.0,,,0.193,2.081,0.0,518418000.0,518418000.0,1304210000.0,-435132000.0,,7.332,1317280000.0,,,1317280000.0,149369000.0,76508000.0,0.0,0.0,0.0,-342404000.0,-265896000.0,-0.229,-265896000.0,-342404000.0,-429732000.0,-2.14,-2.14,-2.14,703046000.0,589582500.0,703046000.0,3144346470.0,-9.0,-11.825,-1088694000.0,-3.222,1.0,-145344000.0,-0.125,0.0,87328000.0,6656400000.0,6240934250.0,0.0,5020172000.0,,,5154492000.0,,,2458879470.0,-272334000.0,0.0,663335000.0,467390000.0,0.0,1130725000.0,-314365000.0,-267467000.0,-1088694000.0,0.0,-435132000.0,-435132000.0,-435132000.0,0.0,0.0,-0.375,197060000.0,-342404000.0,0.0,0.0,3.497,-5.651,-3.402,26411000.0,0.0,7.28,2.122,2.122,79639000.0,-1073210000.0,1158866000.0,1158866000.0,0.0,-0.073,-0.738,-0.055,-0.295,0.0,197060000.0,1.0,337758169.0,337868000.0,339426000.0,3.43,5857538000.0,0.0,5400000.0,0.0,17.337,
32,MTG,MRT,2013-06-30,2013-06-30,2013-06-30,2021-08-05,-168432000.0,6043513000.0,6033806250.0,,,0.201,2.015,0.0,631797000.0,631797000.0,1608811000.0,-694188000.0,,7.879,1317264000.0,,,1317264000.0,142418000.0,86147000.0,0.0,0.0,0.0,-597943000.0,-511796000.0,-0.423,-511796000.0,-597943000.0,-692096000.0,-3.4,-3.4,-3.4,680662000.0,580815000.0,680662000.0,1748833086.0,-3.0,-3.417,-1223111000.0,-3.62,1.0,-398175000.0,-0.329,0.0,94153000.0,6728980000.0,6100219500.0,0.0,4998991000.0,,,5362851000.0,,,2050192086.0,8319000.0,0.0,663392000.0,467462000.0,0.0,1130854000.0,100576000.0,277605000.0,-1223111000.0,0.0,-694188000.0,-694188000.0,-694188000.0,0.0,0.0,-0.573,199768000.0,-597943000.0,0.0,0.0,3.012,-2.953,-1.785,26566000.0,0.0,6.07,1.693,1.694,76750000.0,-1085323000.0,1210636000.0,1210636000.0,0.0,-0.115,-1.195,-0.098,-0.494,0.0,199768000.0,1.0,337758169.0,337868000.0,339341000.0,3.583,6043513000.0,0.0,2092000.0,0.0,17.887,
33,MTG,MRT,2013-03-31,2013-03-31,2013-03-31,2021-08-05,-57801000.0,6508498000.0,6102587000.0,,,0.208,3.347,0.0,1635810000.0,1635810000.0,1947870000.0,-980454000.0,,7.369,1334451000.0,,,1334451000.0,140213000.0,98297000.0,0.0,0.0,0.0,-881120000.0,-782823000.0,-0.617,-782823000.0,-881120000.0,-982243000.0,-4.8,-4.8,-4.8,777682000.0,627455250.0,777682000.0,798300013.0,-1.0,-1.02,-1396694000.0,-6.011,1.0,-680004000.0,-0.536,0.0,101123000.0,6207139000.0,6058356500.0,0.0,4540690000.0,,,5730816000.0,,,1001406013.0,733204000.0,0.0,663542000.0,431563000.0,0.0,1095105000.0,1034793000.0,1018063000.0,-1396694000.0,0.0,-980454000.0,-980454000.0,-980454000.0,0.0,0.0,-0.773,201116000.0,-881120000.0,0.0,0.0,1.288,-1.021,-1.031,26863000.0,0.0,4.95,0.79,0.907,85924000.0,-1097696000.0,1267866000.0,1267866000.0,0.0,-0.161,-1.563,-0.145,-0.695,0.0,201116000.0,1.0,202304245.0,232348000.0,232348000.0,5.457,6508498000.0,0.0,-1789000.0,0.0,28.012,
34,MTG,MRT,2012-12-31,2012-12-31,2012-12-31,2021-08-05,-48163000.0,5574324000.0,6178491000.0,,,0.223,0.975,0.0,1027625000.0,1027625000.0,2006217000.0,-927079000.0,,27.305,824519000.0,,,824519000.0,138840000.0,100135000.0,0.0,0.0,0.0,-829300000.0,-729165000.0,-0.529,-729165000.0,-829300000.0,-928644000.0,-4.59,-4.59,-4.59,196940000.0,715922750.0,196940000.0,622055865.0,-1.0,-0.853,-1568600000.0,-7.77,1.0,-627853000.0,-0.456,0.0,99344000.0,5371218000.0,6200983500.0,0.0,4230275000.0,,,5377384000.0,,,537404865.0,31826000.0,0.0,0.0,-53107000.0,0.0,-53107000.0,1653533000.0,1653553000.0,-1568600000.0,0.0,-927079000.0,-927079000.0,-927079000.0,0.0,0.0,-0.673,201447000.0,-829300000.0,0.0,0.0,2.729,-0.58,-0.58,27190000.0,0.0,2.66,0.39,0.39,84274000.0,-990281000.0,1378364000.0,1378364000.0,0.0,-0.15,-1.295,-0.134,-0.602,0.0,201447000.0,1.0,202031904.0,201892000.0,201892000.0,6.827,5574324000.0,0.0,-1565000.0,0.0,27.61,
35,MTG,MRT,2012-09-30,2012-09-30,2012-09-30,2021-08-05,38373000.0,6008890000.0,6588967500.0,,,0.221,3.307,0.0,730404000.0,730404000.0,1798293000.0,-675682000.0,,7.996,815055000.0,,,815055000.0,140137000.0,101888000.0,0.0,0.0,0.0,-544922000.0,-443034000.0,-0.305,-443034000.0,-544922000.0,-644081000.0,-3.36,-3.36,-3.36,667976000.0,965891500.0,667976000.0,552000813.0,-1.0,-1.246,-1640372000.0,-8.12,1.0,-344311000.0,-0.237,0.0,99159000.0,6093541000.0,6628271000.0,0.0,4926764000.0,,,5340914000.0,,,309108813.0,-136210000.0,0.0,0.0,-102650000.0,0.0,-102650000.0,1606812000.0,1625702000.0,-1640372000.0,0.0,-675682000.0,-675682000.0,-675682000.0,0.0,0.0,-0.465,200611000.0,-544922000.0,0.0,0.0,0.463,-0.457,-0.455,26891000.0,0.0,1.53,0.213,0.213,85364000.0,-603592000.0,1453982000.0,1453982000.0,0.0,-0.103,-0.7,-0.082,-0.375,0.0,200611000.0,1.0,202031904.0,202014000.0,202014000.0,7.197,6008890000.0,0.0,31601000.0,0.0,29.745,
36,MTG,MRT,2012-06-30,2012-06-30,2012-06-30,2021-08-05,-7223000.0,6318636000.0,7023570750.0,,,0.211,4.293,0.0,563145000.0,563145000.0,1767582000.0,-593945000.0,,6.286,806037000.0,,,806037000.0,143187000.0,97064000.0,0.0,0.0,0.0,-485060000.0,-387996000.0,-0.261,-387996000.0,-485060000.0,-585502000.0,-2.96,-2.96,-2.96,867223000.0,1146103750.0,867223000.0,547380212.0,-1.0,-1.411,-1760497000.0,-8.715,1.0,-282650000.0,-0.19,0.0,100442000.0,6561528000.0,7056546250.0,0.0,5401674000.0,,,5451413000.0,,,581847212.0,-475423000.0,0.0,0.0,-180059000.0,0.0,-180059000.0,1465133000.0,1452474000.0,-1760497000.0,0.0,-593945000.0,-593945000.0,-593945000.0,0.0,0.0,-0.4,202410000.0,-485060000.0,0.0,0.0,0.671,-0.98,-0.973,27290000.0,0.0,2.88,0.392,0.392,87032000.0,-356650000.0,1484932000.0,1484932000.0,0.0,-0.085,-0.518,-0.069,-0.327,0.0,202410000.0,1.0,202030282.0,202013000.0,202013000.0,7.351,6318636000.0,0.0,8443000.0,0.0,31.278,
37,MTG,MRT,2012-03-31,2012-03-31,2012-03-31,2021-08-05,-14711000.0,6812114000.0,7511345750.0,,,0.204,5.615,0.0,902606000.0,902606000.0,1692049000.0,-471786000.0,,5.02,868139000.0,,,868139000.0,147375000.0,89964000.0,0.0,0.0,0.0,-368743000.0,-278779000.0,-0.182,-278779000.0,-368743000.0,-470599000.0,-2.35,-2.35,-2.35,1131552000.0,1307513000.0,1131552000.0,863414692.0,-2.0,-3.097,-1886533000.0,-9.361,1.0,-161200000.0,-0.105,0.0,101856000.0,6777647000.0,7472944000.0,0.0,5536249000.0,,,5680562000.0,,,999276692.0,-209728000.0,0.0,0.0,-178721000.0,0.0,-178721000.0,1855526000.0,1835711000.0,-1886533000.0,0.0,-471786000.0,-471786000.0,-471786000.0,0.0,0.0,-0.308,207543000.0,-368743000.0,0.0,0.0,0.883,-2.118,-2.111,27590000.0,0.0,4.96,0.653,0.653,85224000.0,-82759000.0,1530849000.0,1530849000.0,0.0,-0.063,-0.361,-0.049,-0.241,0.0,207543000.0,1.0,201467075.0,201528000.0,201528000.0,7.596,6812114000.0,0.0,1187000.0,0.0,33.802,
38,MTG,MRT,2011-12-31,2011-12-31,2011-12-31,2021-08-05,30124000.0,7216230000.0,8020310250.0,,,0.188,5.954,0.0,995799000.0,995799000.0,1670557000.0,-485892000.0,,5.03,859937000.0,,,859937000.0,154866000.0,84828000.0,0.0,0.0,0.0,-381028000.0,-296200000.0,-0.197,-296200000.0,-381028000.0,-484299000.0,-2.42,-2.42,-2.42,1196815000.0,1426701750.0,1196815000.0,809708799.0,-2.0,-2.734,-1883851000.0,-9.372,1.0,-166278000.0,-0.111,0.0,103271000.0,7080368000.0,7973366500.0,0.0,5823647000.0,,,6019415000.0,,,750369799.0,-308355000.0,0.0,0.0,-178721000.0,0.0,-178721000.0,1754217000.0,1756445000.0,-1883851000.0,0.0,-485892000.0,-485892000.0,-485892000.0,0.0,0.0,-0.323,214750000.0,-381028000.0,0.0,0.0,0.627,-1.544,-1.541,28145000.0,0.0,3.73,0.499,0.498,90964000.0,-11635000.0,1504279000.0,1504279000.0,0.0,-0.061,-0.341,-0.048,-0.253,0.0,214750000.0,1.0,201171528.0,201019000.0,201019000.0,7.483,7216230000.0,0.0,1593000.0,0.0,35.898,
39,MTG,MRT,2011-09-30,2011-09-30,2011-09-30,2021-08-05,89393000.0,7747303000.0,8549663250.0,,,0.166,6.906,0.0,866614000.0,866614000.0,1630296000.0,-537265000.0,,4.578,925953000.0,,,925953000.0,166703000.0,77479000.0,0.0,0.0,0.0,-429543000.0,-352064000.0,-0.248,-352064000.0,-429543000.0,-533442000.0,-2.75,-2.75,-2.75,1388825000.0,1544761750.0,1388825000.0,333527232.0,-1.0,-0.947,-1838023000.0,-9.139,1.0,-211932000.0,-0.149,0.0,103899000.0,7806642000.0,8469885250.0,0.0,6458220000.0,,,6358478000.0,,,376144232.0,-1299487000.0,83500000.0,0.0,-130178000.0,0.0,-130178000.0,668714000.0,593995000.0,-1838023000.0,0.0,-537265000.0,-537265000.0,-537265000.0,0.0,0.0,-0.379,217611000.0,-429543000.0,0.0,0.0,0.271,-0.7,-0.68,28527000.0,0.0,1.87,0.265,0.265,90997000.0,123657000.0,1418364000.0,1418364000.0,0.0,-0.063,-0.348,-0.051,-0.303,0.0,217611000.0,1.0,201146648.0,201109000.0,201109000.0,7.053,7747303000.0,0.0,3823000.0,0.0,38.523,
40,MTG,MRT,2011-06-30,2011-06-30,2011-06-30,2021-08-05,50977000.0,8269736000.0,9109528250.0,,,0.161,7.523,0.0,1038568000.0,1038568000.0,1555721000.0,-423588000.0,,4.466,995951000.0,,,995951000.0,186985000.0,72326000.0,0.0,0.0,0.0,-314941000.0,-242615000.0,-0.166,-242615000.0,-314941000.0,-419781000.0,-2.19,-2.19,-2.19,1512860000.0,1693416750.0,1512860000.0,1128163089.0,-4.0,-4.65,-1669101000.0,-8.3,1.0,-92201000.0,-0.063,0.0,104840000.0,8227119000.0,8731264750.0,0.0,6746449000.0,,,6756876000.0,,,1196798089.0,-1357000000.0,83500000.0,76000.0,-52846000.0,0.0,-52770000.0,364871000.0,319839000.0,-1669101000.0,0.0,-423588000.0,-423588000.0,-423588000.0,0.0,0.0,-0.289,222740000.0,-314941000.0,0.0,0.0,0.791,-2.825,-2.717,28962000.0,0.0,5.95,0.818,0.818,108938000.0,288865000.0,1463520000.0,1463520000.0,0.0,-0.046,-0.25,-0.036,-0.215,0.0,222740000.0,1.0,201142536.0,201097000.0,201097000.0,7.278,8269736000.0,0.0,3807000.0,0.0,41.123,
41,MTG,MRT,2011-03-31,2011-03-31,2011-03-31,2021-08-05,-2551000.0,8847972000.0,9588366750.0,,,0.157,8.012,0.0,1112334000.0,1112334000.0,1416662000.0,-247305000.0,,4.501,1043699000.0,,,1043699000.0,200661000.0,67815000.0,0.0,0.0,0.0,-136541000.0,-68726000.0,-0.046,-68726000.0,-136541000.0,-240154000.0,-1.3,-1.31,-1.3,1608307000.0,1808385000.0,1608307000.0,1520715635.0,-11.0,-22.127,-1099314000.0,-5.476,1.0,86206000.0,0.057,0.0,103613000.0,8779337000.0,8878201250.0,0.0,7203418000.0,,,7239665000.0,,,1787914635.0,294211000.0,83500000.0,772376000.0,333373000.0,0.0,1105749000.0,287776000.0,212948000.0,-1099314000.0,0.0,-247305000.0,-247305000.0,-247305000.0,0.0,0.0,-0.165,222747000.0,-136541000.0,0.0,0.0,1.112,-7.23,-6.838,28883000.0,0.0,8.89,1.19,1.187,116421000.0,440596000.0,1502868000.0,1502868000.0,0.0,-0.026,-0.137,-0.015,-0.091,0.0,222747000.0,1.0,201115257.0,200744000.0,200744000.0,7.486,8847972000.0,0.0,7151000.0,0.0,44.076,
42,MTG,MRT,2010-12-31,2010-12-31,2010-12-31,2021-08-05,22136000.0,9333642000.0,9688978000.0,,,0.157,9.461,0.0,1304154000.0,1304154000.0,1556194000.0,-363735000.0,,4.592,1036955000.0,,,1036955000.0,215157000.0,60882000.0,0.0,0.0,0.0,-260811000.0,-199929000.0,-0.131,-199929000.0,-260811000.0,-359400000.0,-2.06,-2.06,-2.06,1669055000.0,1695796750.0,1669055000.0,907978302.0,-3.0,-4.542,-875430000.0,-4.963,1.0,-35669000.0,-0.023,0.0,98589000.0,9066443000.0,8960059750.0,0.0,7458282000.0,,,7664587000.0,,,2042581302.0,118415000.0,83500000.0,772376000.0,333373000.0,0.0,1105749000.0,-111904000.0,-197679000.0,-875430000.0,0.0,-363735000.0,-363735000.0,-363735000.0,0.0,0.0,-0.239,225142000.0,-260811000.0,0.0,0.0,1.224,-5.616,-4.947,28638000.0,0.0,10.19,1.343,1.182,113727000.0,525562000.0,1520525000.0,1520525000.0,0.0,-0.038,-0.214,-0.029,-0.172,0.0,225142000.0,1.0,200449588.0,176406000.0,176406000.0,8.619,9333642000.0,0.0,4335000.0,0.0,52.91,
43,MTG,MRT,2010-09-30,2010-09-30,2010-09-30,2021-08-05,153228000.0,9986763000.0,9706672250.0,,,0.161,9.913,0.0,2166101000.0,2166101000.0,1992354000.0,-457182000.0,,4.035,1031498000.0,,,1031498000.0,234178000.0,56542000.0,0.0,0.0,0.0,-655191000.0,-598649000.0,-0.383,-598649000.0,-655191000.0,-748834000.0,-3.58,-3.59,-3.58,1983445000.0,1604178250.0,1983445000.0,479924697.0,-1.0,-0.802,-540653000.0,-2.702,1.0,-427381000.0,-0.273,0.0,93643000.0,8852160000.0,8915339750.0,0.0,7123031000.0,,,8003318000.0,,,1850149697.0,1296379000.0,0.0,772376000.0,327680000.0,0.0,1100056000.0,736976000.0,808635000.0,-540653000.0,0.0,-457182000.0,-457182000.0,-457182000.0,0.0,0.0,-0.292,227810000.0,-655191000.0,0.0,0.0,0.933,-4.047,-2.578,28046000.0,0.0,9.23,1.182,1.18,90237000.0,712230000.0,1564973000.0,1564973000.0,0.0,-0.047,-0.285,-0.073,-0.419,0.0,227810000.0,1.0,200449588.0,200077000.0,200077000.0,7.822,9986763000.0,0.0,-291652000.0,0.0,49.915,
44,MTG,MRT,2010-06-30,2010-06-30,2010-06-30,2021-08-05,94329000.0,10185090000.0,9580229250.0,,,0.167,10.83,0.0,2395568000.0,2395568000.0,2568360000.0,-923422000.0,,4.163,1025343000.0,,,1025343000.0,249438000.0,55973000.0,0.0,0.0,0.0,-1201712000.0,-1145739000.0,-0.718,-1145739000.0,-1201712000.0,-1289239000.0,-7.49,-7.5,-7.49,1972733000.0,1520592250.0,1972733000.0,1237422916.0,-1.0,-1.08,-283898000.0,-1.559,1.0,-972375000.0,-0.609,0.0,87527000.0,8814865000.0,9022917500.0,0.0,7086303000.0,,,8212357000.0,,,1381068916.0,1387378000.0,0.0,772300000.0,291858000.0,0.0,1064158000.0,607118000.0,613211000.0,-283898000.0,0.0,-923422000.0,-923422000.0,-923422000.0,0.0,0.0,-0.579,229337000.0,-1201712000.0,0.0,0.0,0.7,-1.496,-0.92,27932000.0,0.0,6.89,0.865,0.786,94907000.0,763760000.0,1595985000.0,1595985000.0,0.0,-0.096,-0.607,-0.133,-0.753,0.0,229337000.0,1.0,200445416.0,182156000.0,182156000.0,8.762,10185090000.0,0.0,-365817000.0,0.0,55.914,
45,MTG,MRT,2010-03-31,2010-03-31,2010-03-31,2021-08-05,79945000.0,9250417000.0,9339464000.0,,,0.176,9.272,0.0,818123000.0,818123000.0,2966147000.0,-1287808000.0,,6.989,674477000.0,,,674477000.0,265052000.0,55626000.0,0.0,0.0,0.0,-1559043000.0,-1503417000.0,-0.914,-1503417000.0,-1559043000.0,-1645401000.0,-10.37,-10.37,-10.37,1157954000.0,1531661250.0,1157954000.0,860576506.0,-1.0,-0.572,-296759000.0,-2.376,1.0,-1322035000.0,-0.804,0.0,86358000.0,9106771000.0,9049769500.0,0.0,7470237000.0,,,8092463000.0,,,1377432506.0,-394574000.0,0.0,0.0,-274930000.0,0.0,-274930000.0,177115000.0,174903000.0,-296759000.0,0.0,-1287808000.0,-1287808000.0,-1287808000.0,0.0,0.0,-0.783,237008000.0,-1559043000.0,0.0,0.0,1.19,-1.07,-1.058,28745000.0,0.0,10.97,0.838,0.833,90091000.0,739208000.0,1644112000.0,1644112000.0,0.0,-0.138,-0.841,-0.172,-0.948,0.0,237008000.0,1.0,125563583.0,124889000.0,124889000.0,13.165,9250417000.0,266905000.0,-357593000.0,0.0,74.069,
46,MTG,MRT,2009-12-31,2009-12-31,2009-12-31,2021-08-05,74155000.0,9404419000.0,9360030750.0,,,0.183,10.487,0.0,1185739000.0,1185739000.0,3118294000.0,-1322277000.0,,6.22,668883000.0,,,668883000.0,280738000.0,60349000.0,0.0,0.0,0.0,-1675787000.0,-1615438000.0,-0.946,-1615438000.0,-1675787000.0,-1765053000.0,-10.65,-10.65,-10.65,1302581000.0,1823341250.0,1302581000.0,524568502.0,0.0,-0.325,329954000.0,2.656,1.0,-1409768000.0,-0.825,0.0,89266000.0,8887563000.0,9039127000.0,0.0,7254465000.0,,,8101838000.0,,,723088502.0,88405000.0,0.0,0.0,-294352000.0,0.0,-294352000.0,52803000.0,70693000.0,329954000.0,0.0,-1322277000.0,-1322277000.0,-1322277000.0,0.0,0.0,-0.774,266019000.0,-1675787000.0,0.0,0.0,0.555,-0.547,-0.543,29556000.0,0.0,5.78,0.423,0.42,102990000.0,924707000.0,1708526000.0,1708526000.0,0.0,-0.141,-0.725,-0.185,-0.981,0.0,239612000.0,1.0,125101817.0,124209000.0,124209000.0,13.755,9404419000.0,275187000.0,-442776000.0,0.0,75.714,
47,MTG,MRT,2009-09-30,2009-09-30,2009-09-30,2021-08-05,144545000.0,9480991000.0,9295609500.0,,,0.184,13.268,0.0,869722000.0,869722000.0,3025886000.0,-1317751000.0,,4.749,671202000.0,,,671202000.0,299591000.0,58006000.0,0.0,0.0,0.0,-1585686000.0,-1527680000.0,-0.891,-1527680000.0,-1585686000.0,-1677817000.0,-10.75,-10.75,-10.75,1649101000.0,2106254250.0,1649101000.0,627247819.0,0.0,-0.411,889138000.0,7.153,1.0,-1311397000.0,-0.765,0.0,92131000.0,9282471000.0,9072314000.0,0.0,7854791000.0,,,7831890000.0,,,927003819.0,-218312000.0,0.0,0.0,-287659000.0,0.0,-287659000.0,-819791000.0,-787533000.0,889138000.0,0.0,-1317751000.0,-1317751000.0,-1317751000.0,0.0,0.0,-0.769,274289000.0,-1585686000.0,0.0,0.0,0.562,-0.703,-0.689,29425000.0,0.0,7.41,0.541,0.537,99094000.0,1204824000.0,1714489000.0,1714489000.0,0.0,-0.142,-0.626,-0.175,-0.925,0.0,247071000.0,1.0,125101730.0,124296000.0,124296000.0,13.794,9480991000.0,0.0,-360066000.0,13873000.0,76.278,
48,MTG,MRT,2009-06-30,2009-06-30,2009-06-30,2021-08-05,-1459000.0,9222029000.0,9163643000.0,,,0.192,16.234,0.0,1008190000.0,1008190000.0,2658221000.0,-915368000.0,,3.572,708434000.0,,,708434000.0,313084000.0,51155000.0,0.0,0.006,0.025,-1170272000.0,-1119117000.0,-0.635,-1119117000.0,-1170272000.0,-1265183000.0,-7.51,-7.51,-7.51,2017009000.0,2351135500.0,2017009000.0,281930437.0,0.0,-0.252,938138000.0,7.551,1.0,-895437000.0,-0.508,0.0,94911000.0,8922273000.0,8986262250.0,0.0,7478278000.0,,,7205020000.0,,,550413437.0,-52473000.0,122666000.0,0.0,-351864000.0,-3146000.0,-355010000.0,-635601000.0,-808185000.0,938138000.0,0.0,-915368000.0,-915368000.0,-915368000.0,0.0,0.0,-0.519,278187000.0,-1173624000.0,0.0,-0.003,0.273,-0.601,-0.586,30146000.0,0.0,4.4,0.312,0.31,99691000.0,1722593000.0,1762784000.0,1762784000.0,0.0,-0.1,-0.389,-0.13,-0.664,0.0,250362000.0,1.0,125093963.0,124244000.0,124244000.0,14.188,9222029000.0,0.0,-349815000.0,28177000.0,74.225,
49,MTG,MRT,2009-03-31,2009-03-31,2009-03-31,2021-08-05,-30328000.0,9332684000.0,9050781750.0,,,0.191,18.748,0.0,1212697000.0,1212697000.0,2480221000.0,-675418000.0,,3.015,944214000.0,,,944214000.0,327212000.0,46260000.0,0.0,0.039,0.055,-1017942000.0,-971682000.0,-0.561,-971682000.0,-1017942000.0,-1111869000.0,-5.58,-5.58,-5.58,2324674000.0,2563482750.0,2324674000.0,154136126.0,0.0,-0.159,1533696000.0,12.369,1.0,-747386000.0,-0.431,0.0,93927000.0,9064201000.0,8976240750.0,0.0,7425438000.0,,,7008010000.0,,,177431126.0,125454000.0,149978000.0,-1210000.0,-95993000.0,-6111000.0,-103314000.0,-1304928000.0,-1411518000.0,1533696000.0,0.0,-675418000.0,-675418000.0,-675418000.0,0.0,0.0,-0.39,285065000.0,-1032451000.0,0.0,-0.01,0.076,-0.263,-0.254,31065000.0,0.0,1.42,0.102,0.102,101070000.0,2062133000.0,1732835000.0,1732835000.0,0.0,-0.075,-0.263,-0.113,-0.587,0.0,256877000.0,1.0,124951497.0,123999000.0,123999000.0,13.975,9332684000.0,0.0,-436451000.0,20450000.0,75.264,
50,MTG,MRT,2008-12-31,2008-12-31,2008-12-31,2021-08-05,-106789000.0,9146734000.0,8884710000.0,,,0.194,21.36,0.0,1097334000.0,1097334000.0,2314996000.0,-525355000.0,,2.758,970911000.0,,,970911000.0,336098000.0,33688000.0,0.0,0.023,0.08,-842079000.0,-808391000.0,-0.47,-808391000.0,-842079000.0,-923153000.0,-4.61,-4.61,-4.61,2434233000.0,2728995000.0,2434233000.0,420377255.0,0.0,-0.52,1364908000.0,11.977,1.0,-593470000.0,-0.345,0.0,81074000.0,9020311000.0,8893976000.0,0.0,7045536000.0,,,6712501000.0,,,435238255.0,808401000.0,149770000.0,459717000.0,277199000.0,-8159000.0,728757000.0,-1285264000.0,-1454581000.0,1364908000.0,0.0,-525355000.0,-525355000.0,-525355000.0,0.0,0.0,-0.305,273095000.0,-866565000.0,0.0,-0.017,0.179,-0.828,-0.755,32255000.0,0.0,3.48,0.253,0.23,102017000.0,2247234000.0,1721526000.0,1721526000.0,0.0,-0.059,-0.193,-0.095,-0.489,0.0,271314000.0,1.0,125068464.0,113962000.0,113962000.0,15.106,9146734000.0,370473000.0,-397798000.0,0.0,80.261,
51,MTG,MRT,2008-09-30,2008-09-30,2008-09-30,2021-08-05,-115292000.0,8953125000.0,8527116750.0,,,0.2,21.227,0.0,1088034000.0,1088034000.0,4098150000.0,-1716394000.0,,2.406,1073173000.0,,,1073173000.0,336084000.0,26952000.0,0.0,0.015,0.105,-2670712000.0,-2643760000.0,-1.547,-2643760000.0,-2670712000.0,-2739604000.0,-20.19,-20.19,-20.19,2628626000.0,2769022500.0,2628626000.0,990834302.0,0.0,-0.375,1270855000.0,10.263,1.0,-2389025000.0,-1.398,0.0,68892000.0,8938264000.0,8695317750.0,0.0,6650327000.0,,,6324499000.0,,,879231302.0,670232000.0,149965000.0,459717000.0,272199000.0,-9937000.0,721979000.0,-1322602000.0,-1570731000.0,1270855000.0,0.0,-1716394000.0,-1716394000.0,-1716394000.0,0.0,0.0,-1.004,281499000.0,-2670524000.0,0.0,-0.005,0.334,-0.512,-0.348,32417000.0,0.0,7.03,0.514,0.509,108258000.0,2527023000.0,1709125000.0,1709125000.0,0.0,-0.201,-0.62,-0.307,-1.563,0.0,280529000.0,1.0,125068464.0,123834000.0,123834000.0,13.802,8953125000.0,414303000.0,-1023210000.0,0.0,72.299,
52,MTG,MRT,2008-06-30,2008-06-30,2008-06-30,2021-08-05,10927000.0,8770584000.0,7998432750.0,,,0.225,23.147,0.0,1060663000.0,1060663000.0,4116392000.0,-1973478000.0,,2.06,1172266000.0,,,1172266000.0,320385000.0,29714000.0,0.0,0.054,0.33,-2912411000.0,-2882697000.0,-1.599,-2882697000.0,-2912411000.0,-2968863000.0,-23.87,-23.87,-23.87,2866398000.0,3119938000.0,2866398000.0,830886431.0,0.0,-0.288,1255941000.0,10.142,1.0,-2313459000.0,-1.283,0.0,56452000.0,8882187000.0,8266696250.0,0.0,6865940000.0,,,5904186000.0,,,764141431.0,877276000.0,217917000.0,451979000.0,527603000.0,-27286000.0,779583000.0,-1158248000.0,-1392221000.0,1255941000.0,0.0,-1973478000.0,-1973478000.0,-1973478000.0,0.0,0.0,-1.095,304793000.0,-2618252000.0,0.0,-0.014,0.267,-0.387,-0.256,33067000.0,0.0,6.11,0.424,0.42,116758000.0,2643443000.0,1802933000.0,1802933000.0,0.0,-0.247,-0.633,-0.352,-1.615,0.0,304430000.0,1.0,125064064.0,123834000.0,123834000.0,14.559,8770584000.0,256940000.0,-995385000.0,0.0,70.825,
53,MTG,MRT,2008-03-31,2008-03-31,2008-03-31,2021-08-05,39217000.0,8668397000.0,7505513500.0,,,0.233,35.503,0.0,1087243000.0,1087243000.0,3822373000.0,-1796878000.0,,1.902,1153988000.0,,,1153988000.0,296067000.0,24765000.0,0.0,0.052,0.55,-2659875000.0,-2635110000.0,-1.508,-2635110000.0,-2659875000.0,-2701975000.0,-22.12,-22.13,-22.12,2986723000.0,3503231500.0,2986723000.0,1369148004.0,-1.0,-0.52,713859000.0,8.485,1.0,-2074934000.0,-1.187,0.0,42100000.0,8735142000.0,7861680000.0,0.0,6345214000.0,,,5681674000.0,,,859831004.0,832200000.0,186899000.0,385653000.0,541284000.0,-45107000.0,823660000.0,-705319000.0,-945291000.0,713859000.0,0.0,-1796878000.0,-1796878000.0,-1796878000.0,0.0,0.0,-1.028,311524000.0,-2386458000.0,0.0,-0.025,0.288,-0.479,-0.476,33772000.0,0.0,10.53,0.492,0.507,111374000.0,2745802000.0,1747439000.0,1747439000.0,0.0,-0.239,-0.513,-0.338,-1.522,0.0,311524000.0,1.0,81655366.0,84127000.0,84127000.0,20.771,8668397000.0,694110000.0,-905097000.0,0.0,103.039,
54,MTG,MRT,2007-12-31,2007-12-31,2007-12-31,2021-08-05,70675000.0,7716361000.0,7000336750.0,,,0.242,31.913,0.0,288933000.0,288933000.0,3576264000.0,-1670018000.0,,1.974,798250000.0,,,798250000.0,272233000.0,24695000.0,0.0,0.035,0.775,-2462009000.0,-2437314000.0,-1.439,-2437314000.0,-2462009000.0,-2503995000.0,-20.54,-20.54,-20.54,2594343000.0,3870404750.0,2594343000.0,2220012697.0,-1.0,-0.911,631971000.0,7.774,1.0,-1883058000.0,-1.112,0.0,41986000.0,8225678000.0,7428027750.0,0.0,6039927000.0,,,5122018000.0,,,1834623697.0,-4805000.0,186897000.0,-72077000.0,12890000.0,-63819000.0,-123006000.0,-513770000.0,-699405000.0,631971000.0,0.0,-1670018000.0,-1670018000.0,-1670018000.0,0.0,0.0,-0.986,309610000.0,-2192668000.0,0.0,-0.038,0.707,-1.099,-1.092,34603000.0,0.0,22.43,1.084,1.077,116048000.0,4350316000.0,1693206000.0,1693206000.0,0.0,-0.239,-0.431,-0.331,-1.454,0.0,309610000.0,1.0,81793299.0,81294000.0,81294000.0,20.828,7716361000.0,865665000.0,-833977000.0,0.0,94.919,
55,MTG,MRT,2007-09-30,2007-09-30,2007-09-30,2021-08-05,44291000.0,6838389000.0,6726664250.0,,,0.247,49.913,0.0,417802000.0,417802000.0,1206544000.0,-81922000.0,,0.696,803191000.0,,,803191000.0,227660000.0,25899000.0,0.0,0.031,1.0,-54000000.0,-28101000.0,-0.017,-28101000.0,-54000000.0,-95820000.0,-1.05,-1.08,-1.05,4032288000.0,4295788250.0,4032288000.0,3106512578.0,-58.0,-110.548,355696000.0,4.403,1.0,454813000.0,0.274,0.0,41820000.0,7223778000.0,7148910750.0,0.0,5605331000.0,,,2806101000.0,,,2643297578.0,160388000.0,179306000.0,-84648000.0,15823000.0,-82795000.0,-151004000.0,-44304000.0,-231021000.0,355696000.0,0.0,-81922000.0,-81922000.0,-81922000.0,0.0,0.0,-0.049,311124000.0,143689000.0,0.0,-0.952,0.656,-32.266,-30.771,34380000.0,0.0,32.31,1.591,1.571,111424000.0,5818720000.0,1661357000.0,1661357000.0,0.0,-0.012,-0.019,-0.008,-0.033,0.0,311124000.0,1.0,81810510.0,80786000.0,80786000.0,20.565,6838389000.0,361051000.0,-13898000.0,0.0,84.648,
56,MTG,MRT,2007-06-30,2007-06-30,2007-06-30,2021-08-05,11075000.0,6798907000.0,6645863250.0,,,0.222,53.452,0.0,183387000.0,183387000.0,769267000.0,420525000.0,,0.545,646602000.0,,,646602000.0,208247000.0,19444000.0,0.0,0.018,1.0,539336000.0,558780000.0,0.379,558780000.0,539336000.0,498593000.0,5.12,5.08,5.12,4399572000.0,4342739750.0,4399572000.0,5076041547.0,9.0,9.084,458120000.0,5.566,1.0,706047000.0,0.479,0.0,40743000.0,7262122000.0,7102942750.0,0.0,6070771000.0,,,2399335000.0,,,4723198547.0,76945000.0,-78361000.0,-235701000.0,9362000.0,-83325000.0,-136335000.0,-244840000.0,-133584000.0,458120000.0,0.0,420525000.0,420525000.0,420525000.0,0.0,0.0,0.285,295503000.0,410544000.0,0.0,0.195,1.074,11.232,11.105,33309000.0,0.0,56.86,3.201,3.172,101609000.0,6211684000.0,1475314000.0,1475314000.0,0.0,0.063,0.097,0.076,0.366,0.0,295503000.0,1.0,83067157.0,82309000.0,82309000.0,17.924,6798907000.0,83649000.0,78068000.0,0.0,82.602,
57,MTG,MRT,2007-03-31,2007-03-31,2007-03-31,2021-08-05,61121000.0,6647690000.0,6521952000.0,,,0.225,54.101,0.0,255043000.0,255043000.0,680508000.0,493649000.0,,0.492,607886000.0,,,607886000.0,194175000.0,20171000.0,0.0,0.017,1.0,642115000.0,662286000.0,0.451,662286000.0,642115000.0,601123000.0,5.93,5.89,5.93,4455416000.0,4290332500.0,4455416000.0,5380196468.0,8.0,8.124,482766000.0,5.862,1.0,789271000.0,0.537,0.0,40992000.0,7000533000.0,6994393250.0,0.0,5949961000.0,,,2192274000.0,,,4892657468.0,48448000.0,-75174000.0,-277928000.0,4009000.0,-84301000.0,-297977000.0,-136341000.0,-58021000.0,482766000.0,0.0,493649000.0,493649000.0,493649000.0,0.0,0.0,0.336,291665000.0,497606000.0,0.0,0.169,1.098,9.911,9.936,32126000.0,0.0,58.92,3.329,3.301,96992000.0,6155755000.0,1469779000.0,1469779000.0,0.0,0.076,0.115,0.092,0.437,0.0,291665000.0,1.0,83038993.0,82354000.0,82354000.0,17.847,6647690000.0,19012000.0,107474000.0,0.0,80.721,
58,MTG,MRT,2006-12-31,2006-12-31,2006-12-31,2021-08-05,65789000.0,6621671000.0,6441084000.0,,,0.228,50.94,0.0,293738000.0,293738000.0,613635000.0,564739000.0,,0.541,781277000.0,,,781277000.0,189661000.0,22317000.0,0.0,0.016,1.0,734184000.0,756501000.0,0.515,756501000.0,734184000.0,694836000.0,6.7,6.65,6.7,4295877000.0,4225360000.0,4295877000.0,5716587482.0,8.0,7.557,495797000.0,5.879,1.0,855534000.0,0.582,0.0,39348000.0,7109210000.0,6923084250.0,0.0,5908306000.0,,,2325794000.0,,,5191866482.0,98482000.0,-75948000.0,-365852000.0,89050000.0,-85495000.0,-357358000.0,-39957000.0,34110000.0,495797000.0,0.0,564739000.0,564739000.0,564739000.0,0.0,0.0,0.384,290858000.0,564676000.0,0.0,0.149,1.209,9.193,9.334,32603000.0,0.0,62.54,3.534,3.59,97691000.0,5998631000.0,1469169000.0,1469169000.0,0.0,0.088,0.134,0.106,0.5,0.0,290858000.0,1.0,83016733.0,84332000.0,84950000.0,17.421,6621671000.0,0.0,130097000.0,34480000.0,78.519,
59,MTG,MRT,2006-09-30,2006-09-30,2006-09-30,2021-08-05,85399000.0,6515185000.0,6375058500.0,,,0.231,50.38,0.0,257414000.0,257414000.0,597901000.0,571391000.0,,0.544,782135000.0,,,782135000.0,181490000.0,22615000.0,0.0,0.015,0.9,748088000.0,770703000.0,0.523,770703000.0,748088000.0,710308000.0,6.67,6.61,6.67,4220094000.0,4192654500.0,4220094000.0,5589802443.0,7.0,7.253,489602000.0,5.845,1.0,874958000.0,0.594,0.0,37780000.0,7039906000.0,6857650750.0,0.0,5842002000.0,,,2295091000.0,,,5065140443.0,-84102000.0,-69532000.0,-543629000.0,174766000.0,-78052000.0,-442592000.0,-131112000.0,-76812000.0,489602000.0,0.0,571391000.0,571391000.0,571391000.0,0.0,0.0,0.388,286228000.0,588730000.0,0.0,0.135,1.2,8.865,8.991,32195000.0,0.0,59.97,3.439,3.411,93833000.0,5897917000.0,1472859000.0,1472859000.0,0.0,0.09,0.136,0.109,0.508,0.0,286228000.0,1.0,84461238.0,83766000.0,83766000.0,17.583,6515185000.0,0.0,138917000.0,42148000.0,77.778,
60,MTG,MRT,2006-06-30,2006-06-30,2006-06-30,2021-08-05,13259000.0,6303262000.0,6333754250.0,,,0.234,48.574,0.0,106442000.0,106442000.0,579101000.0,583795000.0,,0.504,631104000.0,,,631104000.0,172277000.0,22393000.0,0.0,0.012,0.8,770122000.0,792515000.0,0.536,792515000.0,770122000.0,732107000.0,6.67,6.61,6.67,4189943000.0,4199354500.0,4189943000.0,6074228875.0,8.0,7.664,551693000.0,6.396,1.0,900104000.0,0.609,0.0,38015000.0,6827924000.0,6834664250.0,0.0,5799195000.0,,,2113319000.0,,,5683149875.0,-238667000.0,8279000.0,-452689000.0,24944000.0,-70876000.0,-494298000.0,-296062000.0,-324344000.0,551693000.0,0.0,583795000.0,583795000.0,583795000.0,0.0,0.0,0.395,285219000.0,614885000.0,0.0,0.12,1.356,9.735,9.745,32261000.0,0.0,65.0,3.842,3.79,94514000.0,5788965000.0,1479205000.0,1479205000.0,0.0,0.092,0.139,0.113,0.521,0.0,285219000.0,1.0,87433075.0,86259000.0,86259000.0,17.148,6303262000.0,0.0,148312000.0,41531000.0,73.074,
61,MTG,MRT,2006-03-31,2006-03-31,2006-03-31,2021-08-05,45975000.0,6324218000.0,6342217000.0,,,0.238,48.099,0.0,206595000.0,206595000.0,569549000.0,608313000.0,,0.507,597674000.0,,,597674000.0,160130000.0,21312000.0,0.0,0.011,0.7,811435000.0,832747000.0,0.551,832747000.0,811435000.0,771751000.0,6.8,6.74,6.8,4195526000.0,4207357000.0,4195526000.0,6510059404.0,8.0,7.818,463960000.0,5.319,1.0,941105000.0,0.623,0.0,39684000.0,6715297000.0,6860615250.0,0.0,5709287000.0,,,2128692000.0,,,5829512404.0,19499000.0,3500000.0,-545767000.0,-63965000.0,-63192000.0,-670058000.0,225597000.0,212934000.0,463960000.0,0.0,608313000.0,608313000.0,608313000.0,0.0,0.0,0.403,281786000.0,659319000.0,0.0,0.103,1.389,9.583,9.799,32579000.0,0.0,66.63,3.859,3.847,101894000.0,5660887000.0,1510654000.0,1510654000.0,0.0,0.096,0.145,0.118,0.537,0.0,281786000.0,1.0,87490806.0,87227000.0,87227000.0,17.319,6324218000.0,0.0,163438000.0,114878000.0,72.503,
62,MTG,MRT,2005-12-31,2005-12-31,2005-12-31,2021-08-05,77499000.0,6357569000.0,6372282000.0,,,0.24,45.377,0.0,195256000.0,195256000.0,553530000.0,626873000.0,,0.526,685163000.0,,,685163000.0,159823000.0,18977000.0,0.0,0.008,0.525,844896000.0,863873000.0,0.566,863873000.0,844896000.0,803805000.0,6.83,6.78,6.83,4165055000.0,4207895750.0,4165055000.0,6569882198.0,8.0,7.605,508305000.0,5.538,1.0,973000000.0,0.637,0.0,41091000.0,6847476000.0,6956206500.0,0.0,5777208000.0,,,2192514000.0,,,5971890198.0,28788000.0,2724000.0,-528334000.0,40565000.0,-48439000.0,-536208000.0,56691000.0,53918000.0,508305000.0,0.0,626873000.0,626873000.0,626873000.0,0.0,0.0,0.411,275416000.0,697584000.0,0.0,0.077,1.434,9.526,9.637,32666000.0,0.0,65.82,3.912,3.958,101155000.0,5519389000.0,1526530000.0,1526530000.0,0.0,0.098,0.149,0.121,0.553,0.0,275416000.0,1.0,90730632.0,91787000.0,92443000.0,16.631,6357569000.0,0.0,176932000.0,62006000.0,69.264,
63,MTG,MRT,2005-09-30,2005-09-30,2005-09-30,2021-08-05,87200000.0,6349968000.0,6378062500.0,,,0.244,46.264,0.0,1814000.0,1814000.0,568425000.0,633272000.0,,0.495,599806000.0,,,599806000.0,146462000.0,19098000.0,0.0,0.007,0.455,858490000.0,877588000.0,0.563,877588000.0,858490000.0,816801000.0,6.75,6.7,6.75,4246894000.0,4202541750.0,4246894000.0,6568024264.0,8.0,7.484,506268000.0,5.515,1.0,990250000.0,0.635,0.0,41689000.0,6947960000.0,6998628750.0,0.0,5968995000.0,,,2103074000.0,,,5973409264.0,65559000.0,25000.0,-446966000.0,-4221000.0,-42387000.0,-493574000.0,52865000.0,52840000.0,506268000.0,0.0,633272000.0,633272000.0,633272000.0,0.0,0.0,0.406,275616000.0,714634000.0,0.0,0.067,1.407,9.433,9.511,32717000.0,0.0,64.2,3.832,3.781,103632000.0,5404576000.0,1558675000.0,1558675000.0,0.0,0.099,0.151,0.123,0.551,0.0,275616000.0,1.0,93043758.0,91796000.0,,16.98,6349968000.0,0.0,183529000.0,81692000.0,69.175,
64,MTG,MRT,2005-06-30,2005-06-30,2005-06-30,2021-08-05,128896000.0,6337113000.0,6365406500.0,,,0.247,45.309,0.0,5235000.0,5235000.0,592030000.0,624959000.0,,0.501,599850000.0,,,599850000.0,138589000.0,19841000.0,0.0,0.006,0.385,848926000.0,868767000.0,0.552,868767000.0,848926000.0,807011000.0,6.56,6.51,6.56,4221953000.0,4172290000.0,4221953000.0,6808261367.0,8.0,7.837,467641000.0,5.019,1.0,981936000.0,0.624,0.0,41915000.0,6931728000.0,6985701250.0,0.0,5960169000.0,,,2115160000.0,,,6155077367.0,145424000.0,-12881000.0,-423116000.0,-3722000.0,-35918000.0,-462756000.0,140539000.0,153420000.0,467641000.0,0.0,624959000.0,624959000.0,624959000.0,0.0,0.0,0.397,274703000.0,707233000.0,0.0,0.059,1.458,9.849,9.942,33334000.0,0.0,65.22,3.911,3.861,103525000.0,5276044000.0,1573966000.0,1573966000.0,0.0,0.098,0.15,0.122,0.539,0.0,274703000.0,1.0,94374078.0,93182000.0,,16.891,6337113000.0,0.0,182052000.0,112649000.0,68.008,
65,MTG,MRT,2005-03-31,2005-03-31,2005-03-31,2021-08-05,66691000.0,6444478000.0,6294876500.0,,,0.251,43.824,0.0,2031000.0,2031000.0,609188000.0,605126000.0,,0.535,655215000.0,,,655215000.0,139101000.0,21523000.0,0.0,0.004,0.275,825608000.0,847131000.0,0.535,847131000.0,825608000.0,784003000.0,6.25,6.2,6.25,4197681000.0,4109998750.0,4197681000.0,6523729506.0,8.0,7.701,551129000.0,5.754,1.0,972974000.0,0.615,0.0,41605000.0,7097662000.0,6915115750.0,0.0,6073745000.0,,,2246797000.0,,,5887255506.0,5402000.0,-9812000.0,-231052000.0,52543000.0,-25537000.0,-204046000.0,-341681000.0,-331869000.0,551129000.0,0.0,605126000.0,605126000.0,605126000.0,0.0,0.0,0.382,279367000.0,693607000.0,0.0,0.044,1.403,9.729,9.867,33954000.0,0.0,61.67,3.721,3.733,93829000.0,5115763000.0,1582162000.0,1582162000.0,0.0,0.096,0.147,0.119,0.522,0.0,279367000.0,1.0,95463848.0,95784000.0,,16.518,6444478000.0,0.0,178877000.0,154575000.0,67.281,
66,MTG,MRT,2004-12-31,2004-12-31,2004-12-31,2021-08-05,123383000.0,6380691000.0,6223603750.0,,,0.259,42.815,0.0,2829000.0,2829000.0,700999000.0,553186000.0,,0.54,639303000.0,,,639303000.0,143433000.0,21631000.0,0.0,0.003,0.238,753665000.0,775296000.0,0.481,775296000.0,753665000.0,712534000.0,5.67,5.63,5.67,4143639000.0,4046265750.0,4143639000.0,7265978864.0,10.0,9.372,559160000.0,5.778,1.0,911694000.0,0.565,0.0,41131000.0,7017165000.0,6829749000.0,0.0,5996936000.0,,,2237052000.0,,,6669072864.0,5122000.0,-12137000.0,-173001000.0,37804000.0,-22032000.0,-157229000.0,-396809000.0,-384672000.0,559160000.0,0.0,553186000.0,553186000.0,553186000.0,0.0,0.0,0.343,278786000.0,632908000.0,0.0,0.042,1.609,12.056,12.153,36382000.0,0.0,68.91,4.135,4.135,102232000.0,4940955000.0,1612693000.0,1612693000.0,0.0,0.089,0.137,0.11,0.467,0.0,278786000.0,1.0,96779464.0,96779464.0,,16.664,6380691000.0,0.0,159348000.0,109741000.0,65.93,
67,MTG,MRT,2004-09-30,2004-09-30,2004-09-30,2021-08-05,125313000.0,6299344000.0,6107777750.0,,,0.266,41.936,0.0,2820000.0,2820000.0,744523000.0,522529000.0,,0.527,599726000.0,,,599726000.0,139903000.0,21518000.0,0.0,0.003,0.198,710799000.0,732317000.0,0.45,732317000.0,710799000.0,669818000.0,5.32,5.28,5.32,4125887000.0,3959581500.0,4125887000.0,7150790124.0,10.0,9.765,616701000.0,6.268,1.0,882546000.0,0.542,0.0,40981000.0,6896250000.0,6698821500.0,0.0,5937794000.0,,,2173457000.0,,,6556397124.0,53341000.0,-11830000.0,-68939000.0,-6395000.0,-18464000.0,-93798000.0,-469562000.0,-457732000.0,616701000.0,0.0,522529000.0,522529000.0,522529000.0,0.0,0.0,0.321,280988000.0,601558000.0,0.0,0.037,1.589,12.547,12.509,35742000.0,0.0,66.55,4.03,4.024,101586000.0,4815041000.0,1627069000.0,1627069000.0,0.0,0.086,0.132,0.106,0.437,0.0,280988000.0,1.0,98518364.0,98386000.0,,16.538,6299344000.0,0.0,147289000.0,106144000.0,64.027,
68,MTG,MRT,2004-06-30,2004-06-30,2004-06-30,2021-08-05,38498000.0,6054993000.0,5968294750.0,,,0.279,40.022,0.0,5375000.0,5375000.0,795447000.0,493589000.0,,0.524,599768000.0,,,599768000.0,143100000.0,21835000.0,0.0,0.002,0.147,671595000.0,693430000.0,0.417,693430000.0,671595000.0,630733000.0,5.02,4.98,5.02,3972788000.0,3852860750.0,3972788000.0,8091089012.0,12.0,11.668,672879000.0,6.779,1.0,867969000.0,0.522,0.0,40862000.0,6649386000.0,6559024250.0,0.0,5670983000.0,,,2082205000.0,,,7494281012.0,65081000.0,-15603000.0,-23555000.0,-4660000.0,-13546000.0,-41761000.0,-566037000.0,-550434000.0,672879000.0,0.0,493589000.0,493589000.0,493589000.0,0.0,0.0,0.297,289006000.0,578963000.0,0.0,0.029,1.886,15.183,15.112,35867000.0,0.0,75.86,4.505,4.527,109395000.0,4688352000.0,1663416000.0,1663416000.0,0.0,0.083,0.128,0.102,0.404,0.0,289006000.0,1.0,98790944.0,99264000.0,,16.757,6054993000.0,0.0,137144000.0,48131000.0,60.999,
69,MTG,MRT,2004-03-31,2004-03-31,2004-03-31,2021-08-05,149050000.0,6159387000.0,5850346000.0,,,0.289,39.756,0.0,3408000.0,3408000.0,814494000.0,482842000.0,,0.562,600216000.0,,,600216000.0,155443000.0,21198000.0,0.0,0.002,0.138,659177000.0,680375000.0,0.402,680375000.0,659177000.0,618227000.0,4.91,4.88,4.91,3942749000.0,3767623250.0,3942749000.0,6914460776.0,10.0,10.163,668831000.0,6.744,1.0,877860000.0,0.519,0.0,40950000.0,6756195000.0,6441494250.0,0.0,5775679000.0,,,2216638000.0,,,6338392776.0,12820000.0,-15249000.0,-25692000.0,-14297000.0,-12314000.0,12065000.0,-603708000.0,-588459000.0,668831000.0,0.0,482842000.0,482842000.0,482842000.0,0.0,0.0,0.285,295504000.0,582356000.0,0.0,0.028,1.608,13.127,13.081,35881000.0,0.0,64.23,3.745,3.764,111947000.0,4537525000.0,1692354000.0,1692354000.0,0.0,0.083,0.128,0.102,0.39,0.0,295504000.0,1.0,98682746.0,99174000.0,,17.064,6159387000.0,0.0,135385000.0,183778000.0,62.107,
70,MTG,MRT,2003-12-31,2003-12-31,2003-12-31,2021-08-05,140651000.0,5917387000.0,5666391750.0,,,0.297,38.567,0.0,23612000.0,23612000.0,766028000.0,493879000.0,,0.558,599680000.0,,,599680000.0,168137000.0,21224000.0,0.0,0.002,0.125,681019000.0,702243000.0,0.417,702243000.0,681019000.0,639906000.0,5.0,4.99,5.0,3796902000.0,3649253500.0,3796902000.0,6201297707.0,9.0,8.831,686636000.0,6.975,1.0,919383000.0,0.545,0.0,41113000.0,6493455000.0,6259535750.0,0.0,5513374000.0,,,2120485000.0,,,5605648707.0,48075000.0,-7769000.0,-88973000.0,-78873000.0,-11124000.0,-178970000.0,-459591000.0,-451822000.0,686636000.0,0.0,493879000.0,493879000.0,493879000.0,0.0,0.0,0.293,302473000.0,616910000.0,0.0,0.025,1.476,11.35,11.388,36722000.0,0.0,56.94,3.326,3.326,129818000.0,4411148000.0,1685411000.0,1685411000.0,0.0,0.087,0.135,0.109,0.404,0.0,302473000.0,1.0,98448344.0,98448344.0,,17.12,5917387000.0,0.0,146027000.0,118126000.0,60.107,
71,MTG,MRT,2003-09-30,2003-09-30,2003-09-30,2021-08-05,138049000.0,5741412000.0,5512120750.0,,,0.291,37.43,0.0,9068000.0,9068000.0,676585000.0,527514000.0,,0.552,604717000.0,,,604717000.0,162248000.0,19382000.0,0.0,0.002,0.115,717973000.0,737355000.0,0.46,737355000.0,717973000.0,676827000.0,5.33,5.32,5.33,3699004000.0,3548826000.0,3699004000.0,5724244642.0,8.0,7.763,671756000.0,6.797,1.0,925734000.0,0.578,0.0,41146000.0,6337061000.0,6127799000.0,0.0,5384455000.0,,,2042408000.0,,,5128176642.0,15743000.0,-21925000.0,-118307000.0,-30996000.0,-9946000.0,-159249000.0,-496764000.0,-474839000.0,671756000.0,0.0,527514000.0,527514000.0,527514000.0,0.0,0.0,0.329,303774000.0,621960000.0,0.0,0.022,1.386,9.721,9.769,37543000.0,0.0,52.07,3.2,3.211,107788000.0,4310976000.0,1602319000.0,1602319000.0,0.0,0.096,0.149,0.117,0.448,0.0,303774000.0,1.0,98486204.0,98825000.0,,16.214,5741412000.0,0.0,149313000.0,121154000.0,58.097,
72,MTG,MRT,2003-06-30,2003-06-30,2003-06-30,2021-08-05,175498000.0,5583198000.0,5366197250.0,,,0.292,36.767,0.0,7147000.0,7147000.0,556953000.0,573955000.0,,0.537,603215000.0,,,603215000.0,162255000.0,16625000.0,0.0,0.002,0.11,800215000.0,816840000.0,0.522,816840000.0,800215000.0,759190000.0,5.73,5.73,5.73,3631838000.0,3457847000.0,3631838000.0,5208080738.0,7.0,6.376,625139000.0,6.329,1.0,1008791000.0,0.644,0.0,41025000.0,6179266000.0,5988457750.0,0.0,5228881000.0,,,1951360000.0,,,4603289738.0,-299527000.0,-16008000.0,-288790000.0,-11892000.0,-10046000.0,-310728000.0,-613938000.0,-597930000.0,625139000.0,0.0,573955000.0,573955000.0,573955000.0,0.0,0.0,0.367,291620000.0,717171000.0,0.0,0.019,1.267,8.02,8.14,37290000.0,0.0,46.64,2.94,2.942,100429000.0,4208309000.0,1565744000.0,1565744000.0,0.0,0.107,0.166,0.134,0.511,0.0,291620000.0,1.0,98698322.0,98781000.0,,15.851,5583198000.0,0.0,185235000.0,136556000.0,56.521,
73,MTG,MRT,2003-03-31,2003-03-31,2003-03-31,2021-08-05,142406000.0,5423570000.0,5211476250.0,,,0.291,34.824,0.0,8797000.0,8797000.0,448249000.0,601114000.0,,0.563,613588000.0,,,613588000.0,179248000.0,13862000.0,0.0,0.003,0.11,857847000.0,871709000.0,0.574,871709000.0,857847000.0,817284000.0,5.9,5.88,5.9,3469270000.0,3361011500.0,3469270000.0,4563506316.0,5.0,5.235,641983000.0,6.444,1.0,1069243000.0,0.705,0.0,40563000.0,6028361000.0,5833905250.0,0.0,5087123000.0,,,1954300000.0,,,3897301316.0,-153850000.0,-14133000.0,-405141000.0,-2666000.0,-10211000.0,-482386000.0,-377815000.0,-363682000.0,641983000.0,0.0,601114000.0,601114000.0,601114000.0,0.0,0.0,0.396,275448000.0,793795000.0,0.0,0.019,1.123,6.483,6.656,36178000.0,0.0,39.27,2.568,2.578,91774000.0,4066997000.0,1517492000.0,1517492000.0,0.0,0.115,0.179,0.147,0.565,0.0,275448000.0,1.0,99243731.0,99624000.0,,15.232,5423570000.0,0.0,216170000.0,190532000.0,54.44,
74,MTG,MRT,2002-12-31,2002-12-31,2002-12-31,2021-08-05,147908000.0,5300303000.0,5075294750.0,,,0.293,33.79,0.0,11041000.0,11041000.0,365752000.0,629191000.0,,0.561,677246000.0,,,677246000.0,170167000.0,12292000.0,0.0,0.003,0.11,906938000.0,919230000.0,0.619,919230000.0,906938000.0,870162000.0,6.07,6.04,6.07,3395192000.0,3280773250.0,3395192000.0,4771714444.0,5.0,5.191,613330000.0,6.104,1.0,1118811000.0,0.754,0.0,36776000.0,5966508000.0,5696584500.0,0.0,4966557000.0,,,1905111000.0,,,4149736444.0,-73081000.0,-17528000.0,-356066000.0,202087000.0,-10358000.0,-164337000.0,-522074000.0,-504546000.0,613330000.0,0.0,629191000.0,629191000.0,629191000.0,0.0,0.0,0.424,265633000.0,853178000.0,0.0,0.018,1.222,6.595,6.804,35962000.0,0.0,41.3,2.795,2.795,105931000.0,3928393000.0,1484563000.0,1484563000.0,0.0,0.124,0.192,0.159,0.611,0.0,265633000.0,1.0,100477880.0,100477880.0,,14.775,5300303000.0,0.0,240971000.0,133843000.0,52.751,
75,MTG,MRT,2002-09-30,2002-09-30,2002-09-30,2021-08-05,197409000.0,5157718000.0,4891972000.0,,,0.299,32.266,0.0,12874000.0,12874000.0,276889000.0,652696000.0,,0.547,634852000.0,,,634852000.0,174345000.0,11866000.0,0.0,0.003,0.105,957958000.0,969824000.0,0.662,969824000.0,957958000.0,924107000.0,6.21,6.16,6.21,3335088000.0,3187022000.0,3335088000.0,4789410563.0,5.0,4.938,581357000.0,5.625,1.0,1187922000.0,0.811,0.0,33851000.0,5779696000.0,5458138000.0,0.0,4841747000.0,,,1822630000.0,,,4192668563.0,25322000.0,0.0,-385958000.0,253568000.0,-10499000.0,-142889000.0,-413146000.0,-413146000.0,581357000.0,0.0,652696000.0,652696000.0,652696000.0,0.0,0.0,0.446,258162000.0,929760000.0,0.0,0.017,1.257,6.424,6.575,35337000.0,0.0,40.83,2.862,2.881,0.0,3793409000.0,1464811000.0,1464811000.0,0.0,0.133,0.205,0.176,0.654,0.0,258162000.0,1.0,102685980.0,103361000.0,,14.172,5157718000.0,0.0,271411000.0,0.0,49.9,
76,MTG,MRT,2002-06-30,2002-06-30,2002-06-30,2021-08-05,96595000.0,4964314000.0,4724323750.0,,,0.299,30.631,0.0,17109000.0,17109000.0,219263000.0,660118000.0,,0.53,613851000.0,,,613851000.0,170879000.0,11176000.0,0.0,0.002,0.105,970943000.0,982119000.0,0.695,982119000.0,970943000.0,939558000.0,6.22,6.16,6.22,3244496000.0,3097669000.0,3244496000.0,7766253232.0,8.0,7.908,670306000.0,6.328,1.0,1194578000.0,0.845,0.0,31385000.0,5561056000.0,5226799500.0,0.0,4652292000.0,,,1719818000.0,,,7166019232.0,274319000.0,0.0,-220054000.0,201003000.0,-10621000.0,-29672000.0,-366315000.0,-366315000.0,670306000.0,0.0,660118000.0,660118000.0,660118000.0,0.0,0.0,0.467,251833000.0,942745000.0,0.0,0.017,2.209,10.856,10.9,35470000.0,0.0,67.8,5.068,5.079,0.0,3644401000.0,1413841000.0,1413841000.0,0.0,0.14,0.213,0.186,0.687,0.0,251833000.0,1.0,105693499.0,105921000.0,,13.348,4964314000.0,0.0,279440000.0,0.0,46.868,
77,MTG,MRT,2002-03-31,2002-03-31,2002-03-31,2021-08-05,26442000.0,4878844000.0,4525967500.0,,,0.303,29.443,0.0,13307000.0,13307000.0,191151000.0,650400000.0,,0.55,613541000.0,,,613541000.0,172770000.0,10049000.0,0.0,0.002,0.105,959288000.0,969337000.0,0.708,969337000.0,959288000.0,930604000.0,6.1,6.04,6.1,3148317000.0,2981627750.0,3148317000.0,7718372390.0,8.0,7.963,647530000.0,6.056,1.0,1178398000.0,0.86,0.0,28684000.0,5479078000.0,4978284250.0,0.0,4574060000.0,,,1730527000.0,,,7272662390.0,143176000.0,-10000000.0,-84163000.0,223028000.0,-10668000.0,128197000.0,-632551000.0,-622551000.0,647530000.0,0.0,650400000.0,650400000.0,650400000.0,0.0,0.0,0.475,247308000.0,931090000.0,0.0,0.017,2.31,11.182,11.218,35427000.0,0.0,68.43,5.31,5.343,0.0,3476094000.0,1369549000.0,1369549000.0,0.0,0.144,0.218,0.193,0.7,0.0,247308000.0,1.0,106278860.0,106931000.0,,12.808,4878844000.0,0.0,280204000.0,0.0,45.626,
78,MTG,MRT,2001-12-31,2001-12-31,2001-12-31,2021-08-05,46644000.0,4567012000.0,4327005500.0,,,0.304,28.177,0.0,26392000.0,26392000.0,160814000.0,639137000.0,,0.512,472102000.0,,,472102000.0,174545000.0,8281000.0,0.0,0.002,0.11,947350000.0,955631000.0,0.727,955631000.0,947350000.0,916727000.0,5.98,5.93,5.98,3020187000.0,2852896250.0,3020187000.0,6982731612.0,7.0,7.307,626119000.0,5.841,1.0,1153646000.0,0.878,0.0,30623000.0,5012722000.0,4722913000.0,0.0,4231121000.0,,,1546825000.0,,,6615514612.0,29162000.0,-15000000.0,-56658000.0,72137000.0,-10685000.0,4794000.0,-601751000.0,-586751000.0,626119000.0,0.0,639137000.0,639137000.0,639137000.0,0.0,0.0,0.486,234494000.0,919152000.0,0.0,0.018,2.19,10.351,10.321,34762000.0,0.0,61.72,5.033,5.033,78853000.0,3309560000.0,1314460000.0,1314460000.0,0.0,0.148,0.224,0.201,0.721,0.0,234494000.0,1.0,107185914.0,107185914.0,,12.263,4567012000.0,0.0,277590000.0,80937000.0,42.608,
79,MTG,MRT,2001-09-30,2001-09-30,2001-09-30,2021-08-05,98687000.0,4487125000.0,4149697750.0,,,0.311,27.516,0.0,10047000.0,10047000.0,134275000.0,610455000.0,,0.507,377264000.0,,,377264000.0,174825000.0,6639000.0,0.0,0.002,0.11,921577000.0,928216000.0,0.718,928216000.0,921577000.0,890609000.0,5.71,5.64,5.71,2977676000.0,2714070000.0,2977676000.0,7408856819.0,8.0,7.982,668334000.0,6.176,1.0,1157869000.0,0.896,0.0,30968000.0,4854342000.0,4532119250.0,0.0,4193681000.0,,,1509449000.0,,,7012750819.0,62147000.0,-19157000.0,15382000.0,-34557000.0,-10698000.0,-29873000.0,-576314000.0,-557157000.0,668334000.0,0.0,610455000.0,610455000.0,610455000.0,0.0,0.0,0.472,236292000.0,921577000.0,0.0,0.019,2.355,11.488,11.443,33253000.0,0.0,65.34,5.427,5.472,0.0,3151211000.0,1292144000.0,1292144000.0,0.0,0.147,0.225,0.203,0.713,0.0,213071000.0,1.0,107327071.0,108218000.0,,11.94,4487125000.0,0.0,280154000.0,0.0,41.464,
80,MTG,MRT,2001-06-30,2001-06-30,2001-06-30,2021-08-05,56609000.0,4170889000.0,3923479750.0,,,0.315,25.72,0.0,12320000.0,12320000.0,112249000.0,597818000.0,,0.5,408426000.0,,,408426000.0,168277000.0,6312000.0,0.0,0.002,0.115,904747000.0,911059000.0,0.738,911059000.0,904747000.0,873971000.0,5.61,5.53,5.61,2780331000.0,2532806250.0,2780331000.0,8155457259.0,9.0,8.952,570601000.0,5.278,1.0,1122777000.0,0.909,0.0,30776000.0,4566995000.0,4315537250.0,0.0,3904103000.0,,,1390558000.0,,,7780860259.0,10732000.0,-19157000.0,25867000.0,-12347000.0,-10675000.0,2845000.0,-562714000.0,-543557000.0,570601000.0,0.0,597818000.0,597818000.0,597818000.0,0.0,0.0,0.484,218030000.0,904747000.0,0.0,0.02,2.799,13.015,12.948,32137000.0,0.0,72.64,6.3,6.358,0.0,2994904000.0,1235026000.0,1235026000.0,0.0,0.152,0.236,0.21,0.733,0.0,194809000.0,1.0,107115367.0,108102000.0,,11.425,4170889000.0,0.0,276153000.0,0.0,38.583,
81,MTG,MRT,2001-03-31,2001-03-31,2001-03-31,2021-08-05,80696000.0,4082996000.0,3730081000.0,,,0.314,24.425,0.0,14192000.0,14192000.0,98485000.0,572703000.0,,0.55,388789000.0,,,388789000.0,169169000.0,6263000.0,0.0,0.002,0.115,865458000.0,871721000.0,0.745,871721000.0,865458000.0,834757000.0,5.38,5.31,5.38,2633391000.0,2355719750.0,2633391000.0,7703041470.0,9.0,8.837,590884000.0,5.48,1.0,1071162000.0,0.916,0.0,30701000.0,4457593000.0,4126578750.0,0.0,3833818000.0,,,1449605000.0,,,7311275470.0,-32059000.0,-21935000.0,21694000.0,-38178000.0,-10642000.0,-27126000.0,-595817000.0,-573882000.0,590884000.0,0.0,572703000.0,572703000.0,572703000.0,0.0,0.0,0.49,205704000.0,865458000.0,0.0,0.021,2.776,12.766,12.717,31293000.0,0.0,68.42,6.251,6.307,0.0,2836359000.0,1169647000.0,1169647000.0,0.0,0.154,0.243,0.21,0.74,0.0,182483000.0,1.0,106858747.0,107817000.0,,10.848,4082996000.0,0.0,262054000.0,0.0,37.87,
82,MTG,MRT,2000-12-31,2000-12-31,2000-12-31,2021-08-05,75814000.0,3857781000.0,3532565750.0,,,0.314,23.09,0.0,5598000.0,5598000.0,91723000.0,541999000.0,,0.565,397364000.0,,,397364000.0,180724000.0,6860000.0,0.0,0.002,0.115,817560000.0,824420000.0,0.742,824420000.0,817560000.0,788801000.0,5.1,5.05,5.1,2464882000.0,2180031000.0,2464882000.0,7605177790.0,9.0,9.225,551037000.0,5.162,1.0,1018618000.0,0.917,0.0,28759000.0,4249547000.0,3939551500.0,0.0,3611033000.0,,,1392899000.0,,,7199416790.0,47122000.0,-19180000.0,12475000.0,-27672000.0,-10618000.0,-25815000.0,-478100000.0,-458920000.0,551037000.0,0.0,541999000.0,541999000.0,541999000.0,0.0,0.0,0.488,201058000.0,817560000.0,0.0,0.023,2.921,13.283,13.224,31308000.0,0.0,67.44,6.484,6.484,0.0,2681108000.0,1110341000.0,1110341000.0,0.0,0.153,0.249,0.208,0.736,0.0,177837000.0,1.0,106752918.0,106752918.0,,10.401,3857781000.0,0.0,246802000.0,83185000.0,36.137,
83,MTG,MRT,2000-09-30,2000-09-30,2000-09-30,2021-08-05,9002000.0,3582253000.0,3344218750.0,,,0.319,20.986,0.0,4239000.0,4239000.0,69087000.0,543618000.0,,0.59,410000000.0,,,410000000.0,182440000.0,8329000.0,0.0,0.002,0.115,819066000.0,827395000.0,0.775,827395000.0,819066000.0,792409000.0,5.12,5.06,5.12,2252621000.0,2007807750.0,2252621000.0,6912705137.0,8.0,8.355,510807000.0,4.759,1.0,998742000.0,0.935,0.0,26657000.0,3988014000.0,3758932500.0,0.0,3366149000.0,,,1329632000.0,,,6498838137.0,-5656000.0,-8035000.0,-44971000.0,-1000000.0,-10596000.0,-56567000.0,-459896000.0,-451861000.0,510807000.0,0.0,543618000.0,543618000.0,543618000.0,0.0,0.0,0.509,179676000.0,819066000.0,0.0,0.022,2.885,11.955,11.938,31255000.0,0.0,61.12,6.086,6.144,0.0,2551454000.0,1067829000.0,1067829000.0,0.0,0.163,0.271,0.218,0.767,0.0,179676000.0,1.0,106329158.0,107339000.0,,9.948,3582253000.0,0.0,248791000.0,0.0,33.373,
84,MTG,MRT,2000-06-30,2000-06-30,2000-06-30,2021-08-05,-10522000.0,3397294000.0,3216861250.0,,,0.322,19.392,0.0,6133000.0,6133000.0,67178000.0,520172000.0,,0.64,420000000.0,,,420000000.0,175084000.0,10694000.0,0.0,0.003,0.115,781219000.0,791913000.0,0.765,791913000.0,781219000.0,757186000.0,4.87,4.81,4.87,2071985000.0,1874567000.0,2071985000.0,5232499594.0,7.0,6.607,513618000.0,4.807,1.0,968316000.0,0.935,0.0,24033000.0,3811161000.0,3631193250.0,0.0,3190158000.0,,,1325309000.0,,,4815950594.0,2221000.0,-15162000.0,-200825000.0,3000000.0,-10662000.0,-208487000.0,-302910000.0,-287748000.0,513618000.0,0.0,520172000.0,520172000.0,520172000.0,0.0,0.0,0.502,187097000.0,781219000.0,0.0,0.024,2.324,9.258,9.343,31851000.0,0.0,45.5,4.651,4.695,0.0,2407760000.0,1035494000.0,1035494000.0,0.0,0.162,0.277,0.215,0.754,0.0,187097000.0,1.0,105845068.0,106845000.0,,9.692,3397294000.0,0.0,237014000.0,0.0,31.796,
85,MTG,MRT,2000-03-31,2000-03-31,2000-03-31,2021-08-05,-10590000.0,3292935000.0,3147121750.0,,,0.321,18.067,0.0,8451000.0,8451000.0,75579000.0,497003000.0,,0.706,425000000.0,,,425000000.0,171331000.0,11507000.0,0.0,0.003,0.115,743399000.0,754906000.0,0.746,754906000.0,743399000.0,721774000.0,4.63,4.56,4.63,1930636000.0,1800481000.0,1930636000.0,5036733291.0,7.0,6.672,500611000.0,4.685,1.0,935682000.0,0.925,0.0,21625000.0,3709484000.0,3561238500.0,0.0,3098594000.0,,,1362299000.0,,,4614055291.0,29732000.0,-3984000.0,-202078000.0,-17000000.0,-10746000.0,-229824000.0,-241055000.0,-237071000.0,500611000.0,0.0,497003000.0,497003000.0,497003000.0,0.0,0.0,0.491,192283000.0,743399000.0,0.0,0.025,2.39,9.284,9.421,32458000.0,0.0,43.62,4.563,4.609,0.0,2274301000.0,1011261000.0,1011261000.0,0.0,0.158,0.276,0.209,0.735,0.0,192283000.0,1.0,105778434.0,106860000.0,,9.463,3292935000.0,0.0,224771000.0,0.0,30.815,
86,MTG,MRT,1999-12-31,1999-12-31,1999-12-31,2021-08-05,-40735000.0,3104393000.0,3111222250.0,,,0.32,16.801,0.0,2322000.0,2322000.0,97196000.0,470201000.0,,0.748,425000000.0,,,425000000.0,181378000.0,11746000.0,0.0,0.002,0.115,701412000.0,713158000.0,0.715,713158000.0,701412000.0,681010000.0,4.35,4.3,4.35,1775989000.0,1748245000.0,1775989000.0,6766770471.0,10.0,9.488,455015000.0,4.304,1.0,899559000.0,0.902,0.0,20402000.0,3527071000.0,3530036750.0,0.0,2891279000.0,,,1328404000.0,,,6362536471.0,-66791000.0,-13599000.0,-196621000.0,-17000000.0,-10825000.0,-224446000.0,-297360000.0,-283761000.0,455015000.0,0.0,470201000.0,470201000.0,470201000.0,0.0,0.0,0.472,198147000.0,701412000.0,0.0,0.026,3.583,13.532,13.837,32880000.0,0.0,60.19,6.383,6.383,0.0,2149727000.0,996755000.0,996755000.0,0.0,0.151,0.269,0.199,0.704,0.0,198147000.0,1.0,105707534.0,105707534.0,,9.429,3104393000.0,0.0,210809000.0,0.0,29.368,
87,MTG,MRT,1999-09-30,1999-09-30,1999-09-30,2021-08-05,-7904000.0,3072823000.0,3097759250.0,,,0.321,15.596,0.0,6766000.0,6766000.0,142621000.0,435975000.0,,0.787,411000000.0,,,411000000.0,181081000.0,11055000.0,0.0,0.003,0.12,649408000.0,660463000.0,0.663,660463000.0,649408000.0,628348000.0,4.01,3.94,4.01,1719658000.0,1714395500.0,1719658000.0,5623819200.0,9.0,8.515,454596000.0,4.123,1.0,853160000.0,0.857,0.0,21060000.0,3477057000.0,3520241750.0,0.0,2867321000.0,,,1353165000.0,,,5210813200.0,-1758000.0,-38087000.0,-169973000.0,2075000.0,-10902000.0,-178800000.0,-277554000.0,-239467000.0,454596000.0,0.0,435975000.0,435975000.0,435975000.0,0.0,0.0,0.438,203752000.0,649408000.0,0.0,0.03,3.03,11.952,11.908,33270000.0,0.0,47.75,5.233,5.287,0.0,2018432000.0,995781000.0,995781000.0,0.0,0.141,0.254,0.184,0.652,0.0,202008000.0,1.0,109126978.0,110261000.0,,9.031,3072823000.0,0.0,192373000.0,0.0,27.869,
88,MTG,MRT,1999-06-30,1999-06-30,1999-06-30,2021-08-05,19762000.0,3118336000.0,3062105000.0,,,0.322,16.105,0.0,3994000.0,3994000.0,174575000.0,409558000.0,,0.756,417000000.0,,,417000000.0,173500000.0,8962000.0,0.0,0.002,0.12,609762000.0,618724000.0,0.627,618724000.0,609762000.0,588182000.0,3.75,3.69,3.75,1775641000.0,1678657500.0,1775641000.0,5738488902.0,9.0,9.275,412223000.0,3.739,1.0,811697000.0,0.823,0.0,21580000.0,3531342000.0,3487163250.0,0.0,2921286000.0,,,1342695000.0,,,5303148902.0,11334000.0,-31886000.0,-221303000.0,179342000.0,-10991000.0,-52952000.0,-347937000.0,-316051000.0,412223000.0,0.0,409558000.0,409558000.0,409558000.0,0.0,0.0,0.415,201935000.0,609762000.0,0.0,0.032,2.987,12.948,12.965,33688000.0,0.0,48.62,5.377,5.435,0.0,1898250000.0,986272000.0,986272000.0,0.0,0.134,0.244,0.175,0.618,0.0,201030000.0,1.0,109073404.0,110254000.0,,8.945,3118336000.0,0.0,178624000.0,0.0,28.283,
89,MTG,MRT,1999-03-31,1999-03-31,1999-03-31,2021-08-05,77356000.0,3149337000.0,2981341250.0,,,0.327,15.663,0.0,6660000.0,6660000.0,196148000.0,391836000.0,,0.829,442000000.0,,,442000000.0,172715000.0,8001000.0,0.0,0.003,0.12,583065000.0,591066000.0,0.607,591066000.0,583065000.0,562673000.0,3.54,3.49,3.54,1721692000.0,1642015500.0,1721692000.0,4258972671.0,7.0,7.206,415868000.0,3.783,1.0,778219000.0,0.799,0.0,20392000.0,3584677000.0,3361679000.0,0.0,2954873000.0,,,1427645000.0,,,3821622671.0,-46744000.0,-45286000.0,-248932000.0,199500000.0,-11118000.0,-60550000.0,-402062000.0,-356776000.0,415868000.0,0.0,391836000.0,391836000.0,391836000.0,0.0,0.0,0.402,195154000.0,583065000.0,0.0,0.034,2.22,9.753,9.904,34332000.0,0.0,35.06,3.922,3.955,0.0,1788044000.0,974367000.0,974367000.0,0.0,0.131,0.239,0.173,0.598,0.0,195178000.0,1.0,109002358.0,109918000.0,,8.864,3149337000.0,0.0,170837000.0,61000000.0,28.652,
90,MTG,MRT,1998-12-31,1998-12-31,1998-12-31,2021-08-05,94572000.0,3050541000.0,2877757000.0,,,0.338,14.981,0.0,4650000.0,4650000.0,211354000.0,385465000.0,,0.859,442000000.0,,,442000000.0,183739000.0,7742000.0,0.0,0.003,0.12,573209000.0,580951000.0,0.598,580951000.0,573209000.0,554585000.0,3.44,3.39,3.44,1640591000.0,1606070500.0,1640591000.0,4774171741.0,8.0,8.218,411782000.0,3.76,1.0,760312000.0,0.782,0.0,18624000.0,3487891000.0,3208387750.0,0.0,2854952000.0,,,1409950000.0,,,4359634741.0,57233000.0,-33426000.0,-239887000.0,204500000.0,-11243000.0,-46630000.0,-307919000.0,-274493000.0,411782000.0,0.0,385465000.0,385465000.0,385465000.0,0.0,0.0,0.397,187103000.0,573209000.0,0.0,0.035,2.657,11.31,11.573,32400000.0,0.0,39.81,4.487,4.487,0.0,1690351000.0,971666000.0,971666000.0,0.0,0.134,0.24,0.179,0.59,0.0,187103000.0,1.0,109511046.0,109511046.0,,8.873,3050541000.0,0.0,169120000.0,0.0,27.856,
91,MTG,MRT,1998-09-30,1998-09-30,1998-09-30,2021-08-05,113266000.0,2930206000.0,2769543500.0,,,0.344,13.991,0.0,5463000.0,5463000.0,223571000.0,372275000.0,,0.858,420000000.0,,,420000000.0,179510000.0,7459000.0,0.0,0.003,0.12,552146000.0,559605000.0,0.588,559605000.0,552146000.0,536202000.0,3.28,3.24,3.28,1576706000.0,1567618250.0,1576706000.0,4414118911.0,8.0,7.888,406464000.0,3.607,1.0,727786000.0,0.765,0.0,15944000.0,3344743000.0,3048988500.0,0.0,2762206000.0,,,1353500000.0,,,4179994911.0,-1476000.0,-15926000.0,-245688000.0,186425000.0,-11377000.0,-70640000.0,-337300000.0,-321374000.0,406464000.0,0.0,372275000.0,372275000.0,372275000.0,0.0,0.0,0.391,175640000.0,552146000.0,0.0,0.037,2.651,11.228,11.244,32882000.0,0.0,36.88,4.394,4.369,0.0,1593360000.0,951357000.0,951357000.0,0.0,0.134,0.237,0.181,0.58,0.0,178342000.0,1.0,113340426.0,112695000.0,,8.442,2930206000.0,0.0,163927000.0,40403000.0,26.001,
92,MTG,MRT,1998-06-30,1998-06-30,1998-06-30,2021-08-05,77381000.0,2795281000.0,,,,,14.079,0.0,10876000.0,10876000.0,232869000.0,359958000.0,,0.716,245000000.0,,,245000000.0,180293000.0,7635000.0,0.0,0.002,0.12,532502000.0,540137000.0,0.578,540137000.0,532502000.0,519336000.0,3.14,3.1,3.14,1629073000.0,,1629073000.0,6747378449.0,13.0,12.492,410586000.0,3.548,1.0,701439000.0,0.751,0.0,13166000.0,3029405000.0,,0.0,2619940000.0,,,1166208000.0,,,6510866449.0,37616000.0,-15500000.0,-269374000.0,237658000.0,-11415000.0,-43131000.0,-329839000.0,-314339000.0,410586000.0,0.0,359958000.0,359958000.0,359958000.0,0.0,0.0,0.385,168937000.0,532502000.0,0.0,0.038,3.997,18.088,18.172,32997000.0,0.0,57.06,6.969,7.067,0.0,1499685000.0,934308000.0,934308000.0,0.0,,,,0.57,0.0,171751000.0,1.0,114105616.0,115713000.0,,8.074,2795281000.0,0.0,159378000.0,22064000.0,24.157,
93,MTG,MRT,1998-03-31,1998-03-31,1998-03-31,2021-08-05,73193000.0,2735000000.0,,,,,13.633,0.0,5988000.0,5988000.0,238606000.0,345361000.0,,0.733,242500000.0,,,242500000.0,183666000.0,8062000.0,0.0,0.002,0.115,507253000.0,515315000.0,0.568,515315000.0,507253000.0,497543000.0,2.99,2.95,2.99,1577912000.0,,1577912000.0,7712583899.0,15.0,14.967,391213000.0,3.38,1.0,668541000.0,0.737,0.0,9710000.0,2971512000.0,,0.0,2574075000.0,,,1157088000.0,,,7479976899.0,64112000.0,-7350000.0,-241104000.0,242500000.0,-11518000.0,-10122000.0,-316979000.0,-309629000.0,391213000.0,0.0,345361000.0,345361000.0,345361000.0,0.0,0.0,0.381,161288000.0,507253000.0,0.0,0.038,4.74,21.658,21.97,33370000.0,0.0,65.69,8.246,8.381,0.0,1407326000.0,907147000.0,907147000.0,0.0,,,,0.559,0.0,164139000.0,1.0,113867817.0,115741000.0,,7.838,2735000000.0,0.0,152182000.0,50656000.0,23.63,
94,MTG,MRT,1997-12-31,1997-12-31,1997-12-31,2021-08-05,83985000.0,2617687000.0,2420001000.0,,,0.359,13.057,0.0,4893000.0,4893000.0,242362000.0,323750000.0,,0.761,237500000.0,,,237500000.0,198305000.0,8187000.0,0.0,0.002,0.105,471772000.0,479959000.0,0.553,479959000.0,471772000.0,465373000.0,2.78,2.75,2.78,1486782000.0,1426448500.0,1486782000.0,,,,374049000.0,3.285,1.0,625910000.0,0.721,0.0,6399000.0,2850294000.0,2552086000.0,0.0,2446140000.0,,,1130905000.0,,,7572209830.0,-24349000.0,-7350000.0,-241353000.0,202076000.0,-11029000.0,-50306000.0,-348092000.0,-340742000.0,374049000.0,0.0,323750000.0,323750000.0,323750000.0,0.0,0.0,0.373,154138000.0,471772000.0,0.0,0.038,5.093,23.389,23.921,33784000.0,0.0,66.5,8.721,8.721,0.0,1316129000.0,868272000.0,868272000.0,0.0,0.134,0.227,0.185,0.543,0.0,157194000.0,1.0,113867817.0,113867817.0,,7.625,2617687000.0,0.0,141623000.0,27717000.0,22.989,
95,MTG,MRT,1997-09-30,1997-09-30,1997-09-30,2021-08-05,,,,,,,,,,,,,,,,,,,,,,0.002,0.095,,,,,,,,,,,,,,,,,,1.0,,,,,,,,,,,,,,,,,,,,,,,,,,,,,,,,,,,,,,,,57.31,,,,,,,,,,,,,,1.0,,116386000.0,,,,,,,,
96,MTG,MRT,1997-06-30,1997-06-30,1997-06-30,2021-08-05,,,,,,,,,,,,,,,,,,,,,,0.002,0.085,,,,,,,,,,,,,,,,,,1.0,,,,,,,,,,,,,,,,,,,,,,,,,,,,,,,,,,,,,,,,47.94,,,,,,,,,,,,,,1.0,,119594000.0,,,,,,,,
97,MTG,MRT,1997-03-31,1997-03-31,1997-03-31,2021-08-05,,,,,,,,,,,,,,,,,,,,,,0.002,0.08,,,,,,,,,,,,,,,,,,1.0,,,,,,,,,,,,,,,,,,,,,,,,,,,,,,,,,,,,,,,,35.375,,,,,,,,,,,,,,1.0,,119323000.0,,,,,,,,
98,MTG,MRT,1996-12-31,1996-12-31,1996-12-31,2021-08-05,40685000.0,2222315000.0,,,,,,0.0,3861000.0,3861000.0,234350000.0,257991000.0,,0.627,35424000.0,,,35424000.0,219307000.0,8969000.0,0.0,0.002,0.08,368821000.0,377790000.0,0.507,377790000.0,368821000.0,365028000.0,2.19,2.17,2.19,1366115000.0,,1366115000.0,,,,386055000.0,,1.0,511281000.0,0.686,0.0,3793000.0,2253878000.0,,0.0,2051184000.0,,,856200000.0,,,,53711000.0,-15750000.0,10209000.0,-4168000.0,-9425000.0,-3384000.0,-328960000.0,-313210000.0,386055000.0,0.0,257991000.0,257991000.0,257991000.0,0.0,0.0,0.346,142460000.0,368821000.0,0.0,0.037,,,17.352,35050000.0,0.0,38.0,,,0.0,1003408000.0,745631000.0,745631000.0,0.0,,,,0.495,0.0,146483000.0,1.0,,,,,2222315000.0,0.0,107037000.0,23111000.0,,
99,MTG,MRT,1995-12-31,1995-12-31,1995-12-31,2021-08-05,,,,,,,,0.0,,,189982000.0,207565000.0,,,,,,,,8613000.0,,0.003,0.08,295230000.0,303843000.0,0.492,303843000.0,295230000.0,291409000.0,1.77,1.75,1.77,,,,,,,286537000.0,,1.0,427904000.0,0.693,,3821000.0,,,,,,,,,,,-77025000.0,0.0,6079000.0,-348000.0,-9371000.0,-3640000.0,-359922000.0,-359922000.0,286537000.0,0.0,207565000.0,207565000.0,207565000.0,0.0,0.0,0.336,132674000.0,295230000.0,,0.045,,,15.325,,0.0,27.125,,,,,617886000.0,617886000.0,0.0,,,,0.478,0.0,137559000.0,1.0,,,,,,,83844000.0,,,
