None,ticker,dimension,calendardate,datekey,reportperiod,lastupdated,accoci,assets,assetsavg,assetsc,assetsnc,assetturnover,bvps,capex,cashneq,cashnequsd,cor,consolinc,currentratio,de,debt,debtc,debtnc,debtusd,deferredrev,depamor,deposits,divyield,dps,ebit,ebitda,ebitdamargin,ebitdausd,ebitusd,ebt,eps,epsdil,epsusd,equity,equityavg,equityusd,ev,evebit,evebitda,fcf,fcfps,fxusd,gp,grossmargin,intangibles,intexp,invcap,invcapavg,inventory,investments,investmentsc,investmentsnc,liabilities,liabilitiesc,liabilitiesnc,marketcap,ncf,ncfbus,ncfcommon,ncfdebt,ncfdiv,ncff,ncfi,ncfinv,ncfo,ncfx,netinc,netinccmn,netinccmnusd,netincdis,netincnci,netmargin,opex,opinc,payables,payoutratio,pb,pe,pe1,ppnenet,prefdivis,price,ps,ps1,receivables,retearn,revenue,revenueusd,rnd,roa,roe,roic,ros,sbcomp,sgna,sharefactor,sharesbas,shareswa,shareswadil,sps,tangibles,taxassets,taxexp,taxliabilities,tbvps,workingcapital
0,ANET,MRY,2020-12-31,2020-12-31,2020-12-31,2021-08-03,238000.0,4738919000.0,4396496750.0,3836998000.0,901921000.0,0.527,43.697,-15384000.0,893219000.0,893219000.0,835626000.0,634557000.0,4.995,0.427,72397000.0,0.0,72397000.0,72397000.0,650827000.0,61560000.0,0.0,0.0,0.0,738863000.0,800423000.0,0.345,800423000.0,738863000.0,738863000.0,8.35,7.99,8.35,3320291000.0,3072369250.0,3320291000.0,21089505594.0,29.0,26.348,719730000.0,9.472,1.0,1481886000.0,0.639,312486000.0,0.0,2837368000.0,2749215250.0,479668000.0,1987963000.0,1979649000.0,8314000.0,1418628000.0,768243000.0,650385000.0,21984951594.0,-218061000.0,-227420000.0,-337617000.0,0.0,0.0,-346339000.0,-608802000.0,-365998000.0,735114000.0,1966000.0,634557000.0,634557000.0,634557000.0,0.0,0.0,0.274,782202000.0,699684000.0,134235000.0,0.0,6.621,34.646,34.799,109519000.0,0.0,290.57,9.486,9.527,389540000.0,2027614000.0,2317512000.0,2317512000.0,486594000.0,0.144,0.207,0.269,0.319,137042000.0,295608000.0,1.0,75661464.0,75984000.0,79465000.0,30.5,4426433000.0,441531000.0,104306000.0,280989000.0,58.255,3068755000.0
1,ANET,MRY,2019-12-31,2019-12-31,2019-12-31,2021-08-03,143000.0,4185290000.0,3644712750.0,3471636000.0,713654000.0,0.661,37.932,-15751000.0,1111286000.0,1111286000.0,866368000.0,859867000.0,5.814,0.446,83022000.0,0.0,83022000.0,83022000.0,575288000.0,49028000.0,0.0,0.0,0.0,861847000.0,910875000.0,0.378,910875000.0,861847000.0,861847000.0,11.26,10.63,11.26,2894686000.0,2619154250.0,2894686000.0,14531401177.0,17.0,15.953,947283000.0,12.413,1.0,1544338000.0,0.641,100090000.0,0.0,2459862000.0,2085251500.0,243825000.0,1617232000.0,1613082000.0,4150000.0,1290604000.0,597074000.0,693530000.0,15539567177.0,461351000.0,-1365000.0,-208764000.0,0.0,0.0,-217964000.0,-284072000.0,-266956000.0,963034000.0,353000.0,859444000.0,859444000.0,859444000.0,0.0,423000.0,0.357,738564000.0,805774000.0,92105000.0,0.0,5.368,18.081,18.064,127043000.0,0.0,203.4,6.446,6.439,391987000.0,1788230000.0,2410706000.0,2410706000.0,462759000.0,0.236,0.328,0.413,0.358,101280000.0,275805000.0,1.0,76399052.0,76312000.0,80879000.0,31.59,4085200000.0,452025000.0,2403000.0,310195000.0,53.533,2874562000.0
2,ANET,MRY,2018-12-31,2018-12-31,2018-12-31,2021-08-03,-3994000.0,3081983000.0,2823092250.0,2714802000.0,367181000.0,0.762,28.674,-23830000.0,649950000.0,649950000.0,777992000.0,328115000.0,4.476,0.438,35431000.0,0.0,35431000.0,35431000.0,587227000.0,27671000.0,0.0,0.0,0.0,288612000.0,316283000.0,0.147,316283000.0,288612000.0,288612000.0,4.39,4.06,4.39,2143389000.0,1913569250.0,2143389000.0,15403885110.0,53.0,48.703,479289000.0,6.412,1.0,1373377000.0,0.638,112294000.0,0.0,1748666000.0,1501304500.0,264557000.0,1336533000.0,1306197000.0,30336000.0,938594000.0,606504000.0,332090000.0,15892532110.0,-210533000.0,-96821000.0,53658000.0,-1929000.0,0.0,42851000.0,-755113000.0,-634462000.0,503119000.0,-1390000.0,327926000.0,327926000.0,327926000.0,0.0,189000.0,0.152,1100030000.0,273347000.0,93757000.0,0.0,7.415,48.464,47.995,75355000.0,0.0,210.7,7.387,7.321,331777000.0,1190803000.0,2151369000.0,2151369000.0,442468000.0,0.116,0.171,0.192,0.134,91202000.0,252562000.0,1.0,75427300.0,74750000.0,80844000.0,28.781,2969689000.0,126492000.0,-39314000.0,39920000.0,39.728,2108298000.0
3,ANET,MRY,2017-12-31,2017-12-31,2017-12-31,2021-08-03,-1938000.0,2460860000.0,2216277000.0,2266429000.0,194431000.0,0.743,23.0,-15279000.0,859192000.0,859192000.0,584417000.0,423201000.0,4.277,0.481,37673000.0,0.0,37673000.0,37673000.0,515262000.0,20640000.0,0.0,0.0,0.0,473959000.0,494599000.0,0.3,494599000.0,473959000.0,473959000.0,5.85,5.35,5.85,1661914000.0,1443147250.0,1661914000.0,16404769714.0,35.0,33.168,616348000.0,8.53,1.0,1061769000.0,0.645,0.0,0.0,1109436000.0,873578250.0,306198000.0,712499000.0,676363000.0,36136000.0,798946000.0,529905000.0,269041000.0,17221049714.0,292529000.0,0.0,57111000.0,-1617000.0,0.0,51469000.0,-391320000.0,-379041000.0,631627000.0,753000.0,422400000.0,422400000.0,422400000.0,0.0,801000.0,0.257,591497000.0,470272000.0,52200000.0,0.0,10.362,40.77,40.27,74279000.0,0.0,235.58,10.461,10.341,247346000.0,859114000.0,1646186000.0,1646186000.0,349594000.0,0.191,0.293,0.543,0.288,75427000.0,241903000.0,1.0,73100644.0,72258000.0,78977000.0,22.782,2460860000.0,65125000.0,51559000.0,34067000.0,34.057,1736524000.0
4,ANET,MRY,2016-12-31,2016-12-31,2016-12-31,2021-08-03,-1475000.0,1729007000.0,1448255500.0,1526126000.0,202881000.0,0.78,16.109,-21419000.0,567923000.0,567923000.0,406051000.0,184189000.0,3.321,0.561,39593000.0,0.0,39593000.0,39593000.0,372935000.0,19749000.0,0.0,0.0,0.0,244137000.0,263886000.0,0.234,263886000.0,244137000.0,241001000.0,2.66,2.5,2.66,1107820000.0,971482250.0,1107820000.0,6333709219.0,26.0,24.002,152876000.0,2.223,1.0,723116000.0,0.64,0.0,3136000.0,741124000.0,587864500.0,236490000.0,336046000.0,299910000.0,36136000.0,621187000.0,459553000.0,161634000.0,6794149219.0,-119199000.0,0.0,35181000.0,-1336000.0,0.0,32745000.0,-325775000.0,-304356000.0,174295000.0,-464000.0,182965000.0,182965000.0,182965000.0,0.0,1224000.0,0.162,479707000.0,243409000.0,79457000.0,0.0,6.133,37.134,36.38,76961000.0,0.0,96.77,6.017,5.894,253119000.0,435105000.0,1129167000.0,1129167000.0,273581000.0,0.126,0.188,0.415,0.216,59032000.0,206126000.0,1.0,70209251.0,68771000.0,73222000.0,16.419,1729007000.0,70960000.0,58036000.0,14498000.0,25.142,1066573000.0
5,ANET,MRY,2015-12-31,2015-12-31,2015-12-31,2021-08-03,-675000.0,1159890000.0,1024678250.0,974328000.0,185562000.0,0.817,11.948,-19989000.0,687326000.0,687326000.0,294031000.0,121102000.0,4.146,0.472,41210000.0,0.0,41210000.0,41210000.0,196808000.0,13671000.0,0.0,0.0,0.0,147174000.0,160845000.0,0.192,160845000.0,147174000.0,144022000.0,1.81,1.67,1.81,788152000.0,696834750.0,788152000.0,4897241907.0,33.0,30.447,217795000.0,3.302,1.0,543560000.0,0.649,0.0,3152000.0,278763000.0,432719500.0,92129000.0,36636000.0,0.0,36636000.0,371738000.0,235011000.0,136727000.0,5274154907.0,447295000.0,0.0,26940000.0,-1086000.0,0.0,25854000.0,184170000.0,208200000.0,237784000.0,-513000.0,119115000.0,119115000.0,119115000.0,0.0,1987000.0,0.142,394252000.0,149308000.0,43966000.0,0.0,6.692,44.278,43.006,79706000.0,0.0,77.84,6.297,6.13,144263000.0,250916000.0,837591000.0,837591000.0,209448000.0,0.116,0.171,0.34,0.176,45303000.0,184804000.0,1.0,67756358.0,65964000.0,71411000.0,12.698,1159890000.0,48429000.0,24907000.0,14060000.0,17.584,739317000.0
6,ANET,MRY,2014-12-31,2014-12-31,2014-12-31,2021-08-03,-334000.0,811023000.0,630286750.0,679479000.0,131544000.0,0.927,11.474,-13134000.0,240031000.0,240031000.0,192015000.0,86850000.0,4.706,0.46,42547000.0,0.0,42547000.0,42547000.0,106468000.0,10021000.0,0.0,0.0,0.0,109827000.0,119848000.0,0.205,119848000.0,109827000.0,103547000.0,1.42,1.29,1.42,555658000.0,401548500.0,555658000.0,3548725950.0,32.0,29.61,118741000.0,2.452,1.0,392091000.0,0.671,0.0,6280000.0,469166000.0,267474750.0,78006000.0,246062000.0,209426000.0,36636000.0,255365000.0,144373000.0,110992000.0,3914490950.0,126367000.0,0.0,247335000.0,-20793000.0,0.0,243978000.0,-249362000.0,-202019000.0,131875000.0,-124000.0,68889000.0,68889000.0,68889000.0,0.0,17961000.0,0.118,266578000.0,125513000.0,32428000.0,0.0,7.045,56.823,42.789,71558000.0,0.0,60.76,6.702,5.037,96982000.0,129814000.0,584106000.0,584106000.0,148909000.0,0.109,0.172,0.411,0.188,10183000.0,117669000.0,1.0,64425460.0,48427000.0,54590000.0,12.062,811023000.0,23762000.0,34658000.0,17323000.0,16.747,535106000.0
7,ANET,MRY,2013-12-31,2013-12-31,2013-12-31,2021-08-03,36000.0,364520000.0,292344000.0,282766000.0,81754000.0,1.236,2.845,-20316000.0,113664000.0,113664000.0,122686000.0,42460000.0,1.351,3.689,141945000.0,98793000.0,43152000.0,141945000.0,58904000.0,5044000.0,0.0,,0.0,43711000.0,48755000.0,0.135,48755000.0,43711000.0,36592000.0,0.76,0.72,0.76,77732000.0,48321000.0,77732000.0,,,,14332000.0,0.525,1.0,238538000.0,0.66,0.0,7119000.0,183457000.0,193746000.0,67094000.0,4000000.0,4000000.0,0.0,286788000.0,209344000.0,77444000.0,,25009000.0,0.0,9004000.0,0.0,0.0,9886000.0,-19491000.0,1000000.0,34648000.0,-34000.0,20777000.0,20777000.0,20777000.0,0.0,21683000.0,0.058,172390000.0,66148000.0,24595000.0,0.0,,,,67204000.0,0.0,,,,77999000.0,42964000.0,361224000.0,361224000.0,98587000.0,0.071,0.43,0.226,0.121,9277000.0,73803000.0,1.0,,27320000.0,30051000.0,13.222,364520000.0,16897000.0,15815000.0,14716000.0,13.343,73422000.0
8,ANET,MRY,2012-12-31,2012-12-31,2012-12-31,2021-08-03,38000.0,220168000.0,,177172000.0,42996000.0,,0.765,-3312000.0,92695000.0,92695000.0,61252000.0,21349000.0,3.821,10.643,122926000.0,0.0,122926000.0,122926000.0,17602000.0,1779000.0,0.0,,0.0,28305000.0,30084000.0,0.156,30084000.0,28305000.0,21248000.0,0.39,0.39,0.39,18910000.0,,18910000.0,,,,22994000.0,0.931,1.0,132156000.0,0.683,0.0,7057000.0,204035000.0,,24181000.0,4000000.0,0.0,4000000.0,201258000.0,46364000.0,154894000.0,,17930000.0,0.0,3882000.0,0.0,0.0,3977000.0,-12352000.0,0.0,26306000.0,-1000.0,9622000.0,9622000.0,9622000.0,0.0,11727000.0,0.05,92259000.0,39897000.0,14000000.0,0.0,,,,30546000.0,0.0,,,,50902000.0,504000.0,193408000.0,193408000.0,55155000.0,,,,0.146,4608000.0,37104000.0,1.0,,24711000.0,24901000.0,7.827,220168000.0,7988000.0,11626000.0,12477000.0,8.91,130808000.0
9,ANET,MRY,2011-12-31,2011-12-31,2011-12-31,2021-08-03,,,,,,,,,,,43366000.0,34035000.0,,,,,,,,,,,0.0,23797000.0,,,,23797000.0,17380000.0,0.65,0.65,0.65,,,,,,,,,1.0,96482000.0,0.69,,6417000.0,,,,,,,,,,,,,,,,,,,,,13789000.0,13789000.0,13789000.0,0.0,20246000.0,0.099,52082000.0,44400000.0,,0.0,,,,,0.0,,,,,,139848000.0,139848000.0,26408000.0,,,,0.17,,25674000.0,1.0,,21175788.0,21345641.0,6.604,,,3591000.0,,,
0,ANET,MRQ,2021-06-30,2021-06-30,2021-06-30,2021-08-03,-1139000.0,5208280000.0,,4328395000.0,879885000.0,,48.362,-4471000.0,893688000.0,893688000.0,253141000.0,196888000.0,5.033,0.408,64295000.0,0.0,64295000.0,64295000.0,746090000.0,16744000.0,0.0,0.0,0.0,221084000.0,237828000.0,0.336,237828000.0,221084000.0,221084000.0,2.58,2.47,2.58,3697841000.0,,3697841000.0,26876590793.0,32.0,29.977,258895000.0,3.386,1.0,454178000.0,0.642,296272000.0,0.0,3222680000.0,,543199000.0,2401662000.0,2388015000.0,13647000.0,1510439000.0,859935000.0,650504000.0,27652156793.0,50352000.0,-4683000.0,8803000.0,0.0,0.0,4946000.0,-218133000.0,-208979000.0,263366000.0,173000.0,196888000.0,196888000.0,196888000.0,0.0,0.0,0.278,234813000.0,219365000.0,145159000.0,0.0,7.478,37.953,37.859,102859000.0,0.0,362.31,10.519,10.538,364214000.0,2303513000.0,707319000.0,707319000.0,143293000.0,,,,,44944000.0,91520000.0,1.0,76321815.0,76461000.0,79710000.0,9.251,4912008000.0,433674000.0,24196000.0,274723000.0,64.242,3468460000.0
1,ANET,MRQ,2021-03-31,2021-03-31,2021-03-31,2021-08-03,-864000.0,4893730000.0,,4002895000.0,890835000.0,,45.23,-5096000.0,843336000.0,843336000.0,242290000.0,180366000.0,5.089,0.418,67770000.0,0.0,67770000.0,67770000.0,720031000.0,16901000.0,0.0,0.0,0.0,207867000.0,224768000.0,0.337,224768000.0,207867000.0,207867000.0,2.36,2.27,2.36,3451338000.0,,3451338000.0,22222916573.0,28.0,26.173,249579000.0,3.271,1.0,425272000.0,0.637,303636000.0,0.0,3027996000.0,,483168000.0,2194644000.0,2184330000.0,10314000.0,1442392000.0,786532000.0,655860000.0,23043738573.0,-49882000.0,18000.0,-83274000.0,0.0,0.0,-85770000.0,-217949000.0,-212871000.0,254675000.0,-838000.0,180366000.0,180366000.0,180366000.0,0.0,0.0,0.27,218980000.0,206292000.0,136885000.0,0.0,6.677,34.064,33.92,105418000.0,0.0,301.89,9.36,9.356,380466000.0,2106625000.0,667562000.0,667562000.0,132487000.0,,,,,37553000.0,86493000.0,1.0,76331573.0,76306000.0,79623000.0,8.748,4590094000.0,438277000.0,27501000.0,281238000.0,60.154,3216363000.0
2,ANET,MRQ,2020-12-31,2020-12-31,2020-12-31,2021-08-03,238000.0,4738919000.0,,3836998000.0,901921000.0,,43.766,-7683000.0,893219000.0,893219000.0,233898000.0,182958000.0,4.995,0.427,72397000.0,0.0,72397000.0,72397000.0,650827000.0,16979000.0,0.0,0.0,0.0,200180000.0,217159000.0,0.335,217159000.0,200180000.0,200180000.0,2.41,2.31,2.41,3320291000.0,,3320291000.0,21089505594.0,29.0,26.348,179241000.0,2.363,1.0,414584000.0,0.639,312486000.0,0.0,2837368000.0,,479668000.0,1987963000.0,1979649000.0,8314000.0,1418628000.0,768243000.0,650385000.0,21984951594.0,-77128000.0,-161103000.0,14852000.0,0.0,0.0,12062000.0,-278326000.0,-109540000.0,186924000.0,2212000.0,182958000.0,182958000.0,182958000.0,0.0,0.0,0.282,219946000.0,194638000.0,134235000.0,0.0,6.621,34.646,34.799,109519000.0,0.0,290.57,9.486,9.527,389540000.0,2027614000.0,648482000.0,648482000.0,133847000.0,,,,,40095000.0,86099000.0,1.0,75661464.0,75864000.0,79303000.0,8.548,4426433000.0,441531000.0,17222000.0,280989000.0,58.347,3068755000.0
3,ANET,MRQ,2020-09-30,2020-09-30,2020-09-30,2021-08-03,-934000.0,4399372000.0,,3653867000.0,745505000.0,,40.578,-2523000.0,970349000.0,970349000.0,220469000.0,168375000.0,5.496,0.427,74903000.0,0.0,74903000.0,74903000.0,562304000.0,15188000.0,0.0,0.0,0.0,201619000.0,216807000.0,0.358,216807000.0,201619000.0,201619000.0,2.22,2.12,2.22,3083877000.0,,3083877000.0,15006054408.0,21.0,19.18,212604000.0,2.797,1.0,384962000.0,0.636,162720000.0,0.0,2676423000.0,,438102000.0,1879702000.0,1875552000.0,4150000.0,1315495000.0,664783000.0,650712000.0,15731977408.0,170093000.0,0.0,-146802000.0,0.0,0.0,-148734000.0,102283000.0,104806000.0,215127000.0,1417000.0,168375000.0,168375000.0,168375000.0,0.0,0.0,0.278,196567000.0,188395000.0,163102000.0,0.0,5.101,22.09,22.108,112599000.0,0.0,206.93,7.081,7.079,300217000.0,1844656000.0,605431000.0,605431000.0,128049000.0,,,,,36469000.0,68518000.0,1.0,76025600.0,75999000.0,79313000.0,7.966,4236652000.0,443229000.0,33244000.0,295630000.0,55.746,2989084000.0
4,ANET,MRQ,2020-06-30,2020-06-30,2020-06-30,2021-08-03,7823000.0,4335851000.0,,3576878000.0,758973000.0,,40.055,-2071000.0,800182000.0,800182000.0,196481000.0,144793000.0,5.587,0.428,74259000.0,0.0,74259000.0,74259000.0,577511000.0,15112000.0,0.0,0.0,0.0,175245000.0,190357000.0,0.352,190357000.0,175245000.0,175245000.0,1.91,1.83,1.91,3036483000.0,,3036483000.0,15217388495.0,20.0,18.434,136145000.0,1.796,1.0,344089000.0,0.637,168530000.0,0.0,2801217000.0,,326997000.0,1985739000.0,1981589000.0,4150000.0,1299368000.0,640181000.0,659187000.0,15900219495.0,38849000.0,-92000.0,5146000.0,0.0,0.0,2886000.0,-103281000.0,-101118000.0,138216000.0,1028000.0,144793000.0,144793000.0,144793000.0,0.0,0.0,0.268,177100000.0,166989000.0,122872000.0,0.0,5.236,21.127,21.28,114546000.0,0.0,210.03,7.003,7.012,383225000.0,1843559000.0,540570000.0,540570000.0,111544000.0,,,,,32922000.0,65556000.0,1.0,75704516.0,75808000.0,79298000.0,7.131,4167321000.0,446254000.0,30452000.0,297263000.0,54.972,2936697000.0
5,ANET,MRQ,2020-03-31,2020-03-31,2020-03-31,2021-08-03,828000.0,4111845000.0,,3336899000.0,774946000.0,,37.355,-3107000.0,761333000.0,761333000.0,184778000.0,138431000.0,5.823,0.443,78502000.0,0.0,78502000.0,78502000.0,596775000.0,14281000.0,0.0,0.0,0.0,161819000.0,176100000.0,0.337,176100000.0,161819000.0,161819000.0,1.82,1.73,1.82,2848826000.0,,2848826000.0,14462603429.0,18.0,16.655,191740000.0,2.514,1.0,338251000.0,0.647,174154000.0,0.0,2681853000.0,,261798000.0,1879810000.0,1875660000.0,4150000.0,1263019000.0,573007000.0,690012000.0,15490867429.0,-349875000.0,-66225000.0,-210813000.0,0.0,0.0,-212553000.0,-329478000.0,-260146000.0,194847000.0,-2691000.0,138431000.0,138431000.0,138431000.0,0.0,0.0,0.265,188589000.0,149662000.0,84815000.0,0.0,5.438,19.437,19.42,121183000.0,0.0,202.55,6.625,6.606,352159000.0,1698766000.0,523029000.0,523029000.0,113154000.0,,,,,27556000.0,75435000.0,1.0,76479227.0,76264000.0,79939000.0,6.858,3937691000.0,448432000.0,23388000.0,308811000.0,51.632,2763892000.0
6,ANET,MRQ,2019-12-31,2019-12-31,2019-12-31,2021-08-03,143000.0,4185290000.0,,3471636000.0,713654000.0,,37.916,-2432000.0,1111286000.0,1111286000.0,196243000.0,260692000.0,5.814,0.446,83022000.0,0.0,83022000.0,83022000.0,575288000.0,12073000.0,0.0,0.0,0.0,187063000.0,199136000.0,0.36,199136000.0,187063000.0,187063000.0,3.41,3.25,3.41,2894686000.0,,2894686000.0,14531401177.0,17.0,15.953,324729000.0,4.253,1.0,356303000.0,0.645,100090000.0,0.0,2459862000.0,,243825000.0,1617232000.0,1613082000.0,4150000.0,1290604000.0,597074000.0,693530000.0,15539567177.0,16024000.0,0.0,-46324000.0,0.0,0.0,-48455000.0,-264029000.0,-261597000.0,327161000.0,1347000.0,260583000.0,260583000.0,260583000.0,0.0,109000.0,0.472,180314000.0,175989000.0,92105000.0,0.0,5.368,18.081,18.064,127043000.0,0.0,203.4,6.446,6.439,391987000.0,1788230000.0,552546000.0,552546000.0,110063000.0,,,,,26435000.0,70251000.0,1.0,76399052.0,76345000.0,80204000.0,7.237,4085200000.0,452025000.0,-73520000.0,310195000.0,53.51,2874562000.0
7,ANET,MRQ,2019-09-30,2019-09-30,2019-09-30,2021-08-03,201000.0,3619825000.0,,3240420000.0,379405000.0,,34.753,-4680000.0,1095265000.0,1095265000.0,237141000.0,208895000.0,5.911,0.363,87099000.0,0.0,87099000.0,87099000.0,529012000.0,12243000.0,0.0,0.0,0.0,247679000.0,259922000.0,0.397,259922000.0,247679000.0,247679000.0,2.73,2.59,2.73,2656004000.0,,2656004000.0,17457147634.0,20.0,18.988,264717000.0,3.464,1.0,417274000.0,0.638,103174000.0,0.0,1960296000.0,,239802000.0,1355925000.0,1351775000.0,4150000.0,963821000.0,548189000.0,415632000.0,18311856634.0,150855000.0,-1365000.0,-100536000.0,0.0,0.0,-102943000.0,-14533000.0,-8488000.0,269397000.0,-1066000.0,208799000.0,208799000.0,208799000.0,0.0,96000.0,0.319,188668000.0,228606000.0,78600000.0,0.0,6.895,23.81,23.609,132091000.0,0.0,238.92,7.462,7.441,447252000.0,1579063000.0,654415000.0,654415000.0,118732000.0,,,,,26257000.0,69936000.0,1.0,76644302.0,76426000.0,80753000.0,8.563,3516651000.0,110630000.0,38880000.0,60278000.0,46.014,2692231000.0
8,ANET,MRQ,2019-06-30,2019-06-30,2019-06-30,2021-08-03,2035000.0,3441292000.0,,3028518000.0,412774000.0,,32.991,-3402000.0,944414000.0,944414000.0,218130000.0,189251000.0,5.768,0.363,89705000.0,0.0,89705000.0,89705000.0,502218000.0,12661000.0,0.0,0.0,0.0,220549000.0,233210000.0,0.383,233210000.0,220549000.0,220549000.0,2.47,2.33,2.47,2525560000.0,,2525560000.0,19176869873.0,24.0,22.407,192977000.0,2.521,1.0,390191000.0,0.641,105296000.0,0.0,1956267000.0,,314177000.0,1344875000.0,1313389000.0,31486000.0,915732000.0,525020000.0,390712000.0,19892744873.0,134927000.0,0.0,-88227000.0,0.0,0.0,-91039000.0,29710000.0,33112000.0,196379000.0,-123000.0,189152000.0,189152000.0,189152000.0,0.0,99000.0,0.311,183354000.0,206837000.0,86134000.0,0.0,7.877,27.298,26.932,135226000.0,0.0,259.62,8.419,8.411,343080000.0,1484777000.0,608321000.0,608321000.0,114295000.0,,,,,24297000.0,69059000.0,1.0,76622544.0,76552000.0,81335000.0,7.947,3335996000.0,113660000.0,31397000.0,45804000.0,43.578,2503498000.0
9,ANET,MRQ,2019-03-31,2019-03-31,2019-03-31,2021-08-03,-580000.0,3332444000.0,,2900974000.0,431470000.0,,31.617,-5237000.0,809491000.0,809491000.0,214854000.0,201029000.0,5.341,0.388,93616000.0,0.0,93616000.0,93616000.0,536471000.0,12051000.0,0.0,0.0,0.0,206557000.0,218608000.0,0.367,218608000.0,206557000.0,206557000.0,2.65,2.47,2.65,2400367000.0,,2400367000.0,23199811324.0,66.0,60.043,164860000.0,2.171,1.0,380570000.0,0.639,108795000.0,0.0,1964581000.0,,347153000.0,1372913000.0,1341427000.0,31486000.0,932077000.0,543193000.0,388884000.0,23814330324.0,159545000.0,0.0,26323000.0,0.0,0.0,24473000.0,-35220000.0,-29983000.0,170097000.0,195000.0,200911000.0,200911000.0,200911000.0,0.0,118000.0,0.337,186228000.0,194342000.0,89823000.0,0.0,9.921,61.955,61.78,140081000.0,0.0,314.46,10.471,10.497,271246000.0,1395534000.0,595424000.0,595424000.0,119669000.0,,,,,24291000.0,66559000.0,1.0,75730873.0,75920000.0,81201000.0,7.843,3223649000.0,126045000.0,5646000.0,37925000.0,42.461,2357781000.0
10,ANET,MRQ,2018-12-31,2018-12-31,2018-12-31,2021-08-03,-3994000.0,3081983000.0,,2714802000.0,367181000.0,,28.396,-6217000.0,649950000.0,649950000.0,220734000.0,170322000.0,4.476,0.438,35431000.0,0.0,35431000.0,35431000.0,587227000.0,9231000.0,0.0,0.0,0.0,198388000.0,207619000.0,0.349,207619000.0,198388000.0,198388000.0,2.27,2.11,2.27,2143389000.0,,2143389000.0,15403885110.0,53.0,48.703,289602000.0,3.837,1.0,374992000.0,0.629,112294000.0,0.0,1748666000.0,,264557000.0,1336533000.0,1306197000.0,30336000.0,938594000.0,606504000.0,332090000.0,15892532110.0,125267000.0,-1181000.0,4016000.0,-537000.0,0.0,1515000.0,-171661000.0,-166263000.0,295819000.0,-406000.0,170220000.0,170220000.0,170220000.0,0.0,102000.0,0.286,181350000.0,193642000.0,93757000.0,0.0,7.415,48.464,47.995,75355000.0,0.0,210.7,7.387,7.321,331777000.0,1190803000.0,595726000.0,595726000.0,118439000.0,,,,,24619000.0,62911000.0,1.0,75427300.0,75482000.0,80844000.0,7.892,2969689000.0,126492000.0,28168000.0,39920000.0,39.343,2108298000.0
11,ANET,MRQ,2018-09-30,2018-09-30,2018-09-30,2021-08-03,-4442000.0,2798238000.0,,2436046000.0,362192000.0,,25.941,-4542000.0,524687000.0,524687000.0,201726000.0,168524000.0,4.513,0.438,36040000.0,0.0,36040000.0,36040000.0,529855000.0,7112000.0,0.0,0.0,0.0,189304000.0,196416000.0,0.349,196416000.0,189304000.0,189304000.0,2.25,2.08,2.25,1945876000.0,,1945876000.0,19218062958.0,83.0,75.617,-123367000.0,-1.645,1.0,361583000.0,0.642,117278000.0,0.0,1652531000.0,,216313000.0,1172148000.0,1137112000.0,35036000.0,852362000.0,539782000.0,312580000.0,19892625958.0,-187772000.0,-95640000.0,20832000.0,-471000.0,0.0,17910000.0,-86480000.0,13702000.0,-118825000.0,-377000.0,168439000.0,168439000.0,168439000.0,0.0,85000.0,0.299,180813000.0,180770000.0,85097000.0,0.0,10.223,76.083,75.102,75397000.0,0.0,265.86,9.831,9.855,322053000.0,1020481000.0,563309000.0,563309000.0,117589000.0,,,,,23254000.0,63224000.0,1.0,74823689.0,75011000.0,81018000.0,7.51,2680960000.0,114282000.0,20865000.0,42470000.0,35.741,1896264000.0
12,ANET,MRQ,2018-06-30,2018-06-30,2018-06-30,2021-08-03,-4551000.0,2832114000.0,,2620562000.0,211552000.0,,23.086,-6735000.0,711157000.0,711157000.0,185962000.0,-155269000.0,3.17,0.647,36594000.0,0.0,36594000.0,36594000.0,448644000.0,5631000.0,0.0,0.0,0.0,-241890000.0,-236259000.0,-0.454,-236259000.0,-241890000.0,-241890000.0,-2.08,-2.08,-2.08,1719973000.0,,1719973000.0,18305915045.0,100.0,88.931,123849000.0,1.662,1.0,333883000.0,0.642,0.0,0.0,1330788000.0,,245439000.0,1184283000.0,1149247000.0,35036000.0,1112141000.0,826763000.0,285378000.0,19154937045.0,-174999000.0,0.0,11510000.0,-465000.0,0.0,8118000.0,-313108000.0,-304373000.0,130584000.0,-593000.0,-155187000.0,-155187000.0,-155187000.0,0.0,-82000.0,-0.299,573686000.0,-239803000.0,53182000.0,0.0,11.137,84.547,82.265,73736000.0,0.0,257.49,10.093,10.108,260917000.0,851957000.0,519845000.0,519845000.0,104078000.0,,,,,22478000.0,64608000.0,1.0,74390994.0,74503000.0,74503000.0,6.978,2832114000.0,82761000.0,-86703000.0,40369000.0,38.013,1793799000.0
13,ANET,MRQ,2018-03-31,2018-03-31,2018-03-31,2021-08-03,-3626000.0,2580034000.0,,2379174000.0,200860000.0,,24.935,-6336000.0,886160000.0,886160000.0,169570000.0,144538000.0,5.197,0.398,37138000.0,0.0,37138000.0,37138000.0,456054000.0,5697000.0,0.0,0.0,0.0,143492000.0,149189000.0,0.316,149189000.0,143492000.0,142805000.0,1.95,1.79,1.95,1845039000.0,,1845039000.0,18038864748.0,33.0,31.943,189205000.0,2.557,1.0,302919000.0,0.641,0.0,687000.0,1273233000.0,,268131000.0,888016000.0,851880000.0,36136000.0,734995000.0,457779000.0,277216000.0,18860383748.0,26971000.0,0.0,17300000.0,-456000.0,0.0,15308000.0,-183864000.0,-177528000.0,195541000.0,-14000.0,144449000.0,144449000.0,144449000.0,0.0,89000.0,0.306,164181000.0,138738000.0,70431000.0,0.0,10.222,38.952,38.507,73825000.0,0.0,255.3,10.577,10.594,207339000.0,1007226000.0,472489000.0,472489000.0,102362000.0,,,,,20851000.0,61819000.0,1.0,73875377.0,73994000.0,80721000.0,6.386,2580034000.0,68020000.0,-1644000.0,37358000.0,34.868,1921395000.0
14,ANET,MRQ,2017-12-31,2017-12-31,2017-12-31,2021-08-03,-1938000.0,2460860000.0,,2266429000.0,194431000.0,,22.666,-3120000.0,859192000.0,859192000.0,160702000.0,103833000.0,4.277,0.481,37673000.0,0.0,37673000.0,37673000.0,515262000.0,5285000.0,0.0,0.0,0.0,139520000.0,144805000.0,0.31,144805000.0,139520000.0,141559000.0,1.42,1.29,1.42,1661914000.0,,1661914000.0,16404769714.0,35.0,33.168,180544000.0,2.462,1.0,307165000.0,0.657,0.0,-2039000.0,1109436000.0,,306198000.0,712499000.0,676363000.0,36136000.0,798946000.0,529905000.0,269041000.0,17221049714.0,4716000.0,0.0,15241000.0,-447000.0,0.0,13226000.0,-192230000.0,-192110000.0,183664000.0,56000.0,103757000.0,103757000.0,103757000.0,0.0,76000.0,0.222,167777000.0,139388000.0,52200000.0,0.0,10.362,40.77,40.27,74279000.0,0.0,235.58,10.461,10.341,247346000.0,859114000.0,467867000.0,467867000.0,107180000.0,,,,,20436000.0,60597000.0,1.0,73100644.0,73323000.0,80324000.0,6.381,2460860000.0,65125000.0,37802000.0,34067000.0,33.562,1736524000.0
15,ANET,MRQ,2017-09-30,2017-09-30,2017-09-30,2021-08-03,-1075000.0,2301710000.0,,2075539000.0,226171000.0,,21.003,-2625000.0,854479000.0,854479000.0,157016000.0,133722000.0,3.657,0.51,38199000.0,0.0,38199000.0,38199000.0,565145000.0,5322000.0,0.0,0.0,0.0,142786000.0,148108000.0,0.338,148108000.0,142786000.0,142085000.0,1.84,1.68,1.84,1524552000.0,,1524552000.0,12967603284.0,31.0,29.98,203243000.0,2.8,1.0,280617000.0,0.641,0.0,701000.0,917883000.0,,333157000.0,524771000.0,488635000.0,36136000.0,777158000.0,567547000.0,209611000.0,13752406284.0,31007000.0,0.0,13765000.0,-397000.0,0.0,12267000.0,-187414000.0,-184789000.0,205868000.0,286000.0,133540000.0,133540000.0,133540000.0,0.0,182000.0,0.305,139785000.0,140832000.0,32893000.0,0.0,9.021,36.461,36.048,73061000.0,0.0,189.61,9.13,9.137,212611000.0,755281000.0,437633000.0,437633000.0,79610000.0,,,,,20152000.0,60175000.0,1.0,72529963.0,72588000.0,79322000.0,6.029,2301710000.0,95697000.0,8545000.0,22161000.0,31.709,1507992000.0
16,ANET,MRQ,2017-06-30,2017-06-30,2017-06-30,2021-08-03,-1253000.0,2162940000.0,,1949189000.0,213751000.0,,18.86,-4889000.0,823475000.0,823475000.0,145434000.0,102685000.0,3.191,0.593,38672000.0,0.0,38672000.0,38672000.0,554510000.0,5094000.0,0.0,0.0,0.0,117522000.0,122616000.0,0.303,122616000.0,117522000.0,116899000.0,1.42,1.3,1.42,1357749000.0,,1357749000.0,10078628446.0,30.0,28.556,74344000.0,1.033,1.0,259777000.0,0.641,0.0,623000.0,767340000.0,,363803000.0,337500000.0,301364000.0,36136000.0,805191000.0,610797000.0,194394000.0,10786059446.0,76910000.0,0.0,8624000.0,-390000.0,0.0,7458000.0,-10008000.0,-5119000.0,79233000.0,227000.0,102454000.0,102454000.0,102454000.0,0.0,231000.0,0.253,143143000.0,116634000.0,80418000.0,0.0,7.944,36.613,36.007,75840000.0,0.0,149.79,7.937,7.936,269624000.0,621559000.0,405211000.0,405211000.0,81194000.0,,,,,18400000.0,61949000.0,1.0,72007874.0,71992000.0,78756000.0,5.629,2162940000.0,81469000.0,14445000.0,19970000.0,30.044,1338392000.0
17,ANET,MRQ,2017-03-31,2017-03-31,2017-03-31,2021-08-03,-1630000.0,1939598000.0,,1736825000.0,202773000.0,,17.273,-4645000.0,746567000.0,746567000.0,121265000.0,82961000.0,3.262,0.579,39136000.0,0.0,39136000.0,39136000.0,497170000.0,4939000.0,0.0,0.0,0.0,74176000.0,79115000.0,0.236,79115000.0,74176000.0,73461000.0,1.16,1.07,1.16,1228374000.0,,1228374000.0,8864337296.0,33.0,30.726,158217000.0,2.225,1.0,214210000.0,0.639,0.0,715000.0,699654000.0,,286786000.0,332811000.0,296675000.0,36136000.0,711224000.0,532513000.0,178711000.0,9392667296.0,179896000.0,0.0,19481000.0,-383000.0,0.0,18518000.0,-1668000.0,2977000.0,162862000.0,184000.0,82694000.0,82694000.0,82694000.0,0.0,267000.0,0.246,140792000.0,73418000.0,60984000.0,0.0,7.646,40.703,39.961,76319000.0,0.0,132.27,7.684,7.695,209062000.0,518874000.0,335475000.0,335475000.0,81610000.0,,,,,16439000.0,59182000.0,1.0,71011320.0,71114000.0,77516000.0,4.717,1939598000.0,70433000.0,-9233000.0,17581000.0,27.274,1204312000.0
18,ANET,MRQ,2016-12-31,2016-12-31,2016-12-31,2021-08-03,-1475000.0,1729007000.0,,1526126000.0,202881000.0,,15.828,-4935000.0,567923000.0,567923000.0,117814000.0,58783000.0,3.321,0.561,39593000.0,0.0,39593000.0,39593000.0,372935000.0,4942000.0,0.0,0.0,0.0,77762000.0,82704000.0,0.252,82704000.0,77762000.0,76844000.0,0.84,0.79,0.84,1107820000.0,,1107820000.0,6333709219.0,26.0,24.002,60632000.0,0.866,1.0,210155000.0,0.641,0.0,918000.0,741124000.0,,236490000.0,336046000.0,299910000.0,36136000.0,621187000.0,459553000.0,161634000.0,6794149219.0,67646000.0,2500000.0,9299000.0,-376000.0,0.0,8634000.0,-6224000.0,-3789000.0,65567000.0,-331000.0,58490000.0,58490000.0,58490000.0,0.0,293000.0,0.178,132660000.0,77495000.0,79457000.0,0.0,6.133,37.134,36.38,76961000.0,0.0,96.77,6.017,5.894,253119000.0,435105000.0,327969000.0,327969000.0,71398000.0,,,,,16324000.0,61262000.0,1.0,70209251.0,69989000.0,74455000.0,4.686,1729007000.0,70960000.0,18354000.0,14498000.0,24.704,1066573000.0
19,ANET,MRQ,2016-09-30,2016-09-30,2016-09-30,2021-08-03,-983000.0,1519080000.0,,1324178000.0,194902000.0,,14.642,-3745000.0,500481000.0,500481000.0,103841000.0,51257000.0,3.729,0.502,40041000.0,0.0,40041000.0,40041000.0,284835000.0,5145000.0,0.0,0.0,0.0,63365000.0,68510000.0,0.236,68510000.0,63365000.0,62630000.0,0.74,0.69,0.74,1011420000.0,,1011420000.0,5400644716.0,25.0,23.102,-37013000.0,-0.536,1.0,186420000.0,0.642,0.0,735000.0,703558000.0,,162128000.0,335803000.0,299667000.0,36136000.0,507660000.0,355082000.0,152578000.0,5891264716.0,-30577000.0,0.0,14677000.0,-326000.0,0.0,14139000.0,-11374000.0,-7629000.0,-33268000.0,-74000.0,50962000.0,50962000.0,50962000.0,0.0,295000.0,0.176,123399000.0,63021000.0,77048000.0,0.0,5.825,35.119,34.306,78147000.0,0.0,85.08,5.629,5.615,210243000.0,376322000.0,290261000.0,290261000.0,70648000.0,,,,,15116000.0,52751000.0,1.0,69243826.0,69076000.0,73453000.0,4.202,1519080000.0,62221000.0,11668000.0,11896000.0,21.991,969096000.0
20,ANET,MRQ,2016-06-30,2016-06-30,2016-06-30,2021-08-03,-705000.0,1334988000.0,,1142054000.0,192934000.0,,13.429,-4107000.0,531058000.0,531058000.0,97290000.0,38904000.0,4.335,0.456,40438000.0,0.0,40438000.0,40438000.0,230324000.0,4883000.0,0.0,0.0,0.0,53287000.0,58170000.0,0.216,58170000.0,53287000.0,52555000.0,0.57,0.53,0.57,916832000.0,,916832000.0,3748521038.0,21.0,18.775,60761000.0,0.89,1.0,171451000.0,0.638,0.0,732000.0,580929000.0,,118130000.0,331896000.0,292760000.0,39136000.0,418156000.0,263439000.0,154717000.0,4418357038.0,-179605000.0,-2500000.0,4455000.0,-320000.0,0.0,3536000.0,-247907000.0,-241300000.0,64868000.0,-102000.0,38617000.0,38617000.0,38617000.0,0.0,287000.0,0.144,118293000.0,53158000.0,60097000.0,0.0,4.819,30.453,29.806,79681000.0,0.0,64.38,4.537,4.513,146659000.0,325065000.0,268741000.0,268741000.0,69020000.0,,,,,14232000.0,49273000.0,1.0,68629342.0,68275000.0,72817000.0,3.936,1334988000.0,55305000.0,13938000.0,16086000.0,19.553,878615000.0
21,ANET,MRQ,2016-03-31,2016-03-31,2016-03-31,2021-08-03,-653000.0,1209947000.0,,1023133000.0,186814000.0,,12.546,-8632000.0,710663000.0,710663000.0,87106000.0,35245000.0,4.775,0.424,40827000.0,0.0,40827000.0,40827000.0,219220000.0,4779000.0,0.0,0.0,0.0,49748000.0,54527000.0,0.225,54527000.0,49748000.0,48997000.0,0.52,0.48,0.52,849857000.0,,849857000.0,3661968983.0,23.0,20.604,68496000.0,1.011,1.0,155090000.0,0.64,0.0,751000.0,325847000.0,,84030000.0,88225000.0,51589000.0,36636000.0,360090000.0,214264000.0,145826000.0,4308084983.0,23337000.0,0.0,6750000.0,-314000.0,0.0,6436000.0,-60270000.0,-51638000.0,77128000.0,43000.0,34921000.0,34921000.0,34921000.0,0.0,324000.0,0.144,105355000.0,49735000.0,24808000.0,0.0,5.069,33.119,32.359,79944000.0,0.0,63.1,4.783,4.745,135119000.0,286161000.0,242196000.0,242196000.0,62515000.0,,,,,13360000.0,42840000.0,1.0,68273930.0,67737000.0,72214000.0,3.576,1209947000.0,50026000.0,14076000.0,14918000.0,17.862,808869000.0
22,ANET,MRQ,2015-12-31,2015-12-31,2015-12-31,2021-08-03,-675000.0,1159890000.0,,974328000.0,185562000.0,,11.758,-6015000.0,687326000.0,687326000.0,89278000.0,43924000.0,4.146,0.472,41210000.0,0.0,41210000.0,41210000.0,196808000.0,3947000.0,0.0,0.0,0.0,48615000.0,52562000.0,0.214,52562000.0,48615000.0,47869000.0,0.65,0.6,0.65,788152000.0,,788152000.0,4897241907.0,33.0,30.447,147747000.0,2.204,1.0,156168000.0,0.636,0.0,746000.0,278763000.0,,92129000.0,36636000.0,0.0,36636000.0,371738000.0,235011000.0,136727000.0,5274154907.0,268826000.0,0.0,3273000.0,-308000.0,0.0,-29416000.0,144726000.0,150000000.0,153762000.0,-246000.0,43251000.0,43251000.0,43251000.0,0.0,673000.0,0.176,106771000.0,49397000.0,43966000.0,0.0,6.692,44.278,43.006,79706000.0,0.0,77.84,6.297,6.13,144263000.0,250916000.0,245446000.0,245446000.0,57413000.0,,,,,45359000.0,49358000.0,1.0,67756358.0,67029000.0,71948000.0,3.662,1159890000.0,48429000.0,4618000.0,14060000.0,17.304,739317000.0
23,ANET,MRQ,2015-09-30,2015-09-30,2015-09-30,2021-08-03,-431000.0,1072892000.0,,921100000.0,151792000.0,,10.854,-5206000.0,418500000.0,418500000.0,75800000.0,28690000.0,4.094,0.484,41587000.0,0.0,41587000.0,41587000.0,190706000.0,3478000.0,0.0,0.0,0.0,30921000.0,34399000.0,0.158,34399000.0,30921000.0,30168000.0,0.42,0.39,0.42,723174000.0,,723174000.0,3824676227.0,28.0,25.99,5443000.0,0.082,1.0,141748000.0,0.652,0.0,753000.0,471013000.0,,109921000.0,186753000.0,150117000.0,36636000.0,349718000.0,224966000.0,124752000.0,4125722227.0,75542000.0,0.0,7081000.0,-264000.0,0.0,16223000.0,48917000.0,58200000.0,10649000.0,-247000.0,28301000.0,28301000.0,28301000.0,0.0,389000.0,0.13,110451000.0,31297000.0,31487000.0,0.0,5.705,39.567,37.311,75248000.0,0.0,61.19,5.389,5.325,160230000.0,206991000.0,217548000.0,217548000.0,58748000.0,,,,,2872000.0,51703000.0,1.0,67424779.0,66629000.0,71887000.0,3.265,1072892000.0,39244000.0,1867000.0,11188000.0,16.102,696134000.0
24,ANET,MRQ,2015-06-30,2015-06-30,2015-06-30,2021-08-03,-143000.0,990839000.0,,850212000.0,140627000.0,,10.157,-3632000.0,342958000.0,342958000.0,67662000.0,23996000.0,4.199,0.489,41912000.0,0.0,41912000.0,41912000.0,164443000.0,3353000.0,0.0,0.0,0.0,32887000.0,36240000.0,0.185,36240000.0,32887000.0,32055000.0,0.36,0.33,0.36,665542000.0,,665542000.0,5205079214.0,38.0,35.221,48974000.0,0.747,1.0,127890000.0,0.654,0.0,832000.0,487295000.0,,100304000.0,245441000.0,208805000.0,36636000.0,325297000.0,202498000.0,122799000.0,5438033214.0,67772000.0,0.0,6669000.0,-259000.0,0.0,18816000.0,-3670000.0,0.0,52606000.0,20000.0,23607000.0,23607000.0,23607000.0,0.0,389000.0,0.121,95031000.0,32859000.0,43831000.0,0.0,8.171,55.972,52.397,73178000.0,0.0,81.74,7.729,7.613,122342000.0,178302000.0,195552000.0,195552000.0,49947000.0,,,,,-1198000.0,45084000.0,1.0,66528422.0,65524000.0,71215000.0,2.984,990839000.0,26028000.0,8448000.0,17850000.0,15.122,647714000.0
25,ANET,MRQ,2015-03-31,2015-03-31,2015-03-31,2021-08-03,-351000.0,875092000.0,,736044000.0,139048000.0,,9.445,-5136000.0,275186000.0,275186000.0,61291000.0,24492000.0,4.962,0.433,42232000.0,0.0,42232000.0,42232000.0,132824000.0,2893000.0,0.0,0.0,0.0,34827000.0,37720000.0,0.211,37720000.0,34827000.0,34006000.0,0.37,0.34,0.37,610471000.0,,610471000.0,4474744112.0,34.0,31.857,15631000.0,0.242,1.0,117754000.0,0.658,0.0,821000.0,493807000.0,,91225000.0,245789000.0,209153000.0,36636000.0,264621000.0,148331000.0,116290000.0,4672228112.0,35155000.0,0.0,9917000.0,-255000.0,0.0,20231000.0,-5803000.0,0.0,20767000.0,-40000.0,24032000.0,24032000.0,24032000.0,0.0,460000.0,0.134,81999000.0,35755000.0,29123000.0,0.0,7.653,53.237,44.924,72787000.0,0.0,70.53,7.233,7.057,113057000.0,154306000.0,179045000.0,179045000.0,43340000.0,,,,,-1730000.0,38659000.0,1.0,66244550.0,64635000.0,70722000.0,2.77,875092000.0,22092000.0,9974000.0,17502000.0,13.539,587713000.0
26,ANET,MRQ,2014-12-31,2014-12-31,2014-12-31,2021-08-03,-334000.0,811023000.0,,679479000.0,131544000.0,,11.474,-2345000.0,240031000.0,240031000.0,57049000.0,31037000.0,4.706,0.46,42547000.0,0.0,42547000.0,42547000.0,106468000.0,2655000.0,0.0,0.0,0.0,36147000.0,38802000.0,0.224,38802000.0,36147000.0,35379000.0,0.49,0.44,0.49,555658000.0,,555658000.0,3548725950.0,32.0,29.61,30826000.0,0.637,1.0,116440000.0,0.671,0.0,768000.0,469166000.0,,78006000.0,246062000.0,209426000.0,36636000.0,255365000.0,144373000.0,110992000.0,3914490950.0,-168565000.0,0.0,5114000.0,-239000.0,0.0,21470000.0,-223162000.0,-187019000.0,33171000.0,-44000.0,28333000.0,28333000.0,28333000.0,0.0,2704000.0,0.163,77438000.0,39002000.0,32428000.0,0.0,7.045,56.823,42.789,71558000.0,0.0,60.76,6.702,5.037,96982000.0,129814000.0,173489000.0,173489000.0,44344000.0,,,,,-8545000.0,33094000.0,1.0,64425460.0,48427000.0,54590000.0,3.582,811023000.0,23762000.0,7046000.0,17323000.0,16.747,535106000.0
27,ANET,MRQ,2014-09-30,2014-09-30,2014-09-30,2021-08-03,-48000.0,691883000.0,,588351000.0,103532000.0,,7.899,-2210000.0,408596000.0,408596000.0,54506000.0,21866000.0,5.78,0.404,42831000.0,0.0,42831000.0,42831000.0,40277000.0,2653000.0,0.0,0.0,0.0,32369000.0,35022000.0,0.225,35022000.0,32369000.0,31605000.0,0.34,0.3,0.34,492922000.0,,492922000.0,5334711522.0,59.0,53.442,32548000.0,0.522,1.0,100957000.0,0.649,0.0,764000.0,224322000.0,,62587000.0,8000000.0,8000000.0,0.0,198961000.0,101796000.0,97165000.0,5688801522.0,11398000.0,0.0,-1719000.0,-219000.0,0.0,-1556000.0,-21661000.0,-15000000.0,34758000.0,-143000.0,21185000.0,21185000.0,21185000.0,0.0,681000.0,0.136,67083000.0,33874000.0,19845000.0,0.0,11.541,116.904,75.496,66991000.0,0.0,88.33,10.828,10.491,84063000.0,98777000.0,155463000.0,155463000.0,36231000.0,,,,,7700000.0,30852000.0,1.0,64403957.0,62402000.0,69737000.0,2.491,691883000.0,17678000.0,10420000.0,15022000.0,11.088,486555000.0
28,ANET,MRQ,2014-06-30,2014-06-30,2014-06-30,2021-08-03,15000.0,642778000.0,,562676000.0,80102000.0,,11.982,-5476000.0,397198000.0,397198000.0,44567000.0,21618000.0,5.76,0.394,43108000.0,0.0,43108000.0,43108000.0,37888000.0,2428000.0,0.0,0.0,0.0,26490000.0,28918000.0,0.21,28918000.0,26490000.0,24286000.0,0.37,0.34,0.37,461186000.0,,461186000.0,3994216143.0,57.0,50.936,40781000.0,1.059,1.0,93380000.0,0.677,0.0,2204000.0,190994000.0,,71068000.0,8000000.0,8000000.0,0.0,181592000.0,97694000.0,83898000.0,3985328143.0,267674000.0,0.0,242079000.0,-20202000.0,0.0,222800000.0,-1436000.0,0.0,46257000.0,53000.0,14212000.0,14212000.0,14212000.0,0.0,7406000.0,0.103,62725000.0,30655000.0,20000000.0,0.0,8.641,119.626,59.99,68799000.0,0.0,62.39,8.452,5.093,67946000.0,76911000.0,137947000.0,137947000.0,34888000.0,,,,,6557000.0,27837000.0,1.0,63877675.0,38491000.0,44057000.0,3.584,642778000.0,16193000.0,10074000.0,15072000.0,16.699,464982000.0
29,ANET,MRQ,2014-03-31,2014-03-31,2014-03-31,2021-08-03,3000.0,375463000.0,,291967000.0,83496000.0,,3.311,-3103000.0,133564000.0,133564000.0,35893000.0,12329000.0,1.468,2.894,142452000.0,99085000.0,43367000.0,142452000.0,36291000.0,2285000.0,0.0,,0.0,16023000.0,18308000.0,0.156,18308000.0,16023000.0,13480000.0,0.22,0.2,0.22,96428000.0,,96428000.0,,,,14586000.0,0.501,1.0,81314000.0,0.694,0.0,2543000.0,185417000.0,,78978000.0,0.0,0.0,0.0,279035000.0,198934000.0,80101000.0,,15860000.0,0.0,1861000.0,-133000.0,0.0,1264000.0,-3103000.0,0.0,17689000.0,10000.0,6362000.0,6362000.0,6362000.0,0.0,5967000.0,0.054,59332000.0,21982000.0,12111000.0,0.0,,,,67626000.0,0.0,,,,67007000.0,55293000.0,117207000.0,117207000.0,33446000.0,,,,,4471000.0,25886000.0,1.0,63877675.0,29124000.0,33816000.0,4.024,375463000.0,14786000.0,7118000.0,14890000.0,12.892,93033000.0
30,ANET,MRQ,2013-12-31,2013-12-31,2013-12-31,2021-08-03,36000.0,364520000.0,,282766000.0,81754000.0,,2.728,-4820000.0,113664000.0,113664000.0,37293000.0,13742000.0,1.351,3.689,141945000.0,98793000.0,43152000.0,141945000.0,58904000.0,2539000.0,0.0,,0.0,15035000.0,17574000.0,0.153,17574000.0,15035000.0,13236000.0,0.24,0.23,0.24,77732000.0,,77732000.0,,,,-10787000.0,-0.379,1.0,77473000.0,0.675,0.0,1799000.0,183457000.0,,67094000.0,4000000.0,4000000.0,0.0,286788000.0,209344000.0,77444000.0,,-6356000.0,0.0,3090000.0,0.0,0.0,3632000.0,-3995000.0,1000000.0,-5967000.0,-26000.0,6903000.0,6903000.0,6903000.0,0.0,6839000.0,0.06,54968000.0,22505000.0,24595000.0,0.0,,,,67204000.0,0.0,,,,77999000.0,42964000.0,114766000.0,114766000.0,31352000.0,,,,,3218000.0,23616000.0,1.0,,28499000.0,32481000.0,4.027,364520000.0,16897000.0,6333000.0,14716000.0,12.791,73422000.0
31,ANET,MRQ,2013-09-30,2013-09-30,2013-09-30,2021-08-03,,,,,,,,-3284000.0,,,36589000.0,11856000.0,,,,,,,,1021000.0,,,0.0,12595000.0,13616000.0,0.134,13616000.0,12595000.0,10798000.0,0.21,0.2,0.21,,,,,,,28583000.0,1.037,1.0,65036000.0,0.64,,1797000.0,,,,,,,,,,,29388000.0,0.0,632000.0,0.0,0.0,759000.0,-3284000.0,0.0,31867000.0,46000.0,5838000.0,5838000.0,5838000.0,0.0,6018000.0,0.057,46400000.0,18636000.0,,0.0,,,,,0.0,,,,,,101625000.0,101625000.0,26635000.0,,,,,2457000.0,19765000.0,1.0,,27557000.0,30412000.0,3.688,,,4960000.0,,,
32,ANET,MRQ,2013-06-30,2013-06-30,2013-06-30,2021-08-03,,,,,,,,-10516000.0,,,29584000.0,10251000.0,,,,,,,,767000.0,,,0.0,10960000.0,11727000.0,0.14,11727000.0,10960000.0,9188000.0,0.18,0.18,0.18,,,,,,,-3455000.0,-0.128,1.0,53901000.0,0.646,,1772000.0,,,,,,,,,,,-1008000.0,0.0,2296000.0,0.0,0.0,2483000.0,-10516000.0,0.0,7061000.0,-36000.0,4948000.0,4948000.0,4948000.0,0.0,5303000.0,0.059,37637000.0,16264000.0,,0.0,,,,,0.0,,,,,,83485000.0,83485000.0,21086000.0,,,,,1886000.0,16551000.0,1.0,,26926000.0,29252000.0,3.101,,,4240000.0,,,
33,ANET,MRQ,2013-03-31,2013-03-31,2013-03-31,2021-08-03,,,,,,,,-1696000.0,,,19220000.0,6611000.0,,,,,,,,717000.0,,,0.0,5160000.0,5877000.0,0.096,5877000.0,5160000.0,3409000.0,0.12,0.12,0.12,,,,,,,-9000.0,0.0,1.0,42128000.0,0.687,,1751000.0,,,,,,,,,,,2985000.0,0.0,2986000.0,0.0,0.0,3012000.0,-1696000.0,0.0,1687000.0,-18000.0,3127000.0,3127000.0,3127000.0,0.0,3484000.0,0.051,33385000.0,8743000.0,,0.0,,,,,0.0,,,,,,61348000.0,61348000.0,19514000.0,,,,,1716000.0,13871000.0,1.0,,26284899.0,28044389.0,2.334,,,282000.0,,,
34,ANET,MRQ,2012-12-31,2012-12-31,2012-12-31,2021-08-03,38000.0,220168000.0,,177172000.0,42996000.0,,0.765,,92695000.0,92695000.0,,,3.821,10.643,122926000.0,0.0,122926000.0,122926000.0,17602000.0,,0.0,,0.0,,,,,,,,,,18910000.0,,18910000.0,,,,,,1.0,,,0.0,,204035000.0,,24181000.0,4000000.0,0.0,4000000.0,201258000.0,46364000.0,154894000.0,,,,,,,,,,,,,,,,,,,,14000000.0,,,,,30546000.0,,,,,50902000.0,504000.0,,,,,,,,,,1.0,,24711000.0,,,220168000.0,7988000.0,,12477000.0,8.91,130808000.0
35,ANET,MRQ,2011-03-31,2011-03-31,2011-03-31,2021-08-03,,,,,,,,-2770000.0,,,,,,,,,,,,1293000.0,,,0.0,,,,,,,,,,,,,,,,9660000.0,,1.0,,,,,,,,,,,,,,,56147000.0,0.0,2060000.0,40242000.0,0.0,46505000.0,-2770000.0,0.0,12430000.0,-18000.0,,,,,,,,,,,,,,,,,,,,,,,,,,,,1974000.0,,1.0,,,,,,,,,,
0,ANET,MRT,2021-06-30,2021-06-30,2021-06-30,2021-08-03,-1139000.0,5208280000.0,4810075250.0,4328395000.0,879885000.0,0.547,48.362,-19773000.0,893688000.0,893688000.0,949798000.0,728587000.0,5.033,0.408,64295000.0,0.0,64295000.0,64295000.0,746090000.0,65812000.0,0.0,0.0,0.0,830750000.0,896562000.0,0.341,896562000.0,830750000.0,830750000.0,9.57,9.17,9.57,3697841000.0,3388336750.0,3697841000.0,26876590793.0,32.0,29.977,900319000.0,11.775,1.0,1678996000.0,0.639,296272000.0,0.0,3222680000.0,2941116750.0,543199000.0,2401662000.0,2388015000.0,13647000.0,1510439000.0,859935000.0,650504000.0,27652156793.0,93435000.0,-165768000.0,-206421000.0,0.0,0.0,-217496000.0,-612125000.0,-426584000.0,920092000.0,2964000.0,728587000.0,728587000.0,728587000.0,0.0,0.0,0.277,870306000.0,808690000.0,145159000.0,0.0,7.478,37.953,37.859,102859000.0,0.0,362.31,10.519,10.538,364214000.0,2303513000.0,2628794000.0,2628794000.0,537676000.0,0.151,0.215,0.282,0.316,159061000.0,332630000.0,1.0,76321815.0,76461000.0,79710000.0,34.381,4912008000.0,433674000.0,102163000.0,274723000.0,64.242,3468460000.0
1,ANET,MRT,2021-03-31,2021-03-31,2021-03-31,2021-08-03,-864000.0,4893730000.0,4591968000.0,4002895000.0,890835000.0,0.536,45.23,-17373000.0,843336000.0,843336000.0,893138000.0,676492000.0,5.089,0.418,67770000.0,0.0,67770000.0,67770000.0,720031000.0,64180000.0,0.0,0.0,0.0,784911000.0,849091000.0,0.345,849091000.0,784911000.0,784911000.0,8.9,8.53,8.9,3451338000.0,3222997250.0,3451338000.0,22222916573.0,28.0,26.173,777569000.0,10.19,1.0,1568907000.0,0.637,303636000.0,0.0,3027996000.0,2835751000.0,483168000.0,2194644000.0,2184330000.0,10314000.0,1442392000.0,786532000.0,655860000.0,23043738573.0,81932000.0,-161177000.0,-210078000.0,0.0,0.0,-219556000.0,-497273000.0,-318723000.0,794942000.0,3819000.0,676492000.0,676492000.0,676492000.0,0.0,0.0,0.275,812593000.0,756314000.0,136885000.0,0.0,6.677,34.064,33.92,105418000.0,0.0,301.89,9.36,9.356,380466000.0,2106625000.0,2462045000.0,2462045000.0,505927000.0,0.147,0.21,0.277,0.319,147039000.0,306666000.0,1.0,76331573.0,76306000.0,79623000.0,32.265,4590094000.0,438277000.0,108419000.0,281238000.0,60.154,3216363000.0
2,ANET,MRT,2020-12-31,2020-12-31,2020-12-31,2021-08-03,238000.0,4738919000.0,4396496750.0,3836998000.0,901921000.0,0.527,43.697,-15384000.0,893219000.0,893219000.0,835626000.0,634557000.0,4.995,0.427,72397000.0,0.0,72397000.0,72397000.0,650827000.0,61560000.0,0.0,0.0,0.0,738863000.0,800423000.0,0.345,800423000.0,738863000.0,738863000.0,8.35,7.99,8.35,3320291000.0,3072369250.0,3320291000.0,21089505594.0,29.0,26.348,719730000.0,9.472,1.0,1481886000.0,0.639,312486000.0,0.0,2837368000.0,2749215250.0,479668000.0,1987963000.0,1979649000.0,8314000.0,1418628000.0,768243000.0,650385000.0,21984951594.0,-218061000.0,-227420000.0,-337617000.0,0.0,0.0,-346339000.0,-608802000.0,-365998000.0,735114000.0,1966000.0,634557000.0,634557000.0,634557000.0,0.0,0.0,0.274,782202000.0,699684000.0,134235000.0,0.0,6.621,34.646,34.799,109519000.0,0.0,290.57,9.486,9.527,389540000.0,2027614000.0,2317512000.0,2317512000.0,486594000.0,0.144,0.207,0.269,0.319,137042000.0,295608000.0,1.0,75661464.0,75984000.0,79465000.0,30.5,4426433000.0,441531000.0,104306000.0,280989000.0,58.255,3068755000.0
3,ANET,MRT,2020-09-30,2020-09-30,2020-09-30,2021-08-03,-934000.0,4399372000.0,4258089500.0,3653867000.0,745505000.0,0.522,40.578,-10133000.0,970349000.0,970349000.0,797971000.0,712291000.0,5.496,0.427,74903000.0,0.0,74903000.0,74903000.0,562304000.0,56654000.0,0.0,0.0,0.0,725746000.0,782400000.0,0.352,782400000.0,725746000.0,725746000.0,9.36,8.93,9.36,3083877000.0,2965968000.0,3083877000.0,15006054408.0,21.0,19.18,865218000.0,11.385,1.0,1423605000.0,0.641,162720000.0,0.0,2676423000.0,2654838750.0,438102000.0,1879702000.0,1875552000.0,4150000.0,1315495000.0,664783000.0,650712000.0,15731977408.0,-124909000.0,-66317000.0,-398793000.0,0.0,0.0,-406856000.0,-594505000.0,-518055000.0,875351000.0,1101000.0,712182000.0,712182000.0,712182000.0,0.0,109000.0,0.321,742570000.0,681035000.0,163102000.0,0.0,5.101,22.09,22.108,112599000.0,0.0,206.93,7.081,7.079,300217000.0,1844656000.0,2221576000.0,2221576000.0,462810000.0,0.167,0.24,0.273,0.327,123382000.0,279760000.0,1.0,76025600.0,75999000.0,79313000.0,29.232,4236652000.0,443229000.0,13564000.0,295630000.0,55.746,2989084000.0
4,ANET,MRT,2020-06-30,2020-06-30,2020-06-30,2021-08-03,7823000.0,4335851000.0,4063202750.0,3576878000.0,758973000.0,0.559,40.055,-12290000.0,800182000.0,800182000.0,814643000.0,752811000.0,5.587,0.428,74259000.0,0.0,74259000.0,74259000.0,577511000.0,53709000.0,0.0,0.0,0.0,771806000.0,825515000.0,0.364,825515000.0,771806000.0,771806000.0,9.87,9.4,9.87,3036483000.0,2858999750.0,3036483000.0,15217388495.0,20.0,18.434,917331000.0,12.101,1.0,1455917000.0,0.641,168530000.0,0.0,2801217000.0,2475807000.0,326997000.0,1985739000.0,1981589000.0,4150000.0,1299368000.0,640181000.0,659187000.0,15900219495.0,-144147000.0,-67682000.0,-352527000.0,0.0,0.0,-361065000.0,-711321000.0,-631349000.0,929621000.0,-1382000.0,752606000.0,752606000.0,752606000.0,0.0,205000.0,0.331,734671000.0,721246000.0,122872000.0,0.0,5.236,21.127,21.28,114546000.0,0.0,210.03,7.003,7.012,383225000.0,1843559000.0,2270560000.0,2270560000.0,453493000.0,0.185,0.263,0.312,0.34,113170000.0,281178000.0,1.0,75704516.0,75808000.0,79298000.0,29.951,4167321000.0,446254000.0,19200000.0,297263000.0,54.972,2936697000.0
5,ANET,MRT,2020-03-31,2020-03-31,2020-03-31,2021-08-03,828000.0,4111845000.0,3839563000.0,3336899000.0,774946000.0,0.609,37.355,-13621000.0,761333000.0,761333000.0,836292000.0,797269000.0,5.823,0.443,78502000.0,0.0,78502000.0,78502000.0,596775000.0,51258000.0,0.0,0.0,0.0,817110000.0,868368000.0,0.371,868368000.0,817110000.0,817110000.0,10.43,9.9,10.43,2848826000.0,2731269000.0,2848826000.0,14462603429.0,18.0,16.655,974163000.0,12.774,1.0,1502019000.0,0.642,174154000.0,0.0,2681853000.0,2264569500.0,261798000.0,1879810000.0,1875660000.0,4150000.0,1263019000.0,573007000.0,690012000.0,15490867429.0,-48069000.0,-67590000.0,-445900000.0,0.0,0.0,-454990000.0,-578330000.0,-497119000.0,987784000.0,-2533000.0,796965000.0,796965000.0,796965000.0,0.0,304000.0,0.341,740925000.0,761094000.0,84815000.0,0.0,5.438,19.437,19.42,121183000.0,0.0,202.55,6.625,6.606,352159000.0,1698766000.0,2338311000.0,2338311000.0,456244000.0,0.208,0.292,0.361,0.349,104545000.0,284681000.0,1.0,76479227.0,76264000.0,79939000.0,30.661,3937691000.0,448432000.0,20145000.0,308811000.0,51.632,2763892000.0
6,ANET,MRT,2019-12-31,2019-12-31,2019-12-31,2021-08-03,143000.0,4185290000.0,3644712750.0,3471636000.0,713654000.0,0.661,37.932,-15751000.0,1111286000.0,1111286000.0,866368000.0,859867000.0,5.814,0.446,83022000.0,0.0,83022000.0,83022000.0,575288000.0,49028000.0,0.0,0.0,0.0,861847000.0,910875000.0,0.378,910875000.0,861847000.0,861847000.0,11.26,10.63,11.26,2894686000.0,2619154250.0,2894686000.0,14531401177.0,17.0,15.953,947283000.0,12.413,1.0,1544338000.0,0.641,100090000.0,0.0,2459862000.0,2085251500.0,243825000.0,1617232000.0,1613082000.0,4150000.0,1290604000.0,597074000.0,693530000.0,15539567177.0,461351000.0,-1365000.0,-208764000.0,0.0,0.0,-217964000.0,-284072000.0,-266956000.0,963034000.0,353000.0,859444000.0,859444000.0,859444000.0,0.0,423000.0,0.357,738564000.0,805774000.0,92105000.0,0.0,5.368,18.081,18.064,127043000.0,0.0,203.4,6.446,6.439,391987000.0,1788230000.0,2410706000.0,2410706000.0,462759000.0,0.236,0.328,0.413,0.358,101280000.0,275805000.0,1.0,76399052.0,76312000.0,80879000.0,31.59,4085200000.0,452025000.0,2403000.0,310195000.0,53.533,2874562000.0
7,ANET,MRT,2019-09-30,2019-09-30,2019-09-30,2021-08-03,201000.0,3619825000.0,3368886000.0,3240420000.0,379405000.0,0.728,34.753,-19536000.0,1095265000.0,1095265000.0,890859000.0,769497000.0,5.911,0.363,87099000.0,0.0,87099000.0,87099000.0,529012000.0,46186000.0,0.0,0.0,0.0,873173000.0,919359000.0,0.375,919359000.0,873173000.0,873173000.0,10.12,9.5,10.12,2656004000.0,2431330000.0,2656004000.0,17457147634.0,20.0,18.988,912156000.0,11.935,1.0,1563027000.0,0.637,103174000.0,0.0,1960296000.0,1907452500.0,239802000.0,1355925000.0,1351775000.0,4150000.0,963821000.0,548189000.0,415632000.0,18311856634.0,570594000.0,-2546000.0,-158424000.0,-537000.0,0.0,-167994000.0,-191704000.0,-171622000.0,931692000.0,-1400000.0,769082000.0,769082000.0,769082000.0,0.0,415000.0,0.313,739600000.0,823427000.0,78600000.0,0.0,6.895,23.81,23.609,132091000.0,0.0,238.92,7.462,7.441,447252000.0,1579063000.0,2453886000.0,2453886000.0,471135000.0,0.228,0.316,0.458,0.356,99464000.0,268465000.0,1.0,76644302.0,76426000.0,80753000.0,32.108,3516651000.0,110630000.0,104091000.0,60278000.0,46.014,2692231000.0
8,ANET,MRT,2019-06-30,2019-06-30,2019-06-30,2021-08-03,2035000.0,3441292000.0,3163489250.0,3028518000.0,412774000.0,0.747,32.991,-19398000.0,944414000.0,944414000.0,855444000.0,729126000.0,5.768,0.363,89705000.0,0.0,89705000.0,89705000.0,502218000.0,41055000.0,0.0,0.0,0.0,814798000.0,855853000.0,0.362,855853000.0,814798000.0,814798000.0,9.64,8.99,9.64,2525560000.0,2253798000.0,2525560000.0,19176869873.0,24.0,22.407,524072000.0,6.846,1.0,1507336000.0,0.638,105296000.0,0.0,1956267000.0,1830511250.0,314177000.0,1344875000.0,1313389000.0,31486000.0,915732000.0,525020000.0,390712000.0,19892744873.0,231967000.0,-96821000.0,-37056000.0,-1008000.0,0.0,-47141000.0,-263651000.0,-149432000.0,543470000.0,-711000.0,728722000.0,728722000.0,728722000.0,0.0,404000.0,0.308,731745000.0,775591000.0,86134000.0,0.0,7.877,27.298,26.932,135226000.0,0.0,259.62,8.419,8.411,343080000.0,1484777000.0,2362780000.0,2362780000.0,469992000.0,0.23,0.323,0.445,0.345,96461000.0,261753000.0,1.0,76622544.0,76552000.0,81335000.0,30.865,3335996000.0,113660000.0,86076000.0,45804000.0,43.578,2503498000.0
9,ANET,MRT,2019-03-31,2019-03-31,2019-03-31,2021-08-03,-580000.0,3332444000.0,3011194750.0,2900974000.0,431470000.0,0.755,31.617,-22731000.0,809491000.0,809491000.0,823276000.0,384606000.0,5.341,0.388,93616000.0,0.0,93616000.0,93616000.0,536471000.0,34025000.0,0.0,0.0,0.0,352359000.0,386384000.0,0.17,386384000.0,352359000.0,352359000.0,5.09,4.58,5.09,2400367000.0,2052401250.0,2400367000.0,23199811324.0,66.0,60.043,454944000.0,5.992,1.0,1451028000.0,0.638,108795000.0,0.0,1964581000.0,1674141500.0,347153000.0,1372913000.0,1341427000.0,31486000.0,932077000.0,543193000.0,388884000.0,23814330324.0,-77959000.0,-96821000.0,62681000.0,-1473000.0,0.0,52016000.0,-606469000.0,-486917000.0,477675000.0,-1181000.0,384383000.0,384383000.0,384383000.0,0.0,223000.0,0.169,1122077000.0,328951000.0,89823000.0,0.0,9.921,61.955,61.78,140081000.0,0.0,314.46,10.471,10.497,271246000.0,1395534000.0,2274304000.0,2274304000.0,459775000.0,0.128,0.187,0.21,0.155,94642000.0,257302000.0,1.0,75730873.0,75920000.0,81201000.0,29.957,3223649000.0,126045000.0,-32024000.0,37925000.0,42.461,2357781000.0
10,ANET,MRT,2018-12-31,2018-12-31,2018-12-31,2021-08-03,-3994000.0,3081983000.0,2823092250.0,2714802000.0,367181000.0,0.762,28.674,-23830000.0,649950000.0,649950000.0,777992000.0,328115000.0,4.476,0.438,35431000.0,0.0,35431000.0,35431000.0,587227000.0,27671000.0,0.0,0.0,0.0,288612000.0,316283000.0,0.147,316283000.0,288612000.0,288612000.0,4.39,4.06,4.39,2143389000.0,1913569250.0,2143389000.0,15403885110.0,53.0,48.703,479289000.0,6.412,1.0,1373377000.0,0.638,112294000.0,0.0,1748666000.0,1501304500.0,264557000.0,1336533000.0,1306197000.0,30336000.0,938594000.0,606504000.0,332090000.0,15892532110.0,-210533000.0,-96821000.0,53658000.0,-1929000.0,0.0,42851000.0,-755113000.0,-634462000.0,503119000.0,-1390000.0,327926000.0,327926000.0,327926000.0,0.0,189000.0,0.152,1100030000.0,273347000.0,93757000.0,0.0,7.415,48.464,47.995,75355000.0,0.0,210.7,7.387,7.321,331777000.0,1190803000.0,2151369000.0,2151369000.0,442468000.0,0.116,0.171,0.192,0.134,91202000.0,252562000.0,1.0,75427300.0,74750000.0,80844000.0,28.781,2969689000.0,126492000.0,-39314000.0,39920000.0,39.728,2108298000.0
11,ANET,MRT,2018-09-30,2018-09-30,2018-09-30,2021-08-03,-4442000.0,2798238000.0,2667811500.0,2436046000.0,362192000.0,0.758,25.941,-20733000.0,524687000.0,524687000.0,717960000.0,261626000.0,4.513,0.438,36040000.0,0.0,36040000.0,36040000.0,529855000.0,23725000.0,0.0,0.0,0.0,230426000.0,254151000.0,0.126,254151000.0,230426000.0,231778000.0,3.54,3.08,3.54,1945876000.0,1793200500.0,1945876000.0,19218062958.0,83.0,75.617,370231000.0,4.936,1.0,1305550000.0,0.645,117278000.0,-1352000.0,1652531000.0,1341497000.0,216313000.0,1172148000.0,1137112000.0,35036000.0,852362000.0,539782000.0,312580000.0,19892625958.0,-331084000.0,-95640000.0,64883000.0,-1839000.0,0.0,54562000.0,-775682000.0,-660309000.0,390964000.0,-928000.0,261458000.0,261458000.0,261458000.0,0.0,168000.0,0.129,1086457000.0,219093000.0,85097000.0,0.0,10.223,76.083,75.102,75397000.0,0.0,265.86,9.831,9.855,322053000.0,1020481000.0,2023510000.0,2023510000.0,431209000.0,0.098,0.146,0.172,0.114,87019000.0,250248000.0,1.0,74823689.0,75011000.0,81018000.0,26.976,2680960000.0,114282000.0,-29680000.0,42470000.0,35.741,1896264000.0
12,ANET,MRT,2018-06-30,2018-06-30,2018-06-30,2021-08-03,-4551000.0,2832114000.0,2543679500.0,2620562000.0,211552000.0,0.746,23.086,-18816000.0,711157000.0,711157000.0,673250000.0,226824000.0,3.17,0.647,36594000.0,0.0,36594000.0,36594000.0,448644000.0,21935000.0,0.0,0.0,0.0,183908000.0,205843000.0,0.108,205843000.0,183908000.0,184559000.0,3.13,2.68,3.13,1719973000.0,1687869500.0,1719973000.0,18305915045.0,100.0,88.931,696841000.0,9.353,1.0,1224584000.0,0.645,0.0,-651000.0,1330788000.0,1157835000.0,245439000.0,1184283000.0,1149247000.0,35036000.0,1112141000.0,826763000.0,285378000.0,19154937045.0,-112305000.0,0.0,57816000.0,-1765000.0,0.0,48919000.0,-876616000.0,-858800000.0,715657000.0,-265000.0,226559000.0,226559000.0,226559000.0,0.0,265000.0,0.119,1045429000.0,179155000.0,53182000.0,0.0,11.137,84.547,82.265,73736000.0,0.0,257.49,10.093,10.108,260917000.0,851957000.0,1897834000.0,1897834000.0,393230000.0,0.089,0.134,0.159,0.097,83917000.0,247199000.0,1.0,74390994.0,74503000.0,74503000.0,25.473,2832114000.0,82761000.0,-42000000.0,40369000.0,38.013,1793799000.0
13,ANET,MRT,2018-03-31,2018-03-31,2018-03-31,2021-08-03,-3626000.0,2580034000.0,2376386000.0,2379174000.0,200860000.0,0.75,24.935,-16970000.0,886160000.0,886160000.0,632722000.0,484778000.0,5.197,0.398,37138000.0,0.0,37138000.0,37138000.0,456054000.0,21398000.0,0.0,0.0,0.0,543320000.0,564718000.0,0.317,564718000.0,543320000.0,543348000.0,6.63,6.06,6.63,1845039000.0,1597313500.0,1845039000.0,18038864748.0,33.0,31.943,647336000.0,8.748,1.0,1150478000.0,0.645,0.0,-28000.0,1273233000.0,1016973000.0,268131000.0,888016000.0,851880000.0,36136000.0,734995000.0,457779000.0,277216000.0,18860383748.0,139604000.0,0.0,54930000.0,-1690000.0,0.0,48259000.0,-573516000.0,-559546000.0,664306000.0,555000.0,484200000.0,484200000.0,484200000.0,0.0,578000.0,0.272,614886000.0,535592000.0,70431000.0,0.0,10.222,38.952,38.507,73825000.0,0.0,255.3,10.577,10.594,207339000.0,1007226000.0,1783200000.0,1783200000.0,370346000.0,0.204,0.303,0.534,0.305,79839000.0,244540000.0,1.0,73875377.0,73994000.0,80721000.0,24.099,2580034000.0,68020000.0,59148000.0,37358000.0,34.868,1921395000.0
14,ANET,MRT,2017-12-31,2017-12-31,2017-12-31,2021-08-03,-1938000.0,2460860000.0,2216277000.0,2266429000.0,194431000.0,0.743,23.0,-15279000.0,859192000.0,859192000.0,584417000.0,423201000.0,4.277,0.481,37673000.0,0.0,37673000.0,37673000.0,515262000.0,20640000.0,0.0,0.0,0.0,473959000.0,494599000.0,0.3,494599000.0,473959000.0,473959000.0,5.85,5.35,5.85,1661914000.0,1443147250.0,1661914000.0,16404769714.0,35.0,33.168,616348000.0,8.53,1.0,1061769000.0,0.645,0.0,0.0,1109436000.0,873578250.0,306198000.0,712499000.0,676363000.0,36136000.0,798946000.0,529905000.0,269041000.0,17221049714.0,292529000.0,0.0,57111000.0,-1617000.0,0.0,51469000.0,-391320000.0,-379041000.0,631627000.0,753000.0,422400000.0,422400000.0,422400000.0,0.0,801000.0,0.257,591497000.0,470272000.0,52200000.0,0.0,10.362,40.77,40.27,74279000.0,0.0,235.58,10.461,10.341,247346000.0,859114000.0,1646186000.0,1646186000.0,349594000.0,0.191,0.293,0.543,0.288,75427000.0,241903000.0,1.0,73100644.0,72258000.0,78977000.0,22.782,2460860000.0,65125000.0,51559000.0,34067000.0,34.057,1736524000.0
15,ANET,MRT,2017-09-30,2017-09-30,2017-09-30,2021-08-03,-1075000.0,2301710000.0,2033313750.0,2075539000.0,226171000.0,0.741,21.003,-17094000.0,854479000.0,854479000.0,541529000.0,378151000.0,3.657,0.51,38199000.0,0.0,38199000.0,38199000.0,565145000.0,20297000.0,0.0,0.0,0.0,412246000.0,432543000.0,0.287,432543000.0,412246000.0,409289000.0,5.26,4.84,5.26,1524552000.0,1304623750.0,1524552000.0,12967603284.0,31.0,29.98,496436000.0,6.839,1.0,964759000.0,0.64,0.0,2957000.0,917883000.0,781500250.0,333157000.0,524771000.0,488635000.0,36136000.0,777158000.0,567547000.0,209611000.0,13752406284.0,355459000.0,2500000.0,51169000.0,-1546000.0,0.0,46877000.0,-205314000.0,-190720000.0,513530000.0,366000.0,377178000.0,377178000.0,377178000.0,0.0,973000.0,0.25,556380000.0,408379000.0,32893000.0,0.0,9.021,36.461,36.048,73061000.0,0.0,189.61,9.13,9.137,212611000.0,755281000.0,1506288000.0,1506288000.0,313812000.0,0.185,0.289,0.528,0.274,71315000.0,242568000.0,1.0,72529963.0,72588000.0,79322000.0,20.751,2301710000.0,95697000.0,32111000.0,22161000.0,31.709,1507992000.0
16,ANET,MRT,2017-06-30,2017-06-30,2017-06-30,2021-08-03,-1253000.0,2162940000.0,1837656250.0,1949189000.0,213751000.0,0.739,18.86,-18214000.0,823475000.0,823475000.0,488354000.0,295686000.0,3.191,0.593,38672000.0,0.0,38672000.0,38672000.0,554510000.0,20120000.0,0.0,0.0,0.0,332825000.0,352945000.0,0.26,352945000.0,332825000.0,329834000.0,4.16,3.85,4.16,1357749000.0,1176340750.0,1357749000.0,10078628446.0,30.0,28.556,256180000.0,3.558,1.0,870562000.0,0.641,0.0,2991000.0,767340000.0,727919000.0,363803000.0,337500000.0,301364000.0,36136000.0,805191000.0,610797000.0,194394000.0,10786059446.0,293875000.0,2500000.0,52081000.0,-1475000.0,0.0,48749000.0,-29274000.0,-13560000.0,274394000.0,6000.0,294600000.0,294600000.0,294600000.0,0.0,1086000.0,0.217,539994000.0,330568000.0,80418000.0,0.0,7.944,36.613,36.007,75840000.0,0.0,149.79,7.937,7.936,269624000.0,621559000.0,1358916000.0,1358916000.0,304850000.0,0.16,0.25,0.457,0.245,66279000.0,235144000.0,1.0,72007874.0,71992000.0,78756000.0,18.876,2162940000.0,81469000.0,35234000.0,19970000.0,30.044,1338392000.0
17,ANET,MRT,2017-03-31,2017-03-31,2017-03-31,2021-08-03,-1630000.0,1939598000.0,1630668250.0,1736825000.0,202773000.0,0.75,17.273,-17432000.0,746567000.0,746567000.0,440210000.0,231905000.0,3.262,0.579,39136000.0,0.0,39136000.0,39136000.0,497170000.0,19909000.0,0.0,0.0,0.0,268590000.0,288499000.0,0.236,288499000.0,268590000.0,265490000.0,3.31,3.08,3.31,1228374000.0,1066111500.0,1228374000.0,8864337296.0,33.0,30.726,242597000.0,3.411,1.0,782236000.0,0.64,0.0,3100000.0,699654000.0,681316250.0,286786000.0,332811000.0,296675000.0,36136000.0,711224000.0,532513000.0,178711000.0,9392667296.0,37360000.0,0.0,47912000.0,-1405000.0,0.0,44827000.0,-267173000.0,-249741000.0,260029000.0,-323000.0,230763000.0,230763000.0,230763000.0,0.0,1142000.0,0.189,515144000.0,267092000.0,60984000.0,0.0,7.646,40.703,39.961,76319000.0,0.0,132.27,7.684,7.695,209062000.0,518874000.0,1222446000.0,1222446000.0,292676000.0,0.142,0.216,0.394,0.22,62111000.0,222468000.0,1.0,71011320.0,71114000.0,77516000.0,17.19,1939598000.0,70433000.0,34727000.0,17581000.0,27.274,1204312000.0
18,ANET,MRT,2016-12-31,2016-12-31,2016-12-31,2021-08-03,-1475000.0,1729007000.0,1448255500.0,1526126000.0,202881000.0,0.78,16.109,-21419000.0,567923000.0,567923000.0,406051000.0,184189000.0,3.321,0.561,39593000.0,0.0,39593000.0,39593000.0,372935000.0,19749000.0,0.0,0.0,0.0,244137000.0,263886000.0,0.234,263886000.0,244137000.0,241001000.0,2.66,2.5,2.66,1107820000.0,971482250.0,1107820000.0,6333709219.0,26.0,24.002,152876000.0,2.223,1.0,723116000.0,0.64,0.0,3136000.0,741124000.0,587864500.0,236490000.0,336046000.0,299910000.0,36136000.0,621187000.0,459553000.0,161634000.0,6794149219.0,-119199000.0,0.0,35181000.0,-1336000.0,0.0,32745000.0,-325775000.0,-304356000.0,174295000.0,-464000.0,182965000.0,182965000.0,182965000.0,0.0,1224000.0,0.162,479707000.0,243409000.0,79457000.0,0.0,6.133,37.134,36.38,76961000.0,0.0,96.77,6.017,5.894,253119000.0,435105000.0,1129167000.0,1129167000.0,273581000.0,0.126,0.188,0.415,0.216,59032000.0,206126000.0,1.0,70209251.0,68771000.0,73222000.0,16.419,1729007000.0,70960000.0,58036000.0,14498000.0,25.142,1066573000.0
19,ANET,MRT,2016-09-30,2016-09-30,2016-09-30,2021-08-03,-983000.0,1519080000.0,1305976250.0,1324178000.0,194902000.0,0.801,14.642,-22499000.0,500481000.0,500481000.0,377515000.0,169330000.0,3.729,0.502,40041000.0,0.0,40041000.0,40041000.0,284835000.0,18754000.0,0.0,0.0,0.0,215015000.0,233769000.0,0.223,233769000.0,215015000.0,212051000.0,2.48,2.3,2.48,1011420000.0,891565250.0,1011420000.0,5400644716.0,25.0,23.102,239991000.0,3.474,1.0,669129000.0,0.639,0.0,2964000.0,703558000.0,472274250.0,162128000.0,335803000.0,299667000.0,36136000.0,507660000.0,355082000.0,152578000.0,5891264716.0,81981000.0,-2500000.0,29155000.0,-1268000.0,0.0,-5305000.0,-174825000.0,-150567000.0,262490000.0,-379000.0,167751000.0,167751000.0,167751000.0,0.0,1579000.0,0.16,453818000.0,215311000.0,77048000.0,0.0,5.825,35.119,34.306,78147000.0,0.0,85.08,5.629,5.615,210243000.0,376322000.0,1046644000.0,1046644000.0,259596000.0,0.128,0.188,0.455,0.205,88067000.0,194222000.0,1.0,69243826.0,69076000.0,73453000.0,15.152,1519080000.0,62221000.0,44300000.0,11896000.0,21.991,969096000.0
20,ANET,MRT,2016-06-30,2016-06-30,2016-06-30,2021-08-03,-705000.0,1334988000.0,1194429250.0,1142054000.0,192934000.0,0.815,13.429,-23960000.0,531058000.0,531058000.0,349474000.0,146763000.0,4.335,0.456,40438000.0,0.0,40438000.0,40438000.0,230324000.0,17087000.0,0.0,0.0,0.0,182571000.0,199658000.0,0.205,199658000.0,182571000.0,179589000.0,2.16,2.0,2.16,916832000.0,819503750.0,916832000.0,3748521038.0,21.0,18.775,282447000.0,4.137,1.0,624457000.0,0.641,0.0,2982000.0,580929000.0,414138000.0,118130000.0,331896000.0,292760000.0,39136000.0,418156000.0,263439000.0,154717000.0,4418357038.0,188100000.0,-2500000.0,21559000.0,-1206000.0,0.0,-3221000.0,-114534000.0,-84738000.0,306407000.0,-552000.0,145090000.0,145090000.0,145090000.0,0.0,1673000.0,0.149,440870000.0,183587000.0,60097000.0,0.0,4.819,30.453,29.806,79681000.0,0.0,64.38,4.537,4.513,146659000.0,325065000.0,973931000.0,973931000.0,247696000.0,0.121,0.177,0.441,0.187,75823000.0,193174000.0,1.0,68629342.0,68275000.0,72817000.0,14.265,1334988000.0,55305000.0,34499000.0,16086000.0,19.553,878615000.0
21,ANET,MRT,2016-03-31,2016-03-31,2016-03-31,2021-08-03,-653000.0,1209947000.0,1108392000.0,1023133000.0,186814000.0,0.813,12.546,-23485000.0,710663000.0,710663000.0,319846000.0,131855000.0,4.775,0.424,40827000.0,0.0,40827000.0,40827000.0,219220000.0,15557000.0,0.0,0.0,0.0,162171000.0,177728000.0,0.197,177728000.0,162171000.0,159089000.0,1.95,1.8,1.95,849857000.0,756681250.0,849857000.0,3661968983.0,23.0,20.604,270660000.0,3.996,1.0,580896000.0,0.645,0.0,3082000.0,325847000.0,390729500.0,84030000.0,88225000.0,51589000.0,36636000.0,360090000.0,214264000.0,145826000.0,4308084983.0,435477000.0,0.0,23773000.0,-1145000.0,0.0,12059000.0,129703000.0,156562000.0,294145000.0,-430000.0,130080000.0,130080000.0,130080000.0,0.0,1775000.0,0.144,417608000.0,163288000.0,24808000.0,0.0,5.069,33.119,32.359,79944000.0,0.0,63.1,4.783,4.745,135119000.0,286161000.0,900742000.0,900742000.0,228623000.0,0.117,0.172,0.415,0.18,60393000.0,188985000.0,1.0,68273930.0,67737000.0,72214000.0,13.298,1209947000.0,50026000.0,29009000.0,14918000.0,17.862,808869000.0
22,ANET,MRT,2015-12-31,2015-12-31,2015-12-31,2021-08-03,-675000.0,1159890000.0,1024678250.0,974328000.0,185562000.0,0.817,11.948,-19989000.0,687326000.0,687326000.0,294031000.0,121102000.0,4.146,0.472,41210000.0,0.0,41210000.0,41210000.0,196808000.0,13671000.0,0.0,0.0,0.0,147174000.0,160845000.0,0.192,160845000.0,147174000.0,144022000.0,1.81,1.67,1.81,788152000.0,696834750.0,788152000.0,4897241907.0,33.0,30.447,217795000.0,3.302,1.0,543560000.0,0.649,0.0,3152000.0,278763000.0,432719500.0,92129000.0,36636000.0,0.0,36636000.0,371738000.0,235011000.0,136727000.0,5274154907.0,447295000.0,0.0,26940000.0,-1086000.0,0.0,25854000.0,184170000.0,208200000.0,237784000.0,-513000.0,119115000.0,119115000.0,119115000.0,0.0,1987000.0,0.142,394252000.0,149308000.0,43966000.0,0.0,6.692,44.278,43.006,79706000.0,0.0,77.84,6.297,6.13,144263000.0,250916000.0,837591000.0,837591000.0,209448000.0,0.116,0.171,0.34,0.176,45303000.0,184804000.0,1.0,67756358.0,65964000.0,71411000.0,12.698,1159890000.0,48429000.0,24907000.0,14060000.0,17.584,739317000.0
23,ANET,MRT,2015-09-30,2015-09-30,2015-09-30,2021-08-03,-431000.0,1072892000.0,937461500.0,921100000.0,151792000.0,0.817,10.854,-16319000.0,418500000.0,418500000.0,261802000.0,108215000.0,4.094,0.484,41587000.0,0.0,41587000.0,41587000.0,190706000.0,12379000.0,0.0,0.0,0.0,134782000.0,147161000.0,0.192,147161000.0,134782000.0,131608000.0,1.64,1.5,1.64,723174000.0,638711250.0,723174000.0,3824676227.0,28.0,25.99,100874000.0,1.514,1.0,503832000.0,0.658,0.0,3174000.0,471013000.0,480320250.0,109921000.0,186753000.0,150117000.0,36636000.0,349718000.0,224966000.0,124752000.0,4125722227.0,9904000.0,0.0,28781000.0,-1017000.0,0.0,76740000.0,-183718000.0,-128819000.0,117193000.0,-311000.0,104273000.0,104273000.0,104273000.0,0.0,3942000.0,0.136,364919000.0,138913000.0,31487000.0,0.0,5.705,39.567,37.311,75248000.0,0.0,61.19,5.389,5.325,160230000.0,206991000.0,765634000.0,765634000.0,196379000.0,0.111,0.163,0.281,0.176,-8601000.0,168540000.0,1.0,67424779.0,66629000.0,71887000.0,11.491,1072892000.0,39244000.0,27335000.0,11188000.0,16.102,696134000.0
24,ANET,MRT,2015-06-30,2015-06-30,2015-06-30,2021-08-03,-143000.0,990839000.0,842209250.0,850212000.0,140627000.0,0.835,10.157,-13323000.0,342958000.0,342958000.0,240508000.0,101391000.0,4.199,0.489,41912000.0,0.0,41912000.0,41912000.0,164443000.0,11554000.0,0.0,0.0,0.0,136230000.0,147784000.0,0.21,147784000.0,136230000.0,133045000.0,1.56,1.41,1.56,665542000.0,581148250.0,665542000.0,5205079214.0,38.0,35.221,127979000.0,1.953,1.0,463041000.0,0.658,0.0,3185000.0,487295000.0,418647500.0,100304000.0,245441000.0,208805000.0,36636000.0,325297000.0,202498000.0,122799000.0,5438033214.0,-54240000.0,0.0,19981000.0,-972000.0,0.0,58961000.0,-254296000.0,-202019000.0,141302000.0,-207000.0,97157000.0,97157000.0,97157000.0,0.0,4234000.0,0.138,321551000.0,141490000.0,43831000.0,0.0,8.171,55.972,52.397,73178000.0,0.0,81.74,7.729,7.613,122342000.0,178302000.0,703549000.0,703549000.0,173862000.0,0.115,0.167,0.325,0.194,-3773000.0,147689000.0,1.0,66528422.0,65524000.0,71215000.0,10.737,990839000.0,26028000.0,35888000.0,17850000.0,15.122,647714000.0
25,ANET,MRT,2015-03-31,2015-03-31,2015-03-31,2021-08-03,-351000.0,875092000.0,755194000.0,736044000.0,139048000.0,0.855,9.445,-15167000.0,275186000.0,275186000.0,217413000.0,99013000.0,4.962,0.433,42232000.0,0.0,42232000.0,42232000.0,132824000.0,10629000.0,0.0,0.0,0.0,129833000.0,140462000.0,0.217,140462000.0,129833000.0,125276000.0,1.57,1.42,1.57,610471000.0,530059250.0,610471000.0,4474744112.0,34.0,31.857,119786000.0,1.853,1.0,428531000.0,0.663,0.0,4557000.0,493807000.0,344572250.0,91225000.0,245789000.0,209153000.0,36636000.0,264621000.0,148331000.0,116290000.0,4672228112.0,145662000.0,0.0,255391000.0,-20915000.0,0.0,262945000.0,-252062000.0,-202019000.0,134953000.0,-174000.0,87762000.0,87762000.0,87762000.0,0.0,11251000.0,0.136,289245000.0,139286000.0,29123000.0,0.0,7.653,53.237,44.924,72787000.0,0.0,70.53,7.233,7.057,113057000.0,154306000.0,645944000.0,645944000.0,158803000.0,0.116,0.166,0.377,0.201,3982000.0,130442000.0,1.0,66244550.0,64635000.0,70722000.0,9.994,875092000.0,22092000.0,37514000.0,17502000.0,13.539,587713000.0
26,ANET,MRT,2014-12-31,2014-12-31,2014-12-31,2021-08-03,-334000.0,811023000.0,630286750.0,679479000.0,131544000.0,0.927,11.474,-13134000.0,240031000.0,240031000.0,192015000.0,86850000.0,4.706,0.46,42547000.0,0.0,42547000.0,42547000.0,106468000.0,10021000.0,0.0,0.0,0.0,109827000.0,119848000.0,0.205,119848000.0,109827000.0,103547000.0,1.42,1.29,1.42,555658000.0,401548500.0,555658000.0,3548725950.0,32.0,29.61,118741000.0,2.452,1.0,392091000.0,0.671,0.0,6280000.0,469166000.0,267474750.0,78006000.0,246062000.0,209426000.0,36636000.0,255365000.0,144373000.0,110992000.0,3914490950.0,126367000.0,0.0,247335000.0,-20793000.0,0.0,243978000.0,-249362000.0,-202019000.0,131875000.0,-124000.0,68889000.0,68889000.0,68889000.0,0.0,17961000.0,0.118,266578000.0,125513000.0,32428000.0,0.0,7.045,56.823,42.789,71558000.0,0.0,60.76,6.702,5.037,96982000.0,129814000.0,584106000.0,584106000.0,148909000.0,0.109,0.172,0.411,0.188,10183000.0,117669000.0,1.0,64425460.0,48427000.0,54590000.0,12.062,811023000.0,23762000.0,34658000.0,17323000.0,16.747,535106000.0
27,ANET,MRT,2014-09-30,2014-09-30,2014-09-30,2021-08-03,-48000.0,691883000.0,518661000.0,588351000.0,103532000.0,1.013,7.899,-15609000.0,408596000.0,408596000.0,172259000.0,69555000.0,5.78,0.404,42831000.0,0.0,42831000.0,42831000.0,40277000.0,9905000.0,0.0,0.0,0.0,89917000.0,99822000.0,0.19,99822000.0,89917000.0,82607000.0,1.17,1.07,1.17,492922000.0,282067000.0,492922000.0,5334711522.0,59.0,53.442,77128000.0,1.236,1.0,353124000.0,0.672,0.0,7310000.0,224322000.0,196047500.0,62587000.0,8000000.0,8000000.0,0.0,198961000.0,101796000.0,97165000.0,5688801522.0,288576000.0,0.0,245311000.0,-20554000.0,0.0,226140000.0,-30195000.0,-14000000.0,92737000.0,-106000.0,48662000.0,48662000.0,48662000.0,0.0,20893000.0,0.093,244108000.0,109016000.0,19845000.0,0.0,11.541,116.904,75.496,66991000.0,0.0,88.33,10.828,10.491,84063000.0,98777000.0,525383000.0,525383000.0,135917000.0,0.094,0.173,0.459,0.171,21946000.0,108191000.0,1.0,64403957.0,62402000.0,69737000.0,8.419,691883000.0,17678000.0,33945000.0,15022000.0,11.088,486555000.0
28,ANET,MRT,2014-06-30,2014-06-30,2014-06-30,2021-08-03,15000.0,642778000.0,,562676000.0,80102000.0,,11.982,-16683000.0,397198000.0,397198000.0,154342000.0,59545000.0,5.76,0.394,43108000.0,0.0,43108000.0,43108000.0,37888000.0,8273000.0,0.0,0.0,0.0,70143000.0,78416000.0,0.166,78416000.0,70143000.0,61800000.0,1.04,0.97,1.04,461186000.0,,461186000.0,3994216143.0,57.0,50.936,73163000.0,1.901,1.0,317203000.0,0.673,0.0,8343000.0,190994000.0,,71068000.0,8000000.0,8000000.0,0.0,181592000.0,97694000.0,83898000.0,3985328143.0,306566000.0,0.0,247662000.0,-20335000.0,0.0,228455000.0,-11818000.0,1000000.0,89846000.0,83000.0,33315000.0,33315000.0,33315000.0,0.0,26230000.0,0.071,223425000.0,93778000.0,20000000.0,0.0,8.641,119.626,59.99,68799000.0,0.0,62.39,8.452,5.093,67946000.0,76911000.0,471545000.0,471545000.0,126321000.0,,,,0.149,16703000.0,97104000.0,1.0,63877675.0,38491000.0,44057000.0,12.251,642778000.0,16193000.0,28485000.0,15072000.0,16.699,464982000.0
29,ANET,MRT,2014-03-31,2014-03-31,2014-03-31,2021-08-03,3000.0,375463000.0,,291967000.0,83496000.0,,3.311,-21723000.0,133564000.0,133564000.0,139359000.0,48178000.0,1.468,2.894,142452000.0,99085000.0,43367000.0,142452000.0,36291000.0,6612000.0,0.0,,0.0,54613000.0,61225000.0,0.147,61225000.0,54613000.0,46702000.0,0.85,0.81,0.85,96428000.0,,96428000.0,,,,28927000.0,0.993,1.0,277724000.0,0.666,0.0,7911000.0,185417000.0,,78978000.0,0.0,0.0,0.0,279035000.0,198934000.0,80101000.0,,37884000.0,0.0,7879000.0,-133000.0,0.0,8138000.0,-20898000.0,1000000.0,50650000.0,-6000.0,24051000.0,24051000.0,24051000.0,0.0,24127000.0,0.058,198337000.0,79387000.0,12111000.0,0.0,,,,67626000.0,0.0,,,,67007000.0,55293000.0,417083000.0,417083000.0,112519000.0,,,,0.131,12032000.0,85818000.0,1.0,63877675.0,29124000.0,33816000.0,14.321,375463000.0,14786000.0,22651000.0,14890000.0,12.892,93033000.0
30,ANET,MRT,2013-12-31,2013-12-31,2013-12-31,2021-08-03,36000.0,364520000.0,292344000.0,282766000.0,81754000.0,1.236,2.845,-20316000.0,113664000.0,113664000.0,122686000.0,42460000.0,1.351,3.689,141945000.0,98793000.0,43152000.0,141945000.0,58904000.0,5044000.0,0.0,,0.0,43711000.0,48755000.0,0.135,48755000.0,43711000.0,36592000.0,0.76,0.72,0.76,77732000.0,48321000.0,77732000.0,,,,14332000.0,0.525,1.0,238538000.0,0.66,0.0,7119000.0,183457000.0,193746000.0,67094000.0,4000000.0,4000000.0,0.0,286788000.0,209344000.0,77444000.0,,25009000.0,0.0,9004000.0,0.0,0.0,9886000.0,-19491000.0,1000000.0,34648000.0,-34000.0,20777000.0,20777000.0,20777000.0,0.0,21683000.0,0.058,172390000.0,66148000.0,24595000.0,0.0,,,,67204000.0,0.0,,,,77999000.0,42964000.0,361224000.0,361224000.0,98587000.0,0.071,0.43,0.226,0.121,9277000.0,73803000.0,1.0,,27320000.0,30051000.0,13.222,364520000.0,16897000.0,15815000.0,14716000.0,13.343,73422000.0
31,ANET,MRT,2013-09-30,2013-09-30,2013-09-30,2021-08-03,,,,,,,,,,,,,,,,,,,,,,,0.0,,,,,,,,,,,,,,,,,,1.0,,,,,,,,,,,,,,,,,,,,,,,,,,,,,,,,,,,,,,,,,,,,,,,,,,,,,,1.0,,27557000.0,,,,,,,,
32,ANET,MRT,2013-06-30,2013-06-30,2013-06-30,2021-08-03,,,,,,,,,,,,,,,,,,,,,,,0.0,,,,,,,,,,,,,,,,,,1.0,,,,,,,,,,,,,,,,,,,,,,,,,,,,,,,,,,,,,,,,,,,,,,,,,,,,,,1.0,,26926000.0,,,,,,,,
33,ANET,MRT,2013-03-31,2013-03-31,2013-03-31,2021-08-03,,,,,,,,,,,,,,,,,,,,,,,0.0,,,,,,,,,,,,,,,,,,1.0,,,,,,,,,,,,,,,,,,,,,,,,,,,,,,,,,,,,,,,,,,,,,,,,,,,,,,1.0,,26284899.0,,,,,,,,
34,ANET,MRT,2012-12-31,2012-12-31,2012-12-31,2021-08-03,38000.0,220168000.0,,177172000.0,42996000.0,,0.765,-3312000.0,92695000.0,92695000.0,61252000.0,21349000.0,3.821,10.643,122926000.0,0.0,122926000.0,122926000.0,17602000.0,1779000.0,0.0,,0.0,28305000.0,30084000.0,0.156,30084000.0,28305000.0,21248000.0,0.39,0.39,0.39,18910000.0,,18910000.0,,,,22994000.0,0.931,1.0,132156000.0,0.683,0.0,7057000.0,204035000.0,,24181000.0,4000000.0,0.0,4000000.0,201258000.0,46364000.0,154894000.0,,17930000.0,0.0,3882000.0,0.0,0.0,3977000.0,-12352000.0,0.0,26306000.0,-1000.0,9622000.0,9622000.0,9622000.0,0.0,11727000.0,0.05,92259000.0,39897000.0,14000000.0,0.0,,,,30546000.0,0.0,,,,50902000.0,504000.0,193408000.0,193408000.0,55155000.0,,,,0.146,4608000.0,37104000.0,1.0,,24711000.0,24901000.0,7.827,220168000.0,7988000.0,11626000.0,12477000.0,8.91,130808000.0
35,ANET,MRT,2011-12-31,2011-12-31,2011-12-31,2021-08-03,,,,,,,,,,,43366000.0,34035000.0,,,,,,,,,,,0.0,23797000.0,,,,23797000.0,17380000.0,0.65,0.65,0.65,,,,,,,,,1.0,96482000.0,0.69,,6417000.0,,,,,,,,,,,,,,,,,,,,,13789000.0,13789000.0,13789000.0,0.0,20246000.0,0.099,52082000.0,44400000.0,,0.0,,,,,0.0,,,,,,139848000.0,139848000.0,26408000.0,,,,0.17,,25674000.0,1.0,,21175788.0,21345641.0,6.604,,,3591000.0,,,
36,ANET,MRT,2011-03-31,2011-03-31,2011-03-31,2021-08-03,,,,,,,,,,,,,,,,,,,,,,,0.0,,,,,,,,,,,,,,,,,,1.0,,,,,,,,,,,,,,,,,,,,,,,,,,,,,,,,,,,,,,,,,,,,,,,,,,,,,,1.0,,,,,,,,,,
