None,ticker,dimension,calendardate,datekey,reportperiod,lastupdated,accoci,assets,assetsavg,assetsc,assetsnc,assetturnover,bvps,capex,cashneq,cashnequsd,cor,consolinc,currentratio,de,debt,debtc,debtnc,debtusd,deferredrev,depamor,deposits,divyield,dps,ebit,ebitda,ebitdamargin,ebitdausd,ebitusd,ebt,eps,epsdil,epsusd,equity,equityavg,equityusd,ev,evebit,evebitda,fcf,fcfps,fxusd,gp,grossmargin,intangibles,intexp,invcap,invcapavg,inventory,investments,investmentsc,investmentsnc,liabilities,liabilitiesc,liabilitiesnc,marketcap,ncf,ncfbus,ncfcommon,ncfdebt,ncfdiv,ncff,ncfi,ncfinv,ncfo,ncfx,netinc,netinccmn,netinccmnusd,netincdis,netincnci,netmargin,opex,opinc,payables,payoutratio,pb,pe,pe1,ppnenet,prefdivis,price,ps,ps1,receivables,retearn,revenue,revenueusd,rnd,roa,roe,roic,ros,sbcomp,sgna,sharefactor,sharesbas,shareswa,shareswadil,sps,tangibles,taxassets,taxexp,taxliabilities,tbvps,workingcapital
0,LNT,MRY,2020-12-31,2020-12-31,2020-12-31,2021-08-06,-1000000.0,17710000000.0,17349675000.0,887000000.0,16823000000.0,0.197,22.899,-1293000000.0,54000000.0,54000000.0,2061000000.0,624000000.0,0.684,2.078,7166000000.0,397000000.0,6769000000.0,7166000000.0,0.0,615000000.0,0.0,0.029,1.52,842000000.0,1457000000.0,0.427,1457000000.0,842000000.0,567000000.0,2.47,2.47,2.47,5688000000.0,5611925000.0,5688000000.0,19684166964.0,23.0,13.51,-792000000.0,-3.188,1.0,1355000000.0,0.397,0.0,275000000.0,23525000000.0,22706275000.0,217000000.0,485000000.0,0.0,485000000.0,11822000000.0,1297000000.0,10525000000.0,12870166964.0,38000000.0,0.0,247000000.0,645000000.0,-377000000.0,488000000.0,-951000000.0,458000000.0,501000000.0,0.0,624000000.0,614000000.0,614000000.0,0.0,0.0,0.18,615000000.0,740000000.0,377000000.0,0.615,2.263,20.961,20.862,14336000000.0,10000000.0,51.53,3.768,3.747,412000000.0,2994000000.0,3416000000.0,3416000000.0,0.0,0.035,0.109,0.037,0.246,0.0,0.0,1.0,249760663.0,248400000,248700000.0,13.752,17710000000.0,0.0,-57000000.0,1814000000.0,71.296,-410000000.0
1,LNT,MRY,2019-12-31,2019-12-31,2019-12-31,2021-08-06,1000000.0,16701000000.0,16267350000.0,876000000.0,15825000000.0,0.224,21.824,-1539000000.0,16000000.0,16000000.0,2303000000.0,567000000.0,0.426,2.17,6527000000.0,994000000.0,5533000000.0,6527000000.0,0.0,567000000.0,0.0,0.026,1.42,909000000.0,1476000000.0,0.405,1476000000.0,909000000.0,636000000.0,2.34,2.33,2.34,5205000000.0,4889050000.0,5205000000.0,19499366169.0,21.0,13.211,-879000000.0,-3.686,1.0,1345000000.0,0.369,0.0,273000000.0,21158000000.0,20685975000.0,227000000.0,468000000.0,0.0,468000000.0,11296000000.0,2054000000.0,9242000000.0,13151566169.0,-8000000.0,0.0,390000000.0,590000000.0,-337000000.0,619000000.0,-1287000000.0,413000000.0,660000000.0,0.0,567000000.0,557000000.0,557000000.0,0.0,0.0,0.153,567000000.0,778000000.0,422000000.0,0.607,2.527,23.611,23.385,13527000000.0,10000000.0,54.72,3.605,3.578,402000000.0,2766000000.0,3648000000.0,3648000000.0,0.0,0.034,0.114,0.044,0.249,0.0,0.0,1.0,240342949.0,238500000,239000000.0,15.296,16701000000.0,0.0,69000000.0,1784000000.0,70.025,-1178000000.0
2,LNT,MRY,2018-12-31,2018-12-31,2018-12-31,2021-08-06,1700000.0,15426000000.0,14888150000.0,785100000.0,14640900000.0,0.237,19.631,-1569000000.0,20900000.0,20900000.0,2333000000.0,522000000.0,0.478,2.32,5944000000.0,697700000.0,5246300000.0,5944000000.0,0.0,507000000.0,0.0,0.032,1.34,817000000.0,1324000000.0,0.375,1324000000.0,817000000.0,570000000.0,2.19,2.19,2.19,4585700000.0,4434575000.0,4585700000.0,15619714886.0,19.0,11.797,-1041000000.0,-4.456,1.0,1201000000.0,0.34,0.0,247000000.0,19705000000.0,18872425000.0,211800000.0,431300000.0,0.0,431300000.0,10640300000.0,1644100000.0,8996200000.0,9968314886.0,-8000000.0,0.0,197000000.0,670000000.0,-312000000.0,531000000.0,-1067000000.0,605000000.0,528000000.0,0.0,522000000.0,512000000.0,512000000.0,0.0,0.0,0.145,507000000.0,694000000.0,543300000.0,0.612,2.174,19.469,19.292,12462400000.0,10000000.0,42.25,2.821,2.793,350400000.0,2545900000.0,3534000000.0,3534000000.0,0.0,0.034,0.115,0.043,0.231,0.0,0.0,1.0,235936447.0,233600000,233600000.0,15.128,15426000000.0,42200000.0,48000000.0,1603100000.0,66.036,-859000000.0
3,LNT,MRY,2017-12-31,2017-12-31,2017-12-31,2021-08-06,-500000.0,14187800000.0,13877750000.0,905100000.0,13282700000.0,0.244,18.207,-1281800000.0,27900000.0,27900000.0,2249200000.0,467500000.0,0.421,2.345,5281500000.0,1270900000.0,4010600000.0,5281500000.0,0.0,461800000.0,0.0,0.03,1.26,749800000.0,1211600000.0,0.358,1211600000.0,749800000.0,534200000.0,1.99,1.99,1.99,4182200000.0,4070925000.0,4182200000.0,14688017780.0,20.0,12.123,-760200000.0,-3.31,1.0,1133000000.0,0.335,0.0,215600000.0,17292400000.0,17236150000.0,222400000.0,396100000.0,0.0,396100000.0,9805600000.0,2149000000.0,7656600000.0,9851617780.0,20800000.0,0.0,149600000.0,716500000.0,-288300000.0,532600000.0,-1033400000.0,461800000.0,521600000.0,0.0,467500000.0,457300000.0,457300000.0,-1400000.0,0.0,0.135,461800000.0,671200000.0,477300000.0,0.633,2.356,21.543,21.412,11234500000.0,10200000.0,42.61,2.913,2.894,482800000.0,2346000000.0,3382200000.0,3382200000.0,0.0,0.033,0.112,0.044,0.222,0.0,0.0,1.0,231204360.0,229700000,229700000.0,14.724,14187800000.0,41300000.0,66700000.0,1478400000.0,61.767,-1243900000.0
4,LNT,MRY,2016-12-31,2016-12-31,2016-12-31,2021-08-06,-400000.0,13373800000.0,12905850000.0,877100000.0,12496700000.0,0.257,17.006,-1131200000.0,8200000.0,8200000.0,2267900000.0,381700000.0,0.755,2.411,4564300000.0,248700000.0,4315600000.0,4564300000.0,0.0,411600000.0,0.0,0.031,1.175,637300000.0,1048900000.0,0.316,1048900000.0,637300000.0,441100000.0,1.64,1.64,1.64,3862000000.0,3818975000.0,3862000000.0,12904491217.0,20.0,12.303,-738400000.0,-3.251,1.0,1052100000.0,0.317,0.0,196200000.0,16767900000.0,15842950000.0,222300000.0,337600000.0,0.0,337600000.0,9311800000.0,1162000000.0,8149800000.0,8619991217.0,1900000.0,0.0,26600000.0,570900000.0,-266500000.0,329300000.0,-720200000.0,466800000.0,392800000.0,0.0,381700000.0,371500000.0,371500000.0,2300000.0,0.0,0.112,498000000.0,554100000.0,445300000.0,0.716,2.232,23.203,23.104,10279200000.0,10200000.0,37.89,2.596,2.592,493300000.0,2177000000.0,3320000000.0,3320000000.0,0.0,0.029,0.097,0.04,0.192,0.0,0.0,1.0,227500428.0,227100000,227100000.0,14.619,13373800000.0,0.0,59400000.0,2570200000.0,58.889,-284900000.0
5,LNT,MRY,2015-12-31,2015-12-31,2015-12-31,2021-08-06,-400000.0,12495200000.0,12361425000.0,826800000.0,11668400000.0,0.263,16.522,-960300000.0,5800000.0,5800000.0,2275300000.0,388400000.0,0.608,2.302,3995400000.0,473200000.0,3522200000.0,3995400000.0,0.0,401300000.0,0.0,0.035,1.1,645900000.0,1047200000.0,0.322,1047200000.0,645900000.0,458800000.0,1.68,1.68,1.68,3724100000.0,3671800000.0,3724100000.0,10908058541.0,17.0,10.416,-89100000.0,-0.395,1.0,978300000.0,0.301,0.0,187100000.0,15125500000.0,15112475000.0,223500000.0,346300000.0,0.0,346300000.0,8571100000.0,1359300000.0,7211800000.0,7079358541.0,-51100000.0,139900000.0,151200000.0,86200000.0,-247300000.0,-3100000.0,-919200000.0,0.0,871200000.0,0.0,388400000.0,378200000.0,378200000.0,2500000.0,0.0,0.116,401300000.0,577000000.0,402400000.0,0.655,1.901,18.719,18.586,9519100000.0,10200000.0,31.225,2.176,2.163,397600000.0,2068900000.0,3253600000.0,3253600000.0,0.0,0.031,0.103,0.043,0.199,0.0,0.0,1.0,226720850.0,225400000,225400000.0,14.435,12495200000.0,0.0,70400000.0,2434400000.0,55.436,-532500000.0
6,LNT,MRY,2014-12-31,2014-12-31,2014-12-31,2021-08-06,-600000.0,12063500000.0,11540225000.0,1043100000.0,11020400000.0,0.29,15.511,-902800000.0,56900000.0,56900000.0,2418600000.0,393300000.0,0.859,2.449,3908600000.0,324300000.0,3584300000.0,3908600000.0,0.0,388100000.0,0.0,0.031,1.02,618200000.0,1006300000.0,0.3,1006300000.0,618200000.0,437600000.0,1.73,1.73,1.73,3438700000.0,3385800000.0,3438700000.0,11003447866.0,18.0,10.935,-11200000.0,-0.051,1.0,931700000.0,0.278,0.0,180600000.0,14700500000.0,13687625000.0,223800000.0,344900000.0,0.0,344900000.0,8423000000.0,1214700000.0,7208300000.0,7368347866.0,47100000.0,0.0,0.0,316300000.0,-225800000.0,73200000.0,-917700000.0,0.0,891600000.0,0.0,393300000.0,383100000.0,383100000.0,2400000.0,0.0,0.114,388100000.0,543600000.0,427900000.0,0.59,2.143,19.233,19.197,8938400000.0,10200000.0,33.21,2.199,2.198,427300000.0,1938000000.0,3350300000.0,3350300000.0,0.0,0.033,0.113,0.045,0.185,0.0,0.0,1.0,221871360.0,221700000,221700000.0,15.112,12063500000.0,150100000.0,44300000.0,2321100000.0,54.414,-171600000.0
7,LNT,MRY,2013-12-31,2013-12-31,2013-12-31,2021-08-06,-200000.0,11112400000.0,10928775000.0,1011200000.0,10101200000.0,0.3,14.808,-798300000.0,9800000.0,9800000.0,2372000000.0,376200000.0,0.706,2.325,3615700000.0,637900000.0,2977800000.0,3615700000.0,0.0,370900000.0,0.0,0.036,0.94,602900000.0,973800000.0,0.297,973800000.0,602900000.0,430100000.0,1.615,1.615,1.615,3281400000.0,3213625000.0,3281400000.0,9097493320.0,15.0,9.342,-67300000.0,-0.304,1.0,904800000.0,0.276,0.0,172800000.0,13285000000.0,13191250000.0,211800000.0,329600000.0,0.0,329600000.0,7629200000.0,1433300000.0,6195900000.0,5724693320.0,-11400000.0,0.0,0.0,260400000.0,-208300000.0,12300000.0,-754700000.0,0.0,731000000.0,0.0,376200000.0,358300000.0,358300000.0,5900000.0,0.0,0.109,370900000.0,533900000.0,365000000.0,0.582,1.745,15.977,15.975,8326500000.0,17900000.0,25.8,1.747,1.745,473300000.0,1780700000.0,3276800000.0,3276800000.0,0.0,0.033,0.111,0.046,0.184,0.0,0.0,1.0,221887338.0,221600000,221600000.0,14.787,11112400000.0,136700000.0,53900000.0,2112700000.0,50.146,-422100000.0
8,LNT,MRY,2012-12-31,2012-12-31,2012-12-31,2021-08-06,-800000.0,10785500000.0,10149700000.0,994300000.0,9791200000.0,0.305,14.147,-1158100000.0,21200000.0,21200000.0,2242400000.0,335700000.0,0.975,2.394,3355600000.0,219000000.0,3136600000.0,3355600000.0,0.0,332900000.0,0.0,0.031,0.675,581800000.0,914700000.0,0.296,914700000.0,581800000.0,425100000.0,1.445,1.445,1.445,3134900000.0,3065700000.0,3134900000.0,7732256734.0,13.0,8.453,-317000000.0,-1.431,1.0,852100000.0,0.275,0.0,156700000.0,13099900000.0,12184450000.0,203900000.0,319000000.0,0.0,319000000.0,7503700000.0,1020000000.0,6483700000.0,4873456734.0,9800000.0,0.0,0.0,548300000.0,-199300000.0,324200000.0,-1155500000.0,0.0,841100000.0,0.0,335700000.0,319800000.0,319800000.0,5100000.0,0.0,0.103,332400000.0,519700000.0,339300000.0,0.467,1.555,15.239,15.194,7838000000.0,15900000.0,21.955,1.575,1.572,176300000.0,1630700000.0,3094500000.0,3094500000.0,0.0,0.032,0.104,0.048,0.188,0.0,0.0,1.0,221974800.0,221600000,221600000.0,13.964,10785500000.0,210600000.0,89400000.0,1982200000.0,48.671,-25700000.0
9,LNT,MRY,2011-12-31,2011-12-31,2011-12-31,2021-08-06,-800000.0,9687900000.0,9467725000.0,870600000.0,8817300000.0,0.34,13.609,-673400000.0,11400000.0,11400000.0,2387100000.0,321900000.0,1.018,2.167,2807300000.0,104200000.0,2703100000.0,2807300000.0,0.0,323800000.0,0.0,0.039,0.853,549400000.0,873200000.0,0.271,873200000.0,549400000.0,391100000.0,1.37,1.37,1.37,3013000000.0,2965575000.0,3013000000.0,7576794450.0,14.0,8.677,29300000.0,0.132,1.0,834300000.0,0.259,0.0,158300000.0,11628600000.0,11354650000.0,218100000.0,300700000.0,0.0,300700000.0,6528000000.0,855200000.0,5672800000.0,4895394450.0,-147900000.0,0.0,0.0,55800000.0,-188100000.0,-198500000.0,-652100000.0,0.0,702700000.0,0.0,321900000.0,303600000.0,303600000.0,19500000.0,0.0,0.094,321000000.0,513300000.0,267800000.0,0.623,1.625,16.124,16.099,7033300000.0,18300000.0,22.055,1.52,1.516,163200000.0,1510200000.0,3221400000.0,3221400000.0,0.0,0.032,0.102,0.048,0.171,0.0,0.0,1.0,221963022.0,221400000,221400000.0,14.55,9687900000.0,102100000.0,69200000.0,1639100000.0,43.757,15400000.0
10,LNT,MRY,2010-12-31,2010-12-31,2010-12-31,2021-08-06,-1400000.0,9282900000.0,9156925000.0,1092700000.0,8190200000.0,0.356,13.1,-866900000.0,159300000.0,159300000.0,2414800000.0,306300000.0,1.261,2.144,2752100000.0,48700000.0,2703400000.0,2752100000.0,0.0,292300000.0,0.0,0.043,0.795,616800000.0,909100000.0,0.279,909100000.0,616800000.0,454000000.0,1.3,1.3,1.3,2893600000.0,2833675000.0,2893600000.0,6644339269.0,11.0,7.309,118000000.0,0.534,1.0,847300000.0,0.26,0.0,162800000.0,11009000000.0,10807675000.0,233000000.0,289200000.0,0.0,289200000.0,6203500000.0,866700000.0,5336800000.0,4076139269.0,-16000000.0,0.0,0.0,49600000.0,-174600000.0,-134400000.0,-866500000.0,0.0,984900000.0,0.0,306300000.0,287600000.0,287600000.0,3900000.0,0.0,0.088,287300000.0,560000000.0,336300000.0,0.612,1.409,14.173,14.142,6730600000.0,18700000.0,18.385,1.25,1.245,415900000.0,1394700000.0,3262100000.0,3262100000.0,0.0,0.031,0.101,0.057,0.189,0.0,0.0,1.0,221710050.0,220884000,221042000.0,14.768,9282900000.0,0.0,147700000.0,1479600000.0,42.026,226000000.0
11,LNT,MRY,2009-12-31,2009-12-31,2009-12-31,2021-08-06,-1400000.0,9036000000.0,8591600000.0,1390000000.0,7646000000.0,0.399,12.572,-1202600000.0,175300000.0,175300000.0,2757500000.0,129700000.0,1.291,2.192,2696000000.0,291500000.0,2404500000.0,2696000000.0,0.0,275600000.0,0.0,0.05,0.752,275300000.0,550900000.0,0.161,550900000.0,275300000.0,120400000.0,0.505,0.505,0.505,2772600000.0,2808250000.0,2772600000.0,5598493192.0,20.0,10.162,-545500000.0,-2.474,1.0,669800000.0,0.195,0.0,154900000.0,10480100000.0,9611800000.0,238500000.0,305200000.0,23700000.0,281500000.0,6077500000.0,1076600000.0,5000900000.0,3347793192.0,-171600000.0,0.0,0.0,526200000.0,-165500000.0,320200000.0,-1148900000.0,0.0,657100000.0,0.0,129700000.0,111000000.0,111000000.0,-900000.0,0.0,0.032,273600000.0,396200000.0,331900000.0,1.489,1.207,30.16,29.96,6192900000.0,18700000.0,15.13,0.977,0.974,501900000.0,1281700000.0,3427300000.0,3427300000.0,0.0,0.013,0.04,0.029,0.08,0.0,0.0,1.0,221268552.0,220536000,220704000.0,15.541,9036000000.0,169700000.0,-9300000.0,1262000000.0,40.973,313400000.0
12,LNT,MRY,2008-12-31,2008-12-31,2008-12-31,2021-08-06,-1400000.0,8201500000.0,7522775000.0,1445600000.0,6755900000.0,0.488,12.814,-879000000.0,346900000.0,346900000.0,2942400000.0,306700000.0,1.392,1.839,1970800000.0,222500000.0,1748300000.0,1970800000.0,0.0,241900000.0,0.0,0.048,0.7,572100000.0,814000000.0,0.222,814000000.0,572100000.0,446300000.0,1.305,1.305,1.305,2823500000.0,2775275000.0,2823500000.0,4453304709.0,8.0,5.471,-540800000.0,-2.454,1.0,726700000.0,0.198,0.0,125800000.0,8787200000.0,7761850000.0,242500000.0,213200000.0,18100000.0,195100000.0,5192100000.0,1038200000.0,4153900000.0,3222904709.0,-398700000.0,0.0,0.0,320500000.0,-154300000.0,129200000.0,-866100000.0,0.0,338200000.0,0.0,306700000.0,288000000.0,288000000.0,-8600000.0,0.0,0.078,239700000.0,487000000.0,425100000.0,0.536,1.141,11.191,11.18,5353500000.0,18700000.0,14.59,0.878,0.876,558700000.0,1336200000.0,3669100000.0,3669100000.0,0.0,0.038,0.104,0.074,0.156,0.0,0.0,1.0,220898198.0,220340000,220616000.0,16.652,8201500000.0,67700000.0,139600000.0,1023700000.0,37.222,407400000.0
13,LNT,MRY,2007-12-31,2007-12-31,2007-12-31,2021-08-06,200000.0,7189700000.0,6896825000.0,1472300000.0,5717400000.0,0.498,11.939,-542000000.0,745600000.0,745600000.0,2630600000.0,444000000.0,1.571,1.682,1655900000.0,251400000.0,1404500000.0,1655900000.0,0.0,262700000.0,0.0,0.031,0.637,816500000.0,1079200000.0,0.314,1079200000.0,816500000.0,699800000.0,1.895,1.89,1.895,2681200000.0,2563275000.0,2681200000.0,6135540340.0,8.0,5.685,65500000.0,0.292,1.0,807000000.0,0.235,0.0,116700000.0,7163000000.0,7412275000.0,208300000.0,206300000.0,34100000.0,172200000.0,4508500000.0,937000000.0,3571500000.0,4488740340.0,479600000.0,0.0,-262700000.0,-40700000.0,-143200000.0,-456900000.0,329000000.0,0.0,607500000.0,0.0,444000000.0,425300000.0,425300000.0,-600000.0,0.0,0.124,262700000.0,544300000.0,346700000.0,0.336,1.674,10.554,10.736,4679900000.0,18700000.0,20.345,1.306,1.329,346900000.0,1205200000.0,3437600000.0,3437600000.0,0.0,0.062,0.166,0.11,0.238,0.0,0.0,1.0,220631130.0,224568000,225042000.0,15.308,7189700000.0,13500000.0,255800000.0,897600000.0,32.016,535300000.0
14,LNT,MRY,2006-12-31,2006-12-31,2006-12-31,2021-08-06,-8700000.0,7084100000.0,6958750000.0,1629900000.0,5454200000.0,0.483,11.347,-399000000.0,265200000.0,265200000.0,2604500000.0,315700000.0,1.421,1.672,1696700000.0,373400000.0,1323300000.0,1696700000.0,0.0,261400000.0,0.0,0.031,0.577,664400000.0,925800000.0,0.276,925800000.0,664400000.0,518700000.0,1.35,1.345,1.35,2651300000.0,2526375000.0,2651300000.0,6097266701.0,9.0,6.586,4300000.0,0.018,1.0,754900000.0,0.225,0.0,145700000.0,7368200000.0,7539900000.0,178200000.0,173400000.0,7200000.0,166200000.0,4432800000.0,1147400000.0,3285400000.0,4384766701.0,50000000.0,0.0,-55500000.0,-599500000.0,-134400000.0,-819100000.0,465800000.0,29200000.0,403300000.0,0.0,315700000.0,315700000.0,315700000.0,22600000.0,0.0,0.094,261400000.0,493500000.0,294100000.0,0.427,1.654,13.889,13.989,4488800000.0,0.0,18.885,1.305,1.313,349800000.0,923600000.0,3359400000.0,3359400000.0,0.0,0.045,0.125,0.088,0.198,0.0,0.0,1.0,232182510.0,233652000,234380000.0,14.378,7084100000.0,0.0,203000000.0,852500000.0,30.319,482500000.0
15,LNT,MRY,2005-12-31,2005-12-31,2005-12-31,2021-08-06,-84600000.0,7733100000.0,7957900000.0,1783400000.0,5949700000.0,0.412,10.476,-538100000.0,224700000.0,224700000.0,2483400000.0,-7700000.0,1.129,2.169,2368600000.0,453800000.0,1914800000.0,2368600000.0,0.0,328600000.0,0.0,0.037,0.521,115200000.0,443800000.0,0.135,443800000.0,115200000.0,-60600000.0,-0.035,-0.035,-0.035,2440500000.0,2491000000.0,2440500000.0,5452907975.0,47.0,12.287,27300000.0,0.117,1.0,796200000.0,0.243,0.0,175800000.0,8296700000.0,9076825000.0,185800000.0,341000000.0,0.0,341000000.0,5292600000.0,1580300000.0,3712300000.0,3277207975.0,-48600000.0,0.0,29300000.0,-191700000.0,-121900000.0,-298000000.0,-316000000.0,46500000.0,565400000.0,0.0,-7700000.0,-7700000.0,-7700000.0,64100000.0,0.0,-0.002,320300000.0,475900000.0,355300000.0,-14.886,1.343,-425.611,-400.571,4866200000.0,0.0,14.02,0.999,0.996,386000000.0,742300000.0,3279600000.0,3279600000.0,0.0,-0.001,-0.003,0.013,0.035,0.0,0.0,1.0,233752352.0,232952000,233586000.0,14.078,7733100000.0,0.0,-52900000.0,644400000.0,33.196,203100000.0
16,LNT,MRY,2004-12-31,2004-12-31,2004-12-31,2021-08-06,-67100000.0,8275200000.0,7944104500.0,2142800000.0,6132400000.0,0.353,11.306,-633400000.0,215600000.0,215600000.0,2079600000.0,145500000.0,1.591,2.231,2508000000.0,218600000.0,2289400000.0,2508000000.0,0.0,316900000.0,0.0,0.035,0.505,413600000.0,730500000.0,0.26,730500000.0,413600000.0,236700000.0,0.64,0.64,0.64,2561400000.0,2460848000.0,2561400000.0,5532622413.0,13.0,7.574,-135200000.0,-0.597,1.0,725200000.0,0.259,0.0,176900000.0,9221000000.0,9262313250.0,150400000.0,583800000.0,0.0,583800000.0,5713800000.0,1346600000.0,4367200000.0,3304256413.0,23000000.0,0.0,115100000.0,151400000.0,-114000000.0,159300000.0,-634500000.0,-15000000.0,498200000.0,0.0,145500000.0,145500000.0,145500000.0,72900000.0,0.0,0.052,316900000.0,408300000.0,264200000.0,0.789,1.29,22.71,22.344,4665300000.0,0.0,14.3,1.178,1.155,325500000.0,871900000.0,2804800000.0,2804800000.0,0.0,0.018,0.059,0.045,0.147,0.0,0.0,1.0,231066882.0,226548000,227402000.0,12.381,8275200000.0,0.0,91200000.0,920800000.0,36.527,796200000.0
17,LNT,MRY,2003-12-31,2003-12-31,2003-12-31,2021-08-06,-106400000.0,7797500000.0,7625286500.0,988500000.0,6809000000.0,0.357,11.697,-815600000.0,250600000.0,250600000.0,2046000000.0,183500000.0,1.152,2.288,2376700000.0,253400000.0,2123300000.0,2376700000.0,0.0,286800000.0,0.0,0.04,0.5,464200000.0,751000000.0,0.275,751000000.0,464200000.0,259100000.0,0.905,0.905,0.905,2371300000.0,2111348500.0,2371300000.0,5368108265.0,12.0,7.148,-377000000.0,-1.86,1.0,680000000.0,0.249,0.0,205100000.0,9065200000.0,9143224750.0,163900000.0,740300000.0,0.0,740300000.0,5426200000.0,858400000.0,4567800000.0,2756843265.0,159600000.0,0.0,345600000.0,-220700000.0,-101300000.0,-10200000.0,-268800000.0,-14100000.0,438600000.0,0.0,183500000.0,183500000.0,183500000.0,-37800000.0,0.0,0.067,286800000.0,393200000.0,296200000.0,0.552,1.163,15.024,13.757,5003600000.0,0.0,12.45,1.011,0.926,236100000.0,840400000.0,2726000000.0,2726000000.0,0.0,0.024,0.087,0.051,0.17,0.0,0.0,1.0,221433194.0,202732000,203088000.0,13.446,7797500000.0,0.0,75600000.0,819900000.0,38.462,130100000.0
18,LNT,MRY,2002-12-31,2002-12-31,2002-12-31,2021-08-06,-209943000.0,7814084000.0,6917556500.0,1655462000.0,6158622000.0,0.355,10.1,-648400000.0,72469000.0,72469000.0,1827600000.0,106900000.0,1.475,3.256,3020715000.0,410912000.0,2609803000.0,3020715000.0,0.0,278000000.0,0.0,0.121,1.0,336500000.0,614500000.0,0.25,614500000.0,336500000.0,153700000.0,0.59,0.59,0.59,1836190000.0,1838523750.0,1836190000.0,4553532705.0,14.0,7.41,-107100000.0,-0.589,1.0,629500000.0,0.256,0.0,182800000.0,9640020000.0,8835173000.0,184526000.0,591808000.0,0.0,591808000.0,5977894000.0,1122310000.0,4855584000.0,1517461705.0,-7100000.0,0.0,56100000.0,95700000.0,-181000000.0,77200000.0,-625600000.0,-22900000.0,541300000.0,0.0,106900000.0,106900000.0,106900000.0,-12800000.0,0.0,0.044,278000000.0,351500000.0,282855000.0,1.695,0.826,14.195,14.025,4509950000.0,0.0,8.275,0.618,0.612,180144000.0,758187000.0,2457100000.0,2457100000.0,0.0,0.015,0.058,0.038,0.137,0.0,0.0,1.0,183379058.0,181794000,181918000.0,13.516,7814084000.0,97469000.0,46800000.0,821694000.0,42.983,533152000.0
19,LNT,MRY,2001-12-31,2001-12-31,2001-12-31,2021-08-06,-152434000.0,6237925000.0,6193243250.0,1108856000.0,5129069000.0,0.425,11.915,-712991000.0,102821000.0,102821000.0,2003786000.0,172362000.0,1.454,2.252,2676254000.0,218313000.0,2457941000.0,2676254000.0,0.0,294339000.0,0.0,0.066,1.0,406193000.0,700532000.0,0.266,700532000.0,406193000.0,224185000.0,1.07,1.07,1.07,1918341000.0,1767934250.0,1918341000.0,5004048753.0,12.0,7.143,-279645000.0,-1.737,1.0,630444000.0,0.239,0.0,182008000.0,8048986000.0,7849078500.0,166222000.0,808596000.0,0.0,808596000.0,4319584000.0,762372000.0,3557212000.0,2414311753.0,-60140000.0,0.0,288553000.0,110832000.0,-158231000.0,161075000.0,-654561000.0,-22100000.0,433346000.0,0.0,172362000.0,172362000.0,172362000.0,-57071000.0,0.0,0.065,294339000.0,336105000.0,221823000.0,0.935,1.259,14.007,14.187,3325120000.0,0.0,15.18,0.917,0.928,187711000.0,832293000.0,2634230000.0,2634230000.0,0.0,0.028,0.097,0.052,0.154,0.0,0.0,1.0,159045570.0,160996000,161272000.0,16.362,6237925000.0,25401000.0,51823000.0,754049000.0,38.746,346484000.0
20,LNT,MRY,2000-12-31,2000-12-31,2000-12-31,2021-08-06,271867000.0,6733766000.0,6639025500.0,710981000.0,6022785000.0,0.343,12.895,-845454000.0,151927000.0,151927000.0,1646972000.0,398662000.0,0.616,2.305,2502428000.0,592312000.0,1910116000.0,2502428000.0,0.0,296732000.0,0.0,0.063,1.0,792991000.0,1089723000.0,0.478,1089723000.0,792991000.0,624842000.0,2.525,2.515,2.525,2037472000.0,2179632250.0,2037472000.0,4634939358.0,6.0,4.253,-452364000.0,-2.863,1.0,632702000.0,0.278,0.0,168149000.0,7929932000.0,7970910750.0,143916000.0,1661858000.0,9968000.0,1651890000.0,4696294000.0,1154335000.0,3541959000.0,2518756358.0,36900000.0,0.0,1069000.0,785604000.0,-157964000.0,513063000.0,-869253000.0,-22100000.0,393090000.0,0.0,398662000.0,398662000.0,398662000.0,-51039000.0,0.0,0.175,296732000.0,335970000.0,296959000.0,0.396,1.236,6.318,6.313,3101336000.0,0.0,15.94,1.105,1.105,293239000.0,818162000.0,2279674000.0,2279674000.0,0.0,0.06,0.183,0.099,0.348,0.0,0.0,1.0,158014828.0,158006000,158386000.0,14.428,6733766000.0,0.0,226180000.0,1086523000.0,42.617,-443354000.0
21,LNT,MRY,1999-12-31,1999-12-31,1999-12-31,2021-08-06,634903000.0,6075683000.0,5480296500.0,485986000.0,5589697000.0,0.388,13.756,-478573000.0,113669000.0,113669000.0,1472350000.0,196581000.0,0.521,1.819,2021379000.0,534614000.0,1486765000.0,2021379000.0,0.0,279088000.0,0.0,0.073,1.0,453296000.0,732384000.0,0.344,732384000.0,453296000.0,317067000.0,1.255,1.255,1.255,2155565000.0,1899504000.0,2155565000.0,3962927008.0,9.0,5.411,-52616000.0,-0.336,1.0,655623000.0,0.308,0.0,136229000.0,7049768000.0,6578004500.0,125248000.0,1328173000.0,6328000.0,1321845000.0,3920118000.0,933625000.0,2986493000.0,2165253008.0,81842000.0,0.0,36491000.0,241709000.0,-156489000.0,103093000.0,-447208000.0,-22100000.0,425957000.0,0.0,196581000.0,196581000.0,196581000.0,0.0,0.0,0.092,279088000.0,376535000.0,191149000.0,0.797,1.004,11.015,10.956,3486034000.0,0.0,13.75,1.018,1.013,145427000.0,577464000.0,2127973000.0,2127973000.0,0.0,0.036,0.103,0.069,0.213,0.0,0.0,1.0,157472946.0,156704000,156790000.0,13.58,6075683000.0,20864000.0,120486000.0,1169164000.0,38.772,-447639000.0
22,LNT,MRY,1998-12-31,1998-12-31,1998-12-31,2021-08-06,163017000.0,4959337000.0,4107831250.0,391667000.0,4567670000.0,0.519,10.442,-372058000.0,31827000.0,31827000.0,1568067000.0,96675000.0,0.603,2.087,1805537000.0,248651000.0,1556886000.0,1805537000.0,0.0,279505000.0,37171000.0,0.062,1.0,284151000.0,563656000.0,0.265,563656000.0,284151000.0,154788000.0,0.63,0.63,0.63,1606295000.0,1354646000.0,1606295000.0,4173086994.0,15.0,7.404,95704000.0,0.622,1.0,562807000.0,0.264,0.0,129363000.0,6083493000.0,5020146750.0,133643000.0,402554000.0,13392000.0,389162000.0,3353042000.0,649554000.0,2703488000.0,2488177994.0,4498000.0,16677000.0,33832000.0,80157000.0,-140679000.0,-57731000.0,-405533000.0,-20305000.0,467762000.0,0.0,96675000.0,96675000.0,96675000.0,0.0,0.0,0.045,279505000.0,283302000.0,204297000.0,1.587,1.549,25.738,25.595,3456780000.0,0.0,16.125,1.168,1.164,129020000.0,537372000.0,2130874000.0,2130874000.0,0.0,0.024,0.071,0.057,0.133,0.0,0.0,1.0,154305612.0,153824000,153858000.0,13.853,4959337000.0,37048000.0,58113000.0,853858000.0,32.24,-257887000.0
23,LNT,MRY,1997-12-31,1997-12-31,1997-12-31,2021-08-06,173512000.0,4923550000.0,3412040500.0,412242000.0,4511308000.0,0.674,10.658,-341384000.0,27329000.0,27329000.0,899483000.0,144578000.0,0.634,2.031,1736538000.0,245001000.0,1491537000.0,1736538000.0,0.0,259663000.0,36619000.0,0.06,1.0,348874000.0,608537000.0,0.265,608537000.0,348874000.0,226311000.0,0.95,0.95,0.95,1624556000.0,1043933500.0,1624556000.0,,,,122105000.0,0.801,1.0,1401144000.0,0.609,0.0,122563000.0,5982968000.0,4024093500.0,122865000.0,408504000.0,23410000.0,385094000.0,3298994000.0,649791000.0,2649203000.0,1019718200.0,4512000.0,0.0,15535000.0,35470000.0,-145631000.0,-96751000.0,-362226000.0,-17435000.0,463489000.0,0.0,144578000.0,144578000.0,144578000.0,0.0,0.0,0.063,1064761000.0,336383000.0,192634000.0,1.053,0.628,7.053,17.432,3434742000.0,0.0,16.56,0.443,1.097,144369000.0,581376000.0,2300627000.0,2300627000.0,0.0,0.042,0.138,0.087,0.152,0.0,0.0,1.0,61577186.0,152420000,152420000.0,15.094,4923550000.0,22153000.0,81733000.0,881684000.0,32.303,-237549000.0
24,LNT,MRY,1996-12-31,1996-12-31,1996-12-31,2021-08-06,0.0,1900531000.0,,11070000.0,1889461000.0,,3.069,-321988000.0,17918000.0,17918000.0,826785000.0,155791000.0,0.027,3.102,589944000.0,227380000.0,362564000.0,589944000.0,0.0,232363000.0,0.0,0.07,0.98,374872000.0,607235000.0,0.272,607235000.0,374872000.0,261551000.0,1.03,1.03,1.03,463311000.0,,463311000.0,,,,129288000.0,0.856,1.0,1406055000.0,0.63,0.0,113321000.0,2065219000.0,,45748000.0,15408000.0,0.0,0.0,1437220000.0,407338000.0,1029882000.0,,2952000.0,0.0,17393000.0,86097000.0,-143344000.0,-41880000.0,-406444000.0,-15994000.0,451276000.0,0.0,155791000.0,155791000.0,155791000.0,1297000.0,0.0,0.07,1040616000.0,365439000.0,106486000.0,0.951,,,13.65,1369832000.0,0.0,14.06,,0.951,0.0,,2232840000.0,2232840000.0,0.0,,,,0.168,0.0,0.0,1.0,,150962000,150962000.0,14.791,1900531000.0,19389000.0,105760000.0,287286000.0,12.589,-396268000.0
25,LNT,MRY,1995-12-31,1995-12-31,1995-12-31,2021-08-06,,,,,,,,-133700000.0,,,498152000.0,58432000.0,,,,,,,,86319000.0,,0.064,0.98,138099000.0,224418000.0,0.278,224418000.0,138099000.0,94540000.0,0.95,0.95,0.95,,,,,,,52217000.0,0.848,1.0,309103000.0,0.383,,43559000.0,,,,,,,,,,,4113000.0,0.0,0.0,27780000.0,-59701000.0,-30980000.0,-150824000.0,0.0,185917000.0,0.0,58432000.0,58432000.0,58432000.0,2212000.0,0.0,0.072,162550000.0,146553000.0,,1.032,,,16.116,,0.0,15.31,,1.167,,,807255000.0,807255000.0,0.0,,,,0.171,0.0,0.0,1.0,,61548000,61548000.0,13.116,,,36108000.0,,,
0,LNT,MRQ,2021-06-30,2021-06-30,2021-06-30,2021-08-06,-1000000.0,17939000000.0,,899000000.0,17040000000.0,,23.257,-212000000.0,15000000.0,15000000.0,476000000.0,146000000.0,0.549,2.048,7311000000.0,843000000.0,6468000000.0,7311000000.0,0.0,165000000.0,0.0,0.028,0.403,198000000.0,363000000.0,0.444,363000000.0,198000000.0,129000000.0,0.58,0.57,0.58,5819000000.0,,5819000000.0,21048502620.0,25.0,14.226,-150000000.0,-0.6,1.0,341000000.0,0.417,0.0,69000000.0,23596000000.0,,208000000.0,506000000.0,0.0,506000000.0,11920000000.0,1639000000.0,10281000000.0,13947502620.0,-2000000.0,0.0,7000000.0,195000000.0,-101000000.0,88000000.0,-152000000.0,86000000.0,62000000.0,0.0,146000000.0,144000000.0,144000000.0,0.0,0.0,0.176,165000000.0,176000000.0,392000000.0,0.695,2.397,22.316,22.304,14540000000.0,2000000.0,55.76,4.037,4.038,377000000.0,3106000000.0,817000000.0,817000000.0,0.0,,,,,0.0,0.0,1.0,250134552.0,250200000,250600000.0,3.265,17939000000.0,0.0,-17000000.0,1865000000.0,71.699,-740000000.0
1,LNT,MRQ,2021-03-31,2021-03-31,2021-03-31,2021-08-06,-1000000.0,17594000000.0,,755000000.0,16839000000.0,,23.064,-214000000.0,14000000.0,14000000.0,539000000.0,174000000.0,0.536,2.017,7115000000.0,644000000.0,6471000000.0,7115000000.0,0.0,164000000.0,0.0,0.028,0.403,215000000.0,379000000.0,0.421,379000000.0,215000000.0,146000000.0,0.68,0.68,0.68,5766000000.0,,5766000000.0,20645557668.0,25.0,14.077,-69000000.0,-0.276,1.0,362000000.0,0.402,0.0,69000000.0,23287000000.0,,204000000.0,494000000.0,0.0,494000000.0,11628000000.0,1408000000.0,10220000000.0,13533557668.0,-38000000.0,0.0,8000000.0,-53000000.0,-102000000.0,-145000000.0,-38000000.0,209000000.0,145000000.0,0.0,174000000.0,171000000.0,171000000.0,0.0,0.0,0.19,164000000.0,198000000.0,307000000.0,0.593,2.347,22.006,22.016,14353000000.0,3000000.0,54.16,3.979,3.981,325000000.0,3063000000.0,901000000.0,901000000.0,0.0,,,,,0.0,0.0,1.0,249881050.0,250000000,250400000.0,3.604,17594000000.0,0.0,-28000000.0,1843000000.0,70.376,-653000000.0
2,LNT,MRQ,2020-12-31,2020-12-31,2020-12-31,2021-08-06,-1000000.0,17710000000.0,,887000000.0,16823000000.0,,22.761,-358000000.0,54000000.0,54000000.0,544000000.0,66000000.0,0.684,2.078,7166000000.0,397000000.0,6769000000.0,7166000000.0,0.0,161000000.0,0.0,0.029,0.38,124000000.0,285000000.0,0.349,285000000.0,124000000.0,56000000.0,0.25,0.25,0.25,5688000000.0,,5688000000.0,19684166964.0,23.0,13.51,-293000000.0,-1.172,1.0,273000000.0,0.334,0.0,68000000.0,23525000000.0,,217000000.0,485000000.0,0.0,485000000.0,11822000000.0,1297000000.0,10525000000.0,12870166964.0,-138000000.0,0.0,6000000.0,164000000.0,-96000000.0,69000000.0,-272000000.0,140000000.0,65000000.0,0.0,66000000.0,64000000.0,64000000.0,0.0,0.0,0.078,161000000.0,112000000.0,377000000.0,1.52,2.263,20.961,20.862,14336000000.0,2000000.0,51.53,3.768,3.747,412000000.0,2994000000.0,817000000.0,817000000.0,0.0,,,,,0.0,0.0,1.0,249760663.0,249900000,250500000.0,3.269,17710000000.0,0.0,-10000000.0,1814000000.0,70.868,-410000000.0
3,LNT,MRQ,2020-09-30,2020-09-30,2020-09-30,2021-08-06,-1000000.0,17540000000.0,,1033000000.0,16507000000.0,,22.863,-351000000.0,189000000.0,189000000.0,492000000.0,249000000.0,0.798,2.037,7003000000.0,429000000.0,6574000000.0,7003000000.0,0.0,155600000.0,0.0,0.029,0.38,297000000.0,452600000.0,0.492,452600000.0,297000000.0,229000000.0,0.99,0.98,0.99,5709000000.0,,5709000000.0,19451230781.0,21.0,12.826,-234700000.0,-0.94,1.0,428000000.0,0.465,0.0,68000000.0,23059000000.0,,223000000.0,478000000.0,0.0,478000000.0,11631000000.0,1295000000.0,10336000000.0,12894130781.0,-15700000.0,0.0,6200000.0,236700000.0,-93400000.0,154700000.0,-286700000.0,108100000.0,116300000.0,0.0,249000000.0,246000000.0,246000000.0,0.0,0.0,0.267,156000000.0,272000000.0,417000000.0,0.384,2.259,19.507,19.201,14199000000.0,3000000.0,51.65,3.706,3.707,399000000.0,3026000000.0,920000000.0,920000000.0,0.0,,,,,0.0,0.0,1.0,249644352.0,249700000,250000000.0,3.684,17540000000.0,30000000.0,-20000000.0,1803000000.0,70.244,-262000000.0
4,LNT,MRQ,2020-06-30,2020-06-30,2020-06-30,2021-08-06,-600000.0,17269700000.0,,1044300000.0,16225400000.0,,22.229,-306000000.0,208100000.0,208100000.0,443000000.0,136000000.0,0.855,2.077,6765200000.0,192800000.0,6572400000.0,6765200000.0,0.0,152000000.0,0.0,0.031,0.38,198000000.0,350000000.0,0.459,350000000.0,198000000.0,128000000.0,0.54,0.54,0.54,5548300000.0,,5548300000.0,18342659591.0,19.0,12.003,-147000000.0,-0.589,1.0,320000000.0,0.419,0.0,70000000.0,22605900000.0,,221800000.0,473200000.0,0.0,473200000.0,11521400000.0,1220900000.0,10300500000.0,11936259591.0,150000000.0,0.0,7000000.0,311000000.0,-94000000.0,204000000.0,-213000000.0,87000000.0,159000000.0,0.0,136000000.0,134000000.0,134000000.0,0.0,0.0,0.176,152000000.0,168000000.0,429900000.0,0.704,2.151,18.621,18.053,13936400000.0,2000000.0,47.84,3.363,3.365,386500000.0,2873500000.0,763000000.0,763000000.0,0.0,,,,,0.0,0.0,1.0,249503754.0,249600000,249800000.0,3.057,17269700000.0,0.0,-8000000.0,1761300000.0,69.19,-176600000.0
5,LNT,MRQ,2020-03-31,2020-03-31,2020-03-31,2021-08-06,2000000.0,16879000000.0,,912200000.0,15966800000.0,,22.514,-278000000.0,55200000.0,55200000.0,582000000.0,173000000.0,0.553,2.031,6461600000.0,627700000.0,5833900000.0,6461600000.0,0.0,146000000.0,0.0,0.03,0.38,223000000.0,369000000.0,0.403,369000000.0,223000000.0,154000000.0,0.7,0.7,0.7,5502400000.0,,5502400000.0,18343847908.0,20.0,12.241,-118000000.0,-0.483,1.0,334000000.0,0.365,0.0,69000000.0,21635200000.0,,220600000.0,469500000.0,0.0,469500000.0,11176600000.0,1650200000.0,9526400000.0,11832547908.0,41000000.0,0.0,228000000.0,-67000000.0,-93000000.0,60000000.0,-179000000.0,123000000.0,160000000.0,0.0,173000000.0,170000000.0,170000000.0,0.0,0.0,0.186,146000000.0,188000000.0,375400000.0,0.543,2.15,19.668,19.239,13685000000.0,3000000.0,48.29,3.309,3.3,396400000.0,2833700000.0,916000000.0,916000000.0,0.0,,,,,0.0,0.0,1.0,245031019.0,244400000,244600000.0,3.748,16879000000.0,0.0,-19000000.0,1736100000.0,69.063,-738000000.0
6,LNT,MRQ,2019-12-31,2019-12-31,2019-12-31,2021-08-06,1000000.0,16701000000.0,,876000000.0,15825000000.0,,21.606,-535000000.0,16000000.0,16000000.0,576000000.0,113000000.0,0.426,2.17,6527000000.0,994000000.0,5533000000.0,6527000000.0,0.0,143000000.0,0.0,0.026,0.355,202000000.0,345000000.0,0.392,345000000.0,202000000.0,133000000.0,0.46,0.46,0.46,5205000000.0,,5205000000.0,19499366169.0,21.0,13.211,-384000000.0,-1.594,1.0,304000000.0,0.345,0.0,69000000.0,21158000000.0,,227000000.0,468000000.0,0.0,468000000.0,11296000000.0,2054000000.0,9242000000.0,13151566169.0,-182000000.0,0.0,205000000.0,-15000000.0,-84000000.0,93000000.0,-426000000.0,157000000.0,151000000.0,0.0,113000000.0,111000000.0,111000000.0,0.0,0.0,0.126,143000000.0,161000000.0,422000000.0,0.772,2.527,23.611,23.385,13527000000.0,2000000.0,54.72,3.605,3.578,402000000.0,2766000000.0,880000000.0,880000000.0,0.0,,,,,0.0,0.0,1.0,240342949.0,240900000,241400000.0,3.653,16701000000.0,0.0,20000000.0,1784000000.0,69.328,-1178000000.0
7,LNT,MRQ,2019-09-30,2019-09-30,2019-09-30,2021-08-06,1000000.0,16533400000.0,,1113000000.0,15420400000.0,,20.783,-351500000.0,193700000.0,193700000.0,556000000.0,229000000.0,0.535,2.287,6541500000.0,1006400000.0,5535100000.0,6541500000.0,0.0,144200000.0,0.0,0.026,0.355,320000000.0,464200000.0,0.469,464200000.0,320000000.0,252000000.0,0.95,0.94,0.95,4969200000.0,,4969200000.0,19174711521.0,22.0,13.524,-119400000.0,-0.499,1.0,434000000.0,0.438,0.0,68000000.0,20799100000.0,,224100000.0,453000000.0,0.0,453000000.0,11364200000.0,2082100000.0,9282100000.0,12809511521.0,25300000.0,0.0,124400000.0,9100000.0,-85200000.0,47200000.0,-254000000.0,130500000.0,232100000.0,0.0,229000000.0,226000000.0,226000000.0,0.0,0.0,0.228,144000000.0,290000000.0,497700000.0,0.374,2.578,24.128,24.076,13131100000.0,3000000.0,53.93,3.519,3.542,451500000.0,2739100000.0,990000000.0,990000000.0,0.0,,,,,0.0,0.0,1.0,237521074.0,239100000,239900000.0,4.141,16533400000.0,30300000.0,23000000.0,1703000000.0,69.148,-969100000.0
8,LNT,MRQ,2019-06-30,2019-06-30,2019-06-30,2021-08-06,1000000.0,16121600000.0,,1027300000.0,15094300000.0,,19.788,-278500000.0,170200000.0,170200000.0,497500000.0,97100000.0,0.527,2.388,6535400000.0,1097300000.0,5438100000.0,6535400000.0,0.0,142900000.0,0.0,0.028,0.355,177500000.0,320400000.0,0.405,320400000.0,177500000.0,108300000.0,0.4,0.4,0.4,4699600000.0,,4699600000.0,17774617594.0,22.0,13.015,-182700000.0,-0.769,1.0,292700000.0,0.37,0.0,69200000.0,20537800000.0,,205800000.0,443300000.0,0.0,443300000.0,11222000000.0,1949000000.0,9273000000.0,11651317594.0,156400000.0,0.0,6000000.0,407700000.0,-84100000.0,302800000.0,-242200000.0,72100000.0,95800000.0,0.0,97100000.0,94600000.0,94600000.0,0.0,0.0,0.12,142900000.0,149800000.0,422500000.0,0.887,2.479,22.828,22.722,12854000000.0,2500000.0,49.08,3.255,3.257,421500000.0,2597800000.0,790200000.0,790200000.0,0.0,,,,,0.0,0.0,1.0,237394409.0,237500000,238100000.0,3.327,16121600000.0,0.0,11200000.0,1657900000.0,67.88,-921700000.0
9,LNT,MRQ,2019-03-31,2019-03-31,2019-03-31,2021-08-06,2400000.0,15713400000.0,,815200000.0,14898200000.0,,19.799,-374000000.0,10100000.0,10100000.0,673500000.0,127700000.0,0.513,2.313,6133400000.0,771200000.0,5362200000.0,6133400000.0,0.0,136900000.0,0.0,0.029,0.355,209100000.0,346000000.0,0.35,346000000.0,209100000.0,142800000.0,0.53,0.53,0.53,4682400000.0,,4682400000.0,17049290007.0,21.0,12.628,-192900000.0,-0.816,1.0,313700000.0,0.318,0.0,66300000.0,20249000000.0,,168000000.0,433600000.0,0.0,433600000.0,10831000000.0,1587700000.0,9243300000.0,11126190007.0,-7700000.0,0.0,54600000.0,188200000.0,-83700000.0,176000000.0,-364800000.0,53400000.0,181100000.0,0.0,127700000.0,125100000.0,125100000.0,0.0,0.0,0.127,136900000.0,176800000.0,387700000.0,0.67,2.376,21.554,21.521,12665200000.0,2600000.0,47.13,3.086,3.092,417900000.0,2587300000.0,987200000.0,987200000.0,0.0,,,,,0.0,0.0,1.0,236074475.0,236500000,236600000.0,4.174,15713400000.0,0.0,15100000.0,1642000000.0,66.441,-772500000.0
10,LNT,MRQ,2018-12-31,2018-12-31,2018-12-31,2021-08-06,1700000.0,15426000000.0,,785100000.0,14640900000.0,,19.456,-488800000.0,20900000.0,20900000.0,621400000.0,87500000.0,0.478,2.32,5944000000.0,697700000.0,5246300000.0,5944000000.0,0.0,130600000.0,0.0,0.032,0.335,156600000.0,287200000.0,0.329,287200000.0,156600000.0,93400000.0,0.36,0.36,0.36,4585700000.0,,4585700000.0,15619714886.0,19.0,11.797,-403000000.0,-1.71,1.0,251600000.0,0.288,0.0,63200000.0,19705000000.0,,211800000.0,431300000.0,0.0,431300000.0,10640300000.0,1644100000.0,8996200000.0,9968314886.0,-221900000.0,0.0,5700000.0,51500000.0,-78700000.0,-56400000.0,-251300000.0,267800000.0,85800000.0,0.0,87500000.0,85200000.0,85200000.0,0.0,0.0,0.098,130600000.0,121000000.0,543300000.0,0.931,2.174,19.469,19.292,12462400000.0,2300000.0,42.25,2.821,2.793,350400000.0,2545900000.0,873000000.0,873000000.0,0.0,,,,,0.0,0.0,1.0,235936447.0,235700000,235700000.0,3.704,15426000000.0,42200000.0,5900000.0,1603100000.0,65.448,-859000000.0
11,LNT,MRQ,2018-09-30,2018-09-30,2018-09-30,2021-08-06,-200000.0,15269800000.0,,1124800000.0,14145000000.0,,19.432,-380600000.0,239700000.0,239700000.0,543500000.0,208100000.0,0.726,2.297,5891100000.0,642900000.0,5248200000.0,5891100000.0,0.0,129000000.0,0.0,0.031,0.335,283100000.0,412100000.0,0.444,412100000.0,283100000.0,219800000.0,0.87,0.87,0.87,4570400000.0,,4570400000.0,15512812694.0,19.0,11.836,-212800000.0,-0.905,1.0,385100000.0,0.415,0.0,63300000.0,19372900000.0,,211100000.0,424000000.0,0.0,424000000.0,10499400000.0,1548300000.0,8951100000.0,9951712694.0,235800000.0,0.0,91200000.0,329200000.0,-78500000.0,365800000.0,-297800000.0,104700000.0,167800000.0,0.0,208100000.0,205500000.0,205500000.0,0.0,0.0,0.221,129000000.0,256100000.0,498100000.0,0.385,2.177,19.116,19.176,12005200000.0,2600000.0,42.57,2.83,2.847,465300000.0,2539500000.0,928600000.0,928600000.0,0.0,,,,,0.0,0.0,1.0,233772908.0,235200000,235200000.0,3.948,15269800000.0,0.0,11700000.0,1575200000.0,64.923,-423500000.0
12,LNT,MRQ,2018-06-30,2018-06-30,2018-06-30,2021-08-06,100000.0,14615000000.0,,805900000.0,13809100000.0,,18.753,-364400000.0,5000000.0,5000000.0,537900000.0,102900000.0,0.641,2.313,5566100000.0,438600000.0,5127500000.0,5566100000.0,0.0,127000000.0,0.0,0.031,0.335,177800000.0,304800000.0,0.373,304800000.0,177800000.0,116500000.0,0.43,0.43,0.43,4350700000.0,,4350700000.0,15121110961.0,19.0,11.901,-246300000.0,-1.062,1.0,278200000.0,0.341,0.0,61300000.0,18918700000.0,,200100000.0,420500000.0,0.0,420500000.0,10064300000.0,1257400000.0,8806900000.0,9796310961.0,-16200000.0,0.0,93800000.0,227200000.0,-77300000.0,231400000.0,-365700000.0,15200000.0,118100000.0,0.0,102900000.0,100400000.0,100400000.0,0.0,0.0,0.123,127000000.0,151200000.0,431100000.0,0.779,2.252,20.244,20.346,11695700000.0,2500000.0,42.32,2.803,2.809,415000000.0,2412500000.0,816100000.0,816100000.0,0.0,,,,,0.0,0.0,1.0,231481828.0,232000000,232000000.0,3.518,14615000000.0,0.0,13600000.0,1507200000.0,62.996,-451500000.0
13,LNT,MRQ,2018-03-31,2018-03-31,2018-03-31,2021-08-06,-500000.0,14241800000.0,,725900000.0,13515900000.0,,18.287,-335200000.0,19100000.0,19100000.0,630200000.0,123500000.0,0.35,2.318,5343900000.0,1287100000.0,4056800000.0,5343900000.0,0.0,120400000.0,0.0,0.031,0.335,199500000.0,319900000.0,0.349,319900000.0,199500000.0,140300000.0,0.52,0.52,0.52,4231500000.0,,4231500000.0,14706819889.0,19.0,11.75,-178900000.0,-0.773,1.0,286100000.0,0.312,0.0,59200000.0,17493100000.0,,202800000.0,414700000.0,0.0,414700000.0,9810300000.0,2073500000.0,7736800000.0,9453219889.0,-5700000.0,0.0,6300000.0,62100000.0,-77500000.0,-9800000.0,-152200000.0,217300000.0,156300000.0,0.0,123500000.0,120900000.0,120900000.0,0.0,0.0,0.132,120400000.0,165700000.0,363100000.0,0.644,2.234,19.785,19.835,11439600000.0,2600000.0,40.86,2.744,2.745,343200000.0,2389400000.0,916300000.0,916300000.0,0.0,,,,,0.0,0.0,1.0,231356336.0,231400000,231400000.0,3.96,14241800000.0,0.0,16800000.0,1511600000.0,61.546,-1347600000.0
14,LNT,MRQ,2017-12-31,2017-12-31,2017-12-31,2021-08-06,-500000.0,14187800000.0,,905100000.0,13282700000.0,,18.089,-389300000.0,27900000.0,27900000.0,603000000.0,96300000.0,0.421,2.345,5281500000.0,1270900000.0,4010600000.0,5281500000.0,0.0,119100000.0,0.0,0.03,0.315,154700000.0,273800000.0,0.32,273800000.0,154700000.0,98100000.0,0.4,0.4,0.4,4182200000.0,,4182200000.0,14688017780.0,20.0,12.123,-319000000.0,-1.38,1.0,253100000.0,0.296,0.0,56600000.0,17292400000.0,,222400000.0,396100000.0,0.0,396100000.0,9805600000.0,2149000000.0,7656600000.0,9851617780.0,18700000.0,0.0,6400000.0,437800000.0,-72600000.0,342700000.0,-394300000.0,29700000.0,70300000.0,0.0,96300000.0,93800000.0,93800000.0,0.0,0.0,0.11,119100000.0,134000000.0,477300000.0,0.787,2.356,21.543,21.412,11234500000.0,2500000.0,42.61,2.913,2.894,482800000.0,2346000000.0,856100000.0,856100000.0,0.0,,,,,0.0,0.0,1.0,231204360.0,231200000,231200000.0,3.703,14187800000.0,41300000.0,1800000.0,1478400000.0,61.366,-1243900000.0
15,LNT,MRQ,2017-09-30,2017-09-30,2017-09-30,2021-08-06,-400000.0,14114900000.0,,751500000.0,13363400000.0,,17.984,-326900000.0,9200000.0,9200000.0,549900000.0,171400000.0,0.511,2.35,4845600000.0,590500000.0,4255100000.0,4845600000.0,0.0,120700000.0,0.0,0.03,0.315,251400000.0,372100000.0,0.41,372100000.0,251400000.0,197500000.0,0.73,0.73,0.73,4154200000.0,,4154200000.0,14326064675.0,20.0,12.25,-3100000.0,-0.013,1.0,357000000.0,0.394,0.0,53900000.0,17481200000.0,,220600000.0,458600000.0,0.0,458600000.0,9760700000.0,1470100000.0,8290600000.0,9605264675.0,3000000.0,0.0,5900000.0,116600000.0,-72600000.0,66400000.0,-387200000.0,57600000.0,323800000.0,0.0,171400000.0,168800000.0,168800000.0,0.0,0.0,0.186,120700000.0,236300000.0,478100000.0,0.432,2.312,22.537,22.349,10931100000.0,2600000.0,41.57,2.89,2.89,336100000.0,2324800000.0,906900000.0,906900000.0,0.0,,,,,0.0,0.0,1.0,231062417.0,231000000,231000000.0,3.926,14114900000.0,0.0,26100000.0,2814100000.0,61.103,-718600000.0
16,LNT,MRQ,2017-06-30,2017-06-30,2017-06-30,2021-08-06,-400000.0,13743400000.0,,814700000.0,12928700000.0,,17.687,-296700000.0,7300000.0,7300000.0,496600000.0,96800000.0,0.674,2.344,4728100000.0,373800000.0,4354300000.0,4728100000.0,0.0,115000000.0,0.0,0.03,0.315,170800000.0,285800000.0,0.373,285800000.0,170800000.0,118000000.0,0.41,0.41,0.41,4050400000.0,,4050400000.0,13766761077.0,21.0,12.644,-288200000.0,-1.259,1.0,268700000.0,0.351,0.0,52800000.0,17256000000.0,,201600000.0,354500000.0,0.0,354500000.0,9493000000.0,1208200000.0,8284800000.0,9151661077.0,-2800000.0,0.0,137300000.0,103400000.0,-71600000.0,153400000.0,-164700000.0,159800000.0,8500000.0,0.0,96800000.0,94300000.0,94300000.0,0.0,0.0,0.123,115000000.0,153700000.0,381100000.0,0.768,2.259,23.721,23.629,10608100000.0,2500000.0,40.17,2.739,2.754,424900000.0,2228600000.0,765300000.0,765300000.0,0.0,,,,,0.0,0.0,1.0,227823278.0,229000000,229000000.0,3.342,13743400000.0,0.0,21200000.0,2681300000.0,60.015,-393500000.0
17,LNT,MRQ,2017-03-31,2017-03-31,2017-03-31,2021-08-06,-400000.0,13464900000.0,,749800000.0,12715100000.0,,17.122,-268900000.0,8400000.0,8400000.0,599700000.0,103000000.0,0.644,2.404,4623500000.0,307400000.0,4316100000.0,4623500000.0,0.0,107000000.0,0.0,0.03,0.315,172900000.0,279900000.0,0.328,279900000.0,172900000.0,120600000.0,0.44,0.44,0.44,3896900000.0,,3896900000.0,13574795141.0,21.0,12.835,-149900000.0,-0.659,1.0,254200000.0,0.298,0.0,52300000.0,16915000000.0,,187700000.0,346800000.0,0.0,346800000.0,9368000000.0,1165000000.0,8203000000.0,9018695141.0,1900000.0,0.0,0.0,58700000.0,-71500000.0,-29900000.0,-87200000.0,214700000.0,119000000.0,0.0,103000000.0,100400000.0,100400000.0,-1400000.0,0.0,0.118,107000000.0,147200000.0,369500000.0,0.716,2.314,24.024,23.861,10448800000.0,2600000.0,39.61,2.708,2.707,424900000.0,2205900000.0,853900000.0,853900000.0,0.0,,,,,0.0,0.0,1.0,227687330.0,227600000,227600000.0,3.752,13464900000.0,0.0,17600000.0,2625900000.0,59.16,-415200000.0
18,LNT,MRQ,2016-12-31,2016-12-31,2016-12-31,2021-08-06,-400000.0,13373800000.0,,877100000.0,12496700000.0,,16.983,-344300000.0,8200000.0,8200000.0,577100000.0,65200000.0,0.755,2.411,4564300000.0,248700000.0,4315600000.0,4564300000.0,0.0,102900000.0,0.0,0.031,0.294,128800000.0,231700000.0,0.291,231700000.0,128800000.0,77400000.0,0.28,0.28,0.28,3862000000.0,,3862000000.0,12904491217.0,20.0,12.303,-605500000.0,-2.663,1.0,219900000.0,0.276,0.0,51400000.0,16767900000.0,,222300000.0,337600000.0,0.0,337600000.0,9311800000.0,1162000000.0,8149800000.0,8619991217.0,-77000000.0,0.0,6200000.0,192400000.0,-66700000.0,132600000.0,51600000.0,466800000.0,-261200000.0,0.0,65200000.0,62700000.0,62700000.0,300000.0,0.0,0.079,102900000.0,117000000.0,445300000.0,1.05,2.232,23.203,23.104,10279200000.0,2500000.0,37.89,2.596,2.592,493300000.0,2177000000.0,797000000.0,797000000.0,0.0,,,,,0.0,0.0,1.0,227500428.0,227400000,227400000.0,3.505,13373800000.0,0.0,12200000.0,2570200000.0,58.812,-284900000.0
19,LNT,MRQ,2016-09-30,2016-09-30,2016-09-30,2021-08-06,-400000.0,13029200000.0,,958100000.0,12071100000.0,,16.985,-267000000.0,84700000.0,84700000.0,571500000.0,131000000.0,0.699,2.324,4369200000.0,552300000.0,3816900000.0,4369200000.0,0.0,104100000.0,0.0,0.03,0.294,187300000.0,291400000.0,0.315,291400000.0,187300000.0,138500000.0,0.57,0.57,0.57,3859100000.0,,3859100000.0,12825655809.0,21.0,12.652,-123000000.0,-0.541,1.0,353100000.0,0.382,0.0,48800000.0,15944000000.0,,219900000.0,329600000.0,0.0,329600000.0,8970100000.0,1369700000.0,7600400000.0,8709155809.0,78200000.0,0.0,6600000.0,250700000.0,-66600000.0,205200000.0,-271000000.0,0.0,144000000.0,0.0,131000000.0,128400000.0,128400000.0,400000.0,0.0,0.139,190500000.0,162600000.0,365100000.0,0.516,2.257,25.399,25.204,9920400000.0,2600000.0,38.31,2.669,2.667,491500000.0,2181000000.0,924600000.0,924600000.0,0.0,,,,,0.0,0.0,1.0,227333746.0,227200000,227200000.0,4.07,13029200000.0,0.0,7500000.0,2530600000.0,57.347,-411600000.0
20,LNT,MRQ,2016-06-30,2016-06-30,2016-06-30,2021-08-06,-400000.0,12685400000.0,,702300000.0,11983100000.0,,16.697,-280700000.0,6500000.0,6500000.0,523900000.0,86400000.0,0.511,2.294,4123000000.0,534600000.0,3588400000.0,4123000000.0,0.0,102100000.0,0.0,0.029,0.294,152500000.0,254600000.0,0.337,254600000.0,152500000.0,104500000.0,0.37,0.37,0.37,3790200000.0,,3790200000.0,13061574489.0,19.0,12.113,1000000.0,0.004,1.0,230700000.0,0.306,0.0,48000000.0,15428700000.0,,209100000.0,324800000.0,0.0,324800000.0,8695200000.0,1373200000.0,7322000000.0,9016874489.0,1700000.0,0.0,13800000.0,74200000.0,-66700000.0,800000.0,-280800000.0,0.0,281700000.0,0.0,86400000.0,83900000.0,83900000.0,500000.0,0.0,0.111,102100000.0,128600000.0,353000000.0,0.795,2.379,22.862,22.816,9846400000.0,2500000.0,39.7,2.785,2.784,316300000.0,2116100000.0,754600000.0,754600000.0,0.0,,,,,0.0,0.0,1.0,227125302.0,227000000,227000000.0,3.324,12685400000.0,0.0,18100000.0,2474100000.0,55.883,-670900000.0
21,LNT,MRQ,2016-03-31,2016-03-31,2016-03-31,2021-08-06,-400000.0,12535000000.0,,768500000.0,11766500000.0,,16.599,-239200000.0,4800000.0,4800000.0,595400000.0,99100000.0,0.57,2.277,4049500000.0,526800000.0,3522700000.0,4049500000.0,0.0,102500000.0,0.0,0.03,0.294,168700000.0,271200000.0,0.321,271200000.0,168700000.0,120700000.0,0.43,0.43,0.43,3764600000.0,,3764600000.0,12417817266.0,19.0,11.805,-10900000.0,-0.048,1.0,248400000.0,0.294,0.0,48000000.0,15231200000.0,,197200000.0,323500000.0,0.0,323500000.0,8570400000.0,1348500000.0,7221900000.0,8428217266.0,-1000000.0,0.0,0.0,53600000.0,-66500000.0,-9300000.0,-220000000.0,0.0,228300000.0,0.0,99100000.0,96500000.0,96500000.0,1100000.0,0.0,0.114,102500000.0,145900000.0,323800000.0,0.684,2.239,22.291,22.24,9626600000.0,2600000.0,37.14,2.634,2.632,390600000.0,2098900000.0,843800000.0,843800000.0,0.0,,,,,0.0,0.0,1.0,226930998.0,226800000,226800000.0,3.72,12535000000.0,0.0,21600000.0,2424600000.0,55.269,-580000000.0
22,LNT,MRQ,2015-12-31,2015-12-31,2015-12-31,2021-08-06,-400000.0,12495200000.0,,826800000.0,11668400000.0,,16.435,-233900000.0,5800000.0,5800000.0,559500000.0,36600000.0,0.608,2.302,3995400000.0,473200000.0,3522200000.0,3995400000.0,0.0,101400000.0,0.0,0.035,0.275,95100000.0,196500000.0,0.266,196500000.0,95100000.0,47500000.0,0.15,0.15,0.15,3724100000.0,,3724100000.0,10908058541.0,17.0,10.416,-58000000.0,-0.256,1.0,180600000.0,0.244,0.0,47600000.0,15125500000.0,,223500000.0,346300000.0,0.0,346300000.0,8571100000.0,1359300000.0,7211800000.0,7079358541.0,-133400000.0,1800000.0,5800000.0,49700000.0,-62200000.0,-3100000.0,-306200000.0,0.0,175900000.0,0.0,36600000.0,34100000.0,34100000.0,1100000.0,0.0,0.046,101400000.0,79200000.0,402400000.0,1.833,1.901,18.719,18.586,9519100000.0,2500000.0,31.225,2.176,2.163,397600000.0,2068900000.0,740100000.0,740100000.0,0.0,,,,,0.0,0.0,1.0,226720850.0,226600000,226600000.0,3.266,12495200000.0,0.0,10900000.0,2434400000.0,55.142,-532500000.0
23,LNT,MRQ,2015-09-30,2015-09-30,2015-09-30,2021-08-06,-600000.0,12558600000.0,,1087700000.0,11470900000.0,,16.542,-258000000.0,139200000.0,139200000.0,563700000.0,182500000.0,1.098,2.3,3967900000.0,112100000.0,3855800000.0,3967900000.0,0.0,99300000.0,0.0,0.037,0.275,256700000.0,356000000.0,0.396,356000000.0,256700000.0,210300000.0,0.79,0.79,0.79,3745200000.0,,3745200000.0,10441789368.0,16.0,9.882,-80000000.0,-0.353,1.0,335200000.0,0.373,0.0,46400000.0,15396500000.0,,211500000.0,353100000.0,0.0,353100000.0,8612500000.0,990800000.0,7621700000.0,6624789368.0,84400000.0,138100000.0,5900000.0,97100000.0,-62200000.0,49100000.0,-142700000.0,0.0,178000000.0,0.0,182500000.0,179900000.0,179900000.0,100000.0,0.0,0.2,99300000.0,235900000.0,438300000.0,0.348,1.769,16.394,16.292,9366500000.0,2600000.0,29.245,1.997,1.996,427300000.0,2097000000.0,898900000.0,898900000.0,0.0,,,,,0.0,0.0,1.0,226527248.0,226400000,226400000.0,3.97,12558600000.0,0.0,27800000.0,2462100000.0,55.471,96900000.0
24,LNT,MRQ,2015-06-30,2015-06-30,2015-06-30,2021-08-06,-600000.0,12312300000.0,,1043900000.0,11268400000.0,,16.007,-222600000.0,54800000.0,54800000.0,507800000.0,70100000.0,1.053,2.345,3871800000.0,154400000.0,3717400000.0,3871800000.0,0.0,100400000.0,0.0,0.037,0.275,127800000.0,228200000.0,0.318,228200000.0,127800000.0,81300000.0,0.3,0.3,0.3,3620800000.0,,3620800000.0,10254646177.0,17.0,10.146,-20000000.0,-0.088,1.0,209400000.0,0.292,0.0,46500000.0,15137800000.0,,185200000.0,349900000.0,0.0,349900000.0,8490600000.0,991500000.0,7499100000.0,6521046177.0,-42800000.0,0.0,17400000.0,39200000.0,-62200000.0,-26000000.0,-219400000.0,0.0,202600000.0,0.0,70100000.0,67600000.0,67600000.0,1300000.0,0.0,0.094,100400000.0,109000000.0,374900000.0,0.917,1.801,17.274,17.027,9173500000.0,2500000.0,28.86,1.999,2.001,297300000.0,1979300000.0,717200000.0,717200000.0,0.0,,,,,0.0,0.0,1.0,225954476.0,226200000,226200000.0,3.171,12312300000.0,0.0,11200000.0,2449100000.0,54.431,52400000.0
25,LNT,MRQ,2015-03-31,2015-03-31,2015-03-31,2021-08-06,-600000.0,12079600000.0,,913200000.0,11166400000.0,,16.189,-245800000.0,97600000.0,97600000.0,644300000.0,99200000.0,0.893,2.302,3831200000.0,224500000.0,3606700000.0,3831200000.0,0.0,100200000.0,0.0,0.033,0.275,166300000.0,266500000.0,0.297,266500000.0,166300000.0,119700000.0,0.435,0.435,0.435,3597100000.0,,3597100000.0,10863047840.0,18.0,10.853,68900000.0,0.31,1.0,253100000.0,0.282,0.0,46600000.0,14790100000.0,,167400000.0,343900000.0,0.0,343900000.0,8280800000.0,1023100000.0,7257700000.0,6988947840.0,40700000.0,0.0,122100000.0,-99800000.0,-60700000.0,-23100000.0,-250900000.0,0.0,314700000.0,0.0,99200000.0,96600000.0,96600000.0,0.0,0.0,0.108,100200000.0,152900000.0,356900000.0,0.632,1.943,18.803,18.806,9050000000.0,2600000.0,31.5,2.121,2.124,361600000.0,1973900000.0,897400000.0,897400000.0,0.0,,,,,0.0,0.0,1.0,221871360.0,222200000,222200000.0,4.039,12079600000.0,0.0,20500000.0,2366900000.0,54.364,-109900000.0
26,LNT,MRQ,2014-12-31,2014-12-31,2014-12-31,2021-08-06,-600000.0,12063500000.0,,1043100000.0,11020400000.0,,15.49,-270300000.0,56900000.0,56900000.0,613100000.0,62500000.0,0.859,2.449,3908600000.0,324300000.0,3584300000.0,3908600000.0,0.0,99700000.0,0.0,0.031,0.255,106300000.0,206000000.0,0.256,206000000.0,106300000.0,60600000.0,0.27,0.27,0.27,3438700000.0,,3438700000.0,11003447866.0,18.0,10.935,-142600000.0,-0.642,1.0,191000000.0,0.238,0.0,45700000.0,14700500000.0,,223800000.0,344900000.0,0.0,344900000.0,8423000000.0,1214700000.0,7208300000.0,7368347866.0,45900000.0,0.0,0.0,286700000.0,-56500000.0,195500000.0,-277300000.0,0.0,127700000.0,0.0,62500000.0,60000000.0,60000000.0,200000.0,0.0,0.075,99700000.0,91300000.0,427900000.0,0.944,2.143,19.233,19.197,8938400000.0,2500000.0,33.21,2.199,2.198,427300000.0,1938000000.0,804100000.0,804100000.0,0.0,,,,,0.0,0.0,1.0,221871360.0,222000000,222000000.0,3.622,12063500000.0,150100000.0,-1900000.0,2321100000.0,54.34,-171600000.0
27,LNT,MRQ,2014-09-30,2014-09-30,2014-09-30,2021-08-06,-200000.0,11594000000.0,,962300000.0,10631700000.0,,15.504,-268000000.0,11000000.0,11000000.0,551200000.0,155900000.0,0.552,2.316,3646100000.0,846600000.0,2799500000.0,3646100000.0,0.0,97100000.0,0.0,0.036,0.255,212900000.0,310000000.0,0.368,310000000.0,212900000.0,168300000.0,0.69,0.69,0.69,3435600000.0,,3435600000.0,9777546029.0,15.0,9.578,47700000.0,0.215,1.0,291900000.0,0.346,0.0,44600000.0,13487200000.0,,204200000.0,343300000.0,0.0,343300000.0,7956700000.0,1741900000.0,6214800000.0,6146946029.0,-5200000.0,0.0,0.0,1900000.0,-56400000.0,-49500000.0,-271400000.0,0.0,315700000.0,0.0,155900000.0,153300000.0,153300000.0,1900000.0,0.0,0.182,97100000.0,194800000.0,471100000.0,0.37,1.789,15.818,15.831,8763600000.0,2600000.0,27.705,1.819,1.817,148900000.0,1934500000.0,843100000.0,843100000.0,0.0,,,,,0.0,0.0,1.0,221871360.0,221600000,221600000.0,3.805,11594000000.0,0.0,12400000.0,2290300000.0,52.319,-779600000.0
28,LNT,MRQ,2014-06-30,2014-06-30,2014-06-30,2021-08-06,-200000.0,11386600000.0,,1010100000.0,10376500000.0,,15.06,-191500000.0,16200000.0,16200000.0,551200000.0,64300000.0,0.583,2.351,3646800000.0,816900000.0,2829900000.0,3646800000.0,0.0,95800000.0,0.0,0.032,0.255,122600000.0,218400000.0,0.291,218400000.0,122600000.0,77500000.0,0.28,0.28,0.28,3337400000.0,,3337400000.0,10297836897.0,16.0,10.064,-36900000.0,-0.167,1.0,199100000.0,0.265,0.0,45100000.0,13284000000.0,,172800000.0,338600000.0,0.0,338600000.0,7847500000.0,1733200000.0,6114300000.0,6751636897.0,1700000.0,0.0,0.0,85800000.0,-56400000.0,39300000.0,-192200000.0,0.0,154600000.0,0.0,64300000.0,61800000.0,61800000.0,300000.0,0.0,0.082,95800000.0,103300000.0,475600000.0,0.911,2.023,17.184,17.192,8566200000.0,2500000.0,30.43,1.984,1.982,163400000.0,1837600000.0,750300000.0,750300000.0,0.0,,,,,0.0,0.0,1.0,221874364.0,221600000,221600000.0,3.386,11386600000.0,0.0,13200000.0,2189900000.0,51.384,-723100000.0
29,LNT,MRQ,2014-03-31,2014-03-31,2014-03-31,2021-08-06,-200000.0,11116800000.0,,936200000.0,10180600000.0,,15.034,-173000000.0,14500000.0,14500000.0,703100000.0,110600000.0,0.676,2.276,3560700000.0,580100000.0,2980600000.0,3560700000.0,0.0,95500000.0,0.0,0.034,0.255,176400000.0,271900000.0,0.285,271900000.0,176400000.0,131200000.0,0.485,0.485,0.485,3331500000.0,,3331500000.0,9908609836.0,15.0,9.731,120600000.0,0.544,1.0,249700000.0,0.262,0.0,45200000.0,13278800000.0,,151000000.0,332900000.0,0.0,332900000.0,7583600000.0,1384200000.0,6199400000.0,6302709836.0,4700000.0,0.0,0.0,-58100000.0,-56500000.0,-112100000.0,-176800000.0,0.0,293600000.0,0.0,110600000.0,108000000.0,108000000.0,0.0,0.0,0.113,95500000.0,154200000.0,388100000.0,0.526,1.892,15.9,15.913,8426200000.0,2600000.0,28.405,1.87,1.868,184900000.0,1832200000.0,952800000.0,952800000.0,0.0,,,,,0.0,0.0,1.0,221887338.0,221600000,221600000.0,4.3,11116800000.0,0.0,20600000.0,2141700000.0,50.166,-448000000.0
30,LNT,MRQ,2013-12-31,2013-12-31,2013-12-31,2021-08-06,-200000.0,11112400000.0,,1011200000.0,10101200000.0,,14.808,-238000000.0,9800000.0,9800000.0,630500000.0,68100000.0,0.706,2.325,3615700000.0,637900000.0,2977800000.0,3615700000.0,0.0,93500000.0,0.0,0.036,0.235,127000000.0,220500000.0,0.265,220500000.0,127000000.0,81800000.0,0.295,0.295,0.295,3281400000.0,,3281400000.0,9097493320.0,15.0,9.342,-150100000.0,-0.677,1.0,202100000.0,0.243,0.0,45200000.0,13285000000.0,,211800000.0,329600000.0,0.0,329600000.0,7629200000.0,1433300000.0,6195900000.0,5724693320.0,-7900000.0,0.0,0.0,226400000.0,-52100000.0,145700000.0,-241500000.0,0.0,87900000.0,0.0,68100000.0,65500000.0,65500000.0,1000000.0,0.0,0.079,93500000.0,108600000.0,365000000.0,0.797,1.745,15.977,15.975,8326500000.0,2600000.0,25.8,1.747,1.745,473300000.0,1780700000.0,832600000.0,832600000.0,0.0,,,,,0.0,0.0,1.0,221887338.0,221600000,221600000.0,3.757,11112400000.0,136700000.0,13700000.0,2112700000.0,50.146,-422100000.0
31,LNT,MRQ,2013-09-30,2013-09-30,2013-09-30,2021-08-06,-800000.0,10981200000.0,,880100000.0,10101100000.0,,14.741,-191300000.0,17700000.0,17700000.0,573100000.0,160200000.0,0.836,2.3,3390500000.0,285700000.0,3104800000.0,3390500000.0,0.0,92100000.0,0.0,0.028,0.235,220300000.0,312400000.0,0.36,312400000.0,220300000.0,177800000.0,0.71,0.71,0.71,3266700000.0,,3266700000.0,8851758799.0,15.0,9.249,28500000.0,0.129,1.0,293500000.0,0.339,0.0,42500000.0,13301200000.0,,220500000.0,324700000.0,0.0,324700000.0,7512700000.0,1052800000.0,6459900000.0,5497258799.0,6200000.0,0.0,0.0,23400000.0,-52000000.0,-22600000.0,-191000000.0,0.0,219800000.0,0.0,160200000.0,157600000.0,157600000.0,1300000.0,0.0,0.182,92100000.0,201400000.0,368700000.0,0.331,1.683,15.224,15.199,8141400000.0,2600000.0,24.775,1.721,1.718,142800000.0,1767300000.0,866600000.0,866600000.0,0.0,,,,,0.0,0.0,1.0,221887338.0,221600000,221600000.0,3.911,10981200000.0,131200000.0,17600000.0,2063900000.0,49.554,-172700000.0
32,LNT,MRQ,2013-06-30,2013-06-30,2013-06-30,2021-08-06,-800000.0,10887600000.0,,893400000.0,9994200000.0,,14.262,-201700000.0,11500000.0,11500000.0,522100000.0,67800000.0,0.833,2.381,3366000000.0,224600000.0,3141400000.0,3366000000.0,0.0,92700000.0,0.0,0.028,0.235,120800000.0,213500000.0,0.297,213500000.0,120800000.0,78300000.0,0.295,0.295,0.295,3160500000.0,,3160500000.0,8906087996.0,15.0,9.271,23000000.0,0.104,1.0,195900000.0,0.273,0.0,42500000.0,13169600000.0,,191200000.0,321300000.0,0.0,321300000.0,7525300000.0,1072500000.0,6452800000.0,5592687996.0,-41900000.0,0.0,0.0,-300000.0,-52000000.0,-64100000.0,-202500000.0,0.0,224700000.0,0.0,67800000.0,65300000.0,65300000.0,600000.0,0.0,0.091,92700000.0,103200000.0,391100000.0,0.797,1.77,15.79,15.756,8027200000.0,2500000.0,25.21,1.739,1.737,154300000.0,1661700000.0,718000000.0,718000000.0,0.0,,,,,0.0,0.0,1.0,221844030.0,221600000,221600000.0,3.24,10887600000.0,142300000.0,10500000.0,1991100000.0,49.132,-179100000.0
33,LNT,MRQ,2013-03-31,2013-03-31,2013-03-31,2021-08-06,-800000.0,10733900000.0,,870400000.0,9863500000.0,,14.196,-167300000.0,53400000.0,53400000.0,646300000.0,80100000.0,0.838,2.348,3366800000.0,244900000.0,3121900000.0,3366800000.0,0.0,92600000.0,0.0,0.027,0.235,134800000.0,227400000.0,0.265,227400000.0,134800000.0,92200000.0,0.315,0.315,0.315,3145900000.0,,3145900000.0,8903924566.0,15.0,9.343,31300000.0,0.141,1.0,213300000.0,0.248,0.0,42600000.0,13009200000.0,,173700000.0,321600000.0,0.0,321600000.0,7386200000.0,1038100000.0,6348100000.0,5569524566.0,32200000.0,0.0,0.0,10900000.0,-52200000.0,-46700000.0,-119700000.0,0.0,198600000.0,0.0,80100000.0,69900000.0,69900000.0,3000000.0,0.0,0.081,92600000.0,120700000.0,368600000.0,0.746,1.77,15.698,15.632,7913600000.0,10200000.0,25.09,1.747,1.744,172700000.0,1648400000.0,859600000.0,859600000.0,0.0,,,,,0.0,0.0,1.0,221981848.0,221600000,221600000.0,3.879,10733900000.0,92500000.0,12100000.0,1901400000.0,48.438,-167700000.0
34,LNT,MRQ,2012-12-31,2012-12-31,2012-12-31,2021-08-06,-800000.0,10785500000.0,,994300000.0,9791200000.0,,14.126,-639100000.0,21200000.0,21200000.0,564300000.0,72300000.0,0.975,2.394,3355600000.0,219000000.0,3136600000.0,3355600000.0,0.0,85000000.0,0.0,0.031,0.0,118800000.0,203800000.0,0.271,203800000.0,118800000.0,77900000.0,0.31,0.31,0.31,3134900000.0,,3134900000.0,7732256734.0,13.0,8.453,-398300000.0,-1.795,1.0,186600000.0,0.249,0.0,40900000.0,13099900000.0,,203900000.0,319000000.0,0.0,319000000.0,7503700000.0,1020000000.0,6483700000.0,4873456734.0,-19900000.0,0.0,0.0,455700000.0,-49700000.0,377100000.0,-637800000.0,0.0,240800000.0,0.0,72300000.0,68300000.0,68300000.0,2800000.0,0.0,0.091,85000000.0,101600000.0,339300000.0,0.0,1.555,15.239,15.194,7838000000.0,4000000.0,21.955,1.575,1.572,176300000.0,1630700000.0,750900000.0,750900000.0,0.0,,,,,0.0,0.0,1.0,221974800.0,221918000,221822000.0,3.384,10785500000.0,210600000.0,5600000.0,1982200000.0,48.601,-25700000.0
35,LNT,MRQ,2012-09-30,2012-09-30,2012-09-30,2021-08-06,-800000.0,10250900000.0,,1028600000.0,9222300000.0,,14.065,-196600000.0,41100000.0,41100000.0,590300000.0,154700000.0,1.088,2.243,2899900000.0,71800000.0,2828100000.0,2899900000.0,0.0,83600000.0,0.0,0.041,0.225,232300000.0,315900000.0,0.356,315900000.0,232300000.0,194000000.0,0.68,0.68,0.68,3116000000.0,,3116000000.0,7701454801.0,13.0,8.494,64500000.0,0.291,1.0,297300000.0,0.335,0.0,38300000.0,12164200000.0,,209200000.0,350000000.0,35900000.0,314100000.0,6988100000.0,945500000.0,6042600000.0,4815254801.0,10300000.0,0.0,0.0,-17400000.0,-49900000.0,-54900000.0,-195900000.0,0.0,261100000.0,0.0,154700000.0,150700000.0,150700000.0,-1700000.0,0.0,0.17,83600000.0,213700000.0,418000000.0,0.331,1.545,15.609,15.552,7384600000.0,4000000.0,21.695,1.551,1.548,393400000.0,1612100000.0,887600000.0,887600000.0,0.0,,,,,0.0,0.0,1.0,221952284.0,221536000,221558000.0,4.007,10250900000.0,163000000.0,39300000.0,1874100000.0,46.272,83100000.0
36,LNT,MRQ,2012-06-30,2012-06-30,2012-06-30,2021-08-06,-800000.0,9934200000.0,,920400000.0,9013800000.0,,13.608,-186800000.0,30800000.0,30800000.0,500700000.0,69800000.0,0.961,2.247,2917000000.0,164200000.0,2752800000.0,2917000000.0,0.0,80700000.0,0.0,0.039,0.225,125200000.0,205900000.0,0.298,205900000.0,125200000.0,86600000.0,0.3,0.3,0.3,3014400000.0,,3014400000.0,7812242396.0,14.0,8.877,-62600000.0,-0.283,1.0,189600000.0,0.275,0.0,38600000.0,11863100000.0,,205800000.0,349100000.0,40700000.0,308400000.0,6772900000.0,957300000.0,5815600000.0,5056542396.0,-100000.0,0.0,0.0,130800000.0,-49800000.0,62400000.0,-186700000.0,0.0,124200000.0,0.0,69800000.0,65900000.0,65900000.0,-400000.0,0.0,0.095,80800000.0,108800000.0,337600000.0,0.75,1.677,18.072,18.012,7248000000.0,3900000.0,22.785,1.638,1.635,305800000.0,1511300000.0,690300000.0,690300000.0,0.0,,,,,0.0,0.0,1.0,221924178.0,221512000,221538000.0,3.116,9934200000.0,149900000.0,16800000.0,1782400000.0,44.847,-36900000.0
37,LNT,MRQ,2012-03-31,2012-03-31,2012-03-31,2021-08-06,-800000.0,9628200000.0,,780600000.0,8847600000.0,,13.537,-135600000.0,30900000.0,30900000.0,587100000.0,38900000.0,1.009,2.163,2786600000.0,58400000.0,2728200000.0,2786600000.0,0.0,83600000.0,0.0,0.04,0.225,105500000.0,189100000.0,0.247,189100000.0,105500000.0,66600000.0,0.16,0.16,0.16,2997500000.0,,2997500000.0,7604794761.0,15.0,9.044,79400000.0,0.359,1.0,178600000.0,0.233,0.0,38900000.0,11610600000.0,,200100000.0,303700000.0,0.0,303700000.0,6483800000.0,773300000.0,5710500000.0,4808894761.0,19500000.0,0.0,0.0,-20800000.0,-49900000.0,-60400000.0,-135100000.0,0.0,215000000.0,0.0,38900000.0,34900000.0,34900000.0,4400000.0,0.0,0.046,83000000.0,95600000.0,263900000.0,1.406,1.604,18.147,18.126,7081300000.0,4000000.0,21.66,1.546,1.542,247100000.0,1495200000.0,765700000.0,765700000.0,0.0,,,,,0.0,0.0,1.0,222017302.0,221432000,221482000.0,3.458,9628200000.0,66300000.0,27700000.0,1677400000.0,43.482,7300000.0
38,LNT,MRQ,2011-12-31,2011-12-31,2011-12-31,2021-08-06,-800000.0,9687900000.0,,870600000.0,8817300000.0,,13.577,-147100000.0,11400000.0,11400000.0,573800000.0,61000000.0,1.018,2.167,2807300000.0,104200000.0,2703100000.0,2807300000.0,0.0,81500000.0,0.0,0.039,0.215,114300000.0,195800000.0,0.257,195800000.0,114300000.0,75700000.0,0.255,0.255,0.255,3013000000.0,,3013000000.0,7576794450.0,14.0,8.677,-57100000.0,-0.257,1.0,187000000.0,0.246,0.0,38600000.0,11628600000.0,,218100000.0,300700000.0,0.0,300700000.0,6528000000.0,855200000.0,5672800000.0,4895394450.0,-34300000.0,0.0,0.0,80700000.0,-47000000.0,21400000.0,-145700000.0,0.0,90000000.0,0.0,61000000.0,57000000.0,57000000.0,6900000.0,0.0,0.075,81000000.0,106000000.0,267800000.0,0.843,1.625,16.124,16.099,7033300000.0,4000000.0,22.055,1.52,1.516,163200000.0,1510200000.0,760800000.0,760800000.0,0.0,,,,,0.0,0.0,1.0,221963022.0,221922000,221592000.0,3.428,9687900000.0,102100000.0,14700000.0,1639100000.0,43.655,15400000.0
39,LNT,MRQ,2011-09-30,2011-09-30,2011-09-30,2021-08-06,-600000.0,9481300000.0,,947100000.0,8534200000.0,,13.564,-167600000.0,45700000.0,45700000.0,580800000.0,125900000.0,1.223,2.11,2727100000.0,23500000.0,2703600000.0,2727100000.0,0.0,81300000.0,0.0,0.043,0.212,208000000.0,289300000.0,0.332,289300000.0,208000000.0,169200000.0,0.55,0.55,0.55,3001600000.0,,3001600000.0,6920487485.0,13.0,7.934,-21700000.0,-0.098,1.0,290100000.0,0.333,0.0,38800000.0,11388300000.0,,205100000.0,321900000.0,22700000.0,299200000.0,6332800000.0,774400000.0,5558400000.0,4292687485.0,-31400000.0,0.0,0.0,22500000.0,-46900000.0,-12000000.0,-165300000.0,0.0,145900000.0,0.0,125900000.0,122000000.0,122000000.0,14900000.0,0.0,0.14,80700000.0,209400000.0,314600000.0,0.385,1.43,14.606,14.596,6937900000.0,3900000.0,19.34,1.367,1.363,402100000.0,1500200000.0,870900000.0,870900000.0,0.0,,,,,0.0,0.0,1.0,221959022.0,221294000,221390000.0,3.935,9481300000.0,47400000.0,43300000.0,1599000000.0,42.845,172700000.0
40,LNT,MRQ,2011-06-30,2011-06-30,2011-06-30,2021-08-06,-600000.0,9301200000.0,,877800000.0,8423400000.0,,13.23,-121600000.0,77100000.0,77100000.0,560400000.0,55300000.0,1.155,2.127,2704900000.0,1400000.0,2703500000.0,2704900000.0,0.0,82200000.0,0.0,0.04,0.212,84500000.0,166700000.0,0.234,166700000.0,84500000.0,44100000.0,0.23,0.23,0.23,2927200000.0,,2927200000.0,7122106924.0,12.0,7.757,83900000.0,0.379,1.0,152100000.0,0.213,0.0,40400000.0,11168900000.0,,185300000.0,324800000.0,28700000.0,296100000.0,6226900000.0,760100000.0,5466800000.0,4510906924.0,-49000000.0,0.0,0.0,-32400000.0,-47100000.0,-146700000.0,-107800000.0,0.0,205500000.0,0.0,55300000.0,51100000.0,51100000.0,-800000.0,0.0,0.072,81500000.0,70600000.0,305800000.0,0.922,1.541,14.053,14.021,6866400000.0,4200000.0,20.33,1.401,1.397,321500000.0,1425100000.0,712500000.0,712500000.0,0.0,,,,,0.0,0.0,1.0,221884256.0,221248000,221354000.0,3.22,9301200000.0,0.0,-11200000.0,1523700000.0,42.04,117700000.0
41,LNT,MRQ,2011-03-31,2011-03-31,2011-03-31,2021-08-06,-1400000.0,9400500000.0,,977000000.0,8423500000.0,,13.207,-237100000.0,126100000.0,126100000.0,672100000.0,79700000.0,1.254,2.155,2737300000.0,33700000.0,2703600000.0,2737300000.0,0.0,78800000.0,0.0,0.042,0.212,142600000.0,221400000.0,0.252,221400000.0,142600000.0,102100000.0,0.33,0.33,0.33,2920500000.0,,2920500000.0,6909404688.0,11.0,7.413,24200000.0,0.109,1.0,205100000.0,0.234,0.0,40500000.0,11232800000.0,,170200000.0,292200000.0,0.0,292200000.0,6292900000.0,778900000.0,5514000000.0,4316604688.0,-33200000.0,0.0,0.0,-15000000.0,-47100000.0,-61200000.0,-233300000.0,0.0,261300000.0,0.0,79700000.0,73500000.0,73500000.0,-1500000.0,0.0,0.084,77800000.0,127300000.0,300200000.0,0.642,1.478,13.587,13.564,6823400000.0,6200000.0,19.465,1.329,1.325,404500000.0,1421100000.0,877200000.0,877200000.0,0.0,,,,,0.0,0.0,1.0,221762378.0,221138000,221264000.0,3.967,9400500000.0,0.0,22400000.0,1510400000.0,42.51,198100000.0
42,LNT,MRQ,2010-12-31,2010-12-31,2010-12-31,2021-08-06,-1400000.0,9282900000.0,,1092700000.0,8190200000.0,,13.09,-256900000.0,159300000.0,159300000.0,502500000.0,52000000.0,1.261,2.144,2752100000.0,48700000.0,2703400000.0,2752100000.0,0.0,76400000.0,0.0,0.043,0.2,118500000.0,194900000.0,0.287,194900000.0,118500000.0,77900000.0,0.215,0.215,0.215,2893600000.0,,2893600000.0,6644339269.0,11.0,7.309,32400000.0,0.147,1.0,176100000.0,0.26,0.0,40600000.0,11009000000.0,,233000000.0,289200000.0,0.0,289200000.0,6203500000.0,866700000.0,5336800000.0,4076139269.0,22300000.0,0.0,0.0,46700000.0,-43700000.0,-7000000.0,-260000000.0,0.0,289300000.0,0.0,52000000.0,47300000.0,47300000.0,1900000.0,0.0,0.07,72400000.0,103700000.0,336300000.0,0.93,1.409,14.173,14.142,6730600000.0,4700000.0,18.385,1.25,1.245,415900000.0,1394700000.0,678600000.0,678600000.0,0.0,,,,,0.0,0.0,1.0,221710050.0,221046000,221198000.0,3.07,9282900000.0,0.0,25900000.0,1479600000.0,41.995,226000000.0
43,LNT,MRQ,2010-09-30,2010-09-30,2010-09-30,2021-08-06,-1700000.0,9225800000.0,,1167600000.0,8058200000.0,,13.071,-214000000.0,137000000.0,137000000.0,629700000.0,153700000.0,1.688,2.13,2705200000.0,1400000.0,2703800000.0,2705200000.0,0.0,75500000.0,0.0,0.043,0.198,259700000.0,335200000.0,0.352,335200000.0,259700000.0,217800000.0,0.675,0.675,0.675,2887800000.0,,2887800000.0,6561327875.0,11.0,7.252,2400000.0,0.011,1.0,322000000.0,0.338,0.0,41900000.0,11102100000.0,,240100000.0,317800000.0,30600000.0,287200000.0,6152200000.0,691900000.0,5460300000.0,4027427875.0,-34100000.0,0.0,0.0,-6300000.0,-43700000.0,-39600000.0,-210900000.0,0.0,216400000.0,0.0,153700000.0,149100000.0,149100000.0,1800000.0,0.0,0.157,75400000.0,246600000.0,295100000.0,0.293,1.395,13.703,13.665,6556900000.0,4600000.0,18.175,1.172,1.168,374600000.0,1391100000.0,951700000.0,951700000.0,0.0,,,,,0.0,0.0,1.0,221591630.0,220938000,221088000.0,4.308,9225800000.0,136200000.0,64100000.0,1420900000.0,41.757,475700000.0
44,LNT,MRQ,2010-06-30,2010-06-30,2010-06-30,2021-08-06,-2300000.0,9043600000.0,,1154100000.0,7889500000.0,,12.585,-166700000.0,171100000.0,171100000.0,575800000.0,52500000.0,1.291,2.187,2705000000.0,201400000.0,2503600000.0,2705000000.0,0.0,65500000.0,0.0,0.049,0.2,115100000.0,180600000.0,0.244,180600000.0,115100000.0,75500000.0,0.215,0.215,0.215,2779100000.0,,2779100000.0,6132177920.0,18.0,9.891,123300000.0,0.558,1.0,165800000.0,0.224,0.0,39600000.0,10683400000.0,,217000000.0,258800000.0,34900000.0,223900000.0,6078600000.0,894100000.0,5184500000.0,3515877920.0,30900000.0,0.0,0.0,-51100000.0,-43600000.0,-95700000.0,-163400000.0,0.0,290000000.0,0.0,52500000.0,47800000.0,47800000.0,200000.0,0.0,0.064,65100000.0,100700000.0,289900000.0,0.93,1.265,34.984,34.879,6424100000.0,4700000.0,15.87,1.043,1.04,313200000.0,1285700000.0,741600000.0,741600000.0,0.0,,,,,0.0,0.0,1.0,221542402.0,220818000,220980000.0,3.358,9043600000.0,152500000.0,23000000.0,1318700000.0,40.955,260000000.0
45,LNT,MRQ,2010-03-31,2010-03-31,2010-03-31,2021-08-06,-1400000.0,9075400000.0,,1264500000.0,7810900000.0,,12.568,-229300000.0,140200000.0,140200000.0,706800000.0,48100000.0,1.007,2.204,2756500000.0,551800000.0,2204700000.0,2756500000.0,0.0,74900000.0,0.0,0.046,0.198,123500000.0,198400000.0,0.223,198400000.0,123500000.0,82800000.0,0.195,0.195,0.195,2774200000.0,,2774200000.0,6201550175.0,20.0,10.511,-40100000.0,-0.182,1.0,183400000.0,0.206,0.0,40700000.0,10436200000.0,,191000000.0,250600000.0,28200000.0,222400000.0,6115300000.0,1255500000.0,4859800000.0,3680850175.0,-35100000.0,0.0,0.0,60300000.0,-43600000.0,7900000.0,-232200000.0,0.0,189200000.0,0.0,48100000.0,43400000.0,43400000.0,0.0,0.0,0.049,74400000.0,109000000.0,259800000.0,1.015,1.327,44.998,44.946,6328400000.0,4700000.0,16.63,1.093,1.09,477800000.0,1281500000.0,890200000.0,890200000.0,0.0,,,,,0.0,0.0,1.0,221337954.0,220736000,220902000.0,4.033,9075400000.0,163400000.0,34700000.0,1271200000.0,41.114,9000000.0
46,LNT,MRQ,2009-12-31,2009-12-31,2009-12-31,2021-08-06,-1400000.0,9036000000.0,,1390000000.0,7646000000.0,,12.568,-258400000.0,175300000.0,175300000.0,679600000.0,58300000.0,1.291,2.192,2696000000.0,291500000.0,2404500000.0,2696000000.0,0.0,73900000.0,0.0,0.05,0.188,116700000.0,190600000.0,0.223,190600000.0,116700000.0,75600000.0,0.245,0.245,0.245,2772600000.0,,2772600000.0,5598493192.0,20.0,10.162,-191800000.0,-0.869,1.0,174100000.0,0.204,0.0,41100000.0,10480100000.0,,238500000.0,305200000.0,23700000.0,281500000.0,6077500000.0,1076600000.0,5000900000.0,3347793192.0,-1400000.0,0.0,0.0,269100000.0,-41400000.0,197700000.0,-265700000.0,0.0,66600000.0,0.0,58300000.0,53600000.0,53600000.0,-1400000.0,0.0,0.063,73400000.0,100700000.0,331900000.0,0.767,1.207,30.16,29.96,6192900000.0,4700000.0,15.13,0.977,0.974,501900000.0,1281700000.0,853700000.0,853700000.0,0.0,,,,,0.0,0.0,1.0,221268552.0,220602000,220776000.0,3.87,9036000000.0,169700000.0,17300000.0,1262000000.0,40.961,313400000.0
47,LNT,MRQ,2009-09-30,2009-09-30,2009-09-30,2021-08-06,-1000000.0,8755700000.0,,1234400000.0,7521300000.0,,12.511,-316000000.0,176700000.0,176700000.0,655100000.0,-39700000.0,1.243,2.105,2427400000.0,271500000.0,2155900000.0,2427400000.0,0.0,69900000.0,0.0,0.053,0.19,-19500000.0,50400000.0,0.057,50400000.0,-19500000.0,-61900000.0,-0.2,-0.2,-0.2,2759700000.0,,2759700000.0,4956887396.0,18.0,9.303,-165400000.0,-0.75,1.0,228900000.0,0.259,0.0,42400000.0,10013600000.0,,244500000.0,235200000.0,23400000.0,211800000.0,5810100000.0,992800000.0,4817300000.0,3080887396.0,-69500000.0,0.0,0.0,106400000.0,-41400000.0,74800000.0,-294900000.0,0.0,150600000.0,0.0,-39700000.0,-44300000.0,-44300000.0,700000.0,0.0,-0.05,69500000.0,159400000.0,328100000.0,-0.95,1.116,28.527,28.418,6037800000.0,4600000.0,13.925,0.895,0.892,376500000.0,1269500000.0,884000000.0,884000000.0,0.0,,,,,0.0,0.0,1.0,221248646.0,220576000,220576000.0,4.008,8755700000.0,202200000.0,-22200000.0,1171000000.0,39.695,241600000.0
48,LNT,MRQ,2009-06-30,2009-06-30,2009-06-30,2021-08-06,-1400000.0,8335300000.0,,1137900000.0,7197400000.0,,12.897,-315200000.0,246200000.0,246200000.0,612200000.0,33800000.0,0.992,1.865,2122200000.0,474000000.0,1648200000.0,2122200000.0,0.0,66700000.0,0.0,0.055,0.188,83900000.0,150600000.0,0.203,150600000.0,83900000.0,48200000.0,0.13,0.13,0.13,2844300000.0,,2844300000.0,4592962474.0,9.0,6.116,-142900000.0,-0.648,1.0,128600000.0,0.174,0.0,35700000.0,9064700000.0,,216200000.0,229500000.0,23700000.0,205800000.0,5305100000.0,1146600000.0,4158500000.0,2890962474.0,-37500000.0,0.0,0.0,123500000.0,-41300000.0,67100000.0,-276900000.0,0.0,172300000.0,0.0,33800000.0,29100000.0,29100000.0,-100000.0,0.0,0.039,66200000.0,62400000.0,314900000.0,1.446,1.016,11.085,11.072,5816300000.0,4700000.0,13.065,0.817,0.814,309300000.0,1355200000.0,740800000.0,740800000.0,0.0,,,,,0.0,0.0,1.0,221275352.0,220532000,220698000.0,3.359,8335300000.0,130000000.0,14400000.0,1116100000.0,37.796,-8700000.0
49,LNT,MRQ,2009-03-31,2009-03-31,2009-03-31,2021-08-06,-1500000.0,8239400000.0,,1230900000.0,7008500000.0,,12.958,-313000000.0,283700000.0,283700000.0,811100000.0,77300000.0,1.169,1.819,1985700000.0,337200000.0,1648500000.0,1985700000.0,0.0,65100000.0,0.0,0.058,0.188,94100000.0,159200000.0,0.168,159200000.0,94100000.0,58400000.0,0.33,0.33,0.33,2856400000.0,,2856400000.0,4351739417.0,8.0,5.661,-45400000.0,-0.206,1.0,138800000.0,0.146,0.0,35700000.0,8888800000.0,,181400000.0,208700000.0,7300000.0,201400000.0,5197100000.0,1052600000.0,4144500000.0,2727839417.0,-63200000.0,0.0,0.0,27200000.0,-41400000.0,-19400000.0,-311400000.0,0.0,267600000.0,0.0,77300000.0,72600000.0,72600000.0,0.0,0.0,0.076,65100000.0,73700000.0,359800000.0,0.57,0.955,9.326,9.317,5572900000.0,4700000.0,12.345,0.752,0.75,436400000.0,1367400000.0,949900000.0,949900000.0,0.0,,,,,0.0,0.0,1.0,220967146.0,220436000,220610000.0,4.309,8239400000.0,117600000.0,-18900000.0,1060100000.0,37.378,178300000.0
50,LNT,MRQ,2008-12-31,2008-12-31,2008-12-31,2021-08-06,-1400000.0,8201500000.0,,1445600000.0,6755900000.0,,12.813,-238700000.0,346900000.0,346900000.0,721500000.0,55300000.0,1.392,1.839,1970800000.0,222500000.0,1748300000.0,1970800000.0,0.0,60700000.0,0.0,0.048,0.175,111900000.0,172600000.0,0.199,172600000.0,111900000.0,76100000.0,0.23,0.23,0.23,2823500000.0,,2823500000.0,4453304709.0,8.0,5.471,-315800000.0,-1.433,1.0,147900000.0,0.17,0.0,35800000.0,8787200000.0,,242500000.0,213200000.0,18100000.0,195100000.0,5192100000.0,1038200000.0,4153900000.0,3222904709.0,-32500000.0,0.0,0.0,367000000.0,-38600000.0,302000000.0,-257400000.0,0.0,-77100000.0,0.0,55300000.0,50600000.0,50600000.0,-200000.0,0.0,0.058,58500000.0,89400000.0,425100000.0,0.761,1.141,11.191,11.18,5353500000.0,4700000.0,14.59,0.878,0.876,558700000.0,1336200000.0,869400000.0,869400000.0,0.0,,,,,0.0,0.0,1.0,220898198.0,220364000,220586000.0,3.945,8201500000.0,67700000.0,20800000.0,1023700000.0,37.218,407400000.0
51,LNT,MRQ,2008-09-30,2008-09-30,2008-09-30,2021-08-06,0.0,7296600000.0,,1118600000.0,6178000000.0,,12.766,-196500000.0,379400000.0,379400000.0,731900000.0,113100000.0,1.065,1.594,1609800000.0,354700000.0,1255100000.0,1609800000.0,0.0,57900000.0,0.0,0.043,0.175,210700000.0,268600000.0,0.274,268600000.0,210700000.0,180700000.0,0.49,0.49,0.49,2813100000.0,,2813100000.0,4732507094.0,6.0,4.423,-41100000.0,-0.187,1.0,248400000.0,0.253,0.0,30000000.0,7477000000.0,,241600000.0,220100000.0,31500000.0,188600000.0,4483500000.0,1050000000.0,3433500000.0,3557607094.0,-194500000.0,0.0,0.0,-142300000.0,-38600000.0,-164600000.0,-185300000.0,0.0,155400000.0,0.0,113100000.0,108500000.0,108500000.0,600000.0,0.0,0.111,57900000.0,190500000.0,396400000.0,0.357,1.265,8.262,8.28,5117200000.0,4600000.0,16.105,0.969,0.967,321100000.0,1324200000.0,980300000.0,980300000.0,0.0,,,,,0.0,0.0,1.0,220900782.0,220364000,220626000.0,4.449,7296600000.0,0.0,67600000.0,913000000.0,33.112,68600000.0
52,LNT,MRQ,2008-06-30,2008-06-30,2008-06-30,2021-08-06,2800000.0,7403900000.0,,1376100000.0,6027800000.0,,12.457,-311000000.0,573900000.0,573900000.0,683700000.0,65500000.0,1.279,1.697,1748800000.0,345600000.0,1403200000.0,1748800000.0,0.0,61700000.0,0.0,0.039,0.175,106600000.0,168300000.0,0.203,168300000.0,106600000.0,76300000.0,0.275,0.275,0.275,2744800000.0,,2744800000.0,4777789533.0,6.0,4.422,-142700000.0,-0.648,1.0,143700000.0,0.174,0.0,30300000.0,7503100000.0,,176300000.0,289700000.0,108100000.0,181600000.0,4659100000.0,1075700000.0,3583400000.0,3783489533.0,-58500000.0,0.0,0.0,141000000.0,-38500000.0,80300000.0,-307100000.0,0.0,168300000.0,0.0,65500000.0,60800000.0,60800000.0,-9000000.0,0.0,0.073,61700000.0,82000000.0,355500000.0,0.636,1.378,8.566,8.586,4992400000.0,4700000.0,17.13,1.052,1.049,319300000.0,1254300000.0,827400000.0,827400000.0,0.0,,,,,0.0,0.0,1.0,220869208.0,220336000,220644000.0,3.755,7403900000.0,74500000.0,10800000.0,907700000.0,33.603,300400000.0
53,LNT,MRQ,2008-03-31,2008-03-31,2008-03-31,2021-08-06,800000.0,7189100000.0,,1402100000.0,5787000000.0,,12.346,-132800000.0,632400000.0,632400000.0,805300000.0,72800000.0,1.552,1.643,1626700000.0,223100000.0,1403600000.0,1626700000.0,0.0,61600000.0,0.0,0.037,0.175,142900000.0,204500000.0,0.206,204500000.0,142900000.0,113200000.0,0.31,0.31,0.31,2719700000.0,,2719700000.0,4777321673.0,6.0,4.401,-41200000.0,-0.187,1.0,186700000.0,0.188,0.0,29700000.0,7280100000.0,,142800000.0,215400000.0,41100000.0,174300000.0,4469400000.0,903300000.0,3566100000.0,3867021673.0,-113200000.0,0.0,0.0,-45200000.0,-38600000.0,-88500000.0,-116300000.0,0.0,91600000.0,0.0,72800000.0,68100000.0,68100000.0,0.0,0.0,0.069,61600000.0,125100000.0,333900000.0,0.565,1.422,9.004,9.047,4782700000.0,4700000.0,17.505,1.1,1.097,472200000.0,1232000000.0,992000000.0,992000000.0,0.0,,,,,0.0,0.0,1.0,220909550.0,220296000,220608000.0,4.503,7189100000.0,0.0,40400000.0,925800000.0,32.634,498800000.0
54,LNT,MRQ,2007-12-31,2007-12-31,2007-12-31,2021-08-06,200000.0,7189700000.0,,1472300000.0,5717400000.0,,12.181,-170900000.0,745600000.0,745600000.0,683100000.0,211900000.0,1.571,1.682,1655900000.0,251400000.0,1404500000.0,1655900000.0,0.0,65400000.0,0.0,0.031,0.16,363200000.0,428600000.0,0.492,428600000.0,363200000.0,332800000.0,0.87,0.865,0.87,2681200000.0,,2681200000.0,6135540340.0,8.0,5.685,58700000.0,0.267,1.0,188300000.0,0.216,0.0,30400000.0,7163000000.0,,208300000.0,206300000.0,34100000.0,172200000.0,4508500000.0,937000000.0,3571500000.0,4488740340.0,637500000.0,0.0,1100000.0,-99200000.0,-35000000.0,-162700000.0,570600000.0,0.0,229600000.0,0.0,211900000.0,193200000.0,193200000.0,5100000.0,0.0,0.222,65400000.0,122900000.0,346700000.0,0.184,1.674,10.554,10.736,4679900000.0,18700000.0,20.345,1.306,1.329,346900000.0,1205200000.0,871400000.0,871400000.0,0.0,,,,,0.0,0.0,1.0,220631130.0,220116000,220494000.0,3.959,7189700000.0,13500000.0,120900000.0,897600000.0,32.663,535300000.0
55,LNT,MRQ,2007-09-30,2007-09-30,2007-09-30,2021-08-06,-8800000.0,6927200000.0,,849900000.0,6077300000.0,,11.327,-130300000.0,108100000.0,108100000.0,638400000.0,119600000.0,1.127,1.758,1754900000.0,161000000.0,1593900000.0,1754900000.0,0.0,65300000.0,0.0,0.032,0.159,213800000.0,279100000.0,0.308,279100000.0,213800000.0,184800000.0,0.54,0.54,0.54,2511800000.0,,2511800000.0,5805154435.0,7.0,5.441,-53100000.0,-0.239,1.0,268900000.0,0.296,0.0,29000000.0,7819700000.0,,216900000.0,170700000.0,0.0,170700000.0,4415400000.0,754300000.0,3661100000.0,4289254435.0,-17200000.0,0.0,-60800000.0,115300000.0,-35400000.0,29400000.0,-123800000.0,0.0,77200000.0,0.0,119600000.0,119600000.0,119600000.0,-3400000.0,0.0,0.132,65300000.0,203600000.0,298400000.0,0.294,1.708,10.088,10.329,5089500000.0,0.0,19.16,1.259,1.247,382100000.0,1047000000.0,907300000.0,907300000.0,0.0,,,,,0.0,0.0,1.0,223865054.0,221762000,222112000.0,4.091,6927200000.0,0.0,65200000.0,849100000.0,31.237,95600000.0
56,LNT,MRQ,2007-06-30,2007-06-30,2007-06-30,2021-08-06,-9000000.0,6751500000.0,,750400000.0,6001100000.0,,11.067,-138200000.0,125300000.0,125300000.0,583200000.0,48600000.0,0.81,1.705,1641200000.0,345700000.0,1295500000.0,1641200000.0,0.0,66000000.0,0.0,0.031,0.159,107200000.0,173200000.0,0.232,173200000.0,107200000.0,79500000.0,0.215,0.215,0.215,2496200000.0,,2496200000.0,5867907663.0,8.0,5.786,-5100000.0,-0.023,1.0,163000000.0,0.218,0.0,27700000.0,7340800000.0,,188000000.0,169400000.0,0.0,169400000.0,4255300000.0,926600000.0,3328700000.0,4418907663.0,15000000.0,0.0,-83300000.0,69500000.0,-36000000.0,-45400000.0,-72700000.0,0.0,133100000.0,0.0,48600000.0,48600000.0,48600000.0,-3600000.0,0.0,0.065,66000000.0,97000000.0,305500000.0,0.74,1.77,11.496,11.773,5050900000.0,0.0,19.425,1.303,1.292,254700000.0,962800000.0,746200000.0,746200000.0,0.0,,,,,0.0,0.0,1.0,227485594.0,225556000,226052000.0,3.308,6751500000.0,0.0,30900000.0,826100000.0,29.933,-176200000.0
57,LNT,MRQ,2007-03-31,2007-03-31,2007-03-31,2021-08-06,-9100000.0,6718900000.0,,789600000.0,5929300000.0,,11.107,-102600000.0,110200000.0,110200000.0,725900000.0,63900000.0,0.937,1.621,1559200000.0,263400000.0,1295800000.0,1559200000.0,0.0,66000000.0,0.0,0.026,0.16,132300000.0,198300000.0,0.217,198300000.0,132300000.0,102700000.0,0.275,0.275,0.275,2563900000.0,,2563900000.0,6637285252.0,9.0,6.519,65000000.0,0.282,1.0,186800000.0,0.205,0.0,29600000.0,7325600000.0,,132400000.0,168200000.0,0.0,168200000.0,4155000000.0,842300000.0,3312700000.0,5209485252.0,-155700000.0,0.0,-119700000.0,-126300000.0,-36800000.0,-278200000.0,-45100000.0,0.0,167600000.0,0.0,63900000.0,63900000.0,63900000.0,1300000.0,0.0,0.07,66000000.0,120800000.0,292400000.0,0.582,2.032,13.666,13.748,4979100000.0,0.0,22.41,1.559,1.548,337900000.0,950200000.0,912700000.0,912700000.0,0.0,,,,,0.0,0.0,1.0,232462528.0,230840000,231508000.0,3.954,6718900000.0,0.0,38800000.0,818700000.0,29.106,-52700000.0
58,LNT,MRQ,2006-12-31,2006-12-31,2006-12-31,2021-08-06,-8700000.0,7084100000.0,,1629900000.0,5454200000.0,,11.443,-135400000.0,265200000.0,265200000.0,670500000.0,193100000.0,1.421,1.672,1696700000.0,373400000.0,1323300000.0,1696700000.0,0.0,65500000.0,0.0,0.031,0.144,350800000.0,416300000.0,0.495,416300000.0,350800000.0,312700000.0,0.825,0.825,0.825,2651300000.0,,2651300000.0,6097266701.0,9.0,6.586,-77100000.0,-0.333,1.0,170800000.0,0.203,0.0,38100000.0,7368200000.0,,178200000.0,173400000.0,7200000.0,166200000.0,4432800000.0,1147400000.0,3285400000.0,4384766701.0,135400000.0,0.0,1400000.0,43500000.0,-33200000.0,-21200000.0,98300000.0,0.0,58300000.0,0.0,193100000.0,193100000.0,193100000.0,-1800000.0,0.0,0.23,65500000.0,105300000.0,294100000.0,0.175,1.654,13.889,13.989,4488800000.0,0.0,18.885,1.305,1.313,349800000.0,923600000.0,841300000.0,841300000.0,0.0,,,,,0.0,0.0,1.0,232182510.0,231702000,232364000.0,3.631,7084100000.0,0.0,119600000.0,852500000.0,30.574,482500000.0
59,LNT,MRQ,2006-09-30,2006-09-30,2006-09-30,2021-08-06,-19500000.0,6953100000.0,,1120200000.0,5832900000.0,,10.581,-100700000.0,132900000.0,132900000.0,655500000.0,78800000.0,1.022,1.806,1845400000.0,362700000.0,1482700000.0,1845400000.0,0.0,64400000.0,0.0,0.032,0.145,161900000.0,226300000.0,0.254,226300000.0,161900000.0,128700000.0,0.335,0.335,0.335,2478300000.0,,2478300000.0,5863098199.0,24.0,11.088,21200000.0,0.091,1.0,234900000.0,0.264,0.0,33200000.0,7569800000.0,,180700000.0,284300000.0,0.0,284300000.0,4474800000.0,1095800000.0,3379000000.0,4207498199.0,-21100000.0,0.0,-69700000.0,22000000.0,-33900000.0,-66000000.0,-77000000.0,0.0,121900000.0,0.0,78800000.0,78800000.0,78800000.0,9000000.0,0.0,0.088,64400000.0,170500000.0,249200000.0,0.433,1.698,71.678,71.46,4902600000.0,0.0,17.865,1.229,1.222,335000000.0,763700000.0,890400000.0,890400000.0,0.0,,,,,0.0,0.0,1.0,235516272.0,234220000,234996000.0,3.802,6953100000.0,117300000.0,49900000.0,778600000.0,29.686,24400000.0
60,LNT,MRQ,2006-06-30,2006-06-30,2006-06-30,2021-08-06,-21900000.0,6855800000.0,,1052000000.0,5803800000.0,,10.635,-83800000.0,157300000.0,157300000.0,534400000.0,45400000.0,1.032,1.748,1812900000.0,338600000.0,1474300000.0,1812900000.0,0.0,64500000.0,0.0,0.032,0.144,112800000.0,177300000.0,0.254,177300000.0,112800000.0,78100000.0,0.195,0.195,0.195,2495100000.0,,2495100000.0,5787109858.0,23.0,10.532,82600000.0,0.352,1.0,162400000.0,0.233,0.0,34700000.0,7492500000.0,,157200000.0,266900000.0,0.0,266900000.0,4360700000.0,1018900000.0,3341800000.0,4031609858.0,90500000.0,0.0,4000000.0,-42000000.0,-33600000.0,-78400000.0,2500000.0,23500000.0,166400000.0,0.0,45400000.0,45400000.0,45400000.0,700000.0,0.0,0.065,64500000.0,97900000.0,224100000.0,0.738,1.616,43.632,43.418,4871900000.0,0.0,17.15,1.183,1.18,269600000.0,718800000.0,696800000.0,696800000.0,0.0,,,,,0.0,0.0,1.0,235079292.0,234610000,235378000.0,2.97,6855800000.0,116700000.0,32700000.0,771000000.0,29.222,33100000.0
61,LNT,MRQ,2006-03-31,2006-03-31,2006-03-31,2021-08-06,-19400000.0,6942000000.0,,1126200000.0,5815800000.0,,10.598,-79100000.0,100800000.0,100800000.0,744100000.0,-1600000.0,1.163,1.798,1856300000.0,217400000.0,1638900000.0,1856300000.0,0.0,67000000.0,0.0,0.034,0.145,38900000.0,105900000.0,0.114,105900000.0,38900000.0,-800000.0,-0.005,-0.005,-0.005,2480800000.0,,2480800000.0,5832486584.0,59.0,14.102,-22400000.0,-0.096,1.0,186800000.0,0.201,0.0,39700000.0,7729100000.0,,140100000.0,268300000.0,0.0,268300000.0,4461200000.0,968400000.0,3492800000.0,3688586584.0,-154800000.0,0.0,8800000.0,-623000000.0,-33700000.0,-653500000.0,442000000.0,5700000.0,56700000.0,0.0,-1600000.0,-1600000.0,-1600000.0,14700000.0,0.0,-0.002,67000000.0,119800000.0,241800000.0,-29.0,1.487,-315.264,-314.7,4854800000.0,0.0,15.735,1.081,1.08,382400000.0,707000000.0,930900000.0,930900000.0,0.0,,,,,0.0,0.0,1.0,234419230.0,234074000,234686000.0,3.977,6942000000.0,160400000.0,800000.0,811600000.0,29.657,157800000.0
62,LNT,MRQ,2005-12-31,2005-12-31,2005-12-31,2021-08-06,-84600000.0,7733100000.0,,1783400000.0,5949700000.0,,10.434,-175300000.0,224700000.0,224700000.0,722200000.0,-63900000.0,1.129,2.169,2368600000.0,453800000.0,1914800000.0,2368600000.0,0.0,86900000.0,0.0,0.037,0.131,-67600000.0,19300000.0,0.021,19300000.0,-67600000.0,-111000000.0,-0.275,-0.275,-0.275,2440500000.0,,2440500000.0,5452907975.0,47.0,12.287,-120100000.0,-0.513,1.0,184600000.0,0.204,0.0,43400000.0,8296700000.0,,185800000.0,341000000.0,0.0,341000000.0,5292600000.0,1580300000.0,3712300000.0,3277207975.0,13800000.0,0.0,5300000.0,111000000.0,-30600000.0,85700000.0,-127100000.0,-3400000.0,55200000.0,0.0,-63900000.0,-63900000.0,-63900000.0,2700000.0,0.0,-0.07,78600000.0,106000000.0,355300000.0,-0.476,1.343,-425.611,-400.571,4866200000.0,0.0,14.02,0.999,0.996,386000000.0,742300000.0,906800000.0,906800000.0,0.0,,,,,0.0,0.0,1.0,233752352.0,233900000,234276000.0,3.877,7733100000.0,0.0,-47100000.0,644400000.0,33.062,203100000.0
63,LNT,MRQ,2005-09-30,2005-09-30,2005-09-30,2021-08-06,-62700000.0,7886400000.0,,1252700000.0,6633700000.0,,10.955,-103100000.0,152400000.0,152400000.0,594500000.0,112500000.0,1.298,2.086,2328100000.0,163000000.0,2165100000.0,2328100000.0,0.0,80400000.0,0.0,0.036,0.13,166600000.0,247000000.0,0.283,247000000.0,166600000.0,122400000.0,0.48,0.48,0.48,2555600000.0,,2555600000.0,5696849893.0,20.0,9.286,38400000.0,0.165,1.0,279700000.0,0.32,0.0,44200000.0,9097000000.0,,183500000.0,676300000.0,37600000.0,638700000.0,5330800000.0,965100000.0,4365700000.0,3392749893.0,-100600000.0,0.0,11800000.0,-261600000.0,-30500000.0,-279700000.0,37600000.0,56500000.0,141500000.0,0.0,112500000.0,112500000.0,112500000.0,-12900000.0,0.0,0.129,80400000.0,199300000.0,261100000.0,0.271,1.328,34.305,34.271,5052500000.0,0.0,14.565,1.089,1.091,308000000.0,836800000.0,874200000.0,874200000.0,0.0,,,,,0.0,0.0,1.0,232938544.0,233278000,234068000.0,3.747,7886400000.0,26200000.0,9900000.0,910600000.0,33.807,287600000.0
64,LNT,MRQ,2005-06-30,2005-06-30,2005-06-30,2021-08-06,-95300000.0,8080600000.0,,1077400000.0,7003200000.0,,10.44,-143300000.0,260300000.0,260300000.0,535400000.0,-58700000.0,1.047,2.328,2564400000.0,387800000.0,2176600000.0,2564400000.0,0.0,81200000.0,0.0,0.037,0.13,-39800000.0,41400000.0,0.059,41400000.0,-39800000.0,-84000000.0,-0.25,-0.25,-0.25,2428000000.0,,2428000000.0,5523171268.0,19.0,9.043,29800000.0,0.128,1.0,164400000.0,0.235,0.0,44200000.0,9356100000.0,,136200000.0,653300000.0,0.0,653300000.0,5652600000.0,1028600000.0,4624000000.0,3271571268.0,139400000.0,0.0,4300000.0,97600000.0,-30400000.0,67000000.0,-100700000.0,-3400000.0,173100000.0,0.0,-58700000.0,-58700000.0,-58700000.0,50000000.0,0.0,-0.084,81200000.0,83200000.0,250600000.0,-0.52,1.347,47.97,46.148,5186300000.0,0.0,14.075,1.115,1.115,246600000.0,754800000.0,699800000.0,699800000.0,0.0,,,,,0.0,0.0,1.0,232438456.0,232566000,232566000.0,3.009,8080600000.0,8500000.0,-25300000.0,892300000.0,34.745,48800000.0
65,LNT,MRQ,2005-03-31,2005-03-31,2005-03-31,2021-08-06,-66900000.0,8131500000.0,,858200000.0,7273300000.0,,10.945,-116400000.0,170600000.0,170600000.0,631300000.0,2400000.0,1.039,2.202,2422200000.0,217700000.0,2204500000.0,2422200000.0,0.0,80100000.0,0.0,0.038,0.13,56000000.0,136100000.0,0.17,136100000.0,56000000.0,12000000.0,0.01,0.01,0.01,2539900000.0,,2539900000.0,5378381436.0,14.0,7.791,79200000.0,0.341,1.0,167500000.0,0.21,0.0,44000000.0,9557500000.0,,131500000.0,704600000.0,0.0,704600000.0,5591600000.0,825600000.0,4766000000.0,3111381436.0,-101200000.0,0.0,7900000.0,-138700000.0,-30400000.0,-171000000.0,-125800000.0,-3200000.0,195600000.0,0.0,2400000.0,2400000.0,2400000.0,24300000.0,0.0,0.003,80100000.0,87400000.0,284100000.0,13.0,1.225,27.341,27.051,5384900000.0,0.0,13.39,1.098,1.096,417100000.0,843900000.0,798800000.0,798800000.0,0.0,,,,,0.0,0.0,1.0,232366052.0,232064000,232738000.0,3.442,8131500000.0,29000000.0,9600000.0,918500000.0,35.04,32600000.0
66,LNT,MRQ,2004-12-31,2004-12-31,2004-12-31,2021-08-06,-67100000.0,8275200000.0,,2142800000.0,6132400000.0,,11.077,-200400000.0,215600000.0,215600000.0,572400000.0,42700000.0,1.591,2.231,2508000000.0,218600000.0,2289400000.0,2508000000.0,0.0,80300000.0,0.0,0.035,0.13,108700000.0,189000000.0,0.255,189000000.0,108700000.0,63300000.0,0.185,0.185,0.185,2561400000.0,,2561400000.0,5532622413.0,13.0,7.574,-28900000.0,-0.125,1.0,169900000.0,0.229,0.0,45400000.0,9221000000.0,,150400000.0,583800000.0,0.0,583800000.0,5713800000.0,1346600000.0,4367200000.0,3304256413.0,66300000.0,0.0,5900000.0,120700000.0,-30300000.0,75300000.0,-180500000.0,-15000000.0,171500000.0,0.0,42700000.0,42700000.0,42700000.0,14900000.0,0.0,0.058,80300000.0,89600000.0,264200000.0,0.703,1.29,22.71,22.344,4665300000.0,0.0,14.3,1.178,1.155,325500000.0,871900000.0,742300000.0,742300000.0,0.0,,,,,0.0,0.0,1.0,231066882.0,231234000,232082000.0,3.21,8275200000.0,0.0,20600000.0,920800000.0,35.787,796200000.0
67,LNT,MRQ,2004-09-30,2004-09-30,2004-09-30,2021-08-06,-92275000.0,7958456000.0,,934892000.0,7023564000.0,,11.018,-140800000.0,190644000.0,190644000.0,448000000.0,81800000.0,1.289,2.161,2419010000.0,181382000.0,2237628000.0,2419010000.0,0.0,79100000.0,0.0,0.04,0.125,165200000.0,244300000.0,0.352,244300000.0,165200000.0,119700000.0,0.36,0.355,0.36,2517488000.0,,2517488000.0,4987792472.0,12.0,7.012,-32800000.0,-0.144,1.0,245600000.0,0.354,0.0,45500000.0,9461403000.0,,196043000.0,786800000.0,0.0,786800000.0,5440968000.0,725419000.0,4715549000.0,2816950472.0,17200000.0,0.0,58500000.0,39400000.0,-28200000.0,61900000.0,-152700000.0,0.0,108000000.0,0.0,81800000.0,81800000.0,81800000.0,10600000.0,0.0,0.118,79200000.0,166400000.0,240710000.0,0.347,1.119,18.607,18.43,5206304000.0,0.0,12.44,1.05,1.059,307168000.0,859488000.0,693600000.0,693600000.0,0.0,,,,,0.0,0.0,1.0,226442964.0,228492000,229406000.0,3.036,7958456000.0,0.0,37900000.0,872035000.0,34.83,209473000.0
68,LNT,MRQ,2004-06-30,2004-06-30,2004-06-30,2021-08-06,-125616000.0,7775874000.0,,817556000.0,6958318000.0,,10.58,-160000000.0,197108000.0,197108000.0,438400000.0,-13100000.0,1.152,2.279,2367950000.0,165122000.0,2202828000.0,2367950000.0,0.0,74900000.0,0.0,0.038,0.125,46000000.0,120900000.0,0.202,120900000.0,46000000.0,2700000.0,-0.06,-0.06,-0.06,2371546000.0,,2371546000.0,5067385030.0,11.0,6.861,-44200000.0,-0.197,1.0,161300000.0,0.269,0.0,43300000.0,9237100000.0,,153371000.0,754843000.0,0.0,754843000.0,5404328000.0,709616000.0,4694712000.0,2903699030.0,-13700000.0,0.0,43000000.0,6900000.0,-27800000.0,32200000.0,-161700000.0,3600000.0,115800000.0,0.0,-13100000.0,-13100000.0,-13100000.0,47100000.0,0.0,-0.022,78600000.0,82700000.0,268206000.0,-2.083,1.224,16.801,16.506,5149132000.0,0.0,13.04,1.062,1.07,278858000.0,805938000.0,599700000.0,599700000.0,0.0,,,,,0.0,0.0,1.0,222676306.0,224158000,224962000.0,2.675,7775874000.0,54464000.0,15800000.0,855775000.0,34.689,107940000.0
69,LNT,MRQ,2004-03-31,2004-03-31,2004-03-31,2021-08-06,-100661000.0,7766888000.0,,807462000.0,6959426000.0,,10.764,-132200000.0,204885000.0,204885000.0,649900000.0,34100000.0,1.008,2.246,2368571000.0,263663000.0,2104908000.0,2368571000.0,0.0,82600000.0,0.0,0.038,0.125,92200000.0,174800000.0,0.216,174800000.0,92200000.0,48800000.0,0.155,0.155,0.155,2392958000.0,,2392958000.0,5022793317.0,10.0,6.379,-29300000.0,-0.132,1.0,160100000.0,0.198,0.0,43400000.0,9129750000.0,,124507000.0,770979000.0,0.0,770979000.0,5373930000.0,800824000.0,4573106000.0,2899818317.0,-46800000.0,0.0,7700000.0,-15600000.0,-27700000.0,-10100000.0,-139600000.0,-3600000.0,102900000.0,0.0,34100000.0,34100000.0,34100000.0,2200000.0,0.0,0.042,82600000.0,77500000.0,276622000.0,0.806,1.212,13.297,12.712,5069406000.0,0.0,13.03,1.038,1.037,325924000.0,846788000.0,810000000.0,810000000.0,0.0,,,,,0.0,0.0,1.0,222549372.0,222306000,223158000.0,3.644,7766888000.0,44237000.0,14700000.0,822879000.0,34.938,6638000.0
70,LNT,MRQ,2003-12-31,2003-12-31,2003-12-31,2021-08-06,-106400000.0,7797500000.0,,988500000.0,6809000000.0,,10.699,-184396000.0,250600000.0,250600000.0,426642000.0,48592000.0,1.152,2.288,2376700000.0,253400000.0,2123300000.0,2376700000.0,0.0,55936000.0,0.0,0.04,0.125,115379000.0,171315000.0,0.296,171315000.0,115379000.0,69722000.0,0.22,0.22,0.22,2371300000.0,,2371300000.0,5368108265.0,12.0,7.148,56198000.0,0.254,1.0,152939000.0,0.264,0.0,45657000.0,9065200000.0,,163900000.0,740300000.0,0.0,740300000.0,5426200000.0,858400000.0,4567800000.0,2756843265.0,124937000.0,0.0,6411000.0,-166984000.0,-27601000.0,-199248000.0,83591000.0,-3734000.0,240594000.0,0.0,48592000.0,48592000.0,48592000.0,-5906000.0,0.0,0.084,55936000.0,97003000.0,296200000.0,0.568,1.163,15.024,13.757,5003600000.0,0.0,12.45,1.011,0.926,236100000.0,840400000.0,579581000.0,579581000.0,0.0,,,,,0.0,0.0,1.0,221433194.0,221644000,222366000.0,2.615,7797500000.0,0.0,21130000.0,819900000.0,35.18,130100000.0
71,LNT,MRQ,2003-09-30,2003-09-30,2003-09-30,2021-08-06,-134131000.0,7605868000.0,,1450327000.0,6155541000.0,,10.596,-153157000.0,103173000.0,103173000.0,501311000.0,103232000.0,1.271,2.286,2714438000.0,418595000.0,2295843000.0,2714438000.0,0.0,76801000.0,0.0,0.057,0.125,194782000.0,271583000.0,0.365,271583000.0,194782000.0,144843000.0,0.475,0.47,0.475,2314507000.0,,2314507000.0,5207006106.0,11.0,6.981,-175871000.0,-0.805,1.0,242334000.0,0.326,0.0,49939000.0,9075808000.0,,221754000.0,734071000.0,0.0,734071000.0,5291361000.0,1141325000.0,4150036000.0,2428653106.0,30286000.0,0.0,326184000.0,-141159000.0,-27534000.0,179692000.0,-126692000.0,-3455000.0,-22714000.0,0.0,103232000.0,103232000.0,103232000.0,-18656000.0,0.0,0.139,78066000.0,164268000.0,268319000.0,0.263,1.049,13.416,12.222,4341429000.0,0.0,11.0,0.811,0.803,337961000.0,819396000.0,743645000.0,743645000.0,0.0,,,,,0.0,0.0,1.0,220786646.0,218442000,218866000.0,3.404,7605868000.0,123770000.0,41611000.0,838405000.0,34.819,309002000.0
72,LNT,MRQ,2003-06-30,2003-06-30,2003-06-30,2021-08-06,-133931000.0,7383535000.0,,1295026000.0,6088509000.0,,10.288,-193322000.0,76427000.0,76427000.0,525075000.0,32154000.0,1.04,2.862,2854780000.0,466343000.0,2388437000.0,2854780000.0,0.0,76185000.0,0.0,0.079,0.125,93500000.0,169685000.0,0.257,169685000.0,93500000.0,38371000.0,0.175,0.175,0.175,1911707000.0,,1911707000.0,4890846318.0,13.0,7.359,-139245000.0,-0.749,1.0,134426000.0,0.204,0.0,55129000.0,8916772000.0,,171058000.0,730064000.0,0.0,730064000.0,5471828000.0,1245116000.0,4226712000.0,1765578318.0,1501000.0,0.0,6151000.0,-91503000.0,-23132000.0,-121281000.0,68705000.0,-3456000.0,54077000.0,0.0,32154000.0,32154000.0,32154000.0,-20425000.0,0.0,0.049,76185000.0,58241000.0,247393000.0,0.714,0.924,14.411,14.201,4079089000.0,0.0,9.515,0.607,0.608,142069000.0,743698000.0,659501000.0,659501000.0,0.0,,,,,0.0,0.0,1.0,185557364.0,185822000,186044000.0,3.549,7383535000.0,143802000.0,6217000.0,841236000.0,39.734,49910000.0
73,LNT,MRQ,2003-03-31,2003-03-31,2003-03-31,2021-08-06,-181930000.0,7714243000.0,,1707306000.0,6006937000.0,,9.987,-284725000.0,74982000.0,74982000.0,753409000.0,-478000.0,1.289,3.175,3200250000.0,540372000.0,2659878000.0,3200250000.0,0.0,77878000.0,0.0,0.109,0.125,62063000.0,139941000.0,0.154,139941000.0,62063000.0,7698000.0,-0.005,-0.005,-0.005,1847880000.0,,1847880000.0,4464174965.0,13.0,7.182,-118082000.0,-0.638,1.0,154821000.0,0.17,0.0,54365000.0,9515119000.0,,127731000.0,666314000.0,0.0,666314000.0,5866363000.0,1324392000.0,4541971000.0,1489017965.0,2876000.0,0.0,6854000.0,178946000.0,-23033000.0,130637000.0,-294404000.0,-3455000.0,166643000.0,0.0,-478000.0,-478000.0,-478000.0,9134000.0,0.0,-0.001,77878000.0,76943000.0,310418000.0,-25.0,0.806,15.402,15.16,3962709000.0,0.0,8.035,0.533,0.532,238341000.0,734676000.0,908230000.0,908230000.0,0.0,,,,,0.0,0.0,1.0,185316486.0,185022000,185076000.0,4.909,7714243000.0,119598000.0,8176000.0,794196000.0,41.694,382914000.0
74,LNT,MRQ,2002-12-31,2002-12-31,2002-12-31,2021-08-06,-209943000.0,7814084000.0,,1655462000.0,6158622000.0,,9.982,-188957000.0,72469000.0,72469000.0,526656000.0,46112000.0,1.475,3.256,3020715000.0,410912000.0,2609803000.0,3020715000.0,0.0,60305000.0,0.0,0.121,0.25,104412000.0,164717000.0,0.242,164717000.0,104412000.0,58338000.0,0.255,0.255,0.255,1836190000.0,,1836190000.0,4553532705.0,14.0,7.41,-22382000.0,-0.122,1.0,155121000.0,0.228,0.0,46074000.0,9640020000.0,,184526000.0,591808000.0,0.0,591808000.0,5977894000.0,1122310000.0,4855584000.0,1517461705.0,4863000.0,0.0,10690000.0,-267456000.0,-45744000.0,27352000.0,-189064000.0,-3021000.0,166575000.0,0.0,46112000.0,46112000.0,46112000.0,14631000.0,0.0,0.068,60305000.0,94816000.0,282855000.0,0.98,0.826,14.195,14.025,4509950000.0,0.0,8.275,0.618,0.612,180144000.0,758187000.0,681777000.0,681777000.0,0.0,,,,,0.0,0.0,1.0,183379058.0,183942000,183940000.0,3.706,7814084000.0,97469000.0,12226000.0,821694000.0,42.481,533152000.0
75,LNT,MRQ,2002-09-30,2002-09-30,2002-09-30,2021-08-06,-266716000.0,6760226000.0,,709875000.0,6050351000.0,,9.707,-155360000.0,116339000.0,116339000.0,455428000.0,44730000.0,0.622,2.819,3152410000.0,540373000.0,2612037000.0,3152410000.0,0.0,71580000.0,0.0,0.104,0.25,118700000.0,190280000.0,0.289,190280000.0,118700000.0,72497000.0,0.245,0.245,0.245,1770269000.0,,1770269000.0,4653241820.0,15.0,8.176,-42965000.0,-0.236,1.0,203999000.0,0.309,0.0,46203000.0,8654860000.0,,184974000.0,971016000.0,0.0,971016000.0,4989957000.0,1141437000.0,3848520000.0,1750780820.0,5130000.0,0.0,16699000.0,153001000.0,-45365000.0,22247000.0,-129512000.0,-2221000.0,112395000.0,0.0,44730000.0,44730000.0,44730000.0,1926000.0,0.0,0.068,71580000.0,132419000.0,208455000.0,1.02,0.989,14.977,14.366,3511457000.0,0.0,9.625,0.768,0.77,211065000.0,757825000.0,659427000.0,659427000.0,0.0,,,,,0.0,0.0,1.0,181899306.0,182364000,182516000.0,3.616,6760226000.0,95682000.0,27767000.0,902498000.0,37.07,-431562000.0
76,LNT,MRQ,2002-06-30,2002-06-30,2002-06-30,2021-08-06,-189728000.0,6673260000.0,,651565000.0,6021695000.0,,10.138,-148994000.0,105550000.0,105550000.0,413493000.0,6315000.0,0.694,2.635,3008011000.0,370163000.0,2637848000.0,3008011000.0,0.0,70433000.0,0.0,0.078,0.25,56217000.0,126650000.0,0.233,126650000.0,56217000.0,10181000.0,0.035,0.035,0.035,1835992000.0,,1835992000.0,5042963075.0,15.0,8.216,-32637000.0,-0.18,1.0,130967000.0,0.241,0.0,46036000.0,8637126000.0,,154838000.0,1179847000.0,0.0,1179847000.0,4837268000.0,938595000.0,3898673000.0,2320508075.0,3200000.0,0.0,14426000.0,162338000.0,-45040000.0,36587000.0,-149744000.0,-2221000.0,116357000.0,0.0,6315000.0,6315000.0,6315000.0,-11823000.0,0.0,0.012,70566000.0,60401000.0,237104000.0,7.143,1.264,16.399,14.942,3262755000.0,0.0,12.85,1.015,1.018,199490000.0,758460000.0,544460000.0,544460000.0,0.0,,,,,0.0,0.0,1.0,180584286.0,181106000,181106000.0,3.006,6673260000.0,67595000.0,3866000.0,853512000.0,36.847,-287030000.0
77,LNT,MRQ,2002-03-31,2002-03-31,2002-03-31,2021-08-06,-138219000.0,6422656000.0,,622795000.0,5799861000.0,,10.614,-155089000.0,120448000.0,120448000.0,431890000.0,9743000.0,0.846,2.36,2842903000.0,203987000.0,2638916000.0,2842903000.0,0.0,75682000.0,0.0,0.066,0.25,57171000.0,132853000.0,0.232,132853000.0,57171000.0,12684000.0,0.055,0.055,0.055,1911644000.0,,1911644000.0,5259094279.0,13.0,7.761,-9116000.0,-0.051,1.0,139546000.0,0.244,0.0,44487000.0,8408686000.0,,130758000.0,1144414000.0,0.0,1144414000.0,4511012000.0,736425000.0,3774587000.0,2713169279.0,-20293000.0,0.0,14285000.0,47817000.0,-44851000.0,-8986000.0,-157280000.0,-15437000.0,145973000.0,0.0,9743000.0,9743000.0,9743000.0,-17534000.0,0.0,0.017,75682000.0,63864000.0,205891000.0,4.545,1.419,15.692,14.188,3159979000.0,0.0,15.11,1.153,1.157,208312000.0,797185000.0,571436000.0,571436000.0,0.0,,,,,0.0,0.0,1.0,179561170.0,180108000,180108000.0,3.173,6422656000.0,44229000.0,2941000.0,787128000.0,35.66,-113630000.0
78,LNT,MRQ,2001-12-31,2001-12-31,2001-12-31,2021-08-06,-152434000.0,6237925000.0,,1108856000.0,5129069000.0,,11.382,-82657000.0,102821000.0,102821000.0,420265000.0,56111000.0,1.454,2.252,2676254000.0,218313000.0,2457941000.0,2676254000.0,0.0,38061000.0,0.0,0.066,0.25,81267000.0,119328000.0,0.237,119328000.0,81267000.0,42759000.0,0.335,0.335,0.335,1918341000.0,,1918341000.0,5004048753.0,12.0,7.143,-125873000.0,-0.747,1.0,83146000.0,0.165,0.0,38508000.0,8048986000.0,,166222000.0,808596000.0,0.0,808596000.0,4319584000.0,762372000.0,3557212000.0,2414311753.0,-4267000.0,0.0,277150000.0,-59669000.0,-39728000.0,137447000.0,-98498000.0,-2221000.0,-43216000.0,0.0,56111000.0,56111000.0,56111000.0,-57071000.0,0.0,0.111,38061000.0,45085000.0,221823000.0,0.746,1.259,14.007,14.187,3325120000.0,0.0,15.18,0.917,0.928,187711000.0,832293000.0,503411000.0,503411000.0,0.0,,,,,0.0,0.0,1.0,159045570.0,168538000,169642000.0,2.987,6237925000.0,25401000.0,-13352000.0,754049000.0,37.012,346484000.0
79,LNT,MRQ,2001-09-30,2001-09-30,2001-09-30,2021-08-06,-171562000.0,6054725000.0,,549009000.0,5505716000.0,,10.111,-269354000.0,142493000.0,142493000.0,447037000.0,69331000.0,0.52,2.773,2732230000.0,525448000.0,2206782000.0,2732230000.0,0.0,85502000.0,0.0,0.064,0.25,149429000.0,234931000.0,0.353,234931000.0,149429000.0,103260000.0,0.435,0.435,0.435,1604665000.0,,1604665000.0,5020861735.0,11.0,6.622,-17147000.0,-0.108,1.0,219228000.0,0.329,0.0,46169000.0,7588606000.0,,166182000.0,574973000.0,0.0,574973000.0,4450060000.0,1055856000.0,3394204000.0,2476035735.0,3706000.0,0.0,10888000.0,64353000.0,-39519000.0,32606000.0,-281107000.0,-2221000.0,252207000.0,0.0,69331000.0,69331000.0,69331000.0,0.0,0.0,0.104,85502000.0,133726000.0,252163000.0,0.575,1.543,13.984,13.973,3806739000.0,0.0,15.65,0.914,0.917,132329000.0,815910000.0,666265000.0,666265000.0,0.0,,,,,0.0,0.0,1.0,158213146.0,158700000,158700000.0,4.198,6054725000.0,18609000.0,33929000.0,855919000.0,38.152,-506847000.0
80,LNT,MRQ,2001-06-30,2001-06-30,2001-06-30,2021-08-06,-23654000.0,6112278000.0,,552893000.0,5559385000.0,,10.804,-170696000.0,133015000.0,133015000.0,457669000.0,37721000.0,0.648,2.573,2677841000.0,415694000.0,2262147000.0,2677841000.0,0.0,86154000.0,0.0,0.069,0.25,104390000.0,190544000.0,0.311,190544000.0,104390000.0,56803000.0,0.24,0.24,0.24,1710780000.0,,1710780000.0,4791152423.0,6.0,4.357,-106288000.0,-0.671,1.0,154172000.0,0.252,0.0,47587000.0,7804069000.0,,125021000.0,803540000.0,0.0,803540000.0,4401498000.0,853035000.0,3548463000.0,2304463423.0,-26055000.0,0.0,-160000.0,51482000.0,-39495000.0,-18361000.0,-72102000.0,-2221000.0,64408000.0,0.0,37721000.0,37721000.0,37721000.0,0.0,0.0,0.062,86154000.0,68018000.0,203895000.0,1.042,1.347,6.001,5.986,3631068000.0,0.0,14.575,0.871,0.872,189445000.0,786098000.0,611841000.0,611841000.0,0.0,,,,,0.0,0.0,1.0,158110698.0,158350000,158350000.0,3.864,6112278000.0,24381000.0,19082000.0,887189000.0,38.6,-300142000.0
81,LNT,MRQ,2001-03-31,2001-03-31,2001-03-31,2021-08-06,100722000.0,6368045000.0,,677395000.0,5690650000.0,,11.604,-190284000.0,114891000.0,114891000.0,678815000.0,9199000.0,0.753,2.465,2601580000.0,368150000.0,2233430000.0,2601580000.0,0.0,84622000.0,0.0,0.063,0.25,71107000.0,155729000.0,0.183,155729000.0,71107000.0,21363000.0,0.06,0.06,0.06,1837951000.0,,1837951000.0,4868175285.0,6.0,4.437,-30337000.0,-0.192,1.0,173898000.0,0.204,0.0,49744000.0,7954653000.0,,105650000.0,1031232000.0,0.0,1031232000.0,4530094000.0,900081000.0,3630013000.0,2514162285.0,-33524000.0,0.0,675000.0,54666000.0,-39489000.0,9383000.0,-202854000.0,-15437000.0,159947000.0,0.0,9199000.0,9199000.0,9199000.0,0.0,0.0,0.011,84622000.0,89276000.0,228125000.0,4.167,1.368,6.471,6.454,3562815000.0,0.0,15.91,0.983,0.985,350854000.0,787872000.0,852713000.0,852713000.0,0.0,,,,,0.0,0.0,1.0,158024028.0,158396000,158396000.0,5.383,6368045000.0,17316000.0,12164000.0,996025000.0,40.203,-222686000.0
82,LNT,MRQ,2000-12-31,2000-12-31,2000-12-31,2021-08-06,271867000.0,6733766000.0,,710981000.0,6022785000.0,,12.894,-68446000.0,151927000.0,151927000.0,467917000.0,60816000.0,0.616,2.305,2502428000.0,592312000.0,1910116000.0,2502428000.0,0.0,63226000.0,0.0,0.063,0.25,113814000.0,177040000.0,0.306,177040000.0,113814000.0,73117000.0,0.385,0.38,0.385,2037472000.0,,2037472000.0,4634939358.0,6.0,4.253,-42248000.0,-0.267,1.0,110618000.0,0.191,0.0,40697000.0,7929932000.0,,143916000.0,1661858000.0,9968000.0,1651890000.0,4696294000.0,1154335000.0,3541959000.0,2518756358.0,79300000.0,0.0,252000.0,304635000.0,-39489000.0,173864000.0,-120762000.0,-2221000.0,26198000.0,0.0,60816000.0,60816000.0,60816000.0,-51039000.0,0.0,0.105,63226000.0,47392000.0,296959000.0,0.649,1.236,6.318,6.313,3101336000.0,0.0,15.94,1.105,1.105,293239000.0,818162000.0,578535000.0,578535000.0,0.0,,,,,0.0,0.0,1.0,158014828.0,158018000,158332000.0,3.661,6733766000.0,0.0,12301000.0,1086523000.0,42.614,-443354000.0
83,LNT,MRQ,2000-09-30,2000-09-30,2000-09-30,2021-08-06,333850000.0,6347441000.0,,485774000.0,5861667000.0,,13.152,-122670000.0,71269000.0,71269000.0,383546000.0,276248000.0,0.455,2.054,2187452000.0,595593000.0,1591859000.0,2187452000.0,0.0,79625000.0,0.0,0.068,0.25,496691000.0,576316000.0,0.955,576316000.0,496691000.0,451651000.0,1.75,1.745,1.75,2078162000.0,,2078162000.0,4786944113.0,6.0,4.421,45467000.0,0.288,1.0,219646000.0,0.364,0.0,45040000.0,7395760000.0,,156011000.0,1341949000.0,0.0,1341949000.0,4269279000.0,1067864000.0,3201415000.0,2321895113.0,39400000.0,0.0,817000.0,-2424000.0,-39488000.0,-45191000.0,-83546000.0,-2221000.0,168137000.0,0.0,276248000.0,276248000.0,276248000.0,0.0,0.0,0.458,79625000.0,140021000.0,184675000.0,0.143,1.117,6.068,6.06,3591029000.0,0.0,14.695,1.056,1.056,156564000.0,796835000.0,603192000.0,603192000.0,0.0,,,,,0.0,0.0,1.0,158005792.0,158008000,158320000.0,3.817,6347441000.0,16760000.0,175403000.0,1146026000.0,40.172,-582090000.0
84,LNT,MRQ,2000-06-30,2000-06-30,2000-06-30,2021-08-06,679194000.0,6597078000.0,,411193000.0,6185885000.0,,13.831,-136678000.0,31869000.0,31869000.0,385748000.0,42278000.0,0.425,2.018,2496918000.0,581765000.0,1915153000.0,2496918000.0,0.0,77970000.0,0.0,0.077,0.25,110110000.0,188080000.0,0.359,188080000.0,110110000.0,68316000.0,0.27,0.27,0.27,2185561000.0,,2185561000.0,4402573354.0,10.0,6.054,-123642000.0,-0.782,1.0,138137000.0,0.264,0.0,41794000.0,8093869000.0,,123889000.0,1755922000.0,0.0,1755922000.0,4411517000.0,968258000.0,3443259000.0,2055655354.0,-15631000.0,-11054000.0,0.0,147988000.0,-39489000.0,103929000.0,-132596000.0,-2221000.0,13036000.0,0.0,42278000.0,42278000.0,42278000.0,0.0,0.0,0.081,77970000.0,60167000.0,182571000.0,0.926,0.941,11.556,11.513,3561589000.0,0.0,13.01,0.937,0.938,132560000.0,560190000.0,523885000.0,523885000.0,0.0,,,,,0.0,0.0,1.0,158005792.0,158024000,158024000.0,3.315,6597078000.0,54052000.0,26038000.0,1205949000.0,41.747,-557065000.0
85,LNT,MRQ,2000-03-31,2000-03-31,2000-03-31,2021-08-06,913950000.0,6877817000.0,,368282000.0,6509535000.0,,15.247,-517660000.0,47500000.0,47500000.0,409761000.0,19320000.0,0.484,1.845,2394418000.0,374916000.0,2019502000.0,2394418000.0,0.0,75911000.0,0.0,0.066,0.25,72376000.0,148287000.0,0.258,148287000.0,72376000.0,31758000.0,0.12,0.12,0.12,2417334000.0,,2417334000.0,4351854647.0,10.0,6.155,-331941000.0,-2.094,1.0,164301000.0,0.286,0.0,40618000.0,8464082000.0,,101644000.0,2185752000.0,0.0,2185752000.0,4460483000.0,760653000.0,3699830000.0,2404782647.0,-66169000.0,11054000.0,0.0,335405000.0,-39498000.0,280461000.0,-532349000.0,-15437000.0,185719000.0,0.0,19320000.0,19320000.0,19320000.0,0.0,0.0,0.034,75911000.0,88390000.0,167275000.0,2.083,0.995,13.808,13.774,3520419000.0,0.0,15.22,1.116,1.12,128939000.0,557286000.0,574062000.0,574062000.0,0.0,,,,,0.0,0.0,1.0,158001488.0,158542000,158542000.0,3.621,6877817000.0,15648000.0,12438000.0,1374269000.0,43.382,-392371000.0
86,LNT,MRQ,1999-12-31,1999-12-31,1999-12-31,2021-08-06,634903000.0,6075683000.0,,485986000.0,5589697000.0,,13.669,-165160000.0,113669000.0,113669000.0,343747000.0,44797000.0,0.521,1.819,2021379000.0,534614000.0,1486765000.0,2021379000.0,0.0,60432000.0,0.0,0.073,0.25,109542000.0,169974000.0,0.342,169974000.0,109542000.0,73660000.0,0.285,0.285,0.285,2155565000.0,,2155565000.0,3962927008.0,9.0,5.411,-105962000.0,-0.672,1.0,152921000.0,0.308,0.0,35882000.0,7049768000.0,,125248000.0,1328173000.0,6328000.0,1321845000.0,3920118000.0,933625000.0,2986493000.0,2165253008.0,44641000.0,0.0,7839000.0,205564000.0,-39368000.0,155238000.0,-169795000.0,-2221000.0,59198000.0,0.0,44797000.0,44797000.0,44797000.0,0.0,0.0,0.09,60432000.0,92489000.0,191149000.0,0.877,1.004,11.015,10.956,3486034000.0,0.0,13.75,1.018,1.013,145427000.0,577464000.0,496668000.0,496668000.0,0.0,,,,,0.0,0.0,1.0,157472946.0,157694000,158014000.0,3.15,6075683000.0,20864000.0,28863000.0,1169164000.0,38.528,-447639000.0
87,LNT,MRQ,1999-09-30,1999-09-30,1999-09-30,2021-08-06,475625000.0,5597245000.0,,419262000.0,5177983000.0,,12.618,-129705000.0,69028000.0,69028000.0,392993000.0,71495000.0,0.624,1.823,1866702000.0,269581000.0,1597121000.0,1866702000.0,0.0,74541000.0,36704000.0,0.072,0.25,146312000.0,220853000.0,0.369,220853000.0,146312000.0,114080000.0,0.455,0.455,0.455,1982820000.0,,1982820000.0,3981714716.0,10.0,5.747,33280000.0,0.212,1.0,205343000.0,0.343,0.0,32232000.0,6722621000.0,,128667000.0,1006083000.0,6199000.0,999884000.0,3614425000.0,672298000.0,2942127000.0,2172492716.0,39625000.0,0.0,7764000.0,23151000.0,-39229000.0,-8420000.0,-114940000.0,-2221000.0,162985000.0,0.0,71495000.0,71495000.0,71495000.0,0.0,0.0,0.119,74542000.0,130801000.0,178387000.0,0.549,1.096,12.275,12.198,3435216000.0,0.0,13.845,1.006,1.007,133275000.0,572035000.0,598336000.0,598336000.0,0.0,,,,,0.0,0.0,1.0,156915328.0,157138000,157142000.0,3.808,5597245000.0,30129000.0,42585000.0,1061611000.0,35.62,-253036000.0
88,LNT,MRQ,1999-06-30,1999-06-30,1999-06-30,2021-08-06,300613000.0,5177136000.0,,338166000.0,4838970000.0,,11.299,-92872000.0,29403000.0,29403000.0,355381000.0,38546000.0,0.531,1.929,1838625000.0,298516000.0,1540109000.0,1838625000.0,0.0,70475000.0,35416000.0,0.07,0.25,97428000.0,167903000.0,0.345,167903000.0,97428000.0,62713000.0,0.245,0.245,0.245,1767408000.0,,1767408000.0,3956748051.0,10.0,5.964,-59250000.0,-0.379,1.0,130733000.0,0.269,0.0,34715000.0,6349788000.0,,109922000.0,667124000.0,5579000.0,661545000.0,3409728000.0,636570000.0,2773158000.0,2216949051.0,-24780000.0,0.0,12350000.0,25941000.0,-39058000.0,-595000.0,-57807000.0,-2221000.0,33622000.0,0.0,38546000.0,38546000.0,38546000.0,0.0,0.0,0.079,70475000.0,60258000.0,145888000.0,1.02,1.254,14.104,13.98,3434570000.0,0.0,14.19,1.047,1.049,110149000.0,539769000.0,486114000.0,486114000.0,0.0,,,,,0.0,0.0,1.0,156233196.0,156428000,156428000.0,3.108,5177136000.0,40311000.0,24167000.0,933699000.0,33.096,-298404000.0
89,LNT,MRQ,1999-03-31,1999-03-31,1999-03-31,2021-08-06,237434000.0,5071122000.0,,362599000.0,4708523000.0,,10.878,-90836000.0,54183000.0,54183000.0,226051000.0,41744000.0,0.584,1.997,1793982000.0,237232000.0,1556750000.0,1793982000.0,0.0,73640000.0,35964000.0,0.075,0.25,100016000.0,173656000.0,0.318,173656000.0,100016000.0,66616000.0,0.27,0.27,0.27,1692223000.0,,1692223000.0,3841217359.0,13.0,6.512,79316000.0,0.51,1.0,320804000.0,0.587,0.0,33400000.0,6189841000.0,,111911000.0,559812000.0,9433000.0,550379000.0,3378899000.0,621080000.0,2757819000.0,2067507359.0,22356000.0,0.0,8538000.0,-12947000.0,-38834000.0,-43130000.0,-104666000.0,-15437000.0,170152000.0,0.0,41744000.0,41744000.0,41744000.0,0.0,0.0,0.076,227817000.0,92987000.0,163589000.0,0.926,1.222,18.874,18.746,3423288000.0,0.0,13.31,0.975,0.976,22273000.0,540282000.0,546855000.0,546855000.0,0.0,,,,,0.0,0.0,1.0,155334888.0,155560000,155560000.0,3.515,5071122000.0,16882000.0,24872000.0,920962000.0,32.599,-258481000.0
90,LNT,MRQ,1998-12-31,1998-12-31,1998-12-31,2021-08-06,163017000.0,4959337000.0,,391667000.0,4567670000.0,,10.395,-130512000.0,31827000.0,31827000.0,950984000.0,25194000.0,0.603,2.087,1805537000.0,248651000.0,1556886000.0,1805537000.0,0.0,66718000.0,37171000.0,0.062,0.25,63736000.0,130454000.0,0.247,130454000.0,63736000.0,29418000.0,0.165,0.165,0.165,1606295000.0,,1606295000.0,4173086994.0,15.0,7.404,-52337000.0,-0.339,1.0,-422718000.0,-0.8,0.0,34318000.0,6083493000.0,,133643000.0,402554000.0,13392000.0,389162000.0,3353042000.0,649554000.0,2703488000.0,2488177994.0,22360000.0,16677000.0,15515000.0,123486000.0,-38576000.0,84928000.0,-140743000.0,-2221000.0,78175000.0,0.0,25194000.0,25194000.0,25194000.0,0.0,0.0,0.048,-477316000.0,54598000.0,204297000.0,1.515,1.549,25.738,25.595,3456780000.0,0.0,16.125,1.168,1.164,129020000.0,537372000.0,528266000.0,528266000.0,0.0,,,,,0.0,0.0,1.0,154305612.0,154520000,154656000.0,3.419,4959337000.0,37048000.0,4224000.0,853858000.0,32.095,-257887000.0
91,LNT,MRQ,1998-09-30,1998-09-30,1998-09-30,2021-08-06,103982000.0,4710128000.0,,330705000.0,4379423000.0,,10.031,-84110000.0,9467000.0,9467000.0,193664000.0,51704000.0,0.572,2.049,1694376000.0,193024000.0,1501352000.0,1694376000.0,0.0,70097000.0,36002000.0,0.062,0.25,121274000.0,191371000.0,0.345,191371000.0,121274000.0,89384000.0,0.335,0.335,0.335,1544976000.0,,1544976000.0,4195788418.0,14.0,7.315,84149000.0,0.546,1.0,361649000.0,0.651,0.0,31890000.0,5816680000.0,,118368000.0,294483000.0,13465000.0,281018000.0,3165152000.0,578357000.0,2586795000.0,2465654418.0,-22252000.0,0.0,7683000.0,-65529000.0,-38454000.0,-96002000.0,-94509000.0,-2221000.0,168259000.0,0.0,51704000.0,51704000.0,51704000.0,0.0,0.0,0.093,239453000.0,122196000.0,164380000.0,0.746,1.596,24.509,24.473,3412057000.0,0.0,16.03,1.126,1.128,112567000.0,550754000.0,555313000.0,555313000.0,0.0,,,,,0.0,0.0,1.0,153814998.0,154016000,154016000.0,3.606,4710128000.0,18372000.0,37680000.0,821492000.0,30.582,-247652000.0
92,LNT,MRQ,1998-06-30,1998-06-30,1998-06-30,2021-08-06,215039000.0,4949319000.0,,364315000.0,4585004000.0,,10.806,-95722000.0,31719000.0,31719000.0,193460000.0,-9098000.0,0.608,1.982,1761853000.0,253146000.0,1508707000.0,1761853000.0,0.0,72858000.0,34924000.0,0.062,0.25,21555000.0,94413000.0,0.192,94413000.0,21555000.0,-10676000.0,-0.06,-0.06,-0.06,1659808000.0,,1659808000.0,3077139370.0,10.0,5.394,-56667000.0,-0.369,1.0,297552000.0,0.606,0.0,32231000.0,6079819000.0,,101328000.0,481473000.0,17014000.0,464459000.0,3289511000.0,599634000.0,2689877000.0,2495382370.0,-30384000.0,0.0,7806000.0,65392000.0,-27069000.0,30710000.0,-100149000.0,-2221000.0,39055000.0,0.0,-9098000.0,-9098000.0,-9098000.0,0.0,0.0,-0.019,264925000.0,32627000.0,157453000.0,-4.167,1.503,24.025,23.897,3437081000.0,0.0,16.25,1.139,1.14,119031000.0,562266000.0,491012000.0,491012000.0,0.0,,,,,0.0,0.0,1.0,153561992.0,153600000,153600000.0,3.197,4949319000.0,0.0,-1578000.0,891515000.0,32.222,-235319000.0
93,LNT,MRQ,1998-03-31,1998-03-31,1998-03-31,2021-08-06,0.0,1812541000.0,,130551000.0,1681990000.0,,3.967,-61714000.0,10119000.0,10119000.0,229960000.0,28875000.0,0.445,1.984,591876000.0,133975000.0,457901000.0,591876000.0,0.0,69832000.0,32877000.0,0.059,0.25,77586000.0,147418000.0,0.265,147418000.0,77586000.0,46662000.0,0.19,0.19,0.19,607505000.0,,607505000.0,,,,120559000.0,0.787,1.0,326323000.0,0.587,0.0,30924000.0,2100595000.0,,37010000.0,19752000.0,19752000.0,0.0,1205036000.0,293703000.0,911333000.0,1037267698.0,34774000.0,0.0,2828000.0,-43192000.0,-36580000.0,-77367000.0,-70132000.0,-13642000.0,182273000.0,0.0,28875000.0,28875000.0,28875000.0,0.0,0.0,0.052,252443000.0,73880000.0,85561000.0,1.316,1.707,7.751,19.251,1334275000.0,0.0,16.845,0.473,1.176,29932000.0,303267000.0,556283000.0,556283000.0,0.0,,,,,0.0,0.0,1.0,61577186.0,153158000,153158000.0,3.632,1812541000.0,0.0,17787000.0,260343000.0,11.834,-163152000.0
94,LNT,MRQ,1997-12-31,1997-12-31,1997-12-31,2021-08-06,173512000.0,4923550000.0,,412242000.0,4511308000.0,,10.625,-145225000.0,27329000.0,27329000.0,236695000.0,29122000.0,0.634,2.031,1736538000.0,245001000.0,1491537000.0,1736538000.0,0.0,67628000.0,36619000.0,0.06,0.25,72796000.0,140424000.0,0.24,140424000.0,72796000.0,38752000.0,0.19,0.19,0.19,1624556000.0,,1624556000.0,,,,-16874000.0,-0.11,1.0,349582000.0,0.596,0.0,34044000.0,5982968000.0,,122865000.0,408504000.0,23410000.0,385094000.0,3298994000.0,649791000.0,2649203000.0,1019718200.0,-6804000.0,0.0,3334000.0,9119000.0,-36523000.0,-25534000.0,-109621000.0,-2221000.0,128351000.0,0.0,29122000.0,29122000.0,29122000.0,0.0,0.0,0.05,282764000.0,66818000.0,192634000.0,1.316,0.628,7.053,17.432,3434742000.0,0.0,16.56,0.443,1.097,144369000.0,581376000.0,586277000.0,586277000.0,0.0,,,,,0.0,0.0,1.0,61577186.0,152900000,152900000.0,3.834,4923550000.0,22153000.0,9630000.0,881684000.0,32.201,-237549000.0
95,LNT,MRQ,1997-09-30,1997-09-30,1997-09-30,2021-08-06,,,,,,,,-66646000.0,,,185243000.0,54969000.0,,,,,,,,65697000.0,,0.07,0.25,122540000.0,188237000.0,0.338,188237000.0,122540000.0,90956000.0,0.36,0.36,0.36,,,,,,,72542000.0,0.475,1.0,371615000.0,0.667,,31584000.0,,,,,,,,,,,-20088000.0,0.0,3296000.0,-51517000.0,-36616000.0,-82681000.0,-76595000.0,-2222000.0,139188000.0,0.0,54969000.0,54969000.0,54969000.0,0.0,0.0,0.099,251318000.0,120297000.0,,0.694,,,,,0.0,14.31,,,,,556858000.0,556858000.0,0.0,,,,,0.0,0.0,1.0,,152654000,152654000.0,3.648,,,35987000.0,,,
96,LNT,MRQ,1997-06-30,1997-06-30,1997-06-30,2021-08-06,,,,,,,,-104005000.0,,,190911000.0,20859000.0,,,,,,,,100126000.0,,0.071,0.25,59496000.0,159622000.0,0.323,159622000.0,59496000.0,31062000.0,0.135,0.135,0.135,,,,,,,-1328000.0,-0.009,1.0,302931000.0,0.613,,28434000.0,,,,,,,,,,,31308000.0,0.0,8905000.0,123842000.0,-57106000.0,72824000.0,-144193000.0,-3725000.0,102677000.0,0.0,20859000.0,20859000.0,20859000.0,0.0,0.0,0.042,244611000.0,58320000.0,,1.852,,,,,0.0,13.97,,,,,493842000.0,493842000.0,0.0,,,,,0.0,0.0,1.0,,152266000,152266000.0,3.243,,,10203000.0,,,
97,LNT,MRQ,1997-03-31,1997-03-31,1997-03-31,2021-08-06,,,,,,,,-25508000.0,,,119672000.0,21827000.0,,,,,,,,26212000.0,,0.072,0.25,43553000.0,69765000.0,0.267,69765000.0,43553000.0,33874000.0,0.355,0.355,0.355,,,,,,,67765000.0,1.101,1.0,142016000.0,0.543,,9679000.0,,,,,,,,,,,96000.0,0.0,0.0,-45974000.0,-15386000.0,-61360000.0,-31817000.0,-9267000.0,93273000.0,0.0,21827000.0,21827000.0,21827000.0,0.0,0.0,0.083,101379000.0,40637000.0,,0.704,,,,,0.0,13.69,,,,,261688000.0,261688000.0,0.0,,,,,0.0,0.0,1.0,,61548000,61548000.0,4.252,,,12047000.0,,,
98,LNT,MRQ,1996-12-31,1996-12-31,1996-12-31,2021-08-06,0.0,1900531000.0,,11070000.0,1889461000.0,,3.069,,17918000.0,17918000.0,,,0.027,3.102,589944000.0,227380000.0,362564000.0,589944000.0,0.0,,0.0,0.07,0.245,,,,,,,,,,463311000.0,,463311000.0,,,,,,1.0,,,0.0,,2065219000.0,,45748000.0,15408000.0,0.0,0.0,1437220000.0,407338000.0,1029882000.0,,,,,,,,,,,,,,,,,,,,106486000.0,,,,13.65,1369832000.0,,14.06,,0.951,0.0,,,,,,,,,,,1.0,,150962000,,,1900531000.0,19389000.0,,287286000.0,12.589,-396268000.0
0,LNT,MRT,2021-06-30,2021-06-30,2021-06-30,2021-08-06,-1000000.0,17939000000.0,17695750000.0,899000000.0,17040000000.0,0.195,23.257,-1135000000.0,15000000.0,15000000.0,2051000000.0,635000000.0,0.549,2.048,7311000000.0,843000000.0,6468000000.0,7311000000.0,0.0,645600000.0,0.0,0.028,1.565,834000000.0,1479600000.0,0.428,1479600000.0,834000000.0,560000000.0,2.5,2.48,2.5,5819000000.0,5745500000.0,5819000000.0,21048502620.0,25.0,14.226,-746700000.0,-2.984,1.0,1404000000.0,0.406,0.0,274000000.0,23596000000.0,23366750000.0,208000000.0,506000000.0,0.0,506000000.0,11920000000.0,1639000000.0,10281000000.0,13947502620.0,-193700000.0,0.0,27200000.0,542700000.0,-392400000.0,166700000.0,-748700000.0,543100000.0,388300000.0,0.0,635000000.0,625000000.0,625000000.0,0.0,0.0,0.181,646000000.0,758000000.0,392000000.0,0.626,2.397,22.316,22.304,14540000000.0,10000000.0,55.76,4.037,4.038,377000000.0,3106000000.0,3455000000.0,3455000000.0,0.0,0.035,0.109,0.036,0.241,0.0,0.0,1.0,250134552.0,250200000,250600000.0,13.809,17939000000.0,0.0,-75000000.0,1865000000.0,71.699,-740000000.0
1,LNT,MRT,2021-03-31,2021-03-31,2021-03-31,2021-08-06,-1000000.0,17594000000.0,17528425000.0,755000000.0,16839000000.0,0.194,23.064,-1229000000.0,14000000.0,14000000.0,2018000000.0,625000000.0,0.536,2.017,7115000000.0,644000000.0,6471000000.0,7115000000.0,0.0,632600000.0,0.0,0.028,1.542,834000000.0,1466600000.0,0.431,1466600000.0,834000000.0,559000000.0,2.46,2.45,2.46,5766000000.0,5677825000.0,5766000000.0,20645557668.0,25.0,14.077,-743700000.0,-2.975,1.0,1383000000.0,0.407,0.0,275000000.0,23287000000.0,23119225000.0,204000000.0,494000000.0,0.0,494000000.0,11628000000.0,1408000000.0,10220000000.0,13533557668.0,-41700000.0,0.0,27200000.0,658700000.0,-385400000.0,282700000.0,-809700000.0,544100000.0,485300000.0,0.0,625000000.0,615000000.0,615000000.0,0.0,0.0,0.181,633000000.0,750000000.0,307000000.0,0.627,2.347,22.006,22.016,14353000000.0,10000000.0,54.16,3.979,3.981,325000000.0,3063000000.0,3401000000.0,3401000000.0,0.0,0.035,0.108,0.036,0.245,0.0,0.0,1.0,249881050.0,250000000,250400000.0,13.604,17594000000.0,0.0,-66000000.0,1843000000.0,70.376,-653000000.0
2,LNT,MRT,2020-12-31,2020-12-31,2020-12-31,2021-08-06,-1000000.0,17710000000.0,17349675000.0,887000000.0,16823000000.0,0.197,22.899,-1293000000.0,54000000.0,54000000.0,2061000000.0,624000000.0,0.684,2.078,7166000000.0,397000000.0,6769000000.0,7166000000.0,0.0,615000000.0,0.0,0.029,1.52,842000000.0,1457000000.0,0.427,1457000000.0,842000000.0,567000000.0,2.47,2.47,2.47,5688000000.0,5611925000.0,5688000000.0,19684166964.0,23.0,13.51,-792000000.0,-3.188,1.0,1355000000.0,0.397,0.0,275000000.0,23525000000.0,22706275000.0,217000000.0,485000000.0,0.0,485000000.0,11822000000.0,1297000000.0,10525000000.0,12870166964.0,38000000.0,0.0,247000000.0,645000000.0,-377000000.0,488000000.0,-951000000.0,458000000.0,501000000.0,0.0,624000000.0,614000000.0,614000000.0,0.0,0.0,0.18,615000000.0,740000000.0,377000000.0,0.615,2.263,20.961,20.862,14336000000.0,10000000.0,51.53,3.768,3.747,412000000.0,2994000000.0,3416000000.0,3416000000.0,0.0,0.035,0.109,0.037,0.246,0.0,0.0,1.0,249760663.0,248400000,248700000.0,13.752,17710000000.0,0.0,-57000000.0,1814000000.0,71.296,-410000000.0
3,LNT,MRT,2020-09-30,2020-09-30,2020-09-30,2021-08-06,-1000000.0,17540000000.0,17097425000.0,1033000000.0,16507000000.0,0.203,22.863,-1470000000.0,189000000.0,189000000.0,2093000000.0,671000000.0,0.798,2.037,7003000000.0,429000000.0,6574000000.0,7003000000.0,0.0,596600000.0,0.0,0.029,1.495,920000000.0,1516600000.0,0.436,1516600000.0,920000000.0,644000000.0,2.69,2.68,2.69,5709000000.0,5491175000.0,5709000000.0,19451230781.0,21.0,12.826,-883700000.0,-3.539,1.0,1386000000.0,0.398,0.0,276000000.0,23059000000.0,22114525000.0,223000000.0,478000000.0,0.0,478000000.0,11631000000.0,1295000000.0,10336000000.0,12894130781.0,-6700000.0,0.0,446200000.0,465700000.0,-364400000.0,511700000.0,-1104700000.0,475100000.0,586300000.0,0.0,671000000.0,661000000.0,661000000.0,0.0,0.0,0.19,597000000.0,789000000.0,417000000.0,0.556,2.259,19.507,19.201,14199000000.0,10000000.0,51.65,3.706,3.707,399000000.0,3026000000.0,3479000000.0,3479000000.0,0.0,0.039,0.12,0.042,0.264,0.0,0.0,1.0,249644352.0,249700000,250000000.0,13.933,17540000000.0,30000000.0,-27000000.0,1803000000.0,70.244,-262000000.0
4,LNT,MRT,2020-06-30,2020-06-30,2020-06-30,2021-08-06,-600000.0,17269700000.0,16845775000.0,1044300000.0,16225400000.0,0.211,22.229,-1470500000.0,208100000.0,208100000.0,2157000000.0,651000000.0,0.855,2.077,6765200000.0,192800000.0,6572400000.0,6765200000.0,0.0,585200000.0,0.0,0.031,1.47,943000000.0,1528200000.0,0.431,1528200000.0,943000000.0,667000000.0,2.65,2.64,2.65,5548300000.0,5306225000.0,5548300000.0,18342659591.0,19.0,12.003,-768400000.0,-3.079,1.0,1392000000.0,0.392,0.0,276000000.0,22605900000.0,21549550000.0,221800000.0,473200000.0,0.0,473200000.0,11521400000.0,1220900000.0,10300500000.0,11936259591.0,34300000.0,0.0,564400000.0,238100000.0,-356200000.0,404200000.0,-1072000000.0,497500000.0,702100000.0,0.0,651000000.0,641000000.0,641000000.0,0.0,0.0,0.181,585000000.0,807000000.0,429900000.0,0.555,2.151,18.621,18.053,13936400000.0,10000000.0,47.84,3.363,3.365,386500000.0,2873500000.0,3549000000.0,3549000000.0,0.0,0.038,0.121,0.044,0.266,0.0,0.0,1.0,249503754.0,249600000,249800000.0,14.219,17269700000.0,0.0,16000000.0,1761300000.0,69.19,-176600000.0
5,LNT,MRT,2020-03-31,2020-03-31,2020-03-31,2021-08-06,2000000.0,16879000000.0,16558750000.0,912200000.0,15966800000.0,0.216,22.514,-1443000000.0,55200000.0,55200000.0,2211500000.0,612100000.0,0.553,2.031,6461600000.0,627700000.0,5833900000.0,6461600000.0,0.0,576100000.0,0.0,0.03,1.445,922500000.0,1498600000.0,0.419,1498600000.0,922500000.0,647300000.0,2.51,2.5,2.51,5502400000.0,5094050000.0,5502400000.0,18343847908.0,20.0,12.241,-804100000.0,-3.29,1.0,1364700000.0,0.382,0.0,275200000.0,21635200000.0,21032525000.0,220600000.0,469500000.0,0.0,469500000.0,11176600000.0,1650200000.0,9526400000.0,11832547908.0,40700000.0,0.0,563400000.0,334800000.0,-346300000.0,503000000.0,-1101200000.0,482600000.0,638900000.0,0.0,612100000.0,601600000.0,601600000.0,0.0,0.0,0.168,575900000.0,788800000.0,375400000.0,0.576,2.15,19.668,19.239,13685000000.0,10500000.0,48.29,3.309,3.3,396400000.0,2833700000.0,3576200000.0,3576200000.0,0.0,0.036,0.118,0.044,0.258,0.0,0.0,1.0,245031019.0,244400000,244600000.0,14.633,16879000000.0,0.0,35200000.0,1736100000.0,69.063,-738000000.0
6,LNT,MRT,2019-12-31,2019-12-31,2019-12-31,2021-08-06,1000000.0,16701000000.0,16267350000.0,876000000.0,15825000000.0,0.224,21.824,-1539000000.0,16000000.0,16000000.0,2303000000.0,567000000.0,0.426,2.17,6527000000.0,994000000.0,5533000000.0,6527000000.0,0.0,567000000.0,0.0,0.026,1.42,909000000.0,1476000000.0,0.405,1476000000.0,909000000.0,636000000.0,2.34,2.33,2.34,5205000000.0,4889050000.0,5205000000.0,19499366169.0,21.0,13.211,-879000000.0,-3.686,1.0,1345000000.0,0.369,0.0,273000000.0,21158000000.0,20685975000.0,227000000.0,468000000.0,0.0,468000000.0,11296000000.0,2054000000.0,9242000000.0,13151566169.0,-8000000.0,0.0,390000000.0,590000000.0,-337000000.0,619000000.0,-1287000000.0,413000000.0,660000000.0,0.0,567000000.0,557000000.0,557000000.0,0.0,0.0,0.153,567000000.0,778000000.0,422000000.0,0.607,2.527,23.611,23.385,13527000000.0,10000000.0,54.72,3.605,3.578,402000000.0,2766000000.0,3648000000.0,3648000000.0,0.0,0.034,0.114,0.044,0.249,0.0,0.0,1.0,240342949.0,238500000,239000000.0,15.296,16701000000.0,0.0,69000000.0,1784000000.0,70.025,-1178000000.0
7,LNT,MRT,2019-09-30,2019-09-30,2019-09-30,2021-08-06,1000000.0,16533400000.0,15948600000.0,1113000000.0,15420400000.0,0.228,20.783,-1492800000.0,193700000.0,193700000.0,2348400000.0,541300000.0,0.535,2.287,6541500000.0,1006400000.0,5535100000.0,6541500000.0,0.0,554600000.0,0.0,0.026,1.4,863200000.0,1417800000.0,0.389,1417800000.0,863200000.0,596500000.0,2.24,2.23,2.24,4969200000.0,4734225000.0,4969200000.0,19174711521.0,22.0,13.524,-898000000.0,-3.756,1.0,1292000000.0,0.355,0.0,266700000.0,20799100000.0,20322725000.0,224100000.0,453000000.0,0.0,453000000.0,11364200000.0,2082100000.0,9282100000.0,12809511521.0,-47900000.0,0.0,190700000.0,656500000.0,-331700000.0,469600000.0,-1112300000.0,523800000.0,594800000.0,0.0,541300000.0,530900000.0,530900000.0,0.0,0.0,0.146,554400000.0,737600000.0,497700000.0,0.625,2.578,24.128,24.076,13131100000.0,10400000.0,53.93,3.519,3.542,451500000.0,2739100000.0,3640400000.0,3640400000.0,0.0,0.033,0.112,0.042,0.237,0.0,0.0,1.0,237521074.0,239100000,239900000.0,15.225,16533400000.0,30300000.0,55200000.0,1703000000.0,69.148,-969100000.0
8,LNT,MRT,2019-06-30,2019-06-30,2019-06-30,2021-08-06,1000000.0,16121600000.0,15632700000.0,1027300000.0,15094300000.0,0.229,19.788,-1521900000.0,170200000.0,170200000.0,2335900000.0,520400000.0,0.527,2.388,6535400000.0,1097300000.0,5438100000.0,6535400000.0,0.0,539400000.0,0.0,0.028,1.38,826300000.0,1365700000.0,0.382,1365700000.0,826300000.0,564300000.0,2.16,2.16,2.16,4699600000.0,4634525000.0,4699600000.0,17774617594.0,22.0,13.015,-991400000.0,-4.174,1.0,1243100000.0,0.347,0.0,262000000.0,20537800000.0,19966175000.0,205800000.0,443300000.0,0.0,443300000.0,11222000000.0,1949000000.0,9273000000.0,11651317594.0,162600000.0,0.0,157500000.0,976600000.0,-325000000.0,788200000.0,-1156100000.0,498000000.0,530500000.0,0.0,520400000.0,510400000.0,510400000.0,0.0,0.0,0.143,539400000.0,703700000.0,422500000.0,0.639,2.479,22.828,22.722,12854000000.0,10000000.0,49.08,3.255,3.257,421500000.0,2597800000.0,3579000000.0,3579000000.0,0.0,0.033,0.11,0.041,0.231,0.0,0.0,1.0,237394409.0,237500000,238100000.0,15.069,16121600000.0,0.0,43900000.0,1657900000.0,67.88,-921700000.0
9,LNT,MRT,2019-03-31,2019-03-31,2019-03-31,2021-08-06,2400000.0,15713400000.0,15256050000.0,815200000.0,14898200000.0,0.236,19.799,-1607800000.0,10100000.0,10100000.0,2376300000.0,526200000.0,0.513,2.313,6133400000.0,771200000.0,5362200000.0,6133400000.0,0.0,523500000.0,0.0,0.029,1.36,826600000.0,1350100000.0,0.375,1350100000.0,826600000.0,572500000.0,2.19,2.19,2.19,4682400000.0,4547300000.0,4682400000.0,17049290007.0,21.0,12.628,-1055000000.0,-4.461,1.0,1228600000.0,0.341,0.0,254100000.0,20249000000.0,19561400000.0,168000000.0,433600000.0,0.0,433600000.0,10831000000.0,1587700000.0,9243300000.0,11126190007.0,-10000000.0,0.0,245300000.0,796100000.0,-318200000.0,716800000.0,-1279600000.0,441100000.0,552800000.0,0.0,526200000.0,516200000.0,516200000.0,0.0,0.0,0.143,523500000.0,705100000.0,387700000.0,0.621,2.376,21.554,21.521,12665200000.0,10000000.0,47.13,3.086,3.092,417900000.0,2587300000.0,3604900000.0,3604900000.0,0.0,0.034,0.114,0.042,0.229,0.0,0.0,1.0,236074475.0,236500000,236600000.0,15.243,15713400000.0,0.0,46300000.0,1642000000.0,66.441,-772500000.0
10,LNT,MRT,2018-12-31,2018-12-31,2018-12-31,2021-08-06,1700000.0,15426000000.0,14888150000.0,785100000.0,14640900000.0,0.237,19.631,-1569000000.0,20900000.0,20900000.0,2333000000.0,522000000.0,0.478,2.32,5944000000.0,697700000.0,5246300000.0,5944000000.0,0.0,507000000.0,0.0,0.032,1.34,817000000.0,1324000000.0,0.375,1324000000.0,817000000.0,570000000.0,2.19,2.19,2.19,4585700000.0,4434575000.0,4585700000.0,15619714886.0,19.0,11.797,-1041000000.0,-4.456,1.0,1201000000.0,0.34,0.0,247000000.0,19705000000.0,18872425000.0,211800000.0,431300000.0,0.0,431300000.0,10640300000.0,1644100000.0,8996200000.0,9968314886.0,-8000000.0,0.0,197000000.0,670000000.0,-312000000.0,531000000.0,-1067000000.0,605000000.0,528000000.0,0.0,522000000.0,512000000.0,512000000.0,0.0,0.0,0.145,507000000.0,694000000.0,543300000.0,0.612,2.174,19.469,19.292,12462400000.0,10000000.0,42.25,2.821,2.793,350400000.0,2545900000.0,3534000000.0,3534000000.0,0.0,0.034,0.115,0.043,0.231,0.0,0.0,1.0,235936447.0,233600000,233600000.0,15.128,15426000000.0,42200000.0,48000000.0,1603100000.0,66.036,-859000000.0
11,LNT,MRT,2018-09-30,2018-09-30,2018-09-30,2021-08-06,-200000.0,15269800000.0,14578600000.0,1124800000.0,14145000000.0,0.241,19.432,-1469500000.0,239700000.0,239700000.0,2314600000.0,530800000.0,0.726,2.297,5891100000.0,642900000.0,5248200000.0,5891100000.0,0.0,495500000.0,0.0,0.031,1.32,815100000.0,1310600000.0,0.373,1310600000.0,815100000.0,574700000.0,2.22,2.22,2.22,4570400000.0,4333700000.0,4570400000.0,15512812694.0,19.0,11.836,-957000000.0,-4.069,1.0,1202500000.0,0.342,0.0,240400000.0,19372900000.0,18269275000.0,211100000.0,424000000.0,0.0,424000000.0,10499400000.0,1548300000.0,8951100000.0,9951712694.0,232600000.0,0.0,197700000.0,1056300000.0,-305900000.0,930100000.0,-1210000000.0,366900000.0,512500000.0,0.0,530800000.0,520600000.0,520600000.0,0.0,0.0,0.148,495500000.0,707000000.0,498100000.0,0.595,2.177,19.116,19.176,12005200000.0,10200000.0,42.57,2.83,2.847,465300000.0,2539500000.0,3517100000.0,3517100000.0,0.0,0.036,0.12,0.045,0.232,0.0,0.0,1.0,233772908.0,235200000,235200000.0,14.954,15269800000.0,0.0,43900000.0,1575200000.0,64.923,-423500000.0
12,LNT,MRT,2018-06-30,2018-06-30,2018-06-30,2021-08-06,100000.0,14615000000.0,14289875000.0,805900000.0,13809100000.0,0.245,18.753,-1415800000.0,5000000.0,5000000.0,2321000000.0,494100000.0,0.641,2.313,5566100000.0,438600000.0,5127500000.0,5566100000.0,0.0,487200000.0,0.0,0.031,1.3,783400000.0,1270600000.0,0.364,1270600000.0,783400000.0,552400000.0,2.08,2.08,2.08,4350700000.0,4229650000.0,4350700000.0,15121110961.0,19.0,11.901,-747300000.0,-3.221,1.0,1174400000.0,0.336,0.0,231000000.0,18918700000.0,17796350000.0,200100000.0,420500000.0,0.0,420500000.0,10064300000.0,1257400000.0,8806900000.0,9796310961.0,-200000.0,0.0,112400000.0,843700000.0,-300000000.0,630700000.0,-1299400000.0,319800000.0,668500000.0,0.0,494100000.0,483900000.0,483900000.0,0.0,0.0,0.138,487200000.0,687200000.0,431100000.0,0.625,2.252,20.244,20.346,11695700000.0,10200000.0,42.32,2.803,2.809,415000000.0,2412500000.0,3495400000.0,3495400000.0,0.0,0.034,0.114,0.044,0.224,0.0,0.0,1.0,231481828.0,232000000,232000000.0,15.066,14615000000.0,0.0,58300000.0,1507200000.0,62.996,-451500000.0
13,LNT,MRT,2018-03-31,2018-03-31,2018-03-31,2021-08-06,-500000.0,14241800000.0,14071975000.0,725900000.0,13515900000.0,0.245,18.287,-1348100000.0,19100000.0,19100000.0,2279700000.0,488000000.0,0.35,2.318,5343900000.0,1287100000.0,4056800000.0,5343900000.0,0.0,475200000.0,0.0,0.031,1.28,776400000.0,1251600000.0,0.363,1251600000.0,776400000.0,553900000.0,2.06,2.06,2.06,4231500000.0,4154575000.0,4231500000.0,14706819889.0,19.0,11.75,-789200000.0,-3.411,1.0,1164900000.0,0.338,0.0,222500000.0,17493100000.0,17380675000.0,202800000.0,414700000.0,0.0,414700000.0,9810300000.0,2073500000.0,7736800000.0,9453219889.0,13200000.0,0.0,155900000.0,719900000.0,-294300000.0,552700000.0,-1098400000.0,464400000.0,558900000.0,0.0,488000000.0,477800000.0,477800000.0,0.0,0.0,0.139,475200000.0,689700000.0,363100000.0,0.621,2.234,19.785,19.835,11439600000.0,10200000.0,40.86,2.744,2.745,343200000.0,2389400000.0,3444600000.0,3444600000.0,0.0,0.034,0.115,0.045,0.225,0.0,0.0,1.0,231356336.0,231400000,231400000.0,14.886,14241800000.0,0.0,65900000.0,1511600000.0,61.546,-1347600000.0
14,LNT,MRT,2017-12-31,2017-12-31,2017-12-31,2021-08-06,-500000.0,14187800000.0,13877750000.0,905100000.0,13282700000.0,0.244,18.207,-1281800000.0,27900000.0,27900000.0,2249200000.0,467500000.0,0.421,2.345,5281500000.0,1270900000.0,4010600000.0,5281500000.0,0.0,461800000.0,0.0,0.03,1.26,749800000.0,1211600000.0,0.358,1211600000.0,749800000.0,534200000.0,1.99,1.99,1.99,4182200000.0,4070925000.0,4182200000.0,14688017780.0,20.0,12.123,-760200000.0,-3.31,1.0,1133000000.0,0.335,0.0,215600000.0,17292400000.0,17236150000.0,222400000.0,396100000.0,0.0,396100000.0,9805600000.0,2149000000.0,7656600000.0,9851617780.0,20800000.0,0.0,149600000.0,716500000.0,-288300000.0,532600000.0,-1033400000.0,461800000.0,521600000.0,0.0,467500000.0,457300000.0,457300000.0,-1400000.0,0.0,0.135,461800000.0,671200000.0,477300000.0,0.633,2.356,21.543,21.412,11234500000.0,10200000.0,42.61,2.913,2.894,482800000.0,2346000000.0,3382200000.0,3382200000.0,0.0,0.033,0.112,0.044,0.222,0.0,0.0,1.0,231204360.0,229700000,229700000.0,14.724,14187800000.0,41300000.0,66700000.0,1478400000.0,61.767,-1243900000.0
15,LNT,MRT,2017-09-30,2017-09-30,2017-09-30,2021-08-06,-400000.0,14114900000.0,13674250000.0,751500000.0,13363400000.0,0.243,17.984,-1236800000.0,9200000.0,9200000.0,2223300000.0,436400000.0,0.511,2.35,4845600000.0,590500000.0,4255100000.0,4845600000.0,0.0,445600000.0,0.0,0.03,1.239,723900000.0,1169500000.0,0.352,1169500000.0,723900000.0,513500000.0,1.86,1.86,1.86,4154200000.0,3990875000.0,4154200000.0,14326064675.0,20.0,12.25,-1046700000.0,-4.531,1.0,1099800000.0,0.331,0.0,210400000.0,17481200000.0,17105025000.0,220600000.0,458600000.0,0.0,458600000.0,9760700000.0,1470100000.0,8290600000.0,9605264675.0,-74900000.0,0.0,149400000.0,471100000.0,-282400000.0,322500000.0,-587500000.0,898900000.0,190100000.0,0.0,436400000.0,426200000.0,426200000.0,-1100000.0,0.0,0.128,445600000.0,654200000.0,478100000.0,0.666,2.312,22.537,22.349,10931100000.0,10200000.0,41.57,2.89,2.89,336100000.0,2324800000.0,3323100000.0,3323100000.0,0.0,0.031,0.107,0.042,0.218,0.0,0.0,1.0,231062417.0,231000000,231000000.0,14.386,14114900000.0,0.0,77100000.0,2814100000.0,61.103,-718600000.0
16,LNT,MRT,2017-06-30,2017-06-30,2017-06-30,2021-08-06,-400000.0,13743400000.0,13402825000.0,814700000.0,12928700000.0,0.249,17.687,-1176900000.0,7300000.0,7300000.0,2244900000.0,396000000.0,0.674,2.344,4728100000.0,373800000.0,4354300000.0,4728100000.0,0.0,429000000.0,0.0,0.03,1.218,659800000.0,1088800000.0,0.326,1088800000.0,659800000.0,454500000.0,1.7,1.7,1.7,4050400000.0,3917100000.0,4050400000.0,13766761077.0,21.0,12.644,-1166600000.0,-5.094,1.0,1095900000.0,0.328,0.0,205300000.0,17256000000.0,16720725000.0,201600000.0,354500000.0,0.0,354500000.0,9493000000.0,1208200000.0,8284800000.0,9151661077.0,300000.0,0.0,150100000.0,605200000.0,-276400000.0,461300000.0,-471300000.0,841300000.0,10300000.0,0.0,396000000.0,385800000.0,385800000.0,-700000.0,0.0,0.115,515400000.0,580500000.0,381100000.0,0.716,2.259,23.721,23.629,10608100000.0,10200000.0,40.17,2.739,2.754,424900000.0,2228600000.0,3340800000.0,3340800000.0,0.0,0.029,0.098,0.039,0.197,0.0,0.0,1.0,227823278.0,229000000,229000000.0,14.589,13743400000.0,0.0,58500000.0,2681300000.0,60.015,-393500000.0
17,LNT,MRT,2017-03-31,2017-03-31,2017-03-31,2021-08-06,-400000.0,13464900000.0,13138325000.0,749800000.0,12715100000.0,0.253,17.122,-1160900000.0,8400000.0,8400000.0,2272200000.0,385600000.0,0.644,2.404,4623500000.0,307400000.0,4316100000.0,4623500000.0,0.0,416100000.0,0.0,0.03,1.196,641500000.0,1057600000.0,0.318,1057600000.0,641500000.0,441000000.0,1.66,1.66,1.66,3896900000.0,3852050000.0,3896900000.0,13574795141.0,21.0,12.835,-877400000.0,-3.855,1.0,1057900000.0,0.318,0.0,200500000.0,16915000000.0,16263900000.0,187700000.0,346800000.0,0.0,346800000.0,9368000000.0,1165000000.0,8203000000.0,9018695141.0,4800000.0,0.0,26600000.0,576000000.0,-271500000.0,308700000.0,-587400000.0,681500000.0,283500000.0,0.0,385600000.0,375400000.0,375400000.0,-200000.0,0.0,0.113,502500000.0,555400000.0,369500000.0,0.72,2.314,24.024,23.861,10448800000.0,10200000.0,39.61,2.708,2.707,424900000.0,2205900000.0,3330100000.0,3330100000.0,0.0,0.029,0.097,0.039,0.193,0.0,0.0,1.0,227687330.0,227600000,227600000.0,14.631,13464900000.0,0.0,55400000.0,2625900000.0,59.16,-415200000.0
18,LNT,MRT,2016-12-31,2016-12-31,2016-12-31,2021-08-06,-400000.0,13373800000.0,12905850000.0,877100000.0,12496700000.0,0.257,17.006,-1131200000.0,8200000.0,8200000.0,2267900000.0,381700000.0,0.755,2.411,4564300000.0,248700000.0,4315600000.0,4564300000.0,0.0,411600000.0,0.0,0.031,1.175,637300000.0,1048900000.0,0.316,1048900000.0,637300000.0,441100000.0,1.64,1.64,1.64,3862000000.0,3818975000.0,3862000000.0,12904491217.0,20.0,12.303,-738400000.0,-3.251,1.0,1052100000.0,0.317,0.0,196200000.0,16767900000.0,15842950000.0,222300000.0,337600000.0,0.0,337600000.0,9311800000.0,1162000000.0,8149800000.0,8619991217.0,1900000.0,0.0,26600000.0,570900000.0,-266500000.0,329300000.0,-720200000.0,466800000.0,392800000.0,0.0,381700000.0,371500000.0,371500000.0,2300000.0,0.0,0.112,498000000.0,554100000.0,445300000.0,0.716,2.232,23.203,23.104,10279200000.0,10200000.0,37.89,2.596,2.592,493300000.0,2177000000.0,3320000000.0,3320000000.0,0.0,0.029,0.097,0.04,0.192,0.0,0.0,1.0,227500428.0,227100000,227100000.0,14.619,13373800000.0,0.0,59400000.0,2570200000.0,58.889,-284900000.0
19,LNT,MRT,2016-09-30,2016-09-30,2016-09-30,2021-08-06,-400000.0,13029200000.0,12686200000.0,958100000.0,12071100000.0,0.257,16.985,-1020800000.0,84700000.0,84700000.0,2250300000.0,353100000.0,0.699,2.324,4369200000.0,552300000.0,3816900000.0,4369200000.0,0.0,410100000.0,0.0,0.03,1.156,603600000.0,1013700000.0,0.311,1013700000.0,603600000.0,411200000.0,1.52,1.52,1.52,3859100000.0,3784500000.0,3859100000.0,12825655809.0,21.0,12.652,-190900000.0,-0.84,1.0,1012800000.0,0.31,0.0,192400000.0,15944000000.0,15432350000.0,219900000.0,329600000.0,0.0,329600000.0,8970100000.0,1369700000.0,7600400000.0,8709155809.0,-54500000.0,1800000.0,26200000.0,428200000.0,-262000000.0,193600000.0,-1078000000.0,0.0,829900000.0,0.0,353100000.0,342900000.0,342900000.0,3100000.0,0.0,0.105,496500000.0,516300000.0,365100000.0,0.761,2.257,25.399,25.204,9920400000.0,10200000.0,38.31,2.669,2.667,491500000.0,2181000000.0,3263100000.0,3263100000.0,0.0,0.027,0.091,0.039,0.185,0.0,0.0,1.0,227333746.0,227200000,227200000.0,14.362,13029200000.0,0.0,58100000.0,2530600000.0,57.347,-411600000.0
20,LNT,MRT,2016-06-30,2016-06-30,2016-06-30,2021-08-06,-400000.0,12685400000.0,12568550000.0,702300000.0,11983100000.0,0.258,16.697,-1011800000.0,6500000.0,6500000.0,2242500000.0,404600000.0,0.511,2.294,4123000000.0,534600000.0,3588400000.0,4123000000.0,0.0,405300000.0,0.0,0.029,1.138,673000000.0,1078300000.0,0.333,1078300000.0,673000000.0,483000000.0,1.74,1.74,1.74,3790200000.0,3756025000.0,3790200000.0,13061574489.0,19.0,12.113,-147900000.0,-0.652,1.0,994900000.0,0.307,0.0,190000000.0,15428700000.0,15295475000.0,209100000.0,324800000.0,0.0,324800000.0,8695200000.0,1373200000.0,7322000000.0,9016874489.0,-48300000.0,139900000.0,25500000.0,274600000.0,-257600000.0,37500000.0,-949700000.0,0.0,863900000.0,0.0,404600000.0,394400000.0,394400000.0,2800000.0,0.0,0.122,405300000.0,589600000.0,353000000.0,0.654,2.379,22.862,22.816,9846400000.0,10200000.0,39.7,2.785,2.784,316300000.0,2116100000.0,3237400000.0,3237400000.0,0.0,0.031,0.105,0.044,0.208,0.0,0.0,1.0,227125302.0,227000000,227000000.0,14.262,12685400000.0,0.0,78400000.0,2474100000.0,55.883,-670900000.0
21,LNT,MRT,2016-03-31,2016-03-31,2016-03-31,2021-08-06,-400000.0,12535000000.0,12475275000.0,768500000.0,11766500000.0,0.257,16.599,-953700000.0,4800000.0,4800000.0,2226400000.0,388300000.0,0.57,2.277,4049500000.0,526800000.0,3522700000.0,4049500000.0,0.0,403600000.0,0.0,0.03,1.119,648300000.0,1051900000.0,0.329,1051900000.0,648300000.0,459800000.0,1.67,1.67,1.67,3764600000.0,3713675000.0,3764600000.0,12417817266.0,19.0,11.805,-168900000.0,-0.745,1.0,973600000.0,0.304,0.0,188500000.0,15231200000.0,15222750000.0,197200000.0,323500000.0,0.0,323500000.0,8570400000.0,1348500000.0,7221900000.0,8428217266.0,-92800000.0,139900000.0,29100000.0,239600000.0,-253100000.0,10700000.0,-888300000.0,0.0,784800000.0,0.0,388300000.0,378100000.0,378100000.0,3600000.0,0.0,0.118,403600000.0,570000000.0,323800000.0,0.67,2.239,22.291,22.24,9626600000.0,10200000.0,37.14,2.634,2.632,390600000.0,2098900000.0,3200000000.0,3200000000.0,0.0,0.03,0.102,0.043,0.203,0.0,0.0,1.0,226930998.0,226800000,226800000.0,14.109,12535000000.0,0.0,71500000.0,2424600000.0,55.269,-580000000.0
22,LNT,MRT,2015-12-31,2015-12-31,2015-12-31,2021-08-06,-400000.0,12495200000.0,12361425000.0,826800000.0,11668400000.0,0.263,16.522,-960300000.0,5800000.0,5800000.0,2275300000.0,388400000.0,0.608,2.302,3995400000.0,473200000.0,3522200000.0,3995400000.0,0.0,401300000.0,0.0,0.035,1.1,645900000.0,1047200000.0,0.322,1047200000.0,645900000.0,458800000.0,1.68,1.68,1.68,3724100000.0,3671800000.0,3724100000.0,10908058541.0,17.0,10.416,-89100000.0,-0.395,1.0,978300000.0,0.301,0.0,187100000.0,15125500000.0,15112475000.0,223500000.0,346300000.0,0.0,346300000.0,8571100000.0,1359300000.0,7211800000.0,7079358541.0,-51100000.0,139900000.0,151200000.0,86200000.0,-247300000.0,-3100000.0,-919200000.0,0.0,871200000.0,0.0,388400000.0,378200000.0,378200000.0,2500000.0,0.0,0.116,401300000.0,577000000.0,402400000.0,0.655,1.901,18.719,18.586,9519100000.0,10200000.0,31.225,2.176,2.163,397600000.0,2068900000.0,3253600000.0,3253600000.0,0.0,0.031,0.103,0.043,0.199,0.0,0.0,1.0,226720850.0,225400000,225400000.0,14.435,12495200000.0,0.0,70400000.0,2434400000.0,55.436,-532500000.0
23,LNT,MRT,2015-09-30,2015-09-30,2015-09-30,2021-08-06,-600000.0,12558600000.0,12253500000.0,1087700000.0,11470900000.0,0.271,16.542,-996700000.0,139200000.0,139200000.0,2328900000.0,414300000.0,1.098,2.3,3967900000.0,112100000.0,3855800000.0,3967900000.0,0.0,399600000.0,0.0,0.037,1.08,657100000.0,1056700000.0,0.319,1056700000.0,657100000.0,471900000.0,1.795,1.795,1.795,3745200000.0,3600450000.0,3745200000.0,10441789368.0,16.0,9.882,-173700000.0,-0.767,1.0,988700000.0,0.298,0.0,185200000.0,15396500000.0,15006225000.0,211500000.0,353100000.0,0.0,353100000.0,8612500000.0,990800000.0,7621700000.0,6624789368.0,128200000.0,138100000.0,145400000.0,323200000.0,-241600000.0,195500000.0,-890300000.0,0.0,823000000.0,0.0,414300000.0,404100000.0,404100000.0,1600000.0,0.0,0.122,399600000.0,589100000.0,438300000.0,0.602,1.769,16.394,16.292,9366500000.0,10200000.0,29.245,1.997,1.996,427300000.0,2097000000.0,3317600000.0,3317600000.0,0.0,0.033,0.112,0.044,0.198,0.0,0.0,1.0,226527248.0,226400000,226400000.0,14.654,12558600000.0,0.0,57600000.0,2462100000.0,55.471,96900000.0
24,LNT,MRT,2015-06-30,2015-06-30,2015-06-30,2021-08-06,-600000.0,12312300000.0,12012350000.0,1043900000.0,11268400000.0,0.272,16.007,-1006700000.0,54800000.0,54800000.0,2316400000.0,387700000.0,1.053,2.345,3871800000.0,154400000.0,3717400000.0,3871800000.0,0.0,397400000.0,0.0,0.037,1.06,613300000.0,1010700000.0,0.31,1010700000.0,613300000.0,429900000.0,1.695,1.695,1.695,3620800000.0,3523050000.0,3620800000.0,10254646177.0,17.0,10.146,-46000000.0,-0.203,1.0,945400000.0,0.29,0.0,183400000.0,15137800000.0,14528900000.0,185200000.0,349900000.0,0.0,349900000.0,8490600000.0,991500000.0,7499100000.0,6521046177.0,38600000.0,0.0,139500000.0,228000000.0,-235800000.0,96900000.0,-1019000000.0,0.0,960700000.0,0.0,387700000.0,377500000.0,377500000.0,3400000.0,0.0,0.116,397400000.0,548000000.0,374900000.0,0.625,1.801,17.274,17.027,9173500000.0,10200000.0,28.86,1.999,2.001,297300000.0,1979300000.0,3261800000.0,3261800000.0,0.0,0.031,0.107,0.042,0.188,0.0,0.0,1.0,225954476.0,226200000,226200000.0,14.42,12312300000.0,0.0,42200000.0,2449100000.0,54.431,52400000.0
25,LNT,MRT,2015-03-31,2015-03-31,2015-03-31,2021-08-06,-600000.0,12079600000.0,11780925000.0,913200000.0,11166400000.0,0.28,16.189,-975600000.0,97600000.0,97600000.0,2359800000.0,381900000.0,0.893,2.302,3831200000.0,224500000.0,3606700000.0,3831200000.0,0.0,392800000.0,0.0,0.033,1.04,608100000.0,1000900000.0,0.304,1000900000.0,608100000.0,426100000.0,1.675,1.675,1.675,3597100000.0,3452200000.0,3597100000.0,10863047840.0,18.0,10.853,-62900000.0,-0.283,1.0,935100000.0,0.284,0.0,182000000.0,14790100000.0,14065450000.0,167400000.0,343900000.0,0.0,343900000.0,8280800000.0,1023100000.0,7257700000.0,6988947840.0,83100000.0,0.0,122100000.0,274600000.0,-230000000.0,162200000.0,-991800000.0,0.0,912700000.0,0.0,381900000.0,371700000.0,371700000.0,2400000.0,0.0,0.113,392800000.0,542300000.0,356900000.0,0.621,1.943,18.803,18.806,9050000000.0,10200000.0,31.5,2.121,2.124,361600000.0,1973900000.0,3294900000.0,3294900000.0,0.0,0.032,0.108,0.043,0.185,0.0,0.0,1.0,221871360.0,222200000,222200000.0,14.829,12079600000.0,0.0,44200000.0,2366900000.0,54.364,-109900000.0
26,LNT,MRT,2014-12-31,2014-12-31,2014-12-31,2021-08-06,-600000.0,12063500000.0,11540225000.0,1043100000.0,11020400000.0,0.29,15.511,-902800000.0,56900000.0,56900000.0,2418600000.0,393300000.0,0.859,2.449,3908600000.0,324300000.0,3584300000.0,3908600000.0,0.0,388100000.0,0.0,0.031,1.02,618200000.0,1006300000.0,0.3,1006300000.0,618200000.0,437600000.0,1.73,1.73,1.73,3438700000.0,3385800000.0,3438700000.0,11003447866.0,18.0,10.935,-11200000.0,-0.051,1.0,931700000.0,0.278,0.0,180600000.0,14700500000.0,13687625000.0,223800000.0,344900000.0,0.0,344900000.0,8423000000.0,1214700000.0,7208300000.0,7368347866.0,47100000.0,0.0,0.0,316300000.0,-225800000.0,73200000.0,-917700000.0,0.0,891600000.0,0.0,393300000.0,383100000.0,383100000.0,2400000.0,0.0,0.114,388100000.0,543600000.0,427900000.0,0.59,2.143,19.233,19.197,8938400000.0,10200000.0,33.21,2.199,2.198,427300000.0,1938000000.0,3350300000.0,3350300000.0,0.0,0.033,0.113,0.045,0.185,0.0,0.0,1.0,221871360.0,221700000,221700000.0,15.112,12063500000.0,150100000.0,44300000.0,2321100000.0,54.414,-171600000.0
27,LNT,MRT,2014-09-30,2014-09-30,2014-09-30,2021-08-06,-200000.0,11594000000.0,11302450000.0,962300000.0,10631700000.0,0.299,15.504,-870500000.0,11000000.0,11000000.0,2436000000.0,398900000.0,0.552,2.316,3646100000.0,846600000.0,2799500000.0,3646100000.0,0.0,381900000.0,0.0,0.036,1.0,638900000.0,1020800000.0,0.302,1020800000.0,638900000.0,458800000.0,1.75,1.75,1.75,3435600000.0,3346475000.0,3435600000.0,9777546029.0,15.0,9.578,-18700000.0,-0.084,1.0,942800000.0,0.279,0.0,180100000.0,13487200000.0,13333750000.0,204200000.0,343300000.0,0.0,343300000.0,7956700000.0,1741900000.0,6214800000.0,6146946029.0,-6700000.0,0.0,0.0,256000000.0,-221400000.0,23400000.0,-881900000.0,0.0,851800000.0,0.0,398900000.0,388600000.0,388600000.0,3200000.0,0.0,0.115,381900000.0,560900000.0,471100000.0,0.571,1.789,15.818,15.831,8763600000.0,10300000.0,27.705,1.819,1.817,148900000.0,1934500000.0,3378800000.0,3378800000.0,0.0,0.034,0.116,0.048,0.189,0.0,0.0,1.0,221871360.0,221600000,221600000.0,15.247,11594000000.0,0.0,59900000.0,2290300000.0,52.319,-779600000.0
28,LNT,MRT,2014-06-30,2014-06-30,2014-06-30,2021-08-06,-200000.0,11386600000.0,11149250000.0,1010100000.0,10376500000.0,0.305,15.06,-793800000.0,16200000.0,16200000.0,2457900000.0,403200000.0,0.583,2.351,3646800000.0,816900000.0,2829900000.0,3646800000.0,0.0,376900000.0,0.0,0.032,0.98,646300000.0,1023200000.0,0.301,1023200000.0,646300000.0,468300000.0,1.77,1.77,1.77,3337400000.0,3304250000.0,3337400000.0,10297836897.0,16.0,10.064,-37900000.0,-0.171,1.0,944400000.0,0.278,0.0,178000000.0,13284000000.0,13287250000.0,172800000.0,338600000.0,0.0,338600000.0,7847500000.0,1733200000.0,6114300000.0,6751636897.0,4700000.0,0.0,0.0,277500000.0,-217000000.0,50300000.0,-801500000.0,0.0,755900000.0,0.0,403200000.0,392900000.0,392900000.0,2600000.0,0.0,0.115,376900000.0,567500000.0,475600000.0,0.554,2.023,17.184,17.192,8566200000.0,10300000.0,30.43,1.984,1.982,163400000.0,1837600000.0,3402300000.0,3402300000.0,0.0,0.035,0.119,0.049,0.19,0.0,0.0,1.0,221874364.0,221600000,221600000.0,15.353,11386600000.0,0.0,65100000.0,2189900000.0,51.384,-723100000.0
29,LNT,MRT,2014-03-31,2014-03-31,2014-03-31,2021-08-06,-200000.0,11116800000.0,11024500000.0,936200000.0,10180600000.0,0.306,15.034,-804000000.0,14500000.0,14500000.0,2428800000.0,406700000.0,0.676,2.276,3560700000.0,580100000.0,2980600000.0,3560700000.0,0.0,373800000.0,0.0,0.034,0.96,644500000.0,1018300000.0,0.302,1018300000.0,644500000.0,469100000.0,1.785,1.785,1.785,3331500000.0,3260025000.0,3331500000.0,9908609836.0,15.0,9.731,22000000.0,0.099,1.0,941200000.0,0.279,0.0,175400000.0,13278800000.0,13258650000.0,151000000.0,332900000.0,0.0,332900000.0,7583600000.0,1384200000.0,6199400000.0,6302709836.0,-38900000.0,0.0,0.0,191400000.0,-212600000.0,-53100000.0,-811800000.0,0.0,826000000.0,0.0,406700000.0,396400000.0,396400000.0,2900000.0,0.0,0.118,373800000.0,567400000.0,388100000.0,0.538,1.892,15.9,15.913,8426200000.0,10300000.0,28.405,1.87,1.868,184900000.0,1832200000.0,3370000000.0,3370000000.0,0.0,0.036,0.122,0.049,0.191,0.0,0.0,1.0,221887338.0,221600000,221600000.0,15.208,11116800000.0,0.0,62400000.0,2141700000.0,50.166,-448000000.0
30,LNT,MRT,2013-12-31,2013-12-31,2013-12-31,2021-08-06,-200000.0,11112400000.0,10928775000.0,1011200000.0,10101200000.0,0.3,14.808,-798300000.0,9800000.0,9800000.0,2372000000.0,376200000.0,0.706,2.325,3615700000.0,637900000.0,2977800000.0,3615700000.0,0.0,370900000.0,0.0,0.036,0.94,602900000.0,973800000.0,0.297,973800000.0,602900000.0,430100000.0,1.615,1.615,1.615,3281400000.0,3213625000.0,3281400000.0,9097493320.0,15.0,9.342,-67300000.0,-0.304,1.0,904800000.0,0.276,0.0,172800000.0,13285000000.0,13191250000.0,211800000.0,329600000.0,0.0,329600000.0,7629200000.0,1433300000.0,6195900000.0,5724693320.0,-11400000.0,0.0,0.0,260400000.0,-208300000.0,12300000.0,-754700000.0,0.0,731000000.0,0.0,376200000.0,358300000.0,358300000.0,5900000.0,0.0,0.109,370900000.0,533900000.0,365000000.0,0.582,1.745,15.977,15.975,8326500000.0,17900000.0,25.8,1.747,1.745,473300000.0,1780700000.0,3276800000.0,3276800000.0,0.0,0.033,0.111,0.046,0.184,0.0,0.0,1.0,221887338.0,221600000,221600000.0,14.787,11112400000.0,136700000.0,53900000.0,2112700000.0,50.146,-422100000.0
31,LNT,MRT,2013-09-30,2013-09-30,2013-09-30,2021-08-06,-800000.0,10981200000.0,10847050000.0,880100000.0,10101100000.0,0.295,14.741,-1199400000.0,17700000.0,17700000.0,2305800000.0,380400000.0,0.836,2.3,3390500000.0,285700000.0,3104800000.0,3390500000.0,0.0,362400000.0,0.0,0.028,0.705,594700000.0,957100000.0,0.3,957100000.0,594700000.0,426200000.0,1.63,1.63,1.63,3266700000.0,3177000000.0,3266700000.0,8851758799.0,15.0,9.249,-315500000.0,-1.424,1.0,889300000.0,0.278,0.0,168500000.0,13301200000.0,13144975000.0,220500000.0,324700000.0,0.0,324700000.0,7512700000.0,1052800000.0,6459900000.0,5497258799.0,-23400000.0,0.0,0.0,489700000.0,-205900000.0,243700000.0,-1151000000.0,0.0,883900000.0,0.0,380400000.0,361100000.0,361100000.0,7700000.0,0.0,0.113,362400000.0,526900000.0,368700000.0,0.433,1.683,15.224,15.199,8141400000.0,19300000.0,24.775,1.721,1.718,142800000.0,1767300000.0,3195100000.0,3195100000.0,0.0,0.033,0.114,0.045,0.186,0.0,0.0,1.0,221887338.0,221600000,221600000.0,14.418,10981200000.0,131200000.0,45800000.0,2063900000.0,49.554,-172700000.0
32,LNT,MRT,2013-06-30,2013-06-30,2013-06-30,2021-08-06,-800000.0,10887600000.0,10664475000.0,893400000.0,9994200000.0,0.302,14.262,-1204700000.0,11500000.0,11500000.0,2323000000.0,374900000.0,0.833,2.381,3366000000.0,224600000.0,3141400000.0,3366000000.0,0.0,353900000.0,0.0,0.028,0.695,606700000.0,960600000.0,0.299,960600000.0,606700000.0,442400000.0,1.6,1.6,1.6,3160500000.0,3139325000.0,3160500000.0,8906087996.0,15.0,9.271,-279500000.0,-1.261,1.0,893100000.0,0.278,0.0,164300000.0,13169600000.0,12860725000.0,191200000.0,321300000.0,0.0,321300000.0,7525300000.0,1072500000.0,6452800000.0,5592687996.0,-19300000.0,0.0,0.0,448900000.0,-203800000.0,211400000.0,-1155900000.0,0.0,925200000.0,0.0,374900000.0,354200000.0,354200000.0,4700000.0,0.0,0.11,353900000.0,539200000.0,391100000.0,0.434,1.77,15.79,15.756,8027200000.0,20700000.0,25.21,1.739,1.737,154300000.0,1661700000.0,3216100000.0,3216100000.0,0.0,0.033,0.113,0.047,0.189,0.0,0.0,1.0,221844030.0,221600000,221600000.0,14.513,10887600000.0,142300000.0,67500000.0,1991100000.0,49.132,-179100000.0
33,LNT,MRT,2013-03-31,2013-03-31,2013-03-31,2021-08-06,-800000.0,10733900000.0,10426125000.0,870400000.0,9863500000.0,0.306,14.196,-1189800000.0,53400000.0,53400000.0,2301600000.0,376900000.0,0.838,2.348,3366800000.0,244900000.0,3121900000.0,3366800000.0,0.0,341900000.0,0.0,0.027,0.685,611100000.0,953000000.0,0.299,953000000.0,611100000.0,450700000.0,1.605,1.605,1.605,3145900000.0,3102800000.0,3145900000.0,8903924566.0,15.0,9.343,-365100000.0,-1.648,1.0,886800000.0,0.278,0.0,160400000.0,13009200000.0,12534100000.0,173700000.0,321600000.0,0.0,321600000.0,7386200000.0,1038100000.0,6348100000.0,5569524566.0,22500000.0,0.0,0.0,580000000.0,-201600000.0,337900000.0,-1140100000.0,0.0,824700000.0,0.0,376900000.0,354800000.0,354800000.0,3700000.0,0.0,0.111,342000000.0,544800000.0,368600000.0,0.427,1.77,15.698,15.632,7913600000.0,22100000.0,25.09,1.747,1.744,172700000.0,1648400000.0,3188400000.0,3188400000.0,0.0,0.034,0.114,0.049,0.192,0.0,0.0,1.0,221981848.0,221600000,221600000.0,14.388,10733900000.0,92500000.0,73800000.0,1901400000.0,48.438,-167700000.0
34,LNT,MRT,2012-12-31,2012-12-31,2012-12-31,2021-08-06,-800000.0,10785500000.0,10149700000.0,994300000.0,9791200000.0,0.305,14.147,-1158100000.0,21200000.0,21200000.0,2242400000.0,335700000.0,0.975,2.394,3355600000.0,219000000.0,3136600000.0,3355600000.0,0.0,332900000.0,0.0,0.031,0.675,581800000.0,914700000.0,0.296,914700000.0,581800000.0,425100000.0,1.445,1.445,1.445,3134900000.0,3065700000.0,3134900000.0,7732256734.0,13.0,8.453,-317000000.0,-1.431,1.0,852100000.0,0.275,0.0,156700000.0,13099900000.0,12184450000.0,203900000.0,319000000.0,0.0,319000000.0,7503700000.0,1020000000.0,6483700000.0,4873456734.0,9800000.0,0.0,0.0,548300000.0,-199300000.0,324200000.0,-1155500000.0,0.0,841100000.0,0.0,335700000.0,319800000.0,319800000.0,5100000.0,0.0,0.103,332400000.0,519700000.0,339300000.0,0.467,1.555,15.239,15.194,7838000000.0,15900000.0,21.955,1.575,1.572,176300000.0,1630700000.0,3094500000.0,3094500000.0,0.0,0.032,0.104,0.048,0.188,0.0,0.0,1.0,221974800.0,221600000,221600000.0,13.964,10785500000.0,210600000.0,89400000.0,1982200000.0,48.671,-25700000.0
35,LNT,MRT,2012-09-30,2012-09-30,2012-09-30,2021-08-06,-800000.0,10250900000.0,9875300000.0,1028600000.0,9222300000.0,0.314,14.065,-666100000.0,41100000.0,41100000.0,2251900000.0,324400000.0,1.088,2.243,2899900000.0,71800000.0,2828100000.0,2899900000.0,0.0,329400000.0,0.0,0.041,0.89,577300000.0,906700000.0,0.292,906700000.0,577300000.0,422900000.0,1.395,1.395,1.395,3116000000.0,3035225000.0,3116000000.0,7701454801.0,13.0,8.494,24200000.0,0.109,1.0,852500000.0,0.275,0.0,154400000.0,12164200000.0,11816625000.0,209200000.0,350000000.0,35900000.0,314100000.0,6988100000.0,945500000.0,6042600000.0,4815254801.0,-4600000.0,0.0,0.0,173300000.0,-196600000.0,-31500000.0,-663400000.0,0.0,690300000.0,0.0,324400000.0,308500000.0,308500000.0,9200000.0,0.0,0.099,328400000.0,524100000.0,418000000.0,0.638,1.545,15.609,15.552,7384600000.0,15900000.0,21.695,1.551,1.548,393400000.0,1612100000.0,3104400000.0,3104400000.0,0.0,0.031,0.102,0.049,0.186,0.0,0.0,1.0,221952284.0,221536000,221558000.0,14.013,10250900000.0,163000000.0,98500000.0,1874100000.0,46.272,83100000.0
36,LNT,MRT,2012-06-30,2012-06-30,2012-06-30,2021-08-06,-800000.0,9934200000.0,9682900000.0,920400000.0,9013800000.0,0.319,13.608,-637100000.0,30800000.0,30800000.0,2242400000.0,295600000.0,0.961,2.247,2917000000.0,164200000.0,2752800000.0,2917000000.0,0.0,327100000.0,0.0,0.039,0.878,553000000.0,880100000.0,0.285,880100000.0,553000000.0,398100000.0,1.265,1.265,1.265,3014400000.0,3006625000.0,3014400000.0,7812242396.0,14.0,8.877,-62000000.0,-0.28,1.0,845300000.0,0.274,0.0,154900000.0,11863100000.0,11622650000.0,205800000.0,349100000.0,40700000.0,308400000.0,6772900000.0,957300000.0,5815600000.0,5056542396.0,-46300000.0,0.0,0.0,213200000.0,-193600000.0,11400000.0,-632800000.0,0.0,575100000.0,0.0,295600000.0,279800000.0,279800000.0,25800000.0,0.0,0.091,325500000.0,519800000.0,337600000.0,0.694,1.677,18.072,18.012,7248000000.0,15800000.0,22.785,1.638,1.635,305800000.0,1511300000.0,3087700000.0,3087700000.0,0.0,0.029,0.093,0.048,0.179,0.0,0.0,1.0,221924178.0,221512000,221538000.0,13.939,9934200000.0,149900000.0,102500000.0,1782400000.0,44.847,-36900000.0
37,LNT,MRT,2012-03-31,2012-03-31,2012-03-31,2021-08-06,-800000.0,9628200000.0,9524650000.0,780600000.0,8847600000.0,0.327,13.537,-571900000.0,30900000.0,30900000.0,2302100000.0,281100000.0,1.009,2.163,2786600000.0,58400000.0,2728200000.0,2786600000.0,0.0,328600000.0,0.0,0.04,0.865,512300000.0,840900000.0,0.27,840900000.0,512300000.0,355600000.0,1.195,1.195,1.195,2997500000.0,2984825000.0,2997500000.0,7604794761.0,15.0,9.044,84500000.0,0.382,1.0,807800000.0,0.26,0.0,156700000.0,11610600000.0,11449100000.0,200100000.0,303700000.0,0.0,303700000.0,6483800000.0,773300000.0,5710500000.0,4808894761.0,-95200000.0,0.0,0.0,50000000.0,-190900000.0,-197700000.0,-553900000.0,0.0,656400000.0,0.0,281100000.0,265000000.0,265000000.0,25400000.0,0.0,0.085,326200000.0,481600000.0,263900000.0,0.724,1.604,18.147,18.126,7081300000.0,16100000.0,21.66,1.546,1.542,247100000.0,1495200000.0,3109900000.0,3109900000.0,0.0,0.028,0.089,0.045,0.165,0.0,0.0,1.0,222017302.0,221432000,221482000.0,14.044,9628200000.0,66300000.0,74500000.0,1677400000.0,43.482,7300000.0
38,LNT,MRT,2011-12-31,2011-12-31,2011-12-31,2021-08-06,-800000.0,9687900000.0,9467725000.0,870600000.0,8817300000.0,0.34,13.609,-673400000.0,11400000.0,11400000.0,2387100000.0,321900000.0,1.018,2.167,2807300000.0,104200000.0,2703100000.0,2807300000.0,0.0,323800000.0,0.0,0.039,0.853,549400000.0,873200000.0,0.271,873200000.0,549400000.0,391100000.0,1.37,1.37,1.37,3013000000.0,2965575000.0,3013000000.0,7576794450.0,14.0,8.677,29300000.0,0.132,1.0,834300000.0,0.259,0.0,158300000.0,11628600000.0,11354650000.0,218100000.0,300700000.0,0.0,300700000.0,6528000000.0,855200000.0,5672800000.0,4895394450.0,-147900000.0,0.0,0.0,55800000.0,-188100000.0,-198500000.0,-652100000.0,0.0,702700000.0,0.0,321900000.0,303600000.0,303600000.0,19500000.0,0.0,0.094,321000000.0,513300000.0,267800000.0,0.623,1.625,16.124,16.099,7033300000.0,18300000.0,22.055,1.52,1.516,163200000.0,1510200000.0,3221400000.0,3221400000.0,0.0,0.032,0.102,0.048,0.171,0.0,0.0,1.0,221963022.0,221400000,221400000.0,14.55,9687900000.0,102100000.0,69200000.0,1639100000.0,43.757,15400000.0
39,LNT,MRT,2011-09-30,2011-09-30,2011-09-30,2021-08-06,-600000.0,9481300000.0,9366475000.0,947100000.0,8534200000.0,0.335,13.564,-783200000.0,45700000.0,45700000.0,2315800000.0,312900000.0,1.223,2.11,2727100000.0,23500000.0,2703600000.0,2727100000.0,0.0,318700000.0,0.0,0.043,0.837,553600000.0,872300000.0,0.278,872300000.0,553600000.0,393300000.0,1.325,1.325,1.325,3001600000.0,2935725000.0,3001600000.0,6920487485.0,13.0,7.934,118800000.0,0.537,1.0,823400000.0,0.262,0.0,160300000.0,11388300000.0,11199750000.0,205100000.0,321900000.0,22700000.0,299200000.0,6332800000.0,774400000.0,5558400000.0,4292687485.0,-91300000.0,0.0,0.0,21800000.0,-184800000.0,-226900000.0,-766400000.0,0.0,902000000.0,0.0,312900000.0,293900000.0,293900000.0,14500000.0,0.0,0.094,312400000.0,511000000.0,314600000.0,0.632,1.43,14.606,14.596,6937900000.0,19000000.0,19.34,1.367,1.363,402100000.0,1500200000.0,3139200000.0,3139200000.0,0.0,0.031,0.1,0.049,0.176,0.0,0.0,1.0,221959022.0,221294000,221390000.0,14.186,9481300000.0,47400000.0,80400000.0,1599000000.0,42.845,172700000.0
40,LNT,MRT,2011-06-30,2011-06-30,2011-06-30,2021-08-06,-600000.0,9301200000.0,9302600000.0,877800000.0,8423400000.0,0.346,13.23,-829600000.0,77100000.0,77100000.0,2364700000.0,340700000.0,1.155,2.127,2704900000.0,1400000.0,2703500000.0,2704900000.0,0.0,312900000.0,0.0,0.04,0.823,605300000.0,918200000.0,0.285,918200000.0,605300000.0,441900000.0,1.45,1.45,1.45,2927200000.0,2907275000.0,2927200000.0,7122106924.0,12.0,7.757,142900000.0,0.646,1.0,855300000.0,0.266,0.0,163400000.0,11168900000.0,11128200000.0,185300000.0,324800000.0,28700000.0,296100000.0,6226900000.0,760100000.0,5466800000.0,4510906924.0,-94000000.0,0.0,0.0,-7000000.0,-181600000.0,-254500000.0,-812000000.0,0.0,972500000.0,0.0,340700000.0,321000000.0,321000000.0,1400000.0,0.0,0.1,307100000.0,548200000.0,305800000.0,0.568,1.541,14.053,14.021,6866400000.0,19700000.0,20.33,1.401,1.397,321500000.0,1425100000.0,3220000000.0,3220000000.0,0.0,0.035,0.11,0.054,0.188,0.0,0.0,1.0,221884256.0,221248000,221354000.0,14.554,9301200000.0,0.0,101200000.0,1523700000.0,42.04,117700000.0
41,LNT,MRT,2011-03-31,2011-03-31,2011-03-31,2021-08-06,-1400000.0,9400500000.0,9238200000.0,977000000.0,8423500000.0,0.352,13.207,-874700000.0,126100000.0,126100000.0,2380100000.0,337900000.0,1.254,2.155,2737300000.0,33700000.0,2703600000.0,2737300000.0,0.0,296200000.0,0.0,0.042,0.81,635900000.0,932100000.0,0.287,932100000.0,635900000.0,473300000.0,1.435,1.435,1.435,2920500000.0,2870250000.0,2920500000.0,6909404688.0,11.0,7.413,182300000.0,0.824,1.0,869000000.0,0.267,0.0,162600000.0,11232800000.0,11006825000.0,170200000.0,292200000.0,0.0,292200000.0,6292900000.0,778900000.0,5514000000.0,4316604688.0,-14100000.0,0.0,0.0,-25700000.0,-178100000.0,-203500000.0,-867600000.0,0.0,1057000000.0,0.0,337900000.0,317700000.0,317700000.0,2400000.0,0.0,0.098,290700000.0,578300000.0,300200000.0,0.564,1.478,13.587,13.564,6823400000.0,20200000.0,19.465,1.329,1.325,404500000.0,1421100000.0,3249100000.0,3249100000.0,0.0,0.034,0.111,0.058,0.196,0.0,0.0,1.0,221762378.0,221138000,221264000.0,14.693,9400500000.0,0.0,135400000.0,1510400000.0,42.51,198100000.0
42,LNT,MRT,2010-12-31,2010-12-31,2010-12-31,2021-08-06,-1400000.0,9282900000.0,9156925000.0,1092700000.0,8190200000.0,0.356,13.1,-866900000.0,159300000.0,159300000.0,2414800000.0,306300000.0,1.261,2.144,2752100000.0,48700000.0,2703400000.0,2752100000.0,0.0,292300000.0,0.0,0.043,0.795,616800000.0,909100000.0,0.279,909100000.0,616800000.0,454000000.0,1.3,1.3,1.3,2893600000.0,2833675000.0,2893600000.0,6644339269.0,11.0,7.309,118000000.0,0.534,1.0,847300000.0,0.26,0.0,162800000.0,11009000000.0,10807675000.0,233000000.0,289200000.0,0.0,289200000.0,6203500000.0,866700000.0,5336800000.0,4076139269.0,-16000000.0,0.0,0.0,49600000.0,-174600000.0,-134400000.0,-866500000.0,0.0,984900000.0,0.0,306300000.0,287600000.0,287600000.0,3900000.0,0.0,0.088,287300000.0,560000000.0,336300000.0,0.612,1.409,14.173,14.142,6730600000.0,18700000.0,18.385,1.25,1.245,415900000.0,1394700000.0,3262100000.0,3262100000.0,0.0,0.031,0.101,0.057,0.189,0.0,0.0,1.0,221710050.0,220884000,221042000.0,14.768,9282900000.0,0.0,147700000.0,1479600000.0,42.026,226000000.0
43,LNT,MRT,2010-09-30,2010-09-30,2010-09-30,2021-08-06,-1700000.0,9225800000.0,9095200000.0,1167600000.0,8058200000.0,0.378,13.071,-868400000.0,137000000.0,137000000.0,2591900000.0,312600000.0,1.688,2.13,2705200000.0,1400000.0,2703800000.0,2705200000.0,0.0,289800000.0,0.0,0.043,0.782,615000000.0,904800000.0,0.263,904800000.0,615000000.0,451700000.0,1.33,1.33,1.33,2887800000.0,2803425000.0,2887800000.0,6561327875.0,11.0,7.252,-106200000.0,-0.481,1.0,845300000.0,0.246,0.0,163300000.0,11102100000.0,10675450000.0,240100000.0,317800000.0,30600000.0,287200000.0,6152200000.0,691900000.0,5460300000.0,4027427875.0,-39700000.0,0.0,0.0,272000000.0,-172300000.0,70300000.0,-872200000.0,0.0,762200000.0,0.0,312600000.0,293900000.0,293900000.0,600000.0,0.0,0.086,288300000.0,557000000.0,295100000.0,0.588,1.395,13.703,13.665,6556900000.0,18700000.0,18.175,1.172,1.168,374600000.0,1391100000.0,3437200000.0,3437200000.0,0.0,0.032,0.105,0.058,0.179,0.0,0.0,1.0,221591630.0,220938000,221088000.0,15.557,9225800000.0,136200000.0,139100000.0,1420900000.0,41.757,475700000.0
44,LNT,MRT,2010-06-30,2010-06-30,2010-06-30,2021-08-06,-2300000.0,9043600000.0,8977675000.0,1154100000.0,7889500000.0,0.375,12.585,-970400000.0,171100000.0,171100000.0,2617300000.0,119200000.0,1.291,2.187,2705000000.0,201400000.0,2503600000.0,2705000000.0,0.0,284200000.0,0.0,0.049,0.775,335800000.0,620000000.0,0.184,620000000.0,335800000.0,172000000.0,0.455,0.455,0.455,2779100000.0,2771400000.0,2779100000.0,6132177920.0,18.0,9.891,-274000000.0,-1.241,1.0,752200000.0,0.223,0.0,163800000.0,10683400000.0,10403325000.0,217000000.0,258800000.0,34900000.0,223900000.0,6078600000.0,894100000.0,5184500000.0,3515877920.0,-75100000.0,0.0,0.0,384700000.0,-170000000.0,184700000.0,-956200000.0,0.0,696400000.0,0.0,119200000.0,100500000.0,100500000.0,-500000.0,0.0,0.03,282400000.0,469800000.0,289900000.0,1.703,1.265,34.984,34.879,6424100000.0,18700000.0,15.87,1.043,1.04,313200000.0,1285700000.0,3369500000.0,3369500000.0,0.0,0.011,0.036,0.032,0.1,0.0,0.0,1.0,221542402.0,220818000,220980000.0,15.259,9043600000.0,152500000.0,52800000.0,1318700000.0,40.955,260000000.0
45,LNT,MRT,2010-03-31,2010-03-31,2010-03-31,2021-08-06,-1400000.0,9075400000.0,8800600000.0,1264500000.0,7810900000.0,0.383,12.568,-1118900000.0,140200000.0,140200000.0,2653700000.0,100500000.0,1.007,2.204,2756500000.0,551800000.0,2204700000.0,2756500000.0,0.0,285400000.0,0.0,0.046,0.762,304600000.0,590000000.0,0.175,590000000.0,304600000.0,144700000.0,0.37,0.37,0.37,2774200000.0,2787700000.0,2774200000.0,6201550175.0,20.0,10.511,-540200000.0,-2.447,1.0,715000000.0,0.212,0.0,159900000.0,10436200000.0,9998650000.0,191000000.0,250600000.0,28200000.0,222400000.0,6115300000.0,1255500000.0,4859800000.0,3680850175.0,-143500000.0,0.0,0.0,559300000.0,-167700000.0,347500000.0,-1069700000.0,0.0,578700000.0,0.0,100500000.0,81800000.0,81800000.0,-800000.0,0.0,0.024,283500000.0,431500000.0,259800000.0,2.059,1.327,44.998,44.946,6328400000.0,18700000.0,16.63,1.093,1.09,477800000.0,1281500000.0,3368700000.0,3368700000.0,0.0,0.009,0.029,0.03,0.09,0.0,0.0,1.0,221337954.0,220736000,220902000.0,15.261,9075400000.0,163400000.0,44200000.0,1271200000.0,41.114,9000000.0
46,LNT,MRT,2009-12-31,2009-12-31,2009-12-31,2021-08-06,-1400000.0,9036000000.0,8591600000.0,1390000000.0,7646000000.0,0.399,12.572,-1202600000.0,175300000.0,175300000.0,2757500000.0,129700000.0,1.291,2.192,2696000000.0,291500000.0,2404500000.0,2696000000.0,0.0,275600000.0,0.0,0.05,0.752,275300000.0,550900000.0,0.161,550900000.0,275300000.0,120400000.0,0.505,0.505,0.505,2772600000.0,2808250000.0,2772600000.0,5598493192.0,20.0,10.162,-545500000.0,-2.474,1.0,669800000.0,0.195,0.0,154900000.0,10480100000.0,9611800000.0,238500000.0,305200000.0,23700000.0,281500000.0,6077500000.0,1076600000.0,5000900000.0,3347793192.0,-171600000.0,0.0,0.0,526200000.0,-165500000.0,320200000.0,-1148900000.0,0.0,657100000.0,0.0,129700000.0,111000000.0,111000000.0,-900000.0,0.0,0.032,273600000.0,396200000.0,331900000.0,1.489,1.207,30.16,29.96,6192900000.0,18700000.0,15.13,0.977,0.974,501900000.0,1281700000.0,3427300000.0,3427300000.0,0.0,0.013,0.04,0.029,0.08,0.0,0.0,1.0,221268552.0,220536000,220704000.0,15.541,9036000000.0,169700000.0,-9300000.0,1262000000.0,40.973,313400000.0
47,LNT,MRT,2009-09-30,2009-09-30,2009-09-30,2021-08-06,-1000000.0,8755700000.0,8382975000.0,1234400000.0,7521300000.0,0.411,12.511,-1182900000.0,176700000.0,176700000.0,2799900000.0,126700000.0,1.243,2.105,2427400000.0,271500000.0,2155900000.0,2427400000.0,0.0,262400000.0,0.0,0.053,0.74,270400000.0,532800000.0,0.155,532800000.0,270400000.0,120800000.0,0.49,0.49,0.49,2759700000.0,2820975000.0,2759700000.0,4956887396.0,18.0,9.303,-669500000.0,-3.035,1.0,644200000.0,0.187,0.0,149600000.0,10013600000.0,9188575000.0,244500000.0,235200000.0,23400000.0,211800000.0,5810100000.0,992800000.0,4817300000.0,3080887396.0,-202700000.0,0.0,0.0,624100000.0,-162700000.0,424500000.0,-1140600000.0,0.0,513400000.0,0.0,126700000.0,108000000.0,108000000.0,400000.0,0.0,0.031,259300000.0,384900000.0,328100000.0,1.51,1.116,28.527,28.418,6037800000.0,18700000.0,13.925,0.895,0.892,376500000.0,1269500000.0,3444100000.0,3444100000.0,0.0,0.013,0.038,0.029,0.079,0.0,0.0,1.0,221248646.0,220576000,220576000.0,15.614,8755700000.0,202200000.0,-5900000.0,1171000000.0,39.695,241600000.0
48,LNT,MRT,2009-06-30,2009-06-30,2009-06-30,2021-08-06,-1400000.0,8335300000.0,8018200000.0,1137900000.0,7197400000.0,0.442,12.897,-1063400000.0,246200000.0,246200000.0,2876700000.0,279500000.0,0.992,1.865,2122200000.0,474000000.0,1648200000.0,2122200000.0,0.0,250400000.0,0.0,0.055,0.725,500600000.0,751000000.0,0.212,751000000.0,500600000.0,363400000.0,1.18,1.18,1.18,2844300000.0,2834325000.0,2844300000.0,4592962474.0,9.0,6.116,-545200000.0,-2.472,1.0,663700000.0,0.187,0.0,137200000.0,9064700000.0,8554425000.0,216200000.0,229500000.0,23700000.0,205800000.0,5305100000.0,1146600000.0,4158500000.0,2890962474.0,-327700000.0,0.0,0.0,375400000.0,-159900000.0,185100000.0,-1031000000.0,0.0,518200000.0,0.0,279500000.0,260800000.0,260800000.0,300000.0,0.0,0.074,247700000.0,416000000.0,314900000.0,0.614,1.016,11.085,11.072,5816300000.0,18700000.0,13.065,0.817,0.814,309300000.0,1355200000.0,3540400000.0,3540400000.0,0.0,0.033,0.092,0.059,0.141,0.0,0.0,1.0,221275352.0,220532000,220698000.0,16.054,8335300000.0,130000000.0,83900000.0,1116100000.0,37.796,-8700000.0
49,LNT,MRT,2009-03-31,2009-03-31,2009-03-31,2021-08-06,-1500000.0,8239400000.0,7785350000.0,1230900000.0,7008500000.0,0.466,12.958,-1059200000.0,283700000.0,283700000.0,2948200000.0,311200000.0,1.169,1.819,1985700000.0,337200000.0,1648500000.0,1985700000.0,0.0,245400000.0,0.0,0.058,0.712,523300000.0,768700000.0,0.212,768700000.0,523300000.0,391500000.0,1.325,1.325,1.325,2856400000.0,2809450000.0,2856400000.0,4351739417.0,8.0,5.661,-545000000.0,-2.472,1.0,678800000.0,0.187,0.0,131800000.0,8888800000.0,8164025000.0,181400000.0,208700000.0,7300000.0,201400000.0,5197100000.0,1052600000.0,4144500000.0,2727839417.0,-348700000.0,0.0,0.0,392900000.0,-157100000.0,198300000.0,-1061200000.0,0.0,514200000.0,0.0,311200000.0,292500000.0,292500000.0,-8600000.0,0.0,0.081,243200000.0,435600000.0,359800000.0,0.537,0.955,9.326,9.317,5572900000.0,18700000.0,12.345,0.752,0.75,436400000.0,1367400000.0,3627000000.0,3627000000.0,0.0,0.038,0.104,0.064,0.144,0.0,0.0,1.0,220967146.0,220436000,220610000.0,16.454,8239400000.0,117600000.0,80300000.0,1060100000.0,37.378,178300000.0
50,LNT,MRT,2008-12-31,2008-12-31,2008-12-31,2021-08-06,-1400000.0,8201500000.0,7522775000.0,1445600000.0,6755900000.0,0.488,12.814,-879000000.0,346900000.0,346900000.0,2942400000.0,306700000.0,1.392,1.839,1970800000.0,222500000.0,1748300000.0,1970800000.0,0.0,241900000.0,0.0,0.048,0.7,572100000.0,814000000.0,0.222,814000000.0,572100000.0,446300000.0,1.305,1.305,1.305,2823500000.0,2775275000.0,2823500000.0,4453304709.0,8.0,5.471,-540800000.0,-2.454,1.0,726700000.0,0.198,0.0,125800000.0,8787200000.0,7761850000.0,242500000.0,213200000.0,18100000.0,195100000.0,5192100000.0,1038200000.0,4153900000.0,3222904709.0,-398700000.0,0.0,0.0,320500000.0,-154300000.0,129200000.0,-866100000.0,0.0,338200000.0,0.0,306700000.0,288000000.0,288000000.0,-8600000.0,0.0,0.078,239700000.0,487000000.0,425100000.0,0.536,1.141,11.191,11.18,5353500000.0,18700000.0,14.59,0.878,0.876,558700000.0,1336200000.0,3669100000.0,3669100000.0,0.0,0.038,0.104,0.074,0.156,0.0,0.0,1.0,220898198.0,220340000,220616000.0,16.652,8201500000.0,67700000.0,139600000.0,1023700000.0,37.222,407400000.0
51,LNT,MRT,2008-09-30,2008-09-30,2008-09-30,2021-08-06,0.0,7296600000.0,7269825000.0,1118600000.0,6178000000.0,0.505,12.766,-811200000.0,379400000.0,379400000.0,2904000000.0,463300000.0,1.065,1.594,1609800000.0,354700000.0,1255100000.0,1609800000.0,0.0,246600000.0,0.0,0.043,0.685,823400000.0,1070000000.0,0.291,1070000000.0,823400000.0,703000000.0,1.945,1.94,1.945,2813100000.0,2739700000.0,2813100000.0,4732507094.0,6.0,4.423,-166300000.0,-0.755,1.0,767100000.0,0.209,0.0,120400000.0,7477000000.0,7355800000.0,241600000.0,220100000.0,31500000.0,188600000.0,4483500000.0,1050000000.0,3433500000.0,3557607094.0,271300000.0,0.0,1100000.0,-145700000.0,-150700000.0,-335500000.0,-38100000.0,0.0,644900000.0,0.0,463300000.0,430600000.0,430600000.0,-3300000.0,0.0,0.117,246600000.0,520500000.0,396400000.0,0.352,1.265,8.262,8.28,5117200000.0,32700000.0,16.105,0.969,0.967,321100000.0,1324200000.0,3671100000.0,3671100000.0,0.0,0.059,0.157,0.112,0.224,0.0,0.0,1.0,220900782.0,220364000,220626000.0,16.659,7296600000.0,0.0,239700000.0,913000000.0,33.112,68600000.0
52,LNT,MRT,2008-06-30,2008-06-30,2008-06-30,2021-08-06,2800000.0,7403900000.0,7177475000.0,1376100000.0,6027800000.0,0.501,12.457,-745000000.0,573900000.0,573900000.0,2810500000.0,469800000.0,1.279,1.697,1748800000.0,345600000.0,1403200000.0,1748800000.0,0.0,254000000.0,0.0,0.039,0.669,826500000.0,1080500000.0,0.3,1080500000.0,826500000.0,707100000.0,1.995,1.99,1.995,2744800000.0,2664375000.0,2744800000.0,4777789533.0,6.0,4.422,-178300000.0,-0.809,1.0,787600000.0,0.219,0.0,119400000.0,7503100000.0,7441475000.0,176300000.0,289700000.0,108100000.0,181600000.0,4659100000.0,1075700000.0,3583400000.0,3783489533.0,448600000.0,0.0,-59700000.0,111900000.0,-147500000.0,-141500000.0,23400000.0,0.0,566700000.0,0.0,469800000.0,441700000.0,441700000.0,-7300000.0,0.0,0.123,254000000.0,533600000.0,355500000.0,0.335,1.378,8.566,8.586,4992400000.0,28100000.0,17.13,1.052,1.049,319300000.0,1254300000.0,3598100000.0,3598100000.0,0.0,0.062,0.166,0.111,0.23,0.0,0.0,1.0,220869208.0,220336000,220644000.0,16.33,7403900000.0,74500000.0,237300000.0,907700000.0,33.603,300400000.0
53,LNT,MRT,2008-03-31,2008-03-31,2008-03-31,2021-08-06,800000.0,7189100000.0,7014375000.0,1402100000.0,5787000000.0,0.501,12.346,-572200000.0,632400000.0,632400000.0,2710000000.0,452900000.0,1.552,1.643,1626700000.0,223100000.0,1403600000.0,1626700000.0,0.0,258300000.0,0.0,0.037,0.652,827100000.0,1085400000.0,0.309,1085400000.0,827100000.0,710300000.0,1.935,1.93,1.935,2719700000.0,2602225000.0,2719700000.0,4777321673.0,6.0,4.401,-40700000.0,-0.185,1.0,806900000.0,0.229,0.0,116800000.0,7280100000.0,7400900000.0,142800000.0,215400000.0,41100000.0,174300000.0,4469400000.0,903300000.0,3566100000.0,3867021673.0,522100000.0,0.0,-143000000.0,40400000.0,-145000000.0,-267200000.0,257800000.0,0.0,531500000.0,0.0,452900000.0,429500000.0,429500000.0,-1900000.0,0.0,0.122,258300000.0,548600000.0,333900000.0,0.337,1.422,9.004,9.047,4782700000.0,23400000.0,17.505,1.1,1.097,472200000.0,1232000000.0,3516900000.0,3516900000.0,0.0,0.061,0.165,0.112,0.235,0.0,0.0,1.0,220909550.0,220296000,220608000.0,15.964,7189100000.0,0.0,257400000.0,925800000.0,32.634,498800000.0
54,LNT,MRT,2007-12-31,2007-12-31,2007-12-31,2021-08-06,200000.0,7189700000.0,6896825000.0,1472300000.0,5717400000.0,0.498,11.939,-542000000.0,745600000.0,745600000.0,2630600000.0,444000000.0,1.571,1.682,1655900000.0,251400000.0,1404500000.0,1655900000.0,0.0,262700000.0,0.0,0.031,0.637,816500000.0,1079200000.0,0.314,1079200000.0,816500000.0,699800000.0,1.895,1.89,1.895,2681200000.0,2563275000.0,2681200000.0,6135540340.0,8.0,5.685,65500000.0,0.292,1.0,807000000.0,0.235,0.0,116700000.0,7163000000.0,7412275000.0,208300000.0,206300000.0,34100000.0,172200000.0,4508500000.0,937000000.0,3571500000.0,4488740340.0,479600000.0,0.0,-262700000.0,-40700000.0,-143200000.0,-456900000.0,329000000.0,0.0,607500000.0,0.0,444000000.0,425300000.0,425300000.0,-600000.0,0.0,0.124,262700000.0,544300000.0,346700000.0,0.336,1.674,10.554,10.736,4679900000.0,18700000.0,20.345,1.306,1.329,346900000.0,1205200000.0,3437600000.0,3437600000.0,0.0,0.062,0.166,0.11,0.238,0.0,0.0,1.0,220631130.0,224568000,225042000.0,15.308,7189700000.0,13500000.0,255800000.0,897600000.0,32.016,535300000.0
55,LNT,MRT,2007-09-30,2007-09-30,2007-09-30,2021-08-06,-8800000.0,6927200000.0,6870425000.0,849900000.0,6077300000.0,0.496,11.327,-506500000.0,108100000.0,108100000.0,2618000000.0,425200000.0,1.127,1.758,1754900000.0,161000000.0,1593900000.0,1754900000.0,0.0,262800000.0,0.0,0.032,0.621,804100000.0,1066900000.0,0.313,1066900000.0,804100000.0,679700000.0,1.855,1.855,1.855,2511800000.0,2555800000.0,2511800000.0,5805154435.0,7.0,5.441,-70300000.0,-0.317,1.0,789500000.0,0.232,0.0,124400000.0,7819700000.0,7463575000.0,216900000.0,170700000.0,0.0,170700000.0,4415400000.0,754300000.0,3661100000.0,4289254435.0,-22500000.0,0.0,-262400000.0,102000000.0,-141400000.0,-315400000.0,-143300000.0,0.0,436200000.0,0.0,425200000.0,425200000.0,425200000.0,-7500000.0,0.0,0.125,262800000.0,526700000.0,298400000.0,0.335,1.708,10.088,10.329,5089500000.0,0.0,19.16,1.259,1.247,382100000.0,1047000000.0,3407500000.0,3407500000.0,0.0,0.062,0.166,0.108,0.236,0.0,0.0,1.0,223865054.0,221762000,222112000.0,15.366,6927200000.0,0.0,254500000.0,849100000.0,31.237,95600000.0
56,LNT,MRT,2007-06-30,2007-06-30,2007-06-30,2021-08-06,-9000000.0,6751500000.0,6876900000.0,750400000.0,6001100000.0,0.493,11.067,-476900000.0,125300000.0,125300000.0,2635100000.0,384400000.0,0.81,1.705,1641200000.0,345700000.0,1295500000.0,1641200000.0,0.0,261900000.0,0.0,0.031,0.607,752200000.0,1014100000.0,0.299,1014100000.0,752200000.0,623600000.0,1.65,1.65,1.65,2496200000.0,2547425000.0,2496200000.0,5867907663.0,8.0,5.786,4000000.0,0.018,1.0,755500000.0,0.223,0.0,128600000.0,7340800000.0,7401100000.0,188000000.0,169400000.0,0.0,169400000.0,4255300000.0,926600000.0,3328700000.0,4418907663.0,-26400000.0,0.0,-271300000.0,8700000.0,-139900000.0,-410800000.0,-96500000.0,0.0,480900000.0,0.0,384400000.0,384400000.0,384400000.0,4900000.0,0.0,0.113,261900000.0,493600000.0,305500000.0,0.368,1.77,11.496,11.773,5050900000.0,0.0,19.425,1.303,1.292,254700000.0,962800000.0,3390600000.0,3390600000.0,0.0,0.056,0.151,0.102,0.222,0.0,0.0,1.0,227485594.0,225556000,226052000.0,15.032,6751500000.0,0.0,239200000.0,826100000.0,29.933,-176200000.0
57,LNT,MRT,2007-03-31,2007-03-31,2007-03-31,2021-08-06,-9100000.0,6718900000.0,6902975000.0,789600000.0,5929300000.0,0.484,11.107,-422500000.0,110200000.0,110200000.0,2586300000.0,381200000.0,0.937,1.621,1559200000.0,263400000.0,1295800000.0,1559200000.0,0.0,260400000.0,0.0,0.026,0.593,757800000.0,1018200000.0,0.305,1018200000.0,757800000.0,622200000.0,1.63,1.63,1.63,2563900000.0,2547150000.0,2563900000.0,6637285252.0,9.0,6.519,91700000.0,0.397,1.0,754900000.0,0.226,0.0,135600000.0,7325600000.0,7439025000.0,132400000.0,168200000.0,0.0,168200000.0,4155000000.0,842300000.0,3312700000.0,5209485252.0,49100000.0,0.0,-184000000.0,-102800000.0,-137500000.0,-443800000.0,-21300000.0,23500000.0,514200000.0,0.0,381200000.0,381200000.0,381200000.0,9200000.0,0.0,0.114,260400000.0,494500000.0,292400000.0,0.364,2.032,13.666,13.748,4979100000.0,0.0,22.41,1.559,1.548,337900000.0,950200000.0,3341200000.0,3341200000.0,0.0,0.055,0.15,0.102,0.227,0.0,0.0,1.0,232462528.0,230840000,231508000.0,14.474,6718900000.0,0.0,241000000.0,818700000.0,29.106,-52700000.0
58,LNT,MRT,2006-12-31,2006-12-31,2006-12-31,2021-08-06,-8700000.0,7084100000.0,6958750000.0,1629900000.0,5454200000.0,0.483,11.347,-399000000.0,265200000.0,265200000.0,2604500000.0,315700000.0,1.421,1.672,1696700000.0,373400000.0,1323300000.0,1696700000.0,0.0,261400000.0,0.0,0.031,0.577,664400000.0,925800000.0,0.276,925800000.0,664400000.0,518700000.0,1.35,1.345,1.35,2651300000.0,2526375000.0,2651300000.0,6097266701.0,9.0,6.586,4300000.0,0.018,1.0,754900000.0,0.225,0.0,145700000.0,7368200000.0,7539900000.0,178200000.0,173400000.0,7200000.0,166200000.0,4432800000.0,1147400000.0,3285400000.0,4384766701.0,50000000.0,0.0,-55500000.0,-599500000.0,-134400000.0,-819100000.0,465800000.0,29200000.0,403300000.0,0.0,315700000.0,315700000.0,315700000.0,22600000.0,0.0,0.094,261400000.0,493500000.0,294100000.0,0.427,1.654,13.889,13.989,4488800000.0,0.0,18.885,1.305,1.313,349800000.0,923600000.0,3359400000.0,3359400000.0,0.0,0.045,0.125,0.088,0.198,0.0,0.0,1.0,232182510.0,233652000,234380000.0,14.378,7084100000.0,0.0,203000000.0,852500000.0,30.319,482500000.0
59,LNT,MRT,2006-09-30,2006-09-30,2006-09-30,2021-08-06,-19500000.0,6953100000.0,7121000000.0,1120200000.0,5832900000.0,0.481,10.581,-438900000.0,132900000.0,132900000.0,2656200000.0,58700000.0,1.022,1.806,1845400000.0,362700000.0,1482700000.0,1845400000.0,0.0,282800000.0,0.0,0.032,0.565,246000000.0,528800000.0,0.154,528800000.0,246000000.0,95000000.0,0.25,0.25,0.25,2478300000.0,2473675000.0,2478300000.0,5863098199.0,24.0,11.088,-38700000.0,-0.165,1.0,768700000.0,0.224,0.0,151000000.0,7569800000.0,7772025000.0,180700000.0,284300000.0,0.0,284300000.0,4474800000.0,1095800000.0,3379000000.0,4207498199.0,-71600000.0,0.0,-51600000.0,-532000000.0,-131800000.0,-712200000.0,240400000.0,25800000.0,400200000.0,0.0,58700000.0,58700000.0,58700000.0,27100000.0,0.0,0.017,274500000.0,494200000.0,249200000.0,2.26,1.698,71.678,71.46,4902600000.0,0.0,17.865,1.229,1.222,335000000.0,763700000.0,3424900000.0,3424900000.0,0.0,0.008,0.024,0.032,0.072,0.0,0.0,1.0,235516272.0,234220000,234996000.0,14.623,6953100000.0,117300000.0,36300000.0,778600000.0,29.686,24400000.0
60,LNT,MRT,2006-06-30,2006-06-30,2006-06-30,2021-08-06,-21900000.0,6855800000.0,7354325000.0,1052000000.0,5803800000.0,0.463,10.635,-441300000.0,157300000.0,157300000.0,2595200000.0,92400000.0,1.032,1.748,1812900000.0,338600000.0,1474300000.0,1812900000.0,0.0,298800000.0,0.0,0.032,0.55,250700000.0,549500000.0,0.161,549500000.0,250700000.0,88700000.0,0.395,0.395,0.395,2495100000.0,2493000000.0,2495100000.0,5787109858.0,23.0,10.532,-21500000.0,-0.092,1.0,813500000.0,0.239,0.0,162000000.0,7492500000.0,8153825000.0,157200000.0,266900000.0,0.0,266900000.0,4360700000.0,1018900000.0,3341800000.0,4031609858.0,-151100000.0,0.0,29900000.0,-815600000.0,-128400000.0,-925900000.0,355000000.0,82300000.0,419800000.0,0.0,92400000.0,92400000.0,92400000.0,5200000.0,0.0,0.027,290500000.0,523000000.0,224100000.0,1.392,1.616,43.632,43.418,4871900000.0,0.0,17.15,1.183,1.18,269600000.0,718800000.0,3408700000.0,3408700000.0,0.0,0.013,0.037,0.031,0.074,0.0,0.0,1.0,235079292.0,234610000,235378000.0,14.529,6855800000.0,116700000.0,-3700000.0,771000000.0,29.222,33100000.0
61,LNT,MRT,2006-03-31,2006-03-31,2006-03-31,2021-08-06,-19400000.0,6942000000.0,7660525000.0,1126200000.0,5815800000.0,0.445,10.598,-500800000.0,100800000.0,100800000.0,2596200000.0,-11700000.0,1.163,1.798,1856300000.0,217400000.0,1638900000.0,1856300000.0,0.0,315500000.0,0.0,0.034,0.536,98100000.0,413600000.0,0.121,413600000.0,98100000.0,-73400000.0,-0.05,-0.05,-0.05,2480800000.0,2476225000.0,2480800000.0,5832486584.0,59.0,14.102,-74300000.0,-0.317,1.0,815500000.0,0.239,0.0,171500000.0,7729100000.0,8619725000.0,140100000.0,268300000.0,0.0,268300000.0,4461200000.0,968400000.0,3492800000.0,3688586584.0,-102200000.0,0.0,30200000.0,-676000000.0,-125200000.0,-780500000.0,251800000.0,55400000.0,426500000.0,0.0,-11700000.0,-11700000.0,-11700000.0,54500000.0,0.0,-0.003,307200000.0,508300000.0,241800000.0,-10.72,1.487,-315.264,-314.7,4854800000.0,0.0,15.735,1.081,1.08,382400000.0,707000000.0,3411700000.0,3411700000.0,0.0,-0.002,-0.005,0.011,0.029,0.0,0.0,1.0,234419230.0,234074000,234686000.0,14.575,6942000000.0,160400000.0,-61700000.0,811600000.0,29.657,157800000.0
62,LNT,MRT,2005-12-31,2005-12-31,2005-12-31,2021-08-06,-84600000.0,7733100000.0,7957900000.0,1783400000.0,5949700000.0,0.412,10.476,-538100000.0,224700000.0,224700000.0,2483400000.0,-7700000.0,1.129,2.169,2368600000.0,453800000.0,1914800000.0,2368600000.0,0.0,328600000.0,0.0,0.037,0.521,115200000.0,443800000.0,0.135,443800000.0,115200000.0,-60600000.0,-0.035,-0.035,-0.035,2440500000.0,2491000000.0,2440500000.0,5452907975.0,47.0,12.287,27300000.0,0.117,1.0,796200000.0,0.243,0.0,175800000.0,8296700000.0,9076825000.0,185800000.0,341000000.0,0.0,341000000.0,5292600000.0,1580300000.0,3712300000.0,3277207975.0,-48600000.0,0.0,29300000.0,-191700000.0,-121900000.0,-298000000.0,-316000000.0,46500000.0,565400000.0,0.0,-7700000.0,-7700000.0,-7700000.0,64100000.0,0.0,-0.002,320300000.0,475900000.0,355300000.0,-14.886,1.343,-425.611,-400.571,4866200000.0,0.0,14.02,0.999,0.996,386000000.0,742300000.0,3279600000.0,3279600000.0,0.0,-0.001,-0.003,0.013,0.035,0.0,0.0,1.0,233752352.0,232952000,233586000.0,14.078,7733100000.0,0.0,-52900000.0,644400000.0,33.196,203100000.0
63,LNT,MRT,2005-09-30,2005-09-30,2005-09-30,2021-08-06,-62700000.0,7886400000.0,8093425000.0,1252700000.0,6633700000.0,0.385,10.955,-563200000.0,152400000.0,152400000.0,2333600000.0,98900000.0,1.298,2.086,2328100000.0,163000000.0,2165100000.0,2328100000.0,0.0,322000000.0,0.0,0.036,0.52,291500000.0,613500000.0,0.197,613500000.0,291500000.0,113700000.0,0.425,0.425,0.425,2555600000.0,2521225000.0,2555600000.0,5696849893.0,20.0,9.286,118500000.0,0.508,1.0,781500000.0,0.251,0.0,177800000.0,9097000000.0,9307900000.0,183500000.0,676300000.0,37600000.0,638700000.0,5330800000.0,965100000.0,4365700000.0,3392749893.0,3900000.0,0.0,29900000.0,-182000000.0,-121600000.0,-308400000.0,-369400000.0,34900000.0,681700000.0,0.0,98900000.0,98900000.0,98900000.0,76300000.0,0.0,0.032,322000000.0,459500000.0,261100000.0,1.224,1.328,34.305,34.271,5052500000.0,0.0,14.565,1.089,1.091,308000000.0,836800000.0,3115100000.0,3115100000.0,0.0,0.012,0.039,0.031,0.094,0.0,0.0,1.0,232938544.0,233278000,234068000.0,13.354,7886400000.0,26200000.0,14800000.0,910600000.0,33.807,287600000.0
64,LNT,MRT,2005-06-30,2005-06-30,2005-06-30,2021-08-06,-95300000.0,8080600000.0,8111439000.0,1077400000.0,7003200000.0,0.362,10.44,-600900000.0,260300000.0,260300000.0,2187100000.0,68200000.0,1.047,2.328,2564400000.0,387800000.0,2176600000.0,2564400000.0,0.0,320700000.0,0.0,0.037,0.515,290100000.0,610800000.0,0.208,610800000.0,290100000.0,111000000.0,0.305,0.3,0.305,2428000000.0,2511697000.0,2428000000.0,5523171268.0,19.0,9.043,47300000.0,0.203,1.0,747400000.0,0.255,0.0,179100000.0,9356100000.0,9399000750.0,136200000.0,653300000.0,0.0,653300000.0,5652600000.0,1028600000.0,4624000000.0,3271571268.0,121700000.0,0.0,76600000.0,119000000.0,-119300000.0,33200000.0,-559700000.0,-21600000.0,648200000.0,0.0,68200000.0,68200000.0,68200000.0,99800000.0,0.0,0.023,320800000.0,426600000.0,250600000.0,1.689,1.347,47.97,46.148,5186300000.0,0.0,14.075,1.115,1.115,246600000.0,754800000.0,2934500000.0,2934500000.0,0.0,0.008,0.027,0.031,0.099,0.0,0.0,1.0,232438456.0,232566000,232566000.0,12.618,8080600000.0,8500000.0,42800000.0,892300000.0,34.745,48800000.0
65,LNT,MRT,2005-03-31,2005-03-31,2005-03-31,2021-08-06,-66900000.0,8131500000.0,8035257500.0,858200000.0,7273300000.0,0.353,10.945,-617600000.0,170600000.0,170600000.0,2090100000.0,113800000.0,1.039,2.202,2422200000.0,217700000.0,2204500000.0,2422200000.0,0.0,314400000.0,0.0,0.038,0.51,375900000.0,690300000.0,0.244,690300000.0,375900000.0,197700000.0,0.495,0.49,0.495,2539900000.0,2497583500.0,2539900000.0,5378381436.0,14.0,7.791,-26700000.0,-0.115,1.0,744300000.0,0.263,0.0,178200000.0,9557500000.0,9369250750.0,131500000.0,704600000.0,0.0,704600000.0,5591600000.0,825600000.0,4766000000.0,3111381436.0,-31400000.0,0.0,115300000.0,28300000.0,-116700000.0,-1600000.0,-620700000.0,-14600000.0,590900000.0,0.0,113800000.0,113800000.0,113800000.0,96900000.0,0.0,0.04,318200000.0,426100000.0,284100000.0,1.03,1.225,27.341,27.051,5384900000.0,0.0,13.39,1.098,1.096,417100000.0,843900000.0,2834400000.0,2834400000.0,0.0,0.014,0.046,0.04,0.133,0.0,0.0,1.0,232366052.0,232064000,232738000.0,12.214,8131500000.0,29000000.0,83900000.0,918500000.0,35.04,32600000.0
66,LNT,MRT,2004-12-31,2004-12-31,2004-12-31,2021-08-06,-67100000.0,8275200000.0,7944104500.0,2142800000.0,6132400000.0,0.353,11.306,-633400000.0,215600000.0,215600000.0,2079600000.0,145500000.0,1.591,2.231,2508000000.0,218600000.0,2289400000.0,2508000000.0,0.0,316900000.0,0.0,0.035,0.505,413600000.0,730500000.0,0.26,730500000.0,413600000.0,236700000.0,0.64,0.64,0.64,2561400000.0,2460848000.0,2561400000.0,5532622413.0,13.0,7.574,-135200000.0,-0.597,1.0,725200000.0,0.259,0.0,176900000.0,9221000000.0,9262313250.0,150400000.0,583800000.0,0.0,583800000.0,5713800000.0,1346600000.0,4367200000.0,3304256413.0,23000000.0,0.0,115100000.0,151400000.0,-114000000.0,159300000.0,-634500000.0,-15000000.0,498200000.0,0.0,145500000.0,145500000.0,145500000.0,72900000.0,0.0,0.052,316900000.0,408300000.0,264200000.0,0.789,1.29,22.71,22.344,4665300000.0,0.0,14.3,1.178,1.155,325500000.0,871900000.0,2804800000.0,2804800000.0,0.0,0.018,0.059,0.045,0.147,0.0,0.0,1.0,231066882.0,226548000,227402000.0,12.381,8275200000.0,0.0,91200000.0,920800000.0,36.527,796200000.0
67,LNT,MRT,2004-09-30,2004-09-30,2004-09-30,2021-08-06,-92275000.0,7958456000.0,7824679500.0,934892000.0,7023564000.0,0.343,11.018,-617396000.0,190644000.0,190644000.0,1962942000.0,151392000.0,1.289,2.161,2419010000.0,181382000.0,2237628000.0,2419010000.0,0.0,292536000.0,0.0,0.04,0.5,418779000.0,711315000.0,0.265,711315000.0,418779000.0,240922000.0,0.675,0.67,0.675,2517488000.0,2413323000.0,2517488000.0,4987792472.0,12.0,7.012,-50102000.0,-0.219,1.0,719939000.0,0.268,0.0,177857000.0,9461403000.0,9223363250.0,196043000.0,786800000.0,0.0,786800000.0,5440968000.0,725419000.0,4715549000.0,2816950472.0,81637000.0,0.0,115611000.0,-136284000.0,-111301000.0,-115248000.0,-370409000.0,-3734000.0,567294000.0,0.0,151392000.0,151392000.0,151392000.0,53994000.0,0.0,0.056,296336000.0,423603000.0,240710000.0,0.741,1.119,18.607,18.43,5206304000.0,0.0,12.44,1.05,1.059,307168000.0,859488000.0,2682881000.0,2682881000.0,0.0,0.019,0.063,0.045,0.156,0.0,0.0,1.0,226442964.0,228492000,229406000.0,11.742,7958456000.0,0.0,89530000.0,872035000.0,34.83,209473000.0
68,LNT,MRT,2004-06-30,2004-06-30,2004-06-30,2021-08-06,-125616000.0,7775874000.0,7736532500.0,817556000.0,6958318000.0,0.353,10.58,-629753000.0,197108000.0,197108000.0,2016253000.0,172824000.0,1.152,2.279,2367950000.0,165122000.0,2202828000.0,2367950000.0,0.0,290237000.0,0.0,0.038,0.5,448361000.0,738598000.0,0.27,738598000.0,448361000.0,266065000.0,0.79,0.785,0.79,2371546000.0,2362577750.0,2371546000.0,5067385030.0,11.0,6.861,-193173000.0,-0.862,1.0,716673000.0,0.262,0.0,182296000.0,9237100000.0,9126964500.0,153371000.0,754843000.0,0.0,754843000.0,5404328000.0,709616000.0,4694712000.0,2903699030.0,94723000.0,0.0,383295000.0,-316843000.0,-110635000.0,2544000.0,-344401000.0,-7189000.0,436580000.0,0.0,172824000.0,172824000.0,172824000.0,24738000.0,0.0,0.063,295202000.0,421471000.0,268206000.0,0.633,1.224,16.801,16.506,5149132000.0,0.0,13.04,1.062,1.07,278858000.0,805938000.0,2732926000.0,2732926000.0,0.0,0.022,0.073,0.049,0.164,0.0,0.0,1.0,222676306.0,224158000,224962000.0,12.192,7775874000.0,54464000.0,93241000.0,855775000.0,34.689,107940000.0
69,LNT,MRT,2004-03-31,2004-03-31,2004-03-31,2021-08-06,-100661000.0,7766888000.0,7638447750.0,807462000.0,6959426000.0,0.366,10.764,-663075000.0,204885000.0,204885000.0,2102928000.0,218078000.0,1.008,2.246,2368571000.0,263663000.0,2104908000.0,2368571000.0,0.0,291522000.0,0.0,0.038,0.5,495861000.0,787383000.0,0.282,787383000.0,495861000.0,301736000.0,1.025,1.02,1.025,2392958000.0,2247618000.0,2392958000.0,5022793317.0,10.0,6.379,-288218000.0,-1.296,1.0,689799000.0,0.247,0.0,194125000.0,9129750000.0,9046882500.0,124507000.0,770979000.0,0.0,770979000.0,5373930000.0,800824000.0,4573106000.0,2899818317.0,109924000.0,0.0,346446000.0,-415246000.0,-105967000.0,-150937000.0,-113996000.0,-14245000.0,374857000.0,0.0,218078000.0,218078000.0,218078000.0,-42787000.0,0.0,0.078,292787000.0,397012000.0,276622000.0,0.488,1.212,13.297,12.712,5069406000.0,0.0,13.03,1.038,1.037,325924000.0,846788000.0,2792727000.0,2792727000.0,0.0,0.029,0.097,0.055,0.178,0.0,0.0,1.0,222549372.0,222306000,223158000.0,12.563,7766888000.0,44237000.0,83658000.0,822879000.0,34.938,6638000.0
70,LNT,MRT,2003-12-31,2003-12-31,2003-12-31,2021-08-06,-106400000.0,7797500000.0,7625286500.0,988500000.0,6809000000.0,0.357,11.697,-815600000.0,250600000.0,250600000.0,2046000000.0,183500000.0,1.152,2.288,2376700000.0,253400000.0,2123300000.0,2376700000.0,0.0,286800000.0,0.0,0.04,0.5,464200000.0,751000000.0,0.275,751000000.0,464200000.0,259100000.0,0.905,0.905,0.905,2371300000.0,2111348500.0,2371300000.0,5368108265.0,12.0,7.148,-377000000.0,-1.86,1.0,680000000.0,0.249,0.0,205100000.0,9065200000.0,9143224750.0,163900000.0,740300000.0,0.0,740300000.0,5426200000.0,858400000.0,4567800000.0,2756843265.0,159600000.0,0.0,345600000.0,-220700000.0,-101300000.0,-10200000.0,-268800000.0,-14100000.0,438600000.0,0.0,183500000.0,183500000.0,183500000.0,-37800000.0,0.0,0.067,286800000.0,393200000.0,296200000.0,0.552,1.163,15.024,13.757,5003600000.0,0.0,12.45,1.011,0.926,236100000.0,840400000.0,2726000000.0,2726000000.0,0.0,0.024,0.087,0.051,0.17,0.0,0.0,1.0,221433194.0,202732000,203088000.0,13.446,7797500000.0,0.0,75600000.0,819900000.0,38.462,130100000.0
71,LNT,MRT,2003-09-30,2003-09-30,2003-09-30,2021-08-06,-134131000.0,7605868000.0,7629432500.0,1450327000.0,6155541000.0,0.392,10.596,-820161000.0,103173000.0,103173000.0,2306451000.0,181020000.0,1.271,2.286,2714438000.0,418595000.0,2295843000.0,2714438000.0,0.0,291169000.0,0.0,0.057,0.625,454757000.0,745926000.0,0.249,745926000.0,454757000.0,249250000.0,0.9,0.895,0.9,2314507000.0,1977571000.0,2314507000.0,5207006106.0,11.0,6.981,-455580000.0,-2.086,1.0,686702000.0,0.229,0.0,205507000.0,9075808000.0,9286929750.0,221754000.0,734071000.0,0.0,734071000.0,5291361000.0,1141325000.0,4150036000.0,2428653106.0,39526000.0,0.0,349879000.0,-321172000.0,-119443000.0,216400000.0,-541455000.0,-13387000.0,364581000.0,0.0,181020000.0,181020000.0,181020000.0,-15316000.0,0.0,0.06,292434000.0,394268000.0,268319000.0,0.694,1.049,13.416,12.222,4341429000.0,0.0,11.0,0.811,0.803,337961000.0,819396000.0,2993153000.0,2993153000.0,0.0,0.024,0.092,0.049,0.152,0.0,0.0,1.0,220786646.0,218442000,218866000.0,13.702,7605868000.0,123770000.0,68230000.0,838405000.0,34.819,309002000.0
72,LNT,MRT,2003-06-30,2003-06-30,2003-06-30,2021-08-06,-133931000.0,7383535000.0,7418022000.0,1295026000.0,6088509000.0,0.392,10.288,-822364000.0,76427000.0,76427000.0,2260568000.0,122518000.0,1.04,2.862,2854780000.0,466343000.0,2388437000.0,2854780000.0,0.0,285948000.0,0.0,0.079,0.75,378675000.0,664623000.0,0.228,664623000.0,378675000.0,176904000.0,0.67,0.67,0.67,1911707000.0,1841511500.0,1911707000.0,4890846318.0,13.0,7.359,-322674000.0,-1.736,1.0,648367000.0,0.223,0.0,201771000.0,8916772000.0,9181692750.0,171058000.0,730064000.0,0.0,730064000.0,5471828000.0,1245116000.0,4226712000.0,1765578318.0,14370000.0,0.0,40394000.0,-27012000.0,-137274000.0,58955000.0,-544275000.0,-12153000.0,499690000.0,0.0,122518000.0,122518000.0,122518000.0,5266000.0,0.0,0.042,285948000.0,362419000.0,247393000.0,1.119,0.924,14.411,14.201,4079089000.0,0.0,9.515,0.607,0.608,142069000.0,743698000.0,2908935000.0,2908935000.0,0.0,0.017,0.067,0.041,0.13,0.0,0.0,1.0,185557364.0,185822000,186044000.0,15.654,7383535000.0,143802000.0,54386000.0,841236000.0,39.734,49910000.0
73,LNT,MRT,2003-03-31,2003-03-31,2003-03-31,2021-08-06,-181930000.0,7714243000.0,7240453250.0,1707306000.0,6006937000.0,0.386,9.987,-778036000.0,74982000.0,74982000.0,2148986000.0,96679000.0,1.289,3.175,3200250000.0,540372000.0,2659878000.0,3200250000.0,0.0,280196000.0,0.0,0.109,0.875,341392000.0,621588000.0,0.222,621588000.0,341392000.0,148714000.0,0.53,0.53,0.53,1847880000.0,1822582750.0,1847880000.0,4464174965.0,13.0,7.182,-216066000.0,-1.168,1.0,644908000.0,0.231,0.0,192678000.0,9515119000.0,9111781250.0,127731000.0,666314000.0,0.0,666314000.0,5866363000.0,1324392000.0,4541971000.0,1489017965.0,16069000.0,0.0,48669000.0,226829000.0,-159182000.0,216823000.0,-762724000.0,-10918000.0,561970000.0,0.0,96679000.0,96679000.0,96679000.0,13868000.0,0.0,0.035,280329000.0,364579000.0,310418000.0,1.651,0.806,15.402,15.16,3962709000.0,0.0,8.035,0.533,0.532,238341000.0,734676000.0,2793894000.0,2793894000.0,0.0,0.013,0.053,0.037,0.122,0.0,0.0,1.0,185316486.0,185022000,185076000.0,15.1,7714243000.0,119598000.0,52035000.0,794196000.0,41.694,382914000.0
74,LNT,MRT,2002-12-31,2002-12-31,2002-12-31,2021-08-06,-209943000.0,7814084000.0,6917556500.0,1655462000.0,6158622000.0,0.355,10.1,-648400000.0,72469000.0,72469000.0,1827600000.0,106900000.0,1.475,3.256,3020715000.0,410912000.0,2609803000.0,3020715000.0,0.0,278000000.0,0.0,0.121,1.0,336500000.0,614500000.0,0.25,614500000.0,336500000.0,153700000.0,0.59,0.59,0.59,1836190000.0,1838523750.0,1836190000.0,4553532705.0,14.0,7.41,-107100000.0,-0.589,1.0,629500000.0,0.256,0.0,182800000.0,9640020000.0,8835173000.0,184526000.0,591808000.0,0.0,591808000.0,5977894000.0,1122310000.0,4855584000.0,1517461705.0,-7100000.0,0.0,56100000.0,95700000.0,-181000000.0,77200000.0,-625600000.0,-22900000.0,541300000.0,0.0,106900000.0,106900000.0,106900000.0,-12800000.0,0.0,0.044,278000000.0,351500000.0,282855000.0,1.695,0.826,14.195,14.025,4509950000.0,0.0,8.275,0.618,0.612,180144000.0,758187000.0,2457100000.0,2457100000.0,0.0,0.015,0.058,0.038,0.137,0.0,0.0,1.0,183379058.0,181794000,181918000.0,13.516,7814084000.0,97469000.0,46800000.0,821694000.0,42.983,533152000.0
75,LNT,MRT,2002-09-30,2002-09-30,2002-09-30,2021-08-06,-266716000.0,6760226000.0,6523516750.0,709875000.0,6050351000.0,0.349,9.707,-542100000.0,116339000.0,116339000.0,1721076000.0,116899000.0,0.622,2.819,3152410000.0,540373000.0,2612037000.0,3152410000.0,0.0,255756000.0,0.0,0.104,1.0,313355000.0,569111000.0,0.25,569111000.0,313355000.0,138121000.0,0.67,0.67,0.67,1770269000.0,1859061500.0,1770269000.0,4653241820.0,15.0,8.176,-210591000.0,-1.155,1.0,557658000.0,0.245,0.0,175234000.0,8654860000.0,8437414500.0,184974000.0,971016000.0,0.0,971016000.0,4989957000.0,1141437000.0,3848520000.0,1750780820.0,-16230000.0,0.0,322560000.0,303487000.0,-174984000.0,187295000.0,-535034000.0,-22100000.0,331509000.0,0.0,116899000.0,116899000.0,116899000.0,-84502000.0,0.0,0.051,255889000.0,301769000.0,208455000.0,1.493,0.989,14.977,14.366,3511457000.0,0.0,9.625,0.768,0.77,211065000.0,757825000.0,2278734000.0,2278734000.0,0.0,0.018,0.063,0.037,0.138,0.0,0.0,1.0,181899306.0,182364000,182516000.0,12.496,6760226000.0,95682000.0,21222000.0,902498000.0,37.07,-431562000.0
76,LNT,MRT,2002-06-30,2002-06-30,2002-06-30,2021-08-06,-189728000.0,6673260000.0,6347141500.0,651565000.0,6021695000.0,0.36,10.138,-656094000.0,105550000.0,105550000.0,1712685000.0,141500000.0,0.694,2.635,3008011000.0,370163000.0,2637848000.0,3008011000.0,0.0,269678000.0,0.0,0.078,1.0,344084000.0,613762000.0,0.269,613762000.0,344084000.0,168884000.0,0.86,0.86,0.86,1835992000.0,1817660500.0,1835992000.0,5042963075.0,15.0,8.216,-184773000.0,-1.02,1.0,572887000.0,0.251,0.0,175200000.0,8637126000.0,8170851000.0,154838000.0,1179847000.0,0.0,1179847000.0,4837268000.0,938595000.0,3898673000.0,2320508075.0,-17654000.0,0.0,316749000.0,214839000.0,-169138000.0,197654000.0,-686629000.0,-22100000.0,471321000.0,0.0,141500000.0,141500000.0,141500000.0,-86428000.0,0.0,0.062,269811000.0,303076000.0,237104000.0,1.163,1.264,16.399,14.942,3262755000.0,0.0,12.85,1.015,1.018,199490000.0,758460000.0,2285572000.0,2285572000.0,0.0,0.022,0.078,0.042,0.151,0.0,0.0,1.0,180584286.0,181106000,181106000.0,12.62,6673260000.0,67595000.0,27384000.0,853512000.0,36.847,-287030000.0
77,LNT,MRT,2002-03-31,2002-03-31,2002-03-31,2021-08-06,-138219000.0,6422656000.0,6206896000.0,622795000.0,5799861000.0,0.379,10.614,-677796000.0,120448000.0,120448000.0,1756861000.0,172906000.0,0.846,2.36,2842903000.0,203987000.0,2638916000.0,2842903000.0,0.0,285399000.0,0.0,0.066,1.0,392257000.0,677656000.0,0.288,677656000.0,392257000.0,215506000.0,1.065,1.065,1.065,1911644000.0,1786357500.0,1911644000.0,5259094279.0,13.0,7.761,-258424000.0,-1.435,1.0,596092000.0,0.253,0.0,176751000.0,8408686000.0,7962586750.0,130758000.0,1144414000.0,0.0,1144414000.0,4511012000.0,736425000.0,3774587000.0,2713169279.0,-46909000.0,0.0,302163000.0,103983000.0,-163593000.0,142706000.0,-608987000.0,-22100000.0,419372000.0,0.0,172906000.0,172906000.0,172906000.0,-74605000.0,0.0,0.073,285399000.0,310693000.0,205891000.0,0.939,1.419,15.692,14.188,3159979000.0,0.0,15.11,1.153,1.157,208312000.0,797185000.0,2352953000.0,2352953000.0,0.0,0.028,0.097,0.049,0.167,0.0,0.0,1.0,179561170.0,180108000,180108000.0,13.064,6422656000.0,44229000.0,42600000.0,787128000.0,35.66,-113630000.0
78,LNT,MRT,2001-12-31,2001-12-31,2001-12-31,2021-08-06,-152434000.0,6237925000.0,6193243250.0,1108856000.0,5129069000.0,0.425,11.915,-712991000.0,102821000.0,102821000.0,2003786000.0,172362000.0,1.454,2.252,2676254000.0,218313000.0,2457941000.0,2676254000.0,0.0,294339000.0,0.0,0.066,1.0,406193000.0,700532000.0,0.266,700532000.0,406193000.0,224185000.0,1.07,1.07,1.07,1918341000.0,1767934250.0,1918341000.0,5004048753.0,12.0,7.143,-279645000.0,-1.737,1.0,630444000.0,0.239,0.0,182008000.0,8048986000.0,7849078500.0,166222000.0,808596000.0,0.0,808596000.0,4319584000.0,762372000.0,3557212000.0,2414311753.0,-60140000.0,0.0,288553000.0,110832000.0,-158231000.0,161075000.0,-654561000.0,-22100000.0,433346000.0,0.0,172362000.0,172362000.0,172362000.0,-57071000.0,0.0,0.065,294339000.0,336105000.0,221823000.0,0.935,1.259,14.007,14.187,3325120000.0,0.0,15.18,0.917,0.928,187711000.0,832293000.0,2634230000.0,2634230000.0,0.0,0.028,0.097,0.052,0.154,0.0,0.0,1.0,159045570.0,160996000,161272000.0,16.362,6237925000.0,25401000.0,51823000.0,754049000.0,38.746,346484000.0
79,LNT,MRT,2001-09-30,2001-09-30,2001-09-30,2021-08-06,-171562000.0,6054725000.0,6317203500.0,549009000.0,5505716000.0,0.429,10.111,-698780000.0,142493000.0,142493000.0,2051438000.0,177067000.0,0.52,2.773,2732230000.0,525448000.0,2206782000.0,2732230000.0,0.0,319504000.0,0.0,0.064,1.0,438740000.0,758244000.0,0.28,758244000.0,438740000.0,254543000.0,1.12,1.115,1.12,1604665000.0,1797717000.0,1604665000.0,5020861735.0,11.0,6.622,-196020000.0,-1.235,1.0,657916000.0,0.243,0.0,184197000.0,7588606000.0,7819315000.0,166182000.0,574973000.0,0.0,574973000.0,4450060000.0,1055856000.0,3394204000.0,2476035735.0,23427000.0,0.0,11655000.0,475136000.0,-157992000.0,197492000.0,-676825000.0,-22100000.0,502760000.0,0.0,177067000.0,177067000.0,177067000.0,-51039000.0,0.0,0.065,319504000.0,338412000.0,252163000.0,0.893,1.543,13.984,13.973,3806739000.0,0.0,15.65,0.914,0.917,132329000.0,815910000.0,2709354000.0,2709354000.0,0.0,0.028,0.098,0.056,0.162,0.0,0.0,1.0,158213146.0,158700000,158700000.0,17.072,6054725000.0,18609000.0,77476000.0,855919000.0,38.152,-506847000.0
80,LNT,MRT,2001-06-30,2001-06-30,2001-06-30,2021-08-06,-23654000.0,6112278000.0,6390382500.0,552893000.0,5559385000.0,0.414,10.804,-552096000.0,133015000.0,133015000.0,1987947000.0,383984000.0,0.648,2.573,2677841000.0,415694000.0,2262147000.0,2677841000.0,0.0,313627000.0,0.0,0.069,1.0,786002000.0,1099629000.0,0.416,1099629000.0,786002000.0,602934000.0,2.435,2.425,2.435,1710780000.0,1916091250.0,1710780000.0,4791152423.0,6.0,4.357,-133406000.0,-0.842,1.0,658334000.0,0.249,0.0,183068000.0,7804069000.0,7771103500.0,125021000.0,803540000.0,0.0,803540000.0,4401498000.0,853035000.0,3548463000.0,2304463423.0,59121000.0,0.0,1584000.0,408359000.0,-157961000.0,119695000.0,-479264000.0,-22100000.0,418690000.0,0.0,383984000.0,383984000.0,383984000.0,-51039000.0,0.0,0.145,313627000.0,344707000.0,203895000.0,0.411,1.347,6.001,5.986,3631068000.0,0.0,14.575,0.871,0.872,189445000.0,786098000.0,2646281000.0,2646281000.0,0.0,0.06,0.2,0.101,0.297,0.0,0.0,1.0,158110698.0,158350000,158350000.0,16.712,6112278000.0,24381000.0,218950000.0,887189000.0,38.6,-300142000.0
81,LNT,MRT,2001-03-31,2001-03-31,2001-03-31,2021-08-06,100722000.0,6368045000.0,6511582500.0,677395000.0,5690650000.0,0.393,11.604,-518078000.0,114891000.0,114891000.0,1916026000.0,388541000.0,0.753,2.465,2601580000.0,368150000.0,2233430000.0,2601580000.0,0.0,305443000.0,0.0,0.063,1.0,791722000.0,1097165000.0,0.429,1097165000.0,791722000.0,614447000.0,2.465,2.455,2.465,1837951000.0,2034786500.0,1837951000.0,4868175285.0,6.0,4.437,-150760000.0,-0.952,1.0,642299000.0,0.251,0.0,177275000.0,7954653000.0,7843553500.0,105650000.0,1031232000.0,0.0,1031232000.0,4530094000.0,900081000.0,3630013000.0,2514162285.0,69545000.0,-11054000.0,1744000.0,504865000.0,-157955000.0,241985000.0,-539758000.0,-22100000.0,367318000.0,0.0,388541000.0,388541000.0,388541000.0,-51039000.0,0.0,0.152,305443000.0,336856000.0,228125000.0,0.406,1.368,6.471,6.454,3562815000.0,0.0,15.91,0.983,0.985,350854000.0,787872000.0,2558325000.0,2558325000.0,0.0,0.06,0.191,0.101,0.309,0.0,0.0,1.0,158024028.0,158396000,158396000.0,16.151,6368045000.0,17316000.0,225906000.0,996025000.0,40.203,-222686000.0
82,LNT,MRT,2000-12-31,2000-12-31,2000-12-31,2021-08-06,271867000.0,6733766000.0,6639025500.0,710981000.0,6022785000.0,0.343,12.895,-845454000.0,151927000.0,151927000.0,1646972000.0,398662000.0,0.616,2.305,2502428000.0,592312000.0,1910116000.0,2502428000.0,0.0,296732000.0,0.0,0.063,1.0,792991000.0,1089723000.0,0.478,1089723000.0,792991000.0,624842000.0,2.525,2.515,2.525,2037472000.0,2179632250.0,2037472000.0,4634939358.0,6.0,4.253,-452364000.0,-2.863,1.0,632702000.0,0.278,0.0,168149000.0,7929932000.0,7970910750.0,143916000.0,1661858000.0,9968000.0,1651890000.0,4696294000.0,1154335000.0,3541959000.0,2518756358.0,36900000.0,0.0,1069000.0,785604000.0,-157964000.0,513063000.0,-869253000.0,-22100000.0,393090000.0,0.0,398662000.0,398662000.0,398662000.0,-51039000.0,0.0,0.175,296732000.0,335970000.0,296959000.0,0.396,1.236,6.318,6.313,3101336000.0,0.0,15.94,1.105,1.105,293239000.0,818162000.0,2279674000.0,2279674000.0,0.0,0.06,0.183,0.099,0.348,0.0,0.0,1.0,158014828.0,158006000,158386000.0,14.428,6733766000.0,0.0,226180000.0,1086523000.0,42.617,-443354000.0
83,LNT,MRT,2000-09-30,2000-09-30,2000-09-30,2021-08-06,333850000.0,6347441000.0,6474504750.0,485774000.0,5861667000.0,0.339,13.152,-942168000.0,71269000.0,71269000.0,1522802000.0,382643000.0,0.455,2.054,2187452000.0,595593000.0,1591859000.0,2187452000.0,0.0,293938000.0,0.0,0.068,1.0,788719000.0,1082657000.0,0.493,1082657000.0,788719000.0,625385000.0,2.425,2.42,2.425,2078162000.0,2209155500.0,2078162000.0,4786944113.0,6.0,4.421,-516078000.0,-3.266,1.0,675005000.0,0.307,0.0,163334000.0,7395760000.0,7750869750.0,156011000.0,1341949000.0,0.0,1341949000.0,4269279000.0,1067864000.0,3201415000.0,2321895113.0,2241000.0,0.0,8656000.0,686533000.0,-157843000.0,494437000.0,-918286000.0,-22100000.0,426090000.0,0.0,382643000.0,382643000.0,382643000.0,0.0,0.0,0.174,293938000.0,381067000.0,184675000.0,0.412,1.117,6.068,6.06,3591029000.0,0.0,14.695,1.056,1.056,156564000.0,796835000.0,2197807000.0,2197807000.0,0.0,0.059,0.173,0.102,0.359,0.0,0.0,1.0,158005792.0,158008000,158320000.0,13.909,6347441000.0,16760000.0,242742000.0,1146026000.0,40.172,-582090000.0
84,LNT,MRT,2000-06-30,2000-06-30,2000-06-30,2021-08-06,679194000.0,6597078000.0,6286955750.0,411193000.0,6185885000.0,0.349,13.831,-949203000.0,31869000.0,31869000.0,1532249000.0,177890000.0,0.425,2.018,2496918000.0,581765000.0,1915153000.0,2496918000.0,0.0,288854000.0,0.0,0.077,1.0,438340000.0,727194000.0,0.332,727194000.0,438340000.0,287814000.0,1.13,1.13,1.13,2185561000.0,2185320000.0,2185561000.0,4402573354.0,10.0,6.054,-528265000.0,-3.343,1.0,660702000.0,0.301,0.0,150526000.0,8093869000.0,7582585000.0,123889000.0,1755922000.0,0.0,1755922000.0,4411517000.0,968258000.0,3443259000.0,2055655354.0,2466000.0,0.0,15603000.0,712108000.0,-157584000.0,531208000.0,-949680000.0,-22100000.0,420938000.0,0.0,177890000.0,177890000.0,177890000.0,0.0,0.0,0.081,288855000.0,371847000.0,182571000.0,0.885,0.941,11.556,11.513,3561589000.0,0.0,13.01,0.937,0.938,132560000.0,560190000.0,2192951000.0,2192951000.0,0.0,0.028,0.081,0.058,0.2,0.0,0.0,1.0,158005792.0,158024000,158024000.0,13.877,6597078000.0,54052000.0,109924000.0,1205949000.0,41.747,-557065000.0
85,LNT,MRT,2000-03-31,2000-03-31,2000-03-31,2021-08-06,913950000.0,6877817000.0,5931970250.0,368282000.0,6509535000.0,0.363,15.247,-905397000.0,47500000.0,47500000.0,1501882000.0,174158000.0,0.484,1.845,2394418000.0,374916000.0,2019502000.0,2394418000.0,0.0,281359000.0,0.0,0.066,1.0,425658000.0,707017000.0,0.328,707017000.0,425658000.0,282211000.0,1.105,1.105,1.105,2417334000.0,2080781750.0,2417334000.0,4351854647.0,10.0,6.155,-463873000.0,-2.926,1.0,653298000.0,0.303,0.0,143447000.0,8464082000.0,7146564750.0,101644000.0,2185752000.0,0.0,2185752000.0,4460483000.0,760653000.0,3699830000.0,2404782647.0,-6683000.0,11054000.0,27953000.0,590061000.0,-157153000.0,426684000.0,-874891000.0,-22100000.0,441524000.0,0.0,174158000.0,174158000.0,174158000.0,0.0,0.0,0.081,281360000.0,371938000.0,167275000.0,0.905,0.995,13.808,13.774,3520419000.0,0.0,15.22,1.116,1.12,128939000.0,557286000.0,2155180000.0,2155180000.0,0.0,0.029,0.084,0.06,0.198,0.0,0.0,1.0,158001488.0,158542000,158542000.0,13.594,6877817000.0,15648000.0,108053000.0,1374269000.0,43.382,-392371000.0
86,LNT,MRT,1999-12-31,1999-12-31,1999-12-31,2021-08-06,634903000.0,6075683000.0,5480296500.0,485986000.0,5589697000.0,0.388,13.756,-478573000.0,113669000.0,113669000.0,1472350000.0,196581000.0,0.521,1.819,2021379000.0,534614000.0,1486765000.0,2021379000.0,0.0,279088000.0,0.0,0.073,1.0,453296000.0,732384000.0,0.344,732384000.0,453296000.0,317067000.0,1.255,1.255,1.255,2155565000.0,1899504000.0,2155565000.0,3962927008.0,9.0,5.411,-52616000.0,-0.336,1.0,655623000.0,0.308,0.0,136229000.0,7049768000.0,6578004500.0,125248000.0,1328173000.0,6328000.0,1321845000.0,3920118000.0,933625000.0,2986493000.0,2165253008.0,81842000.0,0.0,36491000.0,241709000.0,-156489000.0,103093000.0,-447208000.0,-22100000.0,425957000.0,0.0,196581000.0,196581000.0,196581000.0,0.0,0.0,0.092,279088000.0,376535000.0,191149000.0,0.797,1.004,11.015,10.956,3486034000.0,0.0,13.75,1.018,1.013,145427000.0,577464000.0,2127973000.0,2127973000.0,0.0,0.036,0.103,0.069,0.213,0.0,0.0,1.0,157472946.0,156704000,156790000.0,13.58,6075683000.0,20864000.0,120486000.0,1169164000.0,38.772,-447639000.0
87,LNT,MRT,1999-09-30,1999-09-30,1999-09-30,2021-08-06,475625000.0,5597245000.0,5201210000.0,419262000.0,5177983000.0,0.415,12.618,-443925000.0,69028000.0,69028000.0,1925409000.0,176979000.0,0.624,1.823,1866702000.0,269581000.0,1597121000.0,1866702000.0,0.0,285374000.0,36704000.0,0.072,1.0,407492000.0,692866000.0,0.321,692866000.0,407492000.0,272827000.0,1.135,1.135,1.135,1982820000.0,1762186500.0,1982820000.0,3981714716.0,10.0,5.747,1009000.0,0.006,1.0,234162000.0,0.108,0.0,134665000.0,6722621000.0,6336435750.0,128667000.0,1006083000.0,6199000.0,999884000.0,3614425000.0,672298000.0,2942127000.0,2172492716.0,59561000.0,16677000.0,44167000.0,159631000.0,-155697000.0,32783000.0,-418156000.0,-22100000.0,444934000.0,0.0,176979000.0,176979000.0,176979000.0,0.0,0.0,0.082,-104482000.0,338644000.0,178387000.0,0.881,1.096,12.275,12.198,3435216000.0,0.0,13.845,1.006,1.007,133275000.0,572035000.0,2159571000.0,2159571000.0,0.0,0.034,0.1,0.064,0.189,0.0,0.0,1.0,156915328.0,157138000,157142000.0,13.743,5597245000.0,30129000.0,95848000.0,1061611000.0,35.62,-253036000.0
88,LNT,MRT,1999-06-30,1999-06-30,1999-06-30,2021-08-06,300613000.0,5177136000.0,4979430750.0,338166000.0,4838970000.0,0.425,11.299,-398330000.0,29403000.0,29403000.0,1726080000.0,157188000.0,0.531,1.929,1838625000.0,298516000.0,1540109000.0,1838625000.0,0.0,280930000.0,35416000.0,0.07,1.0,382454000.0,663384000.0,0.313,663384000.0,382454000.0,248131000.0,1.015,1.015,1.015,1767408000.0,1652725500.0,1767408000.0,3956748051.0,10.0,5.964,51878000.0,0.332,1.0,390468000.0,0.184,0.0,134323000.0,6349788000.0,6109950500.0,109922000.0,667124000.0,5579000.0,661545000.0,3409728000.0,636570000.0,2773158000.0,2216949051.0,-2316000.0,16677000.0,44086000.0,70951000.0,-154922000.0,-54799000.0,-397725000.0,-22100000.0,450208000.0,0.0,157188000.0,157188000.0,157188000.0,0.0,0.0,0.074,60429000.0,330039000.0,145888000.0,0.985,1.254,14.104,13.98,3434570000.0,0.0,14.19,1.047,1.049,110149000.0,539769000.0,2116548000.0,2116548000.0,0.0,0.032,0.095,0.063,0.181,0.0,0.0,1.0,156233196.0,156428000,156428000.0,13.53,5177136000.0,40311000.0,90943000.0,933699000.0,33.096,-298404000.0
89,LNT,MRT,1999-03-31,1999-03-31,1999-03-31,2021-08-06,237434000.0,5071122000.0,4922476500.0,362599000.0,4708523000.0,0.431,10.878,-401180000.0,54183000.0,54183000.0,1564159000.0,109544000.0,0.584,1.997,1793982000.0,237232000.0,1556750000.0,1793982000.0,0.0,283313000.0,35964000.0,0.075,1.0,306581000.0,589894000.0,0.278,589894000.0,306581000.0,174742000.0,0.71,0.71,0.71,1692223000.0,1625825500.0,1692223000.0,3841217359.0,13.0,6.512,54461000.0,0.35,1.0,557287000.0,0.263,0.0,131839000.0,6189841000.0,6042458250.0,111911000.0,559812000.0,9433000.0,550379000.0,3378899000.0,621080000.0,2757819000.0,2067507359.0,-7920000.0,16677000.0,39542000.0,110402000.0,-142933000.0,-23494000.0,-440067000.0,-22100000.0,455641000.0,0.0,109544000.0,109544000.0,109544000.0,0.0,0.0,0.052,254879000.0,302408000.0,163589000.0,1.408,1.222,18.874,18.746,3423288000.0,0.0,13.31,0.975,0.976,22273000.0,540282000.0,2121446000.0,2121446000.0,0.0,0.022,0.067,0.051,0.145,0.0,0.0,1.0,155334888.0,155560000,155560000.0,13.637,5071122000.0,16882000.0,65198000.0,920962000.0,32.599,-258481000.0
90,LNT,MRT,1998-12-31,1998-12-31,1998-12-31,2021-08-06,163017000.0,4959337000.0,4107831250.0,391667000.0,4567670000.0,0.519,10.442,-372058000.0,31827000.0,31827000.0,1568067000.0,96675000.0,0.603,2.087,1805537000.0,248651000.0,1556886000.0,1805537000.0,0.0,279505000.0,37171000.0,0.062,1.0,284151000.0,563656000.0,0.265,563656000.0,284151000.0,154788000.0,0.63,0.63,0.63,1606295000.0,1354646000.0,1606295000.0,4173086994.0,15.0,7.404,95704000.0,0.622,1.0,562807000.0,0.264,0.0,129363000.0,6083493000.0,5020146750.0,133643000.0,402554000.0,13392000.0,389162000.0,3353042000.0,649554000.0,2703488000.0,2488177994.0,4498000.0,16677000.0,33832000.0,80157000.0,-140679000.0,-57731000.0,-405533000.0,-20305000.0,467762000.0,0.0,96675000.0,96675000.0,96675000.0,0.0,0.0,0.045,279505000.0,283302000.0,204297000.0,1.587,1.549,25.738,25.595,3456780000.0,0.0,16.125,1.168,1.164,129020000.0,537372000.0,2130874000.0,2130874000.0,0.0,0.024,0.071,0.057,0.133,0.0,0.0,1.0,154305612.0,153824000,153858000.0,13.853,4959337000.0,37048000.0,58113000.0,853858000.0,32.24,-257887000.0
91,LNT,MRT,1998-09-30,1998-09-30,1998-09-30,2021-08-06,103982000.0,4710128000.0,4098884500.0,330705000.0,4379423000.0,0.534,10.031,-386771000.0,9467000.0,9467000.0,853779000.0,100603000.0,0.572,2.049,1694376000.0,193024000.0,1501352000.0,1694376000.0,0.0,280415000.0,36002000.0,0.062,1.0,293211000.0,573626000.0,0.262,573626000.0,293211000.0,164122000.0,0.655,0.655,0.655,1544976000.0,1359211250.0,1544976000.0,4195788418.0,14.0,7.315,131167000.0,0.852,1.0,1335106000.0,0.61,0.0,129089000.0,5816680000.0,4995015500.0,118368000.0,294483000.0,13465000.0,281018000.0,3165152000.0,578357000.0,2586795000.0,2465654418.0,-24666000.0,0.0,21651000.0,-34210000.0,-138626000.0,-168193000.0,-374411000.0,-20305000.0,517938000.0,0.0,100603000.0,100603000.0,100603000.0,0.0,0.0,0.046,1039585000.0,295521000.0,164380000.0,1.527,1.596,24.509,24.473,3412057000.0,0.0,16.03,1.126,1.128,112567000.0,550754000.0,2188885000.0,2188885000.0,0.0,0.025,0.074,0.059,0.134,0.0,0.0,1.0,153814998.0,154016000,154016000.0,14.212,4710128000.0,18372000.0,63519000.0,821492000.0,30.582,-247652000.0
92,LNT,MRT,1998-06-30,1998-06-30,1998-06-30,2021-08-06,215039000.0,4949319000.0,,364315000.0,4585004000.0,,10.806,-369307000.0,31719000.0,31719000.0,845358000.0,103868000.0,0.608,1.982,1761853000.0,253146000.0,1508707000.0,1761853000.0,0.0,276015000.0,34924000.0,0.062,1.0,294477000.0,570492000.0,0.26,570492000.0,294477000.0,165694000.0,0.68,0.68,0.68,1659808000.0,,1659808000.0,3077139370.0,10.0,5.394,119560000.0,0.778,1.0,1345072000.0,0.614,0.0,128783000.0,6079819000.0,,101328000.0,481473000.0,17014000.0,464459000.0,3289511000.0,599634000.0,2689877000.0,2495382370.0,-22502000.0,0.0,17264000.0,-20198000.0,-136788000.0,-154872000.0,-356497000.0,-20306000.0,488867000.0,0.0,103868000.0,103868000.0,103868000.0,0.0,0.0,0.047,1051450000.0,293622000.0,157453000.0,1.471,1.503,24.025,23.897,3437081000.0,0.0,16.25,1.139,1.14,119031000.0,562266000.0,2190430000.0,2190430000.0,0.0,,,,0.134,0.0,0.0,1.0,153561992.0,153600000,153600000.0,14.261,4949319000.0,0.0,61826000.0,891515000.0,32.222,-235319000.0
93,LNT,MRT,1998-03-31,1998-03-31,1998-03-31,2021-08-06,0.0,1812541000.0,,130551000.0,1681990000.0,,3.967,-377590000.0,10119000.0,10119000.0,842809000.0,133825000.0,0.445,1.984,591876000.0,133975000.0,457901000.0,591876000.0,0.0,303283000.0,32877000.0,0.059,1.0,332418000.0,635701000.0,0.29,635701000.0,332418000.0,207432000.0,0.875,0.875,0.875,607505000.0,,607505000.0,,,,174899000.0,1.142,1.0,1350451000.0,0.616,0.0,124986000.0,2100595000.0,,37010000.0,19752000.0,19752000.0,0.0,1205036000.0,293703000.0,911333000.0,1037267698.0,39190000.0,0.0,18363000.0,38252000.0,-166825000.0,-112758000.0,-400541000.0,-21810000.0,552489000.0,0.0,133825000.0,133825000.0,133825000.0,0.0,0.0,0.061,1031136000.0,319315000.0,85561000.0,1.143,1.707,7.751,19.251,1334275000.0,0.0,16.845,0.473,1.176,29932000.0,303267000.0,2193260000.0,2193260000.0,0.0,,,,0.152,0.0,0.0,1.0,61577186.0,153158000,153158000.0,14.32,1812541000.0,0.0,73607000.0,260343000.0,11.834,-163152000.0
94,LNT,MRT,1997-12-31,1997-12-31,1997-12-31,2021-08-06,173512000.0,4923550000.0,3412040500.0,412242000.0,4511308000.0,0.674,10.658,-341384000.0,27329000.0,27329000.0,899483000.0,144578000.0,0.634,2.031,1736538000.0,245001000.0,1491537000.0,1736538000.0,0.0,259663000.0,36619000.0,0.06,1.0,348874000.0,608537000.0,0.265,608537000.0,348874000.0,226311000.0,0.95,0.95,0.95,1624556000.0,1043933500.0,1624556000.0,,,,122105000.0,0.801,1.0,1401144000.0,0.609,0.0,122563000.0,5982968000.0,4024093500.0,122865000.0,408504000.0,23410000.0,385094000.0,3298994000.0,649791000.0,2649203000.0,1019718200.0,4512000.0,0.0,15535000.0,35470000.0,-145631000.0,-96751000.0,-362226000.0,-17435000.0,463489000.0,0.0,144578000.0,144578000.0,144578000.0,0.0,0.0,0.063,1064761000.0,336383000.0,192634000.0,1.053,0.628,7.053,17.432,3434742000.0,0.0,16.56,0.443,1.097,144369000.0,581376000.0,2300627000.0,2300627000.0,0.0,0.042,0.138,0.087,0.152,0.0,0.0,1.0,61577186.0,152420000,152420000.0,15.094,4923550000.0,22153000.0,81733000.0,881684000.0,32.303,-237549000.0
95,LNT,MRT,1997-09-30,1997-09-30,1997-09-30,2021-08-06,,,,,,,,,,,,,,,,,,,,,,0.07,0.995,,,,,,,,,,,,,,,,,,1.0,,,,,,,,,,,,,,,,,,,,,,,,,,,,,,,,,,,,,,,,14.31,,,,,,,,,,,,,,1.0,,152654000,,,,,,,,
96,LNT,MRT,1997-06-30,1997-06-30,1997-06-30,2021-08-06,,,,,,,,,,,,,,,,,,,,,,0.071,0.99,,,,,,,,,,,,,,,,,,1.0,,,,,,,,,,,,,,,,,,,,,,,,,,,,,,,,,,,,,,,,13.97,,,,,,,,,,,,,,1.0,,152266000,,,,,,,,
97,LNT,MRT,1997-03-31,1997-03-31,1997-03-31,2021-08-06,,,,,,,,,,,,,,,,,,,,,,0.072,0.985,,,,,,,,,,,,,,,,,,1.0,,,,,,,,,,,,,,,,,,,,,,,,,,,,,,,,,,,,,,,,13.69,,,,,,,,,,,,,,1.0,,61548000,,,,,,,,
98,LNT,MRT,1996-12-31,1996-12-31,1996-12-31,2021-08-06,0.0,1900531000.0,,11070000.0,1889461000.0,,3.069,-321988000.0,17918000.0,17918000.0,826785000.0,155791000.0,0.027,3.102,589944000.0,227380000.0,362564000.0,589944000.0,0.0,232363000.0,0.0,0.07,0.98,374872000.0,607235000.0,0.272,607235000.0,374872000.0,261551000.0,1.03,1.03,1.03,463311000.0,,463311000.0,,,,129288000.0,0.856,1.0,1406055000.0,0.63,0.0,113321000.0,2065219000.0,,45748000.0,15408000.0,0.0,0.0,1437220000.0,407338000.0,1029882000.0,,2952000.0,0.0,17393000.0,86097000.0,-143344000.0,-41880000.0,-406444000.0,-15994000.0,451276000.0,0.0,155791000.0,155791000.0,155791000.0,1297000.0,0.0,0.07,1040616000.0,365439000.0,106486000.0,0.951,,,13.65,1369832000.0,0.0,14.06,,0.951,0.0,,2232840000.0,2232840000.0,0.0,,,,0.168,0.0,0.0,1.0,,150962000,150962000.0,14.791,1900531000.0,19389000.0,105760000.0,287286000.0,12.589,-396268000.0
99,LNT,MRT,1995-12-31,1995-12-31,1995-12-31,2021-08-06,,,,,,,,-133700000.0,,,498152000.0,58432000.0,,,,,,,,86319000.0,,0.064,0.98,138099000.0,224418000.0,0.278,224418000.0,138099000.0,94540000.0,0.95,0.95,0.95,,,,,,,52217000.0,0.848,1.0,309103000.0,0.383,,43559000.0,,,,,,,,,,,4113000.0,0.0,0.0,27780000.0,-59701000.0,-30980000.0,-150824000.0,0.0,185917000.0,0.0,58432000.0,58432000.0,58432000.0,2212000.0,0.0,0.072,162550000.0,146553000.0,,1.032,,,16.116,,0.0,15.31,,1.167,,,807255000.0,807255000.0,0.0,,,,0.171,0.0,0.0,1.0,,61548000,61548000.0,13.116,,,36108000.0,,,
