None,ticker,dimension,calendardate,datekey,reportperiod,lastupdated,accoci,assets,assetsavg,assetsc,assetsnc,assetturnover,bvps,capex,cashneq,cashnequsd,cor,consolinc,currentratio,de,debt,debtc,debtnc,debtusd,deferredrev,depamor,deposits,divyield,dps,ebit,ebitda,ebitdamargin,ebitdausd,ebitusd,ebt,eps,epsdil,epsusd,equity,equityavg,equityusd,ev,evebit,evebitda,fcf,fcfps,fxusd,gp,grossmargin,intangibles,intexp,invcap,invcapavg,inventory,investments,investmentsc,investmentsnc,liabilities,liabilitiesc,liabilitiesnc,marketcap,ncf,ncfbus,ncfcommon,ncfdebt,ncfdiv,ncff,ncfi,ncfinv,ncfo,ncfx,netinc,netinccmn,netinccmnusd,netincdis,netincnci,netmargin,opex,opinc,payables,payoutratio,pb,pe,pe1,ppnenet,prefdivis,price,ps,ps1,receivables,retearn,revenue,revenueusd,rnd,roa,roe,roic,ros,sbcomp,sgna,sharefactor,sharesbas,shareswa,shareswadil,sps,tangibles,taxassets,taxexp,taxliabilities,tbvps,workingcapital
0,AMP,MRY,2020-12-31,2020-12-31,2020-12-31,2021-08-09,629000000.0,165883000000.0,156288500000.0,,,0.076,49.73,-147000000.0,9403000000.0,9403000000.0,1806000000.0,1534000000.0,,27.274,4944000000.0,,,4944000000.0,0.0,207000000.0,17641000000.0,0.021,4.09,2637000000.0,2844000000.0,0.239,2844000000.0,2637000000.0,1831000000.0,12.39,12.2,12.39,5867000000.0,6281750000.0,5867000000.0,17641632481.0,7.0,6.203,4476000000.0,37.939,1.0,10093000000.0,0.848,0.0,806000000.0,161424000000.0,150514500000.0,0.0,42949000000.0,,,160016000000.0,,,22926632481.0,2690000000.0,0.0,-1438000000.0,42000000.0,-497000000.0,952000000.0,-2894000000.0,-3316000000.0,4623000000.0,9000000.0,1534000000.0,1534000000.0,1534000000.0,0.0,0.0,0.129,7456000000.0,2637000000.0,1998000000.0,0.33,3.908,14.946,15.684,0.0,0.0,194.33,1.927,1.927,7835000000.0,15292000000.0,11899000000.0,11899000000.0,0.0,0.01,0.244,0.018,0.222,146000000.0,7179000000.0,1.0,117977834.0,117977834.0,,100.858,165883000000.0,0.0,297000000.0,0.0,1406.052,
1,AMP,MRY,2019-12-31,2019-12-31,2019-12-31,2021-08-09,262000000.0,151828000000.0,148605500000.0,,,0.087,45.219,-143000000.0,6213000000.0,6213000000.0,2576000000.0,1893000000.0,,25.502,4926000000.0,,,4926000000.0,0.0,183000000.0,14430000000.0,0.023,3.81,3115000000.0,3298000000.0,0.254,3298000000.0,3115000000.0,2232000000.0,14.12,13.92,14.12,5729000000.0,5899750000.0,5729000000.0,18510950383.0,6.0,5.613,2198000000.0,17.349,1.0,10391000000.0,0.801,0.0,883000000.0,150541000000.0,147057500000.0,0.0,39521000000.0,,,146099000000.0,,,21104950383.0,330000000.0,934000000.0,-1940000000.0,100000000.0,-504000000.0,1214000000.0,-3234000000.0,-4151000000.0,2341000000.0,9000000.0,1893000000.0,1893000000.0,1893000000.0,0.0,0.0,0.146,7276000000.0,3115000000.0,1884000000.0,0.27,3.684,11.149,11.797,0.0,0.0,166.58,1.628,1.628,7210000000.0,14279000000.0,12967000000.0,12967000000.0,0.0,0.013,0.321,0.021,0.24,135000000.0,7097000000.0,1.0,126695584.0,126695584.0,,102.348,151828000000.0,0.0,339000000.0,0.0,1198.369,
2,AMP,MRY,2018-12-31,2018-12-31,2018-12-31,2021-08-09,-291000000.0,137216000000.0,142609250000.0,,,0.09,40.099,-162000000.0,6007000000.0,6007000000.0,2302000000.0,2098000000.0,,23.555,4811000000.0,,,4811000000.0,0.0,198000000.0,11545000000.0,0.034,3.53,3403000000.0,3601000000.0,0.281,3601000000.0,3403000000.0,2484000000.0,14.41,14.2,14.41,5588000000.0,5669500000.0,5588000000.0,14014623815.0,4.0,3.892,2435000000.0,17.473,1.0,10533000000.0,0.821,0.0,919000000.0,136020000000.0,142066750000.0,0.0,37531000000.0,,,131628000000.0,,,14544623815.0,739000000.0,0.0,-1628000000.0,-605000000.0,-506000000.0,-1263000000.0,-587000000.0,1124000000.0,2597000000.0,-8000000.0,2098000000.0,2098000000.0,2098000000.0,0.0,0.0,0.163,7130000000.0,3403000000.0,1862000000.0,0.245,2.603,6.933,7.243,0.0,0.0,104.37,1.133,1.133,6185000000.0,12909000000.0,12835000000.0,12835000000.0,0.0,0.015,0.37,0.024,0.265,144000000.0,6808000000.0,1.0,139356365.0,139356365.0,,92.102,137216000000.0,0.0,386000000.0,0.0,984.641,
3,AMP,MRY,2017-12-31,2017-12-31,2017-12-31,2021-08-09,229000000.0,147480000000.0,144241750000.0,,,0.084,40.526,-162000000.0,5767000000.0,5767000000.0,2233000000.0,1480000000.0,,23.601,5297000000.0,,,5297000000.0,0.0,234000000.0,10303000000.0,0.019,3.24,3077000000.0,3311000000.0,0.273,3311000000.0,3077000000.0,2214000000.0,9.6,9.44,9.6,5995000000.0,6194250000.0,5995000000.0,24804698964.0,8.0,7.492,1361000000.0,9.2,1.0,9899000000.0,0.816,0.0,863000000.0,147010000000.0,143971250000.0,0.0,38056000000.0,,,141485000000.0,,,25069698964.0,-398000000.0,0.0,-1470000000.0,-129000000.0,-491000000.0,-1785000000.0,-171000000.0,566000000.0,1523000000.0,35000000.0,1480000000.0,1480000000.0,1480000000.0,0.0,0.0,0.122,6822000000.0,3077000000.0,1975000000.0,0.338,4.182,16.939,17.653,0.0,0.0,169.47,2.066,2.066,5787000000.0,11326000000.0,12132000000.0,12132000000.0,0.0,0.01,0.239,0.021,0.254,121000000.0,6555000000.0,1.0,147930011.0,147930011.0,,82.012,147480000000.0,0.0,734000000.0,0.0,996.958,
4,AMP,MRY,2016-12-31,2016-12-31,2016-12-31,2021-08-09,200000000.0,139821000000.0,141594500000.0,,,0.083,39.811,-92000000.0,5817000000.0,5817000000.0,2646000000.0,1313000000.0,,21.222,5436000000.0,,,5436000000.0,0.0,248000000.0,10036000000.0,0.026,2.92,2455000000.0,2703000000.0,0.229,2703000000.0,2455000000.0,1591000000.0,7.9,7.81,7.9,6292000000.0,6817500000.0,6292000000.0,17086817274.0,7.0,6.321,2239000000.0,14.167,1.0,9154000000.0,0.776,0.0,864000000.0,139440000000.0,141224000000.0,0.0,38088000000.0,,,133529000000.0,,,17533817274.0,331000000.0,0.0,-1698000000.0,-279000000.0,-479000000.0,-1142000000.0,-783000000.0,303000000.0,2331000000.0,-75000000.0,1313000000.0,1313000000.0,1313000000.0,0.0,0.0,0.111,6699000000.0,2455000000.0,1727000000.0,0.37,2.787,13.354,14.043,0.0,0.0,110.94,1.486,1.486,5310000000.0,10351000000.0,11800000000.0,11800000000.0,0.0,0.009,0.193,0.017,0.208,134000000.0,6284000000.0,1.0,158047749.0,158047749.0,,74.661,139821000000.0,0.0,278000000.0,0.0,884.676,
5,AMP,MRY,2015-12-31,2015-12-31,2015-12-31,2021-08-09,253000000.0,145339000000.0,147728250000.0,,,0.082,41.301,-133000000.0,5808000000.0,5808000000.0,2261000000.0,1687000000.0,,19.046,10423000000.0,,,10423000000.0,0.0,248000000.0,8634000000.0,0.024,2.59,3072000000.0,3320000000.0,0.273,3320000000.0,3072000000.0,2017000000.0,8.6,8.48,8.6,7191000000.0,7722500000.0,7191000000.0,23400952428.0,8.0,7.048,2558000000.0,14.692,1.0,9909000000.0,0.814,0.0,1055000000.0,149954000000.0,152415000000.0,0.0,40714000000.0,,,136960000000.0,,,18528952428.0,-235000000.0,0.0,-1725000000.0,521000000.0,-465000000.0,-2396000000.0,-509000000.0,238000000.0,2691000000.0,-21000000.0,1562000000.0,1562000000.0,1562000000.0,0.0,125000000.0,0.128,6712000000.0,3197000000.0,1652000000.0,0.301,2.577,11.862,12.374,0.0,0.0,106.42,1.523,1.523,5274000000.0,9662000000.0,12170000000.0,12170000000.0,0.0,0.011,0.202,0.02,0.252,145000000.0,6358000000.0,1.0,174111562.0,174111562.0,,69.898,145339000000.0,0.0,455000000.0,0.0,834.746,
6,AMP,MRY,2014-12-31,2014-12-31,2014-12-31,2021-08-09,662000000.0,148810000000.0,147781750000.0,,,0.083,44.025,-113000000.0,5642000000.0,5642000000.0,1982000000.0,2000000000.0,,17.172,10129000000.0,,,10129000000.0,0.0,254000000.0,7664000000.0,0.017,2.26,3205000000.0,3459000000.0,0.282,3459000000.0,3205000000.0,2164000000.0,8.45,8.3,8.45,8124000000.0,8289000000.0,8124000000.0,28520364803.0,9.0,8.245,2286000000.0,12.388,1.0,10286000000.0,0.838,0.0,1041000000.0,153297000000.0,151949500000.0,0.0,41730000000.0,,,139505000000.0,,,24404364803.0,6000000.0,0.0,-1544000000.0,1190000000.0,-426000000.0,-1657000000.0,-715000000.0,-358000000.0,2399000000.0,-21000000.0,1619000000.0,1619000000.0,1619000000.0,2000000.0,381000000.0,0.132,6698000000.0,3588000000.0,1523000000.0,0.267,3.004,15.074,15.651,0.0,0.0,132.25,1.989,1.989,5027000000.0,8703000000.0,12268000000.0,12268000000.0,0.0,0.011,0.195,0.021,0.261,130000000.0,6331000000.0,1.0,184532059.0,184532059.0,,66.482,148810000000.0,0.0,545000000.0,0.0,806.418,
7,AMP,MRY,2013-12-31,2013-12-31,2013-12-31,2021-08-09,595000000.0,144576000000.0,139834500000.0,,,0.08,42.109,-105000000.0,5411000000.0,5411000000.0,1954000000.0,1475000000.0,,16.521,8956000000.0,,,8956000000.0,0.0,239000000.0,7062000000.0,0.017,2.01,2913000000.0,3152000000.0,0.281,3152000000.0,2913000000.0,1826000000.0,6.56,6.44,6.56,8192000000.0,8454250000.0,8192000000.0,25346904774.0,9.0,8.042,1259000000.0,6.472,1.0,9245000000.0,0.826,0.0,1087000000.0,148121000000.0,142778500000.0,0.0,40737000000.0,,,135344000000.0,,,22381904774.0,261000000.0,0.0,-1465000000.0,1071000000.0,-401000000.0,-306000000.0,-802000000.0,-272000000.0,1364000000.0,5000000.0,1334000000.0,1334000000.0,1334000000.0,3000000.0,141000000.0,0.119,6188000000.0,3057000000.0,1429000000.0,0.306,2.732,16.778,17.538,0.0,0.0,115.05,1.999,1.999,4610000000.0,7626000000.0,11199000000.0,11199000000.0,0.0,0.01,0.158,0.02,0.26,143000000.0,5981000000.0,1.0,194540676.0,194540676.0,,57.566,144576000000.0,0.0,492000000.0,0.0,743.166,
8,AMP,MRY,2012-12-31,2012-12-31,2012-12-31,2021-08-09,1194000000.0,134729000000.0,136330000000.0,,,0.075,44.175,-137000000.0,5488000000.0,5488000000.0,1899000000.0,901000000.0,,13.75,7885000000.0,,,7885000000.0,0.0,225000000.0,6526000000.0,0.023,1.43,2471000000.0,2696000000.0,0.264,2696000000.0,2471000000.0,1364000000.0,4.7,4.62,4.7,9092000000.0,9092250000.0,9092000000.0,15032279253.0,6.0,5.576,1368000000.0,6.647,1.0,8318000000.0,0.814,0.0,1107000000.0,137126000000.0,139076250000.0,0.0,41247000000.0,,,125017000000.0,,,12890279253.0,-410000000.0,0.0,-1221000000.0,-539000000.0,-305000000.0,-6342000000.0,4417000000.0,4546000000.0,1505000000.0,10000000.0,1029000000.0,1029000000.0,1029000000.0,2000000.0,-128000000.0,0.101,5973000000.0,2345000000.0,1324000000.0,0.304,1.418,12.527,13.326,0.0,0.0,62.63,1.262,1.262,4315000000.0,6717000000.0,10217000000.0,10217000000.0,0.0,0.008,0.113,0.018,0.242,134000000.0,5687000000.0,1.0,205816370.0,205816370.0,,49.641,134729000000.0,0.0,335000000.0,0.0,654.608,
9,AMP,MRY,2011-12-31,2011-12-31,2011-12-31,2021-08-09,751000000.0,132307000000.0,132914250000.0,,,0.077,39.725,-250000000.0,5044000000.0,5044000000.0,1606000000.0,1010000000.0,,13.642,8075000000.0,,,8075000000.0,0.0,110000000.0,9850000000.0,0.018,0.87,2666000000.0,2776000000.0,0.272,2776000000.0,2666000000.0,1493000000.0,4.62,4.53,4.62,8988000000.0,10089500000.0,8988000000.0,15197299689.0,6.0,5.475,1928000000.0,8.521,1.0,8586000000.0,0.842,0.0,1173000000.0,135338000000.0,136594250000.0,0.0,44742000000.0,,,122613000000.0,,,11231299689.0,-80000000.0,150000000.0,-1429000000.0,-353000000.0,-212000000.0,-1111000000.0,-1146000000.0,-1037000000.0,2178000000.0,-1000000.0,1116000000.0,1116000000.0,1116000000.0,60000000.0,-106000000.0,0.109,5966000000.0,2620000000.0,1065000000.0,0.188,1.25,10.064,10.745,0.0,0.0,49.64,1.102,1.102,4440000000.0,6031000000.0,10192000000.0,10192000000.0,0.0,0.008,0.111,0.02,0.262,145000000.0,5569000000.0,1.0,226255030.0,226255030.0,,45.047,132307000000.0,0.0,377000000.0,0.0,584.769,
10,AMP,MRY,2010-12-31,2010-12-31,2010-12-31,2021-08-09,565000000.0,131214000000.0,125936250000.0,,,0.076,41.667,-131000000.0,5124000000.0,5124000000.0,1750000000.0,1152000000.0,,11.182,8249000000.0,,,8249000000.0,0.0,110000000.0,8779000000.0,0.012,0.71,2481000000.0,2591000000.0,0.272,2591000000.0,2481000000.0,1282000000.0,3.84,3.77,3.84,10725000000.0,10570250000.0,10725000000.0,17795197907.0,7.0,6.868,1716000000.0,6.667,1.0,7762000000.0,0.816,0.0,1199000000.0,134339000000.0,128585750000.0,0.0,42199000000.0,,,119929000000.0,,,14270197907.0,-236000000.0,-866000000.0,-469000000.0,663000000.0,-183000000.0,-1343000000.0,-734000000.0,278000000.0,1847000000.0,-6000000.0,989000000.0,989000000.0,989000000.0,24000000.0,163000000.0,0.104,5094000000.0,2668000000.0,1134000000.0,0.185,1.331,14.429,14.987,0.0,0.0,57.55,1.5,1.557,4909000000.0,6748000000.0,9512000000.0,9512000000.0,0.0,0.008,0.094,0.019,0.261,158000000.0,4980000000.0,1.0,247961736.0,257400000.0,262300000.0,36.954,131214000000.0,0.0,293000000.0,0.0,509.767,
11,AMP,MRY,2009-12-31,2009-12-31,2009-12-31,2021-08-09,265000000.0,113770000000.0,105691500000.0,,,0.07,38.27,-83000000.0,4730000000.0,4730000000.0,1334000000.0,737000000.0,,11.209,2249000000.0,,,2249000000.0,0.0,120000000.0,8554000000.0,0.018,0.68,1936000000.0,2056000000.0,0.278,2056000000.0,1936000000.0,906000000.0,2.98,2.95,2.98,9269000000.0,8203000000.0,9269000000.0,6573239597.0,3.0,3.197,-1401000000.0,-5.784,1.0,6063000000.0,0.82,0.0,1030000000.0,111289000000.0,101877500000.0,0.0,36974000000.0,,,103898000000.0,,,9899239597.0,-3131000000.0,0.0,864000000.0,175000000.0,-164000000.0,4545000000.0,-6373000000.0,-6297000000.0,-1318000000.0,15000000.0,722000000.0,722000000.0,722000000.0,-1000000.0,15000000.0,0.098,4113000000.0,1950000000.0,946000000.0,0.228,1.068,13.711,13.027,0.0,0.0,38.82,1.338,1.271,4484000000.0,5276000000.0,7397000000.0,7397000000.0,0.0,0.007,0.088,0.019,0.262,182000000.0,3896000000.0,1.0,255003596.0,242200000.0,244400000.0,30.541,113770000000.0,0.0,184000000.0,0.0,469.736,
12,AMP,MRY,2008-12-31,2008-12-31,2008-12-31,2021-08-09,-1093000000.0,95577000000.0,100974000000.0,,,0.069,27.791,-125000000.0,8111000000.0,8111000000.0,1125000000.0,-90000000.0,,14.424,2027000000.0,,,2027000000.0,0.0,267000000.0,8229000000.0,0.027,0.64,530000000.0,797000000.0,0.115,797000000.0,530000000.0,-369000000.0,-0.16,-0.161,-0.16,6178000000.0,6947500000.0,6178000000.0,1259734443.0,2.0,1.581,1936000000.0,8.709,1.0,5793000000.0,0.837,0.0,899000000.0,89493000000.0,97158750000.0,0.0,27522000000.0,,,89110000000.0,,,5059734443.0,2392000000.0,-563000000.0,-629000000.0,45000000.0,-143000000.0,525000000.0,-140000000.0,515000000.0,2061000000.0,-54000000.0,-36000000.0,-36000000.0,-36000000.0,0.0,-54000000.0,-0.005,5317000000.0,476000000.0,887000000.0,-4.0,0.819,-140.548,-146.0,0.0,0.0,23.36,0.731,0.751,3887000000.0,4592000000.0,6918000000.0,6918000000.0,0.0,0.0,-0.005,0.005,0.077,148000000.0,4384000000.0,1.0,216598221.0,222300000.0,224900000.0,31.12,95577000000.0,0.0,-333000000.0,0.0,429.946,
13,AMP,MRY,2007-12-31,2007-12-31,2007-12-31,2021-08-09,-167000000.0,109230000000.0,108094000000.0,,,0.079,33.065,-306000000.0,5168000000.0,5168000000.0,1179000000.0,806000000.0,,12.986,2018000000.0,,,2018000000.0,0.0,285000000.0,6206000000.0,0.01,0.56,1975000000.0,2260000000.0,0.266,2260000000.0,1975000000.0,1016000000.0,3.45,3.39,3.45,7810000000.0,7724750000.0,7810000000.0,9798818209.0,5.0,4.336,460000000.0,1.948,1.0,7327000000.0,0.861,0.0,959000000.0,106080000000.0,105624750000.0,0.0,30625000000.0,,,101420000000.0,,,12779818209.0,1076000000.0,115000000.0,-952000000.0,-54000000.0,-133000000.0,-4323000000.0,4628000000.0,4953000000.0,766000000.0,5000000.0,814000000.0,814000000.0,814000000.0,0.0,-8000000.0,0.096,5360000000.0,1967000000.0,1187000000.0,0.162,1.636,15.7,15.974,0.0,0.0,55.11,1.502,1.53,3441000000.0,4811000000.0,8506000000.0,8506000000.0,0.0,0.008,0.105,0.019,0.232,143000000.0,4573000000.0,1.0,231896538.0,236200000.0,239900000.0,36.012,109230000000.0,0.0,202000000.0,0.0,462.447,
14,AMP,MRY,2006-12-31,2006-12-31,2006-12-31,2021-08-09,-209000000.0,104481000000.0,98963750000.0,,,0.081,32.15,-187000000.0,4014000000.0,4014000000.0,1132000000.0,631000000.0,,12.184,2244000000.0,,,2244000000.0,0.0,273000000.0,6707000000.0,0.008,0.44,1853000000.0,2126000000.0,0.265,2126000000.0,1853000000.0,797000000.0,2.56,2.54,2.56,7925000000.0,7563500000.0,7925000000.0,11072982737.0,6.0,5.208,614000000.0,2.491,1.0,6894000000.0,0.859,0.0,1056000000.0,102711000000.0,97618500000.0,0.0,35504000000.0,,,96556000000.0,,,13186982737.0,277000000.0,437000000.0,-458000000.0,232000000.0,-108000000.0,-4053000000.0,3488000000.0,3193000000.0,801000000.0,41000000.0,631000000.0,631000000.0,631000000.0,0.0,0.0,0.079,5041000000.0,1853000000.0,1209000000.0,0.172,1.664,20.899,21.289,0.0,0.0,54.5,1.643,1.674,3161000000.0,4268000000.0,8026000000.0,8026000000.0,0.0,0.006,0.083,0.019,0.231,113000000.0,4208000000.0,1.0,241962986.0,246500000.0,248500000.0,32.56,104481000000.0,0.0,166000000.0,0.0,423.858,
15,AMP,MRY,2005-12-31,2005-12-31,2005-12-31,2021-08-09,-151000000.0,93121000000.0,93117000000.0,,,0.079,31.109,-141000000.0,3541000000.0,3541000000.0,1083000000.0,574000000.0,,11.114,1833000000.0,,,1833000000.0,0.0,325000000.0,6641000000.0,0.003,0.11,1847000000.0,2172000000.0,0.294,2172000000.0,1847000000.0,761000000.0,2.32,2.32,2.32,7687000000.0,7194500000.0,7687000000.0,8281266766.0,4.0,3.813,715000000.0,2.894,1.0,6313000000.0,0.854,0.0,1086000000.0,91413000000.0,91175500000.0,0.0,39100000000.0,,,85434000000.0,,,10248266766.0,1392000000.0,-484000000.0,0.0,1452000000.0,-27000000.0,323000000.0,-273000000.0,-190000000.0,856000000.0,-32000000.0,574000000.0,574000000.0,574000000.0,-16000000.0,0.0,0.078,4482000000.0,1831000000.0,1757000000.0,0.047,1.333,17.854,17.672,0.0,0.0,41.0,1.386,1.37,2172000000.0,3745000000.0,7396000000.0,7396000000.0,0.0,0.006,0.08,0.02,0.25,55000000.0,3758000000.0,1.0,249957726.0,247100000.0,247200000.0,29.931,93121000000.0,0.0,187000000.0,0.0,376.856,
16,AMP,MRY,2004-12-31,2004-12-31,2004-12-31,2021-08-09,380000000.0,93113000000.0,89248500000.0,,,0.079,27.222,-122000000.0,2560000000.0,2560000000.0,828000000.0,794000000.0,,12.893,385000000.0,,,385000000.0,0.0,339000000.0,0.0,,0.0,2401000000.0,2740000000.0,0.39,2740000000.0,2401000000.0,1081000000.0,3.22,3.22,3.22,6702000000.0,6995000000.0,6702000000.0,,,,690000000.0,2.803,1.0,6199000000.0,0.882,0.0,1320000000.0,90938000000.0,86874000000.0,0.0,40232000000.0,,,86411000000.0,,,,0.0,0.0,0.0,-60000000.0,0.0,691000000.0,-1550000000.0,-1731000000.0,812000000.0,13000000.0,794000000.0,794000000.0,794000000.0,-40000000.0,0.0,0.113,3767000000.0,2432000000.0,4207000000.0,0.0,,,,0.0,0.0,,,,2160000000.0,3415000000.0,7027000000.0,7027000000.0,0.0,0.009,0.114,0.028,0.342,38000000.0,3330000000.0,1.0,249957726.0,246200000.0,246200000.0,28.542,93113000000.0,0.0,287000000.0,0.0,378.201,
17,AMP,MRY,2003-12-31,2003-12-31,2003-12-31,2021-08-09,475000000.0,85384000000.0,,,,,29.602,-133000000.0,3019000000.0,3019000000.0,740000000.0,725000000.0,,10.716,445000000.0,,,445000000.0,0.0,236000000.0,0.0,,0.0,2333000000.0,2569000000.0,0.417,2569000000.0,2333000000.0,904000000.0,2.95,2.95,2.95,7288000000.0,,7288000000.0,,,,-503000000.0,-2.043,1.0,5415000000.0,0.88,0.0,1429000000.0,82810000000.0,,0.0,43264000000.0,,,78096000000.0,,,,-4222000000.0,-482000000.0,0.0,0.0,0.0,4318000000.0,-8167000000.0,-7552000000.0,-370000000.0,-1000000.0,725000000.0,725000000.0,725000000.0,-44000000.0,0.0,0.118,3113000000.0,2302000000.0,3901000000.0,0.0,,,,0.0,0.0,,,,1867000000.0,3946000000.0,6155000000.0,6155000000.0,0.0,,,,0.379,0.0,2633000000.0,1.0,,246200000.0,246200000.0,25.0,85384000000.0,0.0,179000000.0,0.0,346.807,
18,AMP,MRY,2002-12-31,2002-12-31,2002-12-31,2021-08-09,,,,,,,,-188000000.0,,,665000000.0,674000000.0,,,,,,,,181000000.0,,,0.0,2302000000.0,2483000000.0,0.429,2483000000.0,2302000000.0,925000000.0,,,,,,,,,,188000000.0,,1.0,5128000000.0,0.885,,1377000000.0,,,,,,,,,,,3577000000.0,-15000000.0,0.0,0.0,0.0,4717000000.0,-1516000000.0,-1316000000.0,376000000.0,0.0,674000000.0,674000000.0,674000000.0,0.0,0.0,0.116,2826000000.0,2302000000.0,,,,,,,0.0,,,,,,5793000000.0,5793000000.0,0.0,,,,0.397,0.0,2262000000.0,1.0,,,,,,,251000000.0,,,
0,AMP,MRQ,2021-06-30,2021-06-30,2021-06-30,2021-08-09,460000000.0,171703000000.0,,,,,49.057,-33000000.0,9598000000.0,9598000000.0,404000000.0,591000000.0,,29.198,5591000000.0,,,5591000000.0,0.0,60000000.0,17796000000.0,0.017,1.13,888000000.0,948000000.0,0.277,948000000.0,888000000.0,721000000.0,4.99,4.88,4.99,5686000000.0,,5686000000.0,26200406286.0,13.0,11.991,1898000000.0,16.375,1.0,3014000000.0,0.882,0.0,167000000.0,167696000000.0,,0.0,43356000000.0,,,166017000000.0,,,28846406286.0,1297000000.0,0.0,-441000000.0,-115000000.0,-126000000.0,-534000000.0,-100000000.0,-460000000.0,1931000000.0,0.0,591000000.0,591000000.0,591000000.0,0.0,0.0,0.173,2126000000.0,888000000.0,2034000000.0,0.226,5.073,27.086,26.964,0.0,0.0,248.88,2.227,2.227,8078000000.0,16057000000.0,3418000000.0,3418000000.0,0.0,,,,,39000000.0,2063000000.0,1.0,115904879.0,115904879.0,,29.49,171703000000.0,0.0,130000000.0,0.0,1481.413,
1,AMP,MRQ,2021-03-31,2021-03-31,2021-03-31,2021-08-09,317000000.0,165737000000.0,,,,,47.125,-22000000.0,8351000000.0,8351000000.0,653000000.0,437000000.0,,29.123,5705000000.0,,,5705000000.0,0.0,60000000.0,17619000000.0,0.018,1.04,694000000.0,754000000.0,0.225,754000000.0,694000000.0,493000000.0,3.65,3.58,3.65,5502000000.0,,5502000000.0,22680069113.0,27.0,21.336,-1022000000.0,-8.754,1.0,2697000000.0,0.805,0.0,201000000.0,163091000000.0,,0.0,43079000000.0,,,160235000000.0,,,27139069113.0,-1367000000.0,0.0,-470000000.0,736000000.0,-129000000.0,433000000.0,-809000000.0,-1112000000.0,-1000000000.0,9000000.0,437000000.0,437000000.0,437000000.0,0.0,0.0,0.13,2003000000.0,694000000.0,1832000000.0,0.285,4.933,-417.524,-3320.714,0.0,0.0,232.45,2.216,2.216,8055000000.0,15600000000.0,3350000000.0,3350000000.0,0.0,,,,,35000000.0,1998000000.0,1.0,116752287.0,116752287.0,,28.693,165737000000.0,0.0,56000000.0,0.0,1419.561,
2,AMP,MRQ,2020-12-31,2020-12-31,2020-12-31,2021-08-09,629000000.0,165883000000.0,,,,,49.73,-40000000.0,9403000000.0,9403000000.0,982000000.0,177000000.0,,27.274,4944000000.0,,,4944000000.0,0.0,57000000.0,17641000000.0,0.021,1.04,349000000.0,406000000.0,0.128,406000000.0,349000000.0,190000000.0,1.73,1.77,1.73,5867000000.0,,5867000000.0,17641632481.0,7.0,6.203,-1056000000.0,-8.951,1.0,2201000000.0,0.691,0.0,159000000.0,161424000000.0,,0.0,42949000000.0,,,160016000000.0,,,22926632481.0,-1316000000.0,0.0,-404000000.0,-19000000.0,-122000000.0,159000000.0,-473000000.0,-790000000.0,-1016000000.0,14000000.0,177000000.0,177000000.0,177000000.0,0.0,0.0,0.056,1852000000.0,349000000.0,1998000000.0,0.601,3.908,14.946,15.684,0.0,0.0,194.33,1.927,1.927,7835000000.0,15292000000.0,3183000000.0,3183000000.0,0.0,,,,,39000000.0,1924000000.0,1.0,117977834.0,117977834.0,,26.98,165883000000.0,0.0,13000000.0,0.0,1406.052,
3,AMP,MRQ,2020-09-30,2020-09-30,2020-09-30,2021-08-09,516000000.0,158687000000.0,,,,,50.445,-45000000.0,10219000000.0,10219000000.0,1104000000.0,-140000000.0,,25.156,4934000000.0,,,4934000000.0,0.0,54000000.0,16818000000.0,0.026,1.04,23000000.0,77000000.0,0.026,77000000.0,23000000.0,-184000000.0,-1.14,-1.14,-1.14,6067000000.0,,6067000000.0,12939635093.0,4.0,4.012,891000000.0,7.408,1.0,1899000000.0,0.632,0.0,207000000.0,153402000000.0,,0.0,42640000000.0,,,152620000000.0,,,18534635093.0,100000000.0,0.0,-320000000.0,358000000.0,-125000000.0,676000000.0,-1525000000.0,-1757000000.0,936000000.0,13000000.0,-140000000.0,-140000000.0,-140000000.0,0.0,0.0,-0.047,1876000000.0,23000000.0,1770000000.0,-0.912,3.055,10.184,10.815,0.0,0.0,154.11,1.544,1.544,7392000000.0,15241000000.0,3003000000.0,3003000000.0,0.0,,,,,35000000.0,1791000000.0,1.0,120268867.0,120268867.0,,24.969,158687000000.0,0.0,-44000000.0,0.0,1319.435,
4,AMP,MRQ,2020-06-30,2020-06-30,2020-06-30,2021-08-09,394000000.0,154902000000.0,,,,,53.132,-33000000.0,10119000000.0,10119000000.0,1467000000.0,-539000000.0,,22.831,4524000000.0,,,4524000000.0,0.0,49000000.0,16070000000.0,0.026,1.04,-223000000.0,-174000000.0,-0.064,-174000000.0,-223000000.0,-526000000.0,-4.31,-4.31,-4.31,6500000000.0,,6500000000.0,10598480690.0,3.0,2.644,-223000000.0,-1.823,1.0,1245000000.0,0.459,0.0,303000000.0,149307000000.0,,0.0,40703000000.0,,,148402000000.0,,,18355480690.0,-1558000000.0,0.0,-235000000.0,485000000.0,-128000000.0,-511000000.0,-856000000.0,-736000000.0,-190000000.0,-1000000.0,-539000000.0,-539000000.0,-539000000.0,0.0,0.0,-0.199,1468000000.0,-223000000.0,1650000000.0,-0.241,2.824,7.333,7.702,0.0,0.0,150.04,1.49,1.49,7295000000.0,15510000000.0,2712000000.0,2712000000.0,0.0,,,,,36000000.0,1716000000.0,1.0,122337248.0,122337248.0,,22.168,154902000000.0,0.0,13000000.0,0.0,1266.188,
5,AMP,MRQ,2020-03-31,2020-03-31,2020-03-31,2021-08-09,-295000000.0,145682000000.0,,,,,54.307,-29000000.0,11677000000.0,11677000000.0,-1747000000.0,2036000000.0,,20.766,3920000000.0,,,3920000000.0,0.0,47000000.0,17010000000.0,0.038,0.97,2488000000.0,2535000000.0,0.845,2535000000.0,2488000000.0,2351000000.0,16.11,15.88,16.11,6693000000.0,,6693000000.0,11343086624.0,2.0,2.242,4864000000.0,39.466,1.0,4748000000.0,1.582,0.0,137000000.0,137925000000.0,,0.0,38024000000.0,,,138989000000.0,,,12630086624.0,5464000000.0,0.0,-479000000.0,-782000000.0,-122000000.0,628000000.0,-40000000.0,-33000000.0,4893000000.0,-17000000.0,2036000000.0,2036000000.0,2036000000.0,0.0,0.0,0.678,2260000000.0,2488000000.0,1427000000.0,0.06,1.887,3.574,3.74,0.0,0.0,102.48,0.983,0.983,7188000000.0,16180000000.0,3001000000.0,3001000000.0,0.0,,,,,36000000.0,1748000000.0,1.0,123244405.0,123244405.0,,24.35,145682000000.0,0.0,315000000.0,0.0,1182.058,
6,AMP,MRQ,2019-12-31,2019-12-31,2019-12-31,2021-08-09,262000000.0,151828000000.0,,,,,45.219,-43000000.0,6213000000.0,6213000000.0,728000000.0,463000000.0,,25.502,4926000000.0,,,4926000000.0,0.0,51000000.0,14430000000.0,0.023,0.97,736000000.0,787000000.0,0.239,787000000.0,736000000.0,534000000.0,3.59,3.52,3.59,5729000000.0,,5729000000.0,18510950383.0,6.0,5.613,-276000000.0,-2.178,1.0,2559000000.0,0.779,0.0,202000000.0,150541000000.0,,0.0,39521000000.0,,,146099000000.0,,,21104950383.0,-1353000000.0,934000000.0,-550000000.0,-30000000.0,-124000000.0,150000000.0,-1498000000.0,-2516000000.0,-233000000.0,24000000.0,463000000.0,463000000.0,463000000.0,0.0,0.0,0.141,1823000000.0,736000000.0,1884000000.0,0.27,3.684,11.149,11.797,0.0,0.0,166.58,1.628,1.628,7210000000.0,14279000000.0,3287000000.0,3287000000.0,0.0,,,,,35000000.0,1830000000.0,1.0,126695584.0,126695584.0,,25.944,151828000000.0,0.0,71000000.0,0.0,1198.369,
7,AMP,MRQ,2019-09-30,2019-09-30,2019-09-30,2021-08-09,337000000.0,149513000000.0,,,,,45.824,-33000000.0,7566000000.0,7566000000.0,594000000.0,543000000.0,,23.931,4972000000.0,,,4972000000.0,0.0,41000000.0,13436000000.0,0.025,0.97,820000000.0,861000000.0,0.26,861000000.0,820000000.0,641000000.0,4.09,4.04,4.09,5997000000.0,,5997000000.0,17525030250.0,5.0,5.083,1389000000.0,10.614,1.0,2723000000.0,0.821,0.0,179000000.0,146919000000.0,,0.0,37375000000.0,,,143516000000.0,,,19251030250.0,828000000.0,0.0,-564000000.0,-27000000.0,-127000000.0,-432000000.0,-107000000.0,-129000000.0,1422000000.0,-17000000.0,543000000.0,543000000.0,543000000.0,0.0,0.0,0.164,1903000000.0,820000000.0,1783000000.0,0.237,3.21,9.777,10.251,0.0,0.0,147.1,1.497,1.497,7348000000.0,13944000000.0,3317000000.0,3317000000.0,0.0,,,,,36000000.0,1791000000.0,1.0,130870362.0,130870362.0,,25.346,149513000000.0,0.0,98000000.0,0.0,1142.451,
8,AMP,MRQ,2019-06-30,2019-06-30,2019-06-30,2021-08-09,269000000.0,148678000000.0,,,,,45.032,-36000000.0,6738000000.0,6738000000.0,584000000.0,492000000.0,,23.656,5012000000.0,,,5012000000.0,0.0,45000000.0,13273000000.0,0.025,0.97,832000000.0,877000000.0,0.27,877000000.0,832000000.0,587000000.0,3.61,3.57,3.61,6030000000.0,,6030000000.0,18852547898.0,6.0,5.468,944000000.0,7.05,1.0,2661000000.0,0.82,0.0,245000000.0,146952000000.0,,0.0,37007000000.0,,,142648000000.0,,,19437547898.0,977000000.0,0.0,-442000000.0,-325000000.0,-129000000.0,1205000000.0,-1148000000.0,-1303000000.0,980000000.0,-5000000.0,492000000.0,492000000.0,492000000.0,0.0,0.0,0.152,1829000000.0,832000000.0,1686000000.0,0.269,3.223,10.076,10.565,0.0,0.0,145.16,1.515,1.515,7435000000.0,13530000000.0,3245000000.0,3245000000.0,0.0,,,,,34000000.0,1771000000.0,1.0,133904298.0,133904298.0,,24.234,148678000000.0,0.0,95000000.0,0.0,1110.33,
9,AMP,MRQ,2019-03-31,2019-03-31,2019-03-31,2021-08-09,35000000.0,144403000000.0,,,,,43.123,-31000000.0,5911000000.0,5911000000.0,670000000.0,395000000.0,,23.714,5326000000.0,,,5326000000.0,0.0,46000000.0,11520000000.0,0.028,0.9,727000000.0,773000000.0,0.248,773000000.0,727000000.0,470000000.0,2.85,2.82,2.85,5843000000.0,,5843000000.0,16161071034.0,5.0,4.712,141000000.0,1.041,1.0,2448000000.0,0.785,0.0,257000000.0,143818000000.0,,0.0,35203000000.0,,,138560000000.0,,,17357071034.0,-122000000.0,0.0,-384000000.0,482000000.0,-124000000.0,291000000.0,-481000000.0,-203000000.0,172000000.0,7000000.0,395000000.0,395000000.0,395000000.0,0.0,0.0,0.127,1721000000.0,727000000.0,1596000000.0,0.316,2.971,9.14,9.653,0.0,0.0,128.1,1.358,1.358,7462000000.0,13172000000.0,3118000000.0,3118000000.0,0.0,,,,,30000000.0,1705000000.0,1.0,135496261.0,135496261.0,,23.012,144403000000.0,0.0,75000000.0,0.0,1065.734,
10,AMP,MRQ,2018-12-31,2018-12-31,2018-12-31,2021-08-09,-291000000.0,137216000000.0,,,,,40.099,-45000000.0,6007000000.0,6007000000.0,444000000.0,539000000.0,,23.555,4811000000.0,,,4811000000.0,0.0,46000000.0,11545000000.0,0.034,0.9,891000000.0,937000000.0,0.295,937000000.0,891000000.0,652000000.0,3.8,3.75,3.8,5588000000.0,,5588000000.0,14014623815.0,4.0,3.892,1443000000.0,10.355,1.0,2735000000.0,0.86,0.0,239000000.0,136020000000.0,,0.0,37531000000.0,,,131628000000.0,,,14544623815.0,1186000000.0,0.0,-438000000.0,-30000000.0,-126000000.0,-59000000.0,-238000000.0,371000000.0,1488000000.0,-5000000.0,539000000.0,539000000.0,539000000.0,0.0,0.0,0.17,1844000000.0,891000000.0,1862000000.0,0.237,2.603,6.933,7.243,0.0,0.0,104.37,1.133,1.133,6185000000.0,12909000000.0,3179000000.0,3179000000.0,0.0,,,,,39000000.0,1702000000.0,1.0,139356365.0,139356365.0,,22.812,137216000000.0,0.0,113000000.0,0.0,984.641,
11,AMP,MRQ,2018-09-30,2018-09-30,2018-09-30,2021-08-09,-244000000.0,145191000000.0,,,,,39.601,-48000000.0,4971000000.0,4971000000.0,729000000.0,503000000.0,,24.844,4441000000.0,,,4441000000.0,0.0,45000000.0,10758000000.0,0.023,0.9,816000000.0,861000000.0,0.262,861000000.0,816000000.0,588000000.0,3.48,3.43,3.48,5618000000.0,,5618000000.0,20266616386.0,6.0,5.762,563000000.0,3.969,1.0,2563000000.0,0.779,0.0,228000000.0,144661000000.0,,0.0,36920000000.0,,,139573000000.0,,,20947616386.0,-77000000.0,0.0,-363000000.0,-51000000.0,-127000000.0,-57000000.0,-628000000.0,-170000000.0,611000000.0,-3000000.0,503000000.0,503000000.0,503000000.0,0.0,0.0,0.153,1747000000.0,816000000.0,1867000000.0,0.259,3.729,12.067,12.524,0.0,0.0,147.66,1.632,1.632,6047000000.0,12498000000.0,3292000000.0,3292000000.0,0.0,,,,,36000000.0,1722000000.0,1.0,141863852.0,141863852.0,,23.205,145191000000.0,0.0,85000000.0,0.0,1023.453,
12,AMP,MRQ,2018-06-30,2018-06-30,2018-06-30,2021-08-09,-179000000.0,143268000000.0,,,,,38.945,-36000000.0,5173000000.0,5173000000.0,635000000.0,462000000.0,,24.438,4492000000.0,,,4492000000.0,0.0,51000000.0,10428000000.0,0.024,0.9,808000000.0,859000000.0,0.269,859000000.0,808000000.0,548000000.0,3.14,3.1,3.14,5632000000.0,,5632000000.0,20465438744.0,6.0,5.729,650000000.0,4.495,1.0,2561000000.0,0.801,0.0,260000000.0,142587000000.0,,0.0,36594000000.0,,,137636000000.0,,,20228438744.0,303000000.0,0.0,-404000000.0,-469000000.0,-131000000.0,-583000000.0,212000000.0,678000000.0,686000000.0,-12000000.0,462000000.0,462000000.0,462000000.0,0.0,0.0,0.145,1753000000.0,808000000.0,1749000000.0,0.287,3.592,11.626,12.038,0.0,0.0,139.88,1.611,1.611,5930000000.0,12126000000.0,3196000000.0,3196000000.0,0.0,,,,,37000000.0,1690000000.0,1.0,144612802.0,144612802.0,,22.1,143268000000.0,0.0,86000000.0,0.0,990.701,
13,AMP,MRQ,2018-03-31,2018-03-31,2018-03-31,2021-08-09,-5000000.0,144762000000.0,,,,,39.909,-33000000.0,5019000000.0,5019000000.0,494000000.0,594000000.0,,23.788,5256000000.0,,,5256000000.0,0.0,56000000.0,10240000000.0,0.022,0.83,888000000.0,944000000.0,0.298,944000000.0,888000000.0,696000000.0,3.97,3.91,3.97,5840000000.0,,5840000000.0,21180380342.0,6.0,6.043,-221000000.0,-1.51,1.0,2674000000.0,0.844,0.0,192000000.0,144999000000.0,,0.0,37431000000.0,,,138922000000.0,,,21648380342.0,-673000000.0,0.0,-423000000.0,-55000000.0,-122000000.0,-564000000.0,67000000.0,245000000.0,-188000000.0,12000000.0,594000000.0,594000000.0,594000000.0,0.0,0.0,0.188,1786000000.0,888000000.0,1609000000.0,0.209,3.707,12.955,13.437,0.0,0.0,147.94,1.75,1.75,5880000000.0,11796000000.0,3168000000.0,3168000000.0,0.0,,,,,32000000.0,1694000000.0,1.0,146332164.0,146332164.0,,21.649,144762000000.0,0.0,102000000.0,0.0,989.27,
14,AMP,MRQ,2017-12-31,2017-12-31,2017-12-31,2021-08-09,229000000.0,147480000000.0,,,,,40.526,-37000000.0,5767000000.0,5767000000.0,581000000.0,177000000.0,,23.601,5297000000.0,,,5297000000.0,0.0,58000000.0,10303000000.0,0.019,0.83,795000000.0,853000000.0,0.268,853000000.0,795000000.0,595000000.0,1.2,1.17,1.2,5995000000.0,,5995000000.0,24804698964.0,8.0,7.492,307000000.0,2.075,1.0,2599000000.0,0.817,0.0,200000000.0,147010000000.0,,0.0,38056000000.0,,,141485000000.0,,,25069698964.0,-217000000.0,0.0,-322000000.0,-62000000.0,-123000000.0,-499000000.0,-65000000.0,102000000.0,344000000.0,3000000.0,177000000.0,177000000.0,177000000.0,0.0,0.0,0.056,1804000000.0,795000000.0,1975000000.0,0.692,4.182,16.939,17.653,0.0,0.0,169.47,2.066,2.066,5787000000.0,11326000000.0,3180000000.0,3180000000.0,0.0,,,,,30000000.0,1726000000.0,1.0,147930011.0,147930011.0,,21.497,147480000000.0,0.0,418000000.0,0.0,996.958,
15,AMP,MRQ,2017-09-30,2017-09-30,2017-09-30,2021-08-09,312000000.0,145486000000.0,,,,,42.049,-53000000.0,5635000000.0,5635000000.0,474000000.0,507000000.0,,22.075,5370000000.0,,,5370000000.0,0.0,55000000.0,10427000000.0,0.021,0.83,861000000.0,916000000.0,0.304,916000000.0,861000000.0,633000000.0,3.31,3.26,3.31,6305000000.0,,6305000000.0,22049064186.0,7.0,6.835,390000000.0,2.601,1.0,2540000000.0,0.843,0.0,228000000.0,145221000000.0,,0.0,38417000000.0,,,139181000000.0,,,22268064186.0,-299000000.0,0.0,-368000000.0,-38000000.0,-124000000.0,-420000000.0,-333000000.0,-109000000.0,443000000.0,11000000.0,507000000.0,507000000.0,507000000.0,0.0,0.0,0.168,1679000000.0,861000000.0,1728000000.0,0.251,3.532,13.083,13.662,0.0,0.0,148.51,1.838,1.838,5751000000.0,11271000000.0,3014000000.0,3014000000.0,0.0,,,,,30000000.0,1631000000.0,1.0,149943197.0,149943197.0,,20.101,145486000000.0,0.0,126000000.0,0.0,970.274,
16,AMP,MRQ,2017-06-30,2017-06-30,2017-06-30,2021-08-09,299000000.0,143144000000.0,,,,,40.996,-39000000.0,5635000000.0,5635000000.0,611000000.0,393000000.0,,21.903,5416000000.0,,,5416000000.0,0.0,58000000.0,10200000000.0,0.024,0.83,734000000.0,792000000.0,0.263,792000000.0,734000000.0,511000000.0,2.53,2.5,2.53,6250000000.0,,6250000000.0,19277857822.0,7.0,6.834,691000000.0,4.533,1.0,2401000000.0,0.797,0.0,223000000.0,142925000000.0,,0.0,38192000000.0,,,136894000000.0,,,19405857822.0,330000000.0,0.0,-350000000.0,-27000000.0,-127000000.0,-432000000.0,16000000.0,135000000.0,730000000.0,16000000.0,393000000.0,393000000.0,393000000.0,0.0,0.0,0.13,1667000000.0,734000000.0,1600000000.0,0.328,3.105,13.763,14.351,0.0,0.0,127.29,1.604,1.604,5519000000.0,10897000000.0,3012000000.0,3012000000.0,0.0,,,,,30000000.0,1598000000.0,1.0,152453907.0,152453907.0,,19.757,143144000000.0,0.0,118000000.0,0.0,938.933,
17,AMP,MRQ,2017-03-31,2017-03-31,2017-03-31,2021-08-09,219000000.0,140857000000.0,,,,,40.42,-33000000.0,5580000000.0,5580000000.0,567000000.0,403000000.0,,21.62,5452000000.0,,,5452000000.0,0.0,63000000.0,10316000000.0,0.023,0.75,687000000.0,750000000.0,0.256,750000000.0,687000000.0,475000000.0,2.56,2.52,2.56,6227000000.0,,6227000000.0,19597037842.0,8.0,7.226,-27000000.0,-0.175,1.0,2359000000.0,0.806,0.0,212000000.0,140729000000.0,,0.0,38020000000.0,,,134630000000.0,,,19978037842.0,-212000000.0,0.0,-430000000.0,-2000000.0,-117000000.0,-434000000.0,211000000.0,438000000.0,6000000.0,5000000.0,403000000.0,403000000.0,403000000.0,0.0,0.0,0.138,1672000000.0,687000000.0,1470000000.0,0.293,3.208,14.777,15.568,0.0,0.0,129.68,1.67,1.67,5372000000.0,10633000000.0,2926000000.0,2926000000.0,0.0,,,,,31000000.0,1600000000.0,1.0,154056430.0,154056430.0,,18.993,140857000000.0,0.0,72000000.0,0.0,914.321,
18,AMP,MRQ,2016-12-31,2016-12-31,2016-12-31,2021-08-09,200000000.0,139821000000.0,,,,,39.811,-26000000.0,5817000000.0,5817000000.0,712000000.0,399000000.0,,21.222,5436000000.0,,,5436000000.0,0.0,61000000.0,10036000000.0,0.026,0.75,707000000.0,768000000.0,0.243,768000000.0,707000000.0,468000000.0,2.47,2.44,2.47,6292000000.0,,6292000000.0,17086817274.0,7.0,6.321,283000000.0,1.791,1.0,2454000000.0,0.775,0.0,239000000.0,139440000000.0,,0.0,38088000000.0,,,133529000000.0,,,17533817274.0,-698000000.0,0.0,-385000000.0,-386000000.0,-118000000.0,-569000000.0,-416000000.0,-135000000.0,309000000.0,-22000000.0,399000000.0,399000000.0,399000000.0,0.0,0.0,0.126,1747000000.0,707000000.0,1727000000.0,0.304,2.787,13.354,14.043,0.0,0.0,110.94,1.486,1.486,5310000000.0,10351000000.0,3166000000.0,3166000000.0,0.0,,,,,33000000.0,1692000000.0,1.0,158047749.0,158047749.0,,20.032,139821000000.0,0.0,69000000.0,0.0,884.676,
19,AMP,MRQ,2016-09-30,2016-09-30,2016-09-30,2021-08-09,595000000.0,143623000000.0,,,,,42.101,-30000000.0,6291000000.0,6291000000.0,855000000.0,215000000.0,,20.133,5844000000.0,,,5844000000.0,0.0,60000000.0,9442000000.0,0.028,0.75,451000000.0,511000000.0,0.17,511000000.0,451000000.0,238000000.0,1.31,1.3,1.31,6796000000.0,,6796000000.0,15589962594.0,6.0,5.77,475000000.0,2.943,1.0,2143000000.0,0.715,0.0,213000000.0,143176000000.0,,0.0,38448000000.0,,,136827000000.0,,,16104962594.0,400000000.0,0.0,-416000000.0,418000000.0,-122000000.0,340000000.0,-430000000.0,-190000000.0,505000000.0,-15000000.0,215000000.0,215000000.0,215000000.0,0.0,0.0,0.072,1692000000.0,451000000.0,1498000000.0,0.573,2.37,12.671,13.41,0.0,0.0,99.77,1.372,1.372,5336000000.0,10098000000.0,2998000000.0,2998000000.0,0.0,,,,,33000000.0,1529000000.0,1.0,161420894.0,161420894.0,,18.573,143623000000.0,0.0,23000000.0,0.0,889.742,
20,AMP,MRQ,2016-06-30,2016-06-30,2016-06-30,2021-08-09,638000000.0,142684000000.0,,,,,42.753,-8000000.0,5916000000.0,5916000000.0,597000000.0,335000000.0,,19.128,5401000000.0,,,5401000000.0,0.0,62000000.0,9132000000.0,0.031,0.75,621000000.0,683000000.0,0.238,683000000.0,621000000.0,410000000.0,1.99,1.97,1.99,7089000000.0,,7089000000.0,14759338303.0,5.0,4.871,893000000.0,5.386,1.0,2274000000.0,0.792,0.0,211000000.0,142169000000.0,,0.0,37870000000.0,,,135595000000.0,,,14898338303.0,346000000.0,0.0,-418000000.0,-266000000.0,-124000000.0,-591000000.0,62000000.0,231000000.0,901000000.0,-26000000.0,335000000.0,335000000.0,335000000.0,0.0,0.0,0.117,1653000000.0,621000000.0,1337000000.0,0.377,2.102,10.254,10.786,0.0,0.0,89.85,1.282,1.282,5190000000.0,10007000000.0,2871000000.0,2871000000.0,0.0,,,,,34000000.0,1566000000.0,1.0,165813448.0,165813448.0,,17.315,142684000000.0,0.0,75000000.0,0.0,860.509,
21,AMP,MRQ,2016-03-31,2016-03-31,2016-03-31,2021-08-09,442000000.0,140250000000.0,,,,,41.978,-28000000.0,5695000000.0,5695000000.0,482000000.0,364000000.0,,18.773,5556000000.0,,,5556000000.0,0.0,65000000.0,8876000000.0,0.029,0.67,676000000.0,741000000.0,0.268,741000000.0,676000000.0,475000000.0,2.11,2.09,2.11,7093000000.0,,7093000000.0,20522945284.0,7.0,6.399,588000000.0,3.48,1.0,2283000000.0,0.826,0.0,201000000.0,140111000000.0,,0.0,37154000000.0,,,133157000000.0,,,15884945284.0,283000000.0,0.0,-479000000.0,-45000000.0,-115000000.0,-322000000.0,1000000.0,397000000.0,616000000.0,-12000000.0,364000000.0,364000000.0,364000000.0,0.0,0.0,0.132,1607000000.0,676000000.0,1254000000.0,0.318,2.24,10.362,10.931,0.0,0.0,94.01,1.337,1.337,5295000000.0,9799000000.0,2765000000.0,2765000000.0,0.0,,,,,34000000.0,1497000000.0,1.0,168970804.0,168970804.0,,16.364,140250000000.0,0.0,111000000.0,0.0,830.025,
22,AMP,MRQ,2015-12-31,2015-12-31,2015-12-31,2021-08-09,253000000.0,145339000000.0,,,,,41.301,-24000000.0,5808000000.0,5808000000.0,714000000.0,380000000.0,,19.046,10423000000.0,,,10423000000.0,0.0,63000000.0,8634000000.0,0.024,0.67,704000000.0,767000000.0,0.247,767000000.0,704000000.0,423000000.0,2.03,2.0,2.03,7191000000.0,,7191000000.0,23400952428.0,8.0,7.048,764000000.0,4.388,1.0,2389000000.0,0.77,0.0,281000000.0,149954000000.0,,0.0,40714000000.0,,,136960000000.0,,,18528952428.0,-377000000.0,0.0,-446000000.0,-616000000.0,-117000000.0,-1094000000.0,-62000000.0,276000000.0,788000000.0,-9000000.0,357000000.0,357000000.0,357000000.0,0.0,23000000.0,0.115,1662000000.0,727000000.0,1652000000.0,0.33,2.577,11.862,12.374,0.0,0.0,106.42,1.523,1.523,5274000000.0,9662000000.0,3103000000.0,3103000000.0,0.0,,,,,37000000.0,1610000000.0,1.0,174111562.0,174111562.0,,17.822,145339000000.0,0.0,66000000.0,0.0,834.746,
23,AMP,MRQ,2015-09-30,2015-09-30,2015-09-30,2021-08-09,461000000.0,145320000000.0,,,,,42.806,-42000000.0,6273000000.0,6273000000.0,471000000.0,352000000.0,,17.892,11145000000.0,,,11145000000.0,0.0,62000000.0,8046000000.0,0.023,0.67,777000000.0,839000000.0,0.291,839000000.0,777000000.0,508000000.0,2.2,2.17,2.2,7629000000.0,,7629000000.0,24525272572.0,8.0,7.175,329000000.0,1.846,1.0,2415000000.0,0.837,0.0,269000000.0,150192000000.0,,0.0,41723000000.0,,,136499000000.0,,,19449272572.0,210000000.0,0.0,-464000000.0,630000000.0,-119000000.0,119000000.0,-265000000.0,-39000000.0,371000000.0,-15000000.0,397000000.0,397000000.0,397000000.0,0.0,-45000000.0,0.138,1683000000.0,732000000.0,1497000000.0,0.305,2.549,11.932,12.359,0.0,0.0,109.13,1.6,1.6,5289000000.0,9493000000.0,2886000000.0,2886000000.0,0.0,,,,,38000000.0,1550000000.0,1.0,178221136.0,178221136.0,,16.193,145320000000.0,0.0,111000000.0,0.0,815.392,
24,AMP,MRQ,2015-06-30,2015-06-30,2015-06-30,2021-08-09,500000000.0,148806000000.0,,,,,43.417,-38000000.0,5532000000.0,5532000000.0,543000000.0,476000000.0,,17.754,10608000000.0,,,10608000000.0,0.0,57000000.0,7820000000.0,0.019,0.67,803000000.0,860000000.0,0.275,860000000.0,803000000.0,554000000.0,2.26,2.23,2.26,7875000000.0,,7875000000.0,26843845127.0,8.0,7.747,581000000.0,3.203,1.0,2585000000.0,0.826,0.0,249000000.0,153882000000.0,,0.0,41490000000.0,,,139810000000.0,,,22659845127.0,-239000000.0,0.0,-427000000.0,500000000.0,-122000000.0,-516000000.0,-364000000.0,-307000000.0,619000000.0,22000000.0,415000000.0,415000000.0,415000000.0,0.0,61000000.0,0.133,1721000000.0,864000000.0,1394000000.0,0.296,2.877,13.708,14.132,0.0,0.0,124.93,1.83,1.83,5267000000.0,9300000000.0,3128000000.0,3128000000.0,0.0,,,,,35000000.0,1627000000.0,1.0,181380334.0,181380334.0,,17.246,148806000000.0,0.0,139000000.0,0.0,820.409,
25,AMP,MRQ,2015-03-31,2015-03-31,2015-03-31,2021-08-09,704000000.0,151448000000.0,,,,,44.901,-29000000.0,5861000000.0,5861000000.0,533000000.0,479000000.0,,17.351,10045000000.0,,,10045000000.0,0.0,66000000.0,7878000000.0,0.018,0.58,788000000.0,854000000.0,0.28,854000000.0,788000000.0,532000000.0,2.11,2.08,2.11,8195000000.0,,8195000000.0,28366798380.0,9.0,8.22,884000000.0,4.844,1.0,2520000000.0,0.825,0.0,256000000.0,155632000000.0,,0.0,41816000000.0,,,142189000000.0,,,23879798380.0,171000000.0,0.0,-388000000.0,7000000.0,-107000000.0,-905000000.0,182000000.0,308000000.0,913000000.0,-19000000.0,393000000.0,393000000.0,393000000.0,0.0,86000000.0,0.129,1646000000.0,874000000.0,1321000000.0,0.275,2.914,14.814,15.357,0.0,0.0,130.84,1.938,1.938,5140000000.0,9031000000.0,3053000000.0,3053000000.0,0.0,,,,,35000000.0,1571000000.0,1.0,182511452.0,182511452.0,,16.728,151448000000.0,0.0,139000000.0,0.0,829.8,
26,AMP,MRQ,2014-12-31,2014-12-31,2014-12-31,2021-08-09,662000000.0,148810000000.0,,,,,44.025,-24000000.0,5642000000.0,5642000000.0,568000000.0,453000000.0,,17.172,10129000000.0,,,10129000000.0,0.0,61000000.0,7664000000.0,0.017,0.58,804000000.0,865000000.0,0.28,865000000.0,804000000.0,529000000.0,2.26,2.22,2.26,8124000000.0,,8124000000.0,28520364803.0,9.0,8.245,394000000.0,2.135,1.0,2521000000.0,0.816,0.0,275000000.0,153297000000.0,,0.0,41730000000.0,,,139505000000.0,,,24404364803.0,-238000000.0,0.0,-378000000.0,507000000.0,-107000000.0,-99000000.0,-543000000.0,-522000000.0,418000000.0,-14000000.0,425000000.0,425000000.0,425000000.0,1000000.0,28000000.0,0.138,1688000000.0,833000000.0,1523000000.0,0.257,3.004,15.074,15.651,0.0,0.0,132.25,1.989,1.989,5027000000.0,8703000000.0,3089000000.0,3089000000.0,0.0,,,,,33000000.0,1602000000.0,1.0,184532059.0,184532059.0,,16.74,148810000000.0,0.0,104000000.0,0.0,806.418,
27,AMP,MRQ,2014-09-30,2014-09-30,2014-09-30,2021-08-09,746000000.0,147193000000.0,,,,,44.124,-49000000.0,5537000000.0,5537000000.0,458000000.0,565000000.0,,16.689,9653000000.0,,,9653000000.0,0.0,64000000.0,7513000000.0,0.018,0.58,822000000.0,886000000.0,0.285,886000000.0,822000000.0,575000000.0,2.21,2.17,2.21,8260000000.0,,8260000000.0,27288807931.0,9.0,8.161,1568000000.0,8.376,1.0,2653000000.0,0.853,0.0,247000000.0,151309000000.0,,0.0,41560000000.0,,,137853000000.0,,,23096807931.0,735000000.0,0.0,-347000000.0,305000000.0,-108000000.0,-531000000.0,-330000000.0,-232000000.0,1617000000.0,-21000000.0,420000000.0,420000000.0,420000000.0,0.0,145000000.0,0.135,1686000000.0,967000000.0,1461000000.0,0.262,2.796,15.501,16.044,0.0,0.0,123.38,1.905,1.905,4895000000.0,8460000000.0,3111000000.0,3111000000.0,0.0,,,,,34000000.0,1570000000.0,1.0,187200583.0,187200583.0,,16.619,147193000000.0,0.0,155000000.0,0.0,786.285,
28,AMP,MRQ,2014-06-30,2014-06-30,2014-06-30,2021-08-09,920000000.0,149160000000.0,,,,,44.386,-20000000.0,5203000000.0,5203000000.0,506000000.0,467000000.0,,16.55,9395000000.0,,,9395000000.0,0.0,66000000.0,7285000000.0,0.018,0.58,780000000.0,846000000.0,0.275,846000000.0,780000000.0,526000000.0,1.94,1.91,1.94,8428000000.0,,8428000000.0,26661540480.0,9.0,8.019,-90000000.0,-0.474,1.0,2566000000.0,0.835,0.0,254000000.0,153352000000.0,,0.0,41584000000.0,,,139483000000.0,,,22785540480.0,-262000000.0,0.0,-373000000.0,185000000.0,-111000000.0,-506000000.0,303000000.0,433000000.0,-70000000.0,11000000.0,374000000.0,374000000.0,374000000.0,0.0,93000000.0,0.122,1693000000.0,873000000.0,1321000000.0,0.299,2.704,15.693,16.26,0.0,0.0,120.0,1.927,1.927,4909000000.0,8163000000.0,3072000000.0,3072000000.0,0.0,,,,,33000000.0,1615000000.0,1.0,189879504.0,189879504.0,,16.179,149160000000.0,0.0,152000000.0,0.0,785.551,
29,AMP,MRQ,2014-03-31,2014-03-31,2014-03-31,2021-08-09,746000000.0,145964000000.0,,,,,43.715,-20000000.0,5290000000.0,5290000000.0,450000000.0,515000000.0,,16.361,9166000000.0,,,9166000000.0,0.0,63000000.0,7211000000.0,0.019,0.52,799000000.0,862000000.0,0.288,862000000.0,799000000.0,534000000.0,2.05,2.01,2.05,8344000000.0,,8344000000.0,24554367225.0,8.0,7.588,414000000.0,2.169,1.0,2546000000.0,0.85,0.0,265000000.0,149840000000.0,,0.0,41303000000.0,,,136519000000.0,,,21009367225.0,-229000000.0,0.0,-446000000.0,193000000.0,-100000000.0,-521000000.0,-145000000.0,-37000000.0,434000000.0,3000000.0,400000000.0,400000000.0,400000000.0,1000000.0,115000000.0,0.134,1631000000.0,915000000.0,1228000000.0,0.254,2.518,15.017,15.702,0.0,0.0,110.07,1.826,1.826,4714000000.0,7938000000.0,2996000000.0,2996000000.0,0.0,,,,,30000000.0,1544000000.0,1.0,190872783.0,190872783.0,,15.696,145964000000.0,0.0,134000000.0,0.0,764.719,
30,AMP,MRQ,2013-12-31,2013-12-31,2013-12-31,2021-08-09,595000000.0,144576000000.0,,,,,42.109,-37000000.0,5411000000.0,5411000000.0,563000000.0,380000000.0,,16.521,8956000000.0,,,8956000000.0,0.0,64000000.0,7062000000.0,0.017,0.52,686000000.0,750000000.0,0.255,750000000.0,686000000.0,393000000.0,1.49,1.47,1.49,8192000000.0,,8192000000.0,25346904774.0,9.0,8.042,221000000.0,1.136,1.0,2383000000.0,0.809,0.0,293000000.0,148121000000.0,,0.0,40737000000.0,,,135344000000.0,,,22381904774.0,-493000000.0,0.0,-360000000.0,262000000.0,-101000000.0,-99000000.0,-659000000.0,-535000000.0,258000000.0,7000000.0,296000000.0,296000000.0,296000000.0,2000000.0,84000000.0,0.1,1611000000.0,772000000.0,1429000000.0,0.349,2.732,16.778,17.538,0.0,0.0,115.05,1.999,1.999,4610000000.0,7626000000.0,2946000000.0,2946000000.0,0.0,,,,,37000000.0,1557000000.0,1.0,194540676.0,194540676.0,,15.143,144576000000.0,0.0,97000000.0,0.0,743.166,
31,AMP,MRQ,2013-09-30,2013-09-30,2013-09-30,2021-08-09,605000000.0,140208000000.0,,,,,42.077,-30000000.0,5724000000.0,5724000000.0,492000000.0,449000000.0,,15.74,8689000000.0,,,8689000000.0,0.0,59000000.0,6744000000.0,0.021,0.52,808000000.0,867000000.0,0.308,867000000.0,808000000.0,536000000.0,1.9,1.86,1.9,8325000000.0,,8325000000.0,20552194577.0,7.0,6.401,1169000000.0,5.909,1.0,2321000000.0,0.825,0.0,272000000.0,143173000000.0,,0.0,40040000000.0,,,131039000000.0,,,18020194577.0,794000000.0,0.0,-372000000.0,547000000.0,-103000000.0,411000000.0,-833000000.0,-652000000.0,1199000000.0,17000000.0,382000000.0,382000000.0,382000000.0,-1000000.0,67000000.0,0.136,1447000000.0,874000000.0,1417000000.0,0.274,2.165,12.628,13.219,0.0,0.0,91.08,1.649,1.649,4503000000.0,7442000000.0,2813000000.0,2813000000.0,0.0,,,,,35000000.0,1461000000.0,1.0,197850182.0,197850182.0,,14.218,140208000000.0,0.0,154000000.0,0.0,708.657,
32,AMP,MRQ,2013-06-30,2013-06-30,2013-06-30,2021-08-09,625000000.0,137258000000.0,,,,,41.384,-24000000.0,5618000000.0,5618000000.0,490000000.0,281000000.0,,15.381,8150000000.0,,,8150000000.0,0.0,58000000.0,6586000000.0,0.022,0.52,699000000.0,757000000.0,0.275,757000000.0,699000000.0,441000000.0,1.57,1.54,1.57,8340000000.0,,8340000000.0,19033687277.0,7.0,6.57,349000000.0,1.732,1.0,2259000000.0,0.822,0.0,258000000.0,139790000000.0,,0.0,39967000000.0,,,128276000000.0,,,16299687277.0,171000000.0,0.0,-375000000.0,87000000.0,-105000000.0,-504000000.0,301000000.0,314000000.0,373000000.0,1000000.0,321000000.0,321000000.0,321000000.0,1000000.0,-40000000.0,0.117,1599000000.0,660000000.0,1298000000.0,0.331,1.954,13.382,13.969,0.0,0.0,80.88,1.54,1.54,4651000000.0,7130000000.0,2749000000.0,2749000000.0,0.0,,,,,38000000.0,1507000000.0,1.0,201529269.0,201529269.0,,13.641,137258000000.0,0.0,120000000.0,0.0,681.082,
33,AMP,MRQ,2013-03-31,2013-03-31,2013-03-31,2021-08-09,1084000000.0,137296000000.0,,,,,44.036,-14000000.0,5303000000.0,5303000000.0,409000000.0,365000000.0,,14.25,8037000000.0,,,8037000000.0,0.0,58000000.0,6494000000.0,0.022,0.45,720000000.0,778000000.0,0.289,778000000.0,720000000.0,456000000.0,1.61,1.58,1.61,8960000000.0,,8960000000.0,17382718250.0,7.0,6.151,-480000000.0,-2.359,1.0,2282000000.0,0.848,0.0,264000000.0,140030000000.0,,0.0,40804000000.0,,,127679000000.0,,,14985718250.0,-211000000.0,0.0,-358000000.0,175000000.0,-92000000.0,-114000000.0,389000000.0,601000000.0,-466000000.0,-20000000.0,335000000.0,335000000.0,335000000.0,1000000.0,30000000.0,0.124,1531000000.0,751000000.0,1053000000.0,0.28,1.673,13.38,14.082,0.0,0.0,73.65,1.448,1.448,4383000000.0,6978000000.0,2691000000.0,2691000000.0,0.0,,,,,33000000.0,1456000000.0,1.0,203472074.0,203472074.0,,13.225,137296000000.0,0.0,121000000.0,0.0,674.766,
34,AMP,MRQ,2012-12-31,2012-12-31,2012-12-31,2021-08-09,1194000000.0,134729000000.0,,,,,44.175,6000000.0,5488000000.0,5488000000.0,443000000.0,332000000.0,,13.75,7885000000.0,,,7885000000.0,0.0,57000000.0,6526000000.0,0.023,0.45,752000000.0,809000000.0,0.303,809000000.0,752000000.0,476000000.0,1.81,1.78,1.81,9092000000.0,,9092000000.0,15032279253.0,6.0,5.576,628000000.0,3.051,1.0,2231000000.0,0.834,0.0,276000000.0,137126000000.0,,0.0,41247000000.0,,,125017000000.0,,,12890279253.0,-954000000.0,0.0,-290000000.0,-335000000.0,-93000000.0,-4881000000.0,3304000000.0,3281000000.0,622000000.0,1000000.0,389000000.0,389000000.0,389000000.0,-1000000.0,-57000000.0,0.145,1537000000.0,694000000.0,1324000000.0,0.249,1.418,12.527,13.326,0.0,0.0,62.63,1.262,1.262,4315000000.0,6717000000.0,2674000000.0,2674000000.0,0.0,,,,,36000000.0,1448000000.0,1.0,205816370.0,205816370.0,,12.992,134729000000.0,0.0,87000000.0,0.0,654.608,
35,AMP,MRQ,2012-09-30,2012-09-30,2012-09-30,2021-08-09,1267000000.0,138564000000.0,,,,,43.454,-44000000.0,5992000000.0,5992000000.0,542000000.0,151000000.0,,14.06,8134000000.0,,,8134000000.0,0.0,58000000.0,10048000000.0,0.021,0.35,495000000.0,553000000.0,0.224,553000000.0,495000000.0,220000000.0,0.8,0.79,0.8,9157000000.0,,9157000000.0,15025202407.0,6.0,5.897,371000000.0,1.761,1.0,1926000000.0,0.78,0.0,275000000.0,140706000000.0,,0.0,43289000000.0,,,128743000000.0,,,11946202407.0,604000000.0,0.0,-310000000.0,-86000000.0,-73000000.0,-758000000.0,940000000.0,986000000.0,415000000.0,7000000.0,173000000.0,173000000.0,173000000.0,1000000.0,-22000000.0,0.07,1452000000.0,474000000.0,1170000000.0,0.438,1.305,13.637,14.499,0.0,0.0,56.69,1.18,1.18,5584000000.0,6477000000.0,2468000000.0,2468000000.0,0.0,,,,,32000000.0,1385000000.0,1.0,210728566.0,210728566.0,,11.712,138564000000.0,0.0,47000000.0,0.0,657.547,
36,AMP,MRQ,2012-06-30,2012-06-30,2012-06-30,2021-08-09,942000000.0,135270000000.0,,,,,41.19,-38000000.0,5035000000.0,5035000000.0,409000000.0,170000000.0,,13.954,8114000000.0,,,8114000000.0,0.0,54000000.0,10079000000.0,0.021,0.35,632000000.0,686000000.0,0.273,686000000.0,632000000.0,351000000.0,1.01,0.99,1.01,9005000000.0,,9005000000.0,14792232284.0,6.0,5.464,255000000.0,1.166,1.0,2105000000.0,0.837,0.0,281000000.0,138349000000.0,,0.0,43564000000.0,,,125657000000.0,,,11425232284.0,409000000.0,0.0,-369000000.0,-32000000.0,-77000000.0,-286000000.0,407000000.0,453000000.0,293000000.0,-5000000.0,223000000.0,223000000.0,223000000.0,1000000.0,-53000000.0,0.089,1525000000.0,580000000.0,1002000000.0,0.347,1.269,11.125,11.691,0.0,0.0,52.26,1.13,1.13,5537000000.0,6384000000.0,2514000000.0,2514000000.0,0.0,,,,,34000000.0,1426000000.0,1.0,218622891.0,218622891.0,,11.499,135270000000.0,0.0,128000000.0,0.0,618.737,
37,AMP,MRQ,2012-03-31,2012-03-31,2012-03-31,2021-08-09,851000000.0,136757000000.0,,,,,41.077,-61000000.0,4749000000.0,4749000000.0,505000000.0,248000000.0,,13.934,8116000000.0,,,8116000000.0,0.0,56000000.0,9961000000.0,0.017,0.28,592000000.0,648000000.0,0.253,648000000.0,592000000.0,317000000.0,1.07,1.05,1.07,9115000000.0,,9115000000.0,15708075930.0,6.0,5.654,114000000.0,0.514,1.0,2056000000.0,0.803,0.0,275000000.0,140124000000.0,,0.0,43919000000.0,,,127008000000.0,,,12677075930.0,-469000000.0,0.0,-252000000.0,-86000000.0,-62000000.0,-417000000.0,-234000000.0,-174000000.0,175000000.0,7000000.0,244000000.0,244000000.0,244000000.0,1000000.0,4000000.0,0.095,1459000000.0,597000000.0,907000000.0,0.262,1.391,11.329,12.053,0.0,0.0,57.13,1.24,1.24,5516000000.0,6285000000.0,2561000000.0,2561000000.0,0.0,,,,,32000000.0,1428000000.0,1.0,221898756.0,221898756.0,,11.541,136757000000.0,0.0,73000000.0,0.0,616.304,
38,AMP,MRQ,2011-12-31,2011-12-31,2011-12-31,2021-08-09,751000000.0,132307000000.0,,,,,39.725,-101000000.0,5044000000.0,5044000000.0,560000000.0,281000000.0,,13.642,8075000000.0,,,8075000000.0,0.0,49000000.0,9850000000.0,0.018,0.23,612000000.0,661000000.0,0.256,661000000.0,612000000.0,294000000.0,1.03,1.01,1.03,8988000000.0,,8988000000.0,15197299689.0,6.0,5.475,626000000.0,2.767,1.0,2022000000.0,0.783,0.0,318000000.0,135338000000.0,,0.0,44742000000.0,,,122613000000.0,,,11231299689.0,88000000.0,150000000.0,-246000000.0,-393000000.0,-54000000.0,-552000000.0,-87000000.0,-130000000.0,727000000.0,0.0,236000000.0,236000000.0,236000000.0,-13000000.0,45000000.0,0.091,1378000000.0,644000000.0,1065000000.0,0.223,1.25,10.064,10.745,0.0,0.0,49.64,1.102,1.102,4440000000.0,6031000000.0,2582000000.0,2582000000.0,0.0,,,,,44000000.0,1347000000.0,1.0,226255030.0,226255030.0,,11.412,132307000000.0,0.0,58000000.0,0.0,584.769,
39,AMP,MRQ,2011-09-30,2011-09-30,2011-09-30,2021-08-09,636000000.0,130380000000.0,,,,,43.507,-60000000.0,4471000000.0,4471000000.0,258000000.0,219000000.0,,11.624,8437000000.0,,,8437000000.0,0.0,-6000000.0,9624000000.0,0.021,0.23,718000000.0,712000000.0,0.29,712000000.0,718000000.0,433000000.0,1.36,1.34,1.36,10271000000.0,,10271000000.0,13346058892.0,5.0,5.036,733000000.0,3.105,1.0,2197000000.0,0.895,0.0,285000000.0,134346000000.0,,0.0,43750000000.0,,,119393000000.0,,,9292058892.0,140000000.0,0.0,-437000000.0,-3000000.0,-55000000.0,-185000000.0,-463000000.0,-400000000.0,793000000.0,-5000000.0,324000000.0,324000000.0,324000000.0,-2000000.0,-105000000.0,0.132,1586000000.0,611000000.0,1030000000.0,0.169,0.905,8.833,9.175,0.0,0.0,39.36,0.914,0.914,5364000000.0,7222000000.0,2455000000.0,2455000000.0,0.0,,,,,21000000.0,1384000000.0,1.0,236078732.0,236078732.0,,10.399,130380000000.0,0.0,109000000.0,0.0,552.273,
40,AMP,MRQ,2011-06-30,2011-06-30,2011-06-30,2021-08-09,633000000.0,135138000000.0,,,,,42.965,-42000000.0,4485000000.0,4485000000.0,405000000.0,287000000.0,,11.747,8539000000.0,,,8539000000.0,0.0,37000000.0,9430000000.0,0.013,0.23,720000000.0,757000000.0,0.289,757000000.0,720000000.0,433000000.0,1.28,1.25,1.28,10548000000.0,,10548000000.0,17643980169.0,7.0,6.425,601000000.0,2.448,1.0,2218000000.0,0.846,0.0,287000000.0,139192000000.0,,0.0,43363000000.0,,,123910000000.0,,,13974980169.0,93000000.0,0.0,-392000000.0,-34000000.0,-57000000.0,-27000000.0,-523000000.0,-477000000.0,643000000.0,0.0,315000000.0,315000000.0,315000000.0,4000000.0,-28000000.0,0.12,1522000000.0,696000000.0,1072000000.0,0.18,1.325,13.036,13.477,0.0,0.0,57.68,1.391,1.409,5335000000.0,7123000000.0,2623000000.0,2623000000.0,0.0,,,,,38000000.0,1433000000.0,1.0,242284677.0,245500000.0,251000000.0,10.684,135138000000.0,0.0,118000000.0,0.0,550.46,
41,AMP,MRQ,2011-03-31,2011-03-31,2011-03-31,2021-08-09,542000000.0,133832000000.0,,,,,41.936,-47000000.0,4838000000.0,4838000000.0,383000000.0,223000000.0,,11.624,8507000000.0,,,8507000000.0,0.0,30000000.0,8911000000.0,0.012,0.18,616000000.0,646000000.0,0.255,646000000.0,616000000.0,333000000.0,0.96,0.94,0.96,10551000000.0,,10551000000.0,18456799161.0,7.0,6.978,-32000000.0,-0.127,1.0,2149000000.0,0.849,0.0,283000000.0,137501000000.0,,0.0,42820000000.0,,,122643000000.0,,,15056799161.0,-401000000.0,0.0,-354000000.0,77000000.0,-46000000.0,-347000000.0,-73000000.0,-30000000.0,15000000.0,4000000.0,241000000.0,241000000.0,241000000.0,71000000.0,-18000000.0,0.095,1480000000.0,669000000.0,907000000.0,0.188,1.427,14.82,15.308,0.0,0.0,61.08,1.523,1.554,5589000000.0,6915000000.0,2532000000.0,2532000000.0,0.0,,,,,42000000.0,1405000000.0,1.0,246509482.0,251600000.0,257700000.0,10.064,133832000000.0,0.0,92000000.0,0.0,531.924,
42,AMP,MRQ,2010-12-31,2010-12-31,2010-12-31,2021-08-09,565000000.0,131214000000.0,,,,,42.458,-43000000.0,5124000000.0,5124000000.0,465000000.0,146000000.0,,11.182,8249000000.0,,,8249000000.0,0.0,31000000.0,8779000000.0,0.012,0.18,504000000.0,535000000.0,0.209,535000000.0,504000000.0,203000000.0,0.69,0.67,0.69,10725000000.0,,10725000000.0,17795197907.0,7.0,6.868,-19000000.0,-0.075,1.0,2093000000.0,0.818,0.0,301000000.0,134339000000.0,,0.0,42199000000.0,,,119929000000.0,,,14270197907.0,-824000000.0,0.0,-133000000.0,-926000000.0,-45000000.0,-1135000000.0,288000000.0,331000000.0,24000000.0,-1000000.0,172000000.0,172000000.0,172000000.0,26000000.0,-26000000.0,0.067,1589000000.0,504000000.0,1134000000.0,0.261,1.331,14.429,14.987,0.0,0.0,57.55,1.5,1.557,4909000000.0,6748000000.0,2558000000.0,2558000000.0,0.0,,,,,47000000.0,1518000000.0,1.0,247961736.0,252600000.0,259000000.0,10.127,131214000000.0,0.0,31000000.0,0.0,519.454,
43,AMP,MRQ,2010-09-30,2010-09-30,2010-09-30,2021-08-09,897000000.0,129044000000.0,,,,,42.891,-34000000.0,5535000000.0,5535000000.0,636000000.0,312000000.0,,10.734,9060000000.0,,,9060000000.0,0.0,31000000.0,8492000000.0,0.015,0.18,777000000.0,808000000.0,0.346,808000000.0,777000000.0,476000000.0,1.35,1.32,1.35,10950000000.0,,10950000000.0,14677127588.0,6.0,5.585,391000000.0,1.532,1.0,1698000000.0,0.728,0.0,301000000.0,132569000000.0,,0.0,43355000000.0,,,117540000000.0,,,11882127588.0,-142000000.0,-2000000.0,-175000000.0,480000000.0,-47000000.0,259000000.0,-833000000.0,-790000000.0,425000000.0,7000000.0,344000000.0,344000000.0,344000000.0,2000000.0,-32000000.0,0.147,951000000.0,747000000.0,1106000000.0,0.133,1.085,11.273,11.572,0.0,0.0,47.33,1.331,1.353,4969000000.0,6545000000.0,2334000000.0,2334000000.0,0.0,,,,,41000000.0,1197000000.0,1.0,251048544.0,255300000.0,259900000.0,9.142,129044000000.0,0.0,132000000.0,0.0,505.46,
44,AMP,MRQ,2010-06-30,2010-06-30,2010-06-30,2021-08-09,607000000.0,121110000000.0,,,,,40.207,-33000000.0,5669000000.0,5669000000.0,297000000.0,398000000.0,,10.477,8464000000.0,,,8464000000.0,0.0,26000000.0,8421000000.0,0.019,0.18,630000000.0,656000000.0,0.266,656000000.0,630000000.0,325000000.0,0.99,0.98,0.99,10498000000.0,,10498000000.0,10456957444.0,4.0,4.256,1246000000.0,4.772,1.0,2165000000.0,0.879,0.0,305000000.0,123905000000.0,,0.0,41963000000.0,,,109991000000.0,,,9303957444.0,-989000000.0,-865000000.0,-178000000.0,366000000.0,-46000000.0,-1226000000.0,-1040000000.0,-135000000.0,1279000000.0,-2000000.0,259000000.0,259000000.0,259000000.0,-2000000.0,139000000.0,0.105,1398000000.0,767000000.0,1071000000.0,0.182,0.886,9.592,9.66,0.0,0.0,36.13,1.089,1.105,4998000000.0,6278000000.0,2462000000.0,2462000000.0,0.0,,,,,31000000.0,1227000000.0,1.0,257513353.0,261100000.0,265300000.0,9.429,121110000000.0,0.0,66000000.0,0.0,463.845,
45,AMP,MRQ,2010-03-31,2010-03-31,2010-03-31,2021-08-09,365000000.0,122377000000.0,,,,,38.758,-21000000.0,6961000000.0,6961000000.0,354000000.0,296000000.0,,11.048,8114000000.0,,,8114000000.0,0.0,22000000.0,8632000000.0,0.015,0.17,571000000.0,593000000.0,0.261,593000000.0,571000000.0,279000000.0,0.82,0.81,0.82,10108000000.0,,10108000000.0,9108597482.0,4.0,4.114,98000000.0,0.376,1.0,1917000000.0,0.844,0.0,292000000.0,123530000000.0,,0.0,41114000000.0,,,111677000000.0,,,11589597482.0,1719000000.0,1000000.0,17000000.0,743000000.0,-45000000.0,759000000.0,851000000.0,872000000.0,119000000.0,-10000000.0,214000000.0,214000000.0,214000000.0,0.0,82000000.0,0.094,1264000000.0,653000000.0,765000000.0,0.207,1.147,14.379,14.354,0.0,0.0,45.36,1.457,1.488,4848000000.0,5959000000.0,2271000000.0,2271000000.0,0.0,,,,,39000000.0,1146000000.0,1.0,255502590.0,260800000.0,265000000.0,8.708,122377000000.0,0.0,65000000.0,0.0,469.237,
46,AMP,MRQ,2009-12-31,2009-12-31,2009-12-31,2021-08-09,265000000.0,113770000000.0,,,,,35.788,-27000000.0,4730000000.0,4730000000.0,341000000.0,274000000.0,,11.209,2249000000.0,,,2249000000.0,0.0,19000000.0,8554000000.0,0.018,0.17,552000000.0,571000000.0,0.307,571000000.0,552000000.0,295000000.0,0.93,0.91,0.93,9269000000.0,,9269000000.0,6573239597.0,3.0,3.197,-423000000.0,-1.633,1.0,1520000000.0,0.817,0.0,257000000.0,111289000000.0,,0.0,36974000000.0,,,103898000000.0,,,9899239597.0,-483000000.0,0.0,3000000.0,172000000.0,-46000000.0,106000000.0,-192000000.0,-172000000.0,-396000000.0,-1000000.0,237000000.0,237000000.0,237000000.0,-1000000.0,37000000.0,0.127,932000000.0,588000000.0,946000000.0,0.183,1.068,13.711,13.027,0.0,0.0,38.82,1.338,1.271,4484000000.0,5276000000.0,1861000000.0,1861000000.0,0.0,,,,,44000000.0,812000000.0,1.0,255003596.0,259000000.0,263600000.0,7.185,113770000000.0,0.0,58000000.0,0.0,439.266,
47,AMP,MRQ,2009-09-30,2009-09-30,2009-09-30,2021-08-09,277000000.0,111201000000.0,,,,,34.979,-21000000.0,5402000000.0,5402000000.0,306000000.0,260000000.0,,11.251,2076000000.0,,,2076000000.0,0.0,20000000.0,9028000000.0,0.019,0.17,617000000.0,637000000.0,0.327,637000000.0,617000000.0,340000000.0,1.0,1.0,1.0,9049000000.0,,9049000000.0,5501418644.0,6.0,4.869,603000000.0,2.331,1.0,1640000000.0,0.843,0.0,277000000.0,107875000000.0,,0.0,36847000000.0,,,101807000000.0,,,9265418644.0,-889000000.0,0.0,1000000.0,-442000000.0,-44000000.0,-607000000.0,-900000000.0,-876000000.0,624000000.0,-6000000.0,260000000.0,260000000.0,260000000.0,0.0,0.0,0.134,1023000000.0,617000000.0,765000000.0,0.17,1.024,78.52,103.8,0.0,0.0,36.33,1.349,1.369,4247000000.0,5091000000.0,1946000000.0,1946000000.0,0.0,,,,,52000000.0,1087000000.0,1.0,255034920.0,258700000.0,260700000.0,7.522,111201000000.0,0.0,80000000.0,0.0,429.845,
48,AMP,MRQ,2009-06-30,2009-06-30,2009-06-30,2021-08-09,-388000000.0,103214000000.0,,,,,35.446,-20000000.0,6199000000.0,6199000000.0,587000000.0,87000000.0,,11.694,2435000000.0,,,2435000000.0,0.0,25000000.0,9216000000.0,0.028,0.17,388000000.0,413000000.0,0.22,413000000.0,388000000.0,123000000.0,0.41,0.41,0.41,8110000000.0,,8110000000.0,-366968667.0,-1.0,-0.582,-994000000.0,-4.344,1.0,1287000000.0,0.687,0.0,265000000.0,99450000000.0,,0.0,34793000000.0,,,94840000000.0,,,5318031333.0,-1327000000.0,0.0,869000000.0,549000000.0,-37000000.0,2835000000.0,-3212000000.0,-3191000000.0,-974000000.0,24000000.0,95000000.0,95000000.0,95000000.0,0.0,-8000000.0,0.051,907000000.0,380000000.0,825000000.0,0.415,0.656,-25.085,-25.021,0.0,0.0,24.27,0.812,0.848,4067000000.0,4875000000.0,1874000000.0,1874000000.0,0.0,,,,,46000000.0,1032000000.0,1.0,219119544.0,228800000.0,230000000.0,8.191,103214000000.0,0.0,28000000.0,0.0,451.11,
49,AMP,MRQ,2009-03-31,2009-03-31,2009-03-31,2021-08-09,-1134000000.0,94581000000.0,,,,,28.718,-15000000.0,7607000000.0,7607000000.0,100000000.0,116000000.0,,13.776,1922000000.0,,,1922000000.0,0.0,56000000.0,8465000000.0,0.032,0.17,379000000.0,435000000.0,0.253,435000000.0,379000000.0,148000000.0,0.58,0.58,0.58,6384000000.0,,6384000000.0,-1600341810.0,-3.0,-2.145,-587000000.0,-2.641,1.0,1616000000.0,0.942,0.0,231000000.0,88896000000.0,,0.0,30738000000.0,,,87944000000.0,,,4483658190.0,-432000000.0,0.0,-9000000.0,-104000000.0,-37000000.0,2211000000.0,-2069000000.0,-2058000000.0,-572000000.0,-2000000.0,130000000.0,130000000.0,130000000.0,0.0,-14000000.0,0.076,1251000000.0,365000000.0,713000000.0,0.293,0.702,-46.223,-46.568,0.0,0.0,20.49,0.675,0.686,3579000000.0,4817000000.0,1716000000.0,1716000000.0,0.0,,,,,40000000.0,965000000.0,1.0,218821776.0,222300000.0,223500000.0,7.719,94581000000.0,0.0,18000000.0,0.0,425.466,
50,AMP,MRQ,2008-12-31,2008-12-31,2008-12-31,2021-08-09,-1093000000.0,95577000000.0,,,,,28.288,-25000000.0,8111000000.0,8111000000.0,331000000.0,-397000000.0,,14.424,2027000000.0,,,2027000000.0,0.0,53000000.0,8229000000.0,0.027,0.17,-408000000.0,-355000000.0,-0.267,-355000000.0,-408000000.0,-639000000.0,-1.64,-1.621,-1.64,6178000000.0,,6178000000.0,1259734443.0,2.0,1.581,1847000000.0,8.457,1.0,999000000.0,0.751,0.0,231000000.0,89493000000.0,,0.0,27522000000.0,,,89110000000.0,,,5059734443.0,2185000000.0,-563000000.0,-2000000.0,-22000000.0,-38000000.0,1110000000.0,-767000000.0,-58000000.0,1872000000.0,-30000000.0,-367000000.0,-367000000.0,-367000000.0,0.0,-30000000.0,-0.276,1437000000.0,-438000000.0,887000000.0,-0.104,0.819,-140.548,-146.0,0.0,0.0,23.36,0.731,0.751,3887000000.0,4592000000.0,1330000000.0,1330000000.0,0.0,,,,,34000000.0,1042000000.0,1.0,216598221.0,218400000.0,220400000.0,6.09,95577000000.0,0.0,-272000000.0,0.0,437.624,
51,AMP,MRQ,2008-09-30,2008-09-30,2008-09-30,2021-08-09,-973000000.0,99150000000.0,,,,,30.657,-20000000.0,5880000000.0,5880000000.0,196000000.0,-84000000.0,,13.761,2080000000.0,,,2080000000.0,0.0,72000000.0,7727000000.0,0.016,0.17,65000000.0,137000000.0,0.084,137000000.0,65000000.0,-162000000.0,-0.32,-0.321,-0.32,6717000000.0,,6717000000.0,5937921775.0,4.0,3.308,-33000000.0,-0.151,1.0,1433000000.0,0.88,0.0,227000000.0,95350000000.0,,0.0,28101000000.0,,,92433000000.0,,,8286921775.0,670000000.0,0.0,-95000000.0,67000000.0,-37000000.0,442000000.0,265000000.0,330000000.0,-13000000.0,-24000000.0,-70000000.0,-70000000.0,-70000000.0,0.0,-14000000.0,-0.043,1382000000.0,51000000.0,758000000.0,-0.531,1.234,14.142,14.922,0.0,0.0,38.2,1.063,1.073,3921000000.0,5004000000.0,1629000000.0,1629000000.0,0.0,,,,,39000000.0,1142000000.0,1.0,216935125.0,219100000.0,221700000.0,7.435,99150000000.0,0.0,-92000000.0,0.0,452.533,
52,AMP,MRQ,2008-06-30,2008-06-30,2008-06-30,2021-08-09,-522000000.0,104267000000.0,,,,,32.769,-36000000.0,4367000000.0,4367000000.0,294000000.0,205000000.0,,13.256,2018000000.0,,,2018000000.0,0.0,72000000.0,6382000000.0,0.015,0.15,457000000.0,529000000.0,0.269,529000000.0,457000000.0,237000000.0,0.94,0.93,0.94,7314000000.0,,7314000000.0,6006932902.0,3.0,2.755,-3000000.0,-0.013,1.0,1674000000.0,0.851,0.0,220000000.0,101918000000.0,,0.0,29506000000.0,,,96953000000.0,,,9034932902.0,-531000000.0,0.0,-261000000.0,0.0,-34000000.0,-435000000.0,-129000000.0,-143000000.0,33000000.0,0.0,210000000.0,210000000.0,210000000.0,0.0,-5000000.0,0.107,1222000000.0,452000000.0,890000000.0,0.16,1.235,10.58,10.933,0.0,0.0,40.67,1.091,1.096,3614000000.0,5111000000.0,1968000000.0,1968000000.0,0.0,,,,,38000000.0,1078000000.0,1.0,222152272.0,223200000.0,226000000.0,8.817,104267000000.0,0.0,27000000.0,0.0,467.146,
53,AMP,MRQ,2008-03-31,2008-03-31,2008-03-31,2021-08-09,-287000000.0,104902000000.0,,,,,33.192,-44000000.0,5046000000.0,5046000000.0,304000000.0,186000000.0,,12.837,2018000000.0,,,2018000000.0,0.0,70000000.0,6307000000.0,0.012,0.15,416000000.0,486000000.0,0.244,486000000.0,416000000.0,195000000.0,0.84,0.82,0.84,7581000000.0,,7581000000.0,8617826328.0,4.0,3.894,125000000.0,0.547,1.0,1687000000.0,0.847,0.0,221000000.0,101874000000.0,,0.0,29808000000.0,,,97321000000.0,,,11767826328.0,68000000.0,0.0,-271000000.0,0.0,-34000000.0,-592000000.0,491000000.0,386000000.0,169000000.0,0.0,191000000.0,191000000.0,191000000.0,0.0,-5000000.0,0.096,1276000000.0,411000000.0,836000000.0,0.179,1.552,14.009,14.363,0.0,0.0,51.85,1.39,1.399,3441000000.0,4938000000.0,1991000000.0,1991000000.0,0.0,,,,,37000000.0,1122000000.0,1.0,226959042.0,228400000.0,231500000.0,8.717,104902000000.0,0.0,4000000.0,0.0,459.291,
54,AMP,MRQ,2007-12-31,2007-12-31,2007-12-31,2021-08-09,-167000000.0,109230000000.0,,,,,33.751,-115000000.0,5168000000.0,5168000000.0,276000000.0,247000000.0,,12.986,2018000000.0,,,2018000000.0,0.0,76000000.0,6206000000.0,0.01,0.15,567000000.0,643000000.0,0.291,643000000.0,567000000.0,338000000.0,1.1,1.07,1.1,7810000000.0,,7810000000.0,9798818209.0,5.0,4.336,269000000.0,1.162,1.0,1934000000.0,0.875,0.0,229000000.0,106080000000.0,,0.0,30625000000.0,,,101420000000.0,,,12779818209.0,-166000000.0,0.0,-284000000.0,-26000000.0,-35000000.0,-892000000.0,350000000.0,511000000.0,384000000.0,-8000000.0,255000000.0,255000000.0,255000000.0,0.0,-8000000.0,0.115,1375000000.0,559000000.0,1187000000.0,0.136,1.636,15.7,15.974,0.0,0.0,55.11,1.502,1.53,3441000000.0,4811000000.0,2210000000.0,2210000000.0,0.0,,,,,33000000.0,1183000000.0,1.0,231896538.0,231400000.0,235400000.0,9.551,109230000000.0,0.0,83000000.0,0.0,472.04,
55,AMP,MRQ,2007-09-30,2007-09-30,2007-09-30,2021-08-09,-249000000.0,109854000000.0,,,,,32.957,-65000000.0,5178000000.0,5178000000.0,360000000.0,198000000.0,,13.16,2197000000.0,,,2197000000.0,0.0,66000000.0,6029000000.0,0.008,0.15,456000000.0,522000000.0,0.247,522000000.0,456000000.0,217000000.0,0.84,0.83,0.84,7758000000.0,,7758000000.0,12465813757.0,8.0,6.599,229000000.0,0.973,1.0,1751000000.0,0.829,0.0,239000000.0,106873000000.0,,0.0,31161000000.0,,,102096000000.0,,,14848813757.0,669000000.0,115000000.0,-169000000.0,0.0,-35000000.0,-536000000.0,907000000.0,881000000.0,294000000.0,4000000.0,198000000.0,198000000.0,198000000.0,0.0,0.0,0.094,1295000000.0,456000000.0,1688000000.0,0.179,1.914,20.341,20.624,0.0,0.0,63.11,1.781,1.782,3079000000.0,4591000000.0,2111000000.0,2111000000.0,0.0,,,,,35000000.0,1107000000.0,1.0,235284642.0,235400000.0,239200000.0,8.968,109854000000.0,0.0,19000000.0,0.0,466.669,
56,AMP,MRQ,2007-06-30,2007-06-30,2007-06-30,2021-08-09,-355000000.0,108132000000.0,,,,,32.013,-75000000.0,4580000000.0,4580000000.0,288000000.0,196000000.0,,13.228,2197000000.0,,,2197000000.0,0.0,73000000.0,6055000000.0,0.008,0.15,489000000.0,562000000.0,0.261,562000000.0,489000000.0,245000000.0,0.83,0.81,0.83,7600000000.0,,7600000000.0,13591734558.0,8.0,6.792,123000000.0,0.518,1.0,1865000000.0,0.866,0.0,244000000.0,105749000000.0,,0.0,31704000000.0,,,100532000000.0,,,14954734558.0,889000000.0,0.0,-129000000.0,-28000000.0,-36000000.0,-1509000000.0,2193000000.0,2316000000.0,198000000.0,7000000.0,196000000.0,196000000.0,196000000.0,0.0,0.0,0.091,1376000000.0,489000000.0,1850000000.0,0.181,1.968,21.182,21.696,0.0,0.0,63.57,1.823,1.84,3207000000.0,4428000000.0,2153000000.0,2153000000.0,0.0,,,,,40000000.0,1188000000.0,1.0,235248302.0,237400000.0,241000000.0,9.069,108132000000.0,0.0,49000000.0,0.0,455.484,
57,AMP,MRQ,2007-03-31,2007-03-31,2007-03-31,2021-08-09,-143000000.0,105160000000.0,,,,,32.119,-51000000.0,3588000000.0,3588000000.0,251000000.0,165000000.0,,12.602,2225000000.0,,,2225000000.0,0.0,70000000.0,6483000000.0,0.008,0.11,462000000.0,532000000.0,0.262,532000000.0,462000000.0,216000000.0,0.69,0.68,0.69,7731000000.0,,7731000000.0,11940235640.0,7.0,5.83,-161000000.0,-0.669,1.0,1776000000.0,0.876,0.0,246000000.0,103797000000.0,,0.0,34446000000.0,,,97429000000.0,,,13668235640.0,-316000000.0,0.0,-370000000.0,0.0,-27000000.0,-1386000000.0,1178000000.0,1245000000.0,-110000000.0,2000000.0,165000000.0,165000000.0,165000000.0,0.0,0.0,0.081,1314000000.0,462000000.0,1672000000.0,0.159,1.768,20.996,21.401,0.0,0.0,57.14,1.687,1.697,3022000000.0,4268000000.0,2027000000.0,2027000000.0,0.0,,,,,35000000.0,1095000000.0,1.0,239206084.0,240700000.0,244100000.0,8.421,105160000000.0,0.0,51000000.0,0.0,436.892,
58,AMP,MRQ,2006-12-31,2006-12-31,2006-12-31,2021-08-09,-209000000.0,104481000000.0,,,,,32.586,-138000000.0,4014000000.0,4014000000.0,447000000.0,171000000.0,,12.184,2244000000.0,,,2244000000.0,0.0,45000000.0,6707000000.0,0.008,0.11,228000000.0,273000000.0,0.133,273000000.0,228000000.0,203000000.0,0.7,0.69,0.7,7925000000.0,,7925000000.0,11072982737.0,6.0,5.208,-53000000.0,-0.218,1.0,1600000000.0,0.782,0.0,25000000.0,102711000000.0,,0.0,35504000000.0,,,96556000000.0,,,13186982737.0,-558000000.0,437000000.0,-31000000.0,-32000000.0,-26000000.0,-761000000.0,98000000.0,-302000000.0,85000000.0,20000000.0,171000000.0,171000000.0,171000000.0,0.0,0.0,0.084,1372000000.0,228000000.0,1209000000.0,0.157,1.664,20.899,21.289,0.0,0.0,54.5,1.643,1.674,3161000000.0,4268000000.0,2047000000.0,2047000000.0,0.0,,,,,30000000.0,1145000000.0,1.0,241962986.0,243200000.0,246100000.0,8.417,104481000000.0,0.0,32000000.0,0.0,429.609,
59,AMP,MRQ,2006-09-30,2006-09-30,2006-09-30,2021-08-09,-226000000.0,99504000000.0,,,,,31.71,-47000000.0,4368000000.0,4368000000.0,233000000.0,174000000.0,,11.834,2254000000.0,,,2254000000.0,0.0,68000000.0,6391000000.0,0.009,0.11,566000000.0,634000000.0,0.321,634000000.0,566000000.0,217000000.0,0.71,0.71,0.71,7753000000.0,,7753000000.0,10748241617.0,6.0,5.096,133000000.0,0.544,1.0,1744000000.0,0.882,0.0,349000000.0,97390000000.0,,0.0,36198000000.0,,,91751000000.0,,,11432241617.0,1208000000.0,0.0,-105000000.0,-169000000.0,-27000000.0,-1200000000.0,2220000000.0,2321000000.0,180000000.0,8000000.0,174000000.0,174000000.0,174000000.0,0.0,0.0,0.088,1178000000.0,566000000.0,1952000000.0,0.155,1.475,20.021,20.391,0.0,0.0,46.9,1.473,1.478,2504000000.0,4123000000.0,1977000000.0,1977000000.0,0.0,,,,,27000000.0,1004000000.0,1.0,243757817.0,244500000.0,246400000.0,8.086,99504000000.0,0.0,43000000.0,0.0,406.969,
60,AMP,MRQ,2006-06-30,2006-06-30,2006-06-30,2021-08-09,-666000000.0,96049000000.0,,,,,29.375,32000000.0,3103000000.0,3103000000.0,225000000.0,141000000.0,,12.276,2419000000.0,,,2419000000.0,0.0,88000000.0,0.0,0.007,0.11,521000000.0,609000000.0,0.297,609000000.0,521000000.0,186000000.0,0.57,0.57,0.57,7235000000.0,,7235000000.0,10103594551.0,6.0,4.818,461000000.0,1.872,1.0,1828000000.0,0.89,0.0,335000000.0,95365000000.0,,0.0,37027000000.0,,,88814000000.0,,,10916594551.0,451000000.0,0.0,-37000000.0,483000000.0,-27000000.0,-671000000.0,682000000.0,641000000.0,429000000.0,11000000.0,141000000.0,141000000.0,141000000.0,0.0,0.0,0.069,1307000000.0,521000000.0,2975000000.0,0.193,1.509,20.913,21.373,0.0,0.0,44.67,1.426,1.437,2441000000.0,3976000000.0,2053000000.0,2053000000.0,0.0,,,,,32000000.0,1070000000.0,1.0,244383133.0,246300000.0,248000000.0,8.335,96049000000.0,0.0,45000000.0,0.0,389.968,
61,AMP,MRQ,2006-03-31,2006-03-31,2006-03-31,2021-08-09,-442000000.0,95821000000.0,,,,,29.096,-34000000.0,2734000000.0,2734000000.0,227000000.0,145000000.0,,12.053,1921000000.0,,,1921000000.0,0.0,72000000.0,0.0,0.005,0.11,538000000.0,610000000.0,0.313,610000000.0,538000000.0,191000000.0,0.57,0.57,0.57,7341000000.0,,7341000000.0,9586218166.0,5.0,4.522,73000000.0,0.289,1.0,1722000000.0,0.884,0.0,347000000.0,95008000000.0,,0.0,38100000000.0,,,88480000000.0,,,11294218166.0,-824000000.0,0.0,-285000000.0,-50000000.0,-28000000.0,-1421000000.0,488000000.0,533000000.0,107000000.0,2000000.0,145000000.0,145000000.0,145000000.0,0.0,0.0,0.074,1184000000.0,538000000.0,2780000000.0,0.193,1.539,21.071,20.958,0.0,0.0,45.06,1.506,1.516,2382000000.0,3862000000.0,1949000000.0,1949000000.0,0.0,,,,,24000000.0,989000000.0,1.0,250648428.0,252300000.0,253500000.0,7.725,95821000000.0,0.0,46000000.0,0.0,379.79,
62,AMP,MRQ,2005-12-31,2005-12-31,2005-12-31,2021-08-09,-151000000.0,93121000000.0,,,,,30.773,-46000000.0,3541000000.0,3541000000.0,437000000.0,111000000.0,,11.114,1833000000.0,,,1833000000.0,0.0,71000000.0,6641000000.0,0.003,0.11,185000000.0,256000000.0,0.144,256000000.0,185000000.0,127000000.0,0.45,0.45,0.45,7687000000.0,,7687000000.0,8281266766.0,4.0,3.813,424000000.0,1.697,1.0,1344000000.0,0.755,0.0,58000000.0,91413000000.0,,0.0,39100000000.0,,,85434000000.0,,,10248266766.0,-150000000.0,0.0,0.0,112000000.0,-27000000.0,-993000000.0,391000000.0,424000000.0,470000000.0,-18000000.0,111000000.0,111000000.0,111000000.0,0.0,0.0,0.062,1159000000.0,185000000.0,1757000000.0,0.244,1.333,17.854,17.672,0.0,0.0,41.0,1.386,1.37,2172000000.0,3745000000.0,1781000000.0,1781000000.0,0.0,,,,,19000000.0,922000000.0,1.0,249957726.0,249800000.0,250200000.0,7.13,93121000000.0,0.0,16000000.0,0.0,372.782,
63,AMP,MRQ,2005-09-30,2005-09-30,2005-09-30,2021-08-09,-20000000.0,92274000000.0,,,,,31.426,-41000000.0,3678000000.0,3678000000.0,190000000.0,125000000.0,,10.926,1711000000.0,,,1711000000.0,0.0,86000000.0,0.0,0.0,0.0,536000000.0,622000000.0,0.332,622000000.0,536000000.0,183000000.0,0.5,0.5,0.5,7737000000.0,,7737000000.0,6719486591.0,,,-51000000.0,-0.207,1.0,1683000000.0,0.899,0.0,353000000.0,90307000000.0,,0.0,39454000000.0,,,84537000000.0,,,8948486591.0,110000000.0,-484000000.0,0.0,1351000000.0,0.0,892000000.0,-924000000.0,-590000000.0,-10000000.0,-6000000.0,125000000.0,125000000.0,125000000.0,-2000000.0,0.0,0.067,1149000000.0,534000000.0,2618000000.0,0.0,1.157,,,0.0,0.0,35.8,,,2837000000.0,3661000000.0,1873000000.0,1873000000.0,0.0,,,,,14000000.0,1008000000.0,1.0,249957726.0,246200000.0,246200000.0,7.608,92274000000.0,0.0,58000000.0,0.0,374.793,
64,AMP,MRQ,2005-06-30,2005-06-30,2005-06-30,2021-08-09,,,,,,,,-27000000.0,,,238000000.0,155000000.0,,,,,,,,88000000.0,,,0.0,544000000.0,632000000.0,0.334,632000000.0,544000000.0,197000000.0,0.63,0.63,0.63,,,,,,,175000000.0,0.711,1.0,1657000000.0,0.874,,347000000.0,,,,,,,,,,,1176000000.0,0.0,0.0,-11000000.0,0.0,19000000.0,774000000.0,422000000.0,202000000.0,-4000000.0,155000000.0,155000000.0,155000000.0,-6000000.0,0.0,0.082,1119000000.0,538000000.0,,0.0,,,,,0.0,,,,,,1895000000.0,1895000000.0,0.0,,,,,8000000.0,929000000.0,1.0,249957726.0,246200000.0,246200000.0,7.697,,,42000000.0,,,
65,AMP,MRQ,2005-03-31,2005-03-31,2005-03-31,2021-08-09,,,,,,,,-27000000.0,,,218000000.0,183000000.0,,,,,,,,80000000.0,,,0.0,582000000.0,662000000.0,0.358,662000000.0,582000000.0,254000000.0,0.74,0.74,0.74,,,,,,,167000000.0,0.678,1.0,1629000000.0,0.882,,328000000.0,,,,,,,,,,,256000000.0,0.0,0.0,0.0,0.0,405000000.0,-514000000.0,-446000000.0,194000000.0,-4000000.0,183000000.0,183000000.0,183000000.0,-8000000.0,0.0,0.099,1055000000.0,574000000.0,,0.0,,,,,0.0,,,,,,1847000000.0,1847000000.0,0.0,,,,,14000000.0,899000000.0,1.0,249957726.0,246200000.0,246200000.0,7.502,,,71000000.0,,,
66,AMP,MRQ,2004-12-31,2004-12-31,2004-12-31,2021-08-09,380000000.0,93113000000.0,,,,,27.222,-31000000.0,2560000000.0,2560000000.0,,,,12.893,385000000.0,,,385000000.0,0.0,108000000.0,0.0,,0.0,,,,,,,,,,6702000000.0,,6702000000.0,,,,319000000.0,1.296,1.0,,,0.0,,90938000000.0,,0.0,40232000000.0,,,86411000000.0,,,,-685000000.0,0.0,0.0,10000000.0,0.0,67000000.0,-1144000000.0,-1101000000.0,350000000.0,8000000.0,,,,,,,,,4207000000.0,,,,,0.0,,,,,2160000000.0,3415000000.0,,,,,,,,38000000.0,,1.0,249957726.0,246200000.0,,,93113000000.0,0.0,,0.0,378.201,
67,AMP,MRQ,2004-09-30,2004-09-30,2004-09-30,2021-08-09,,,,,,,,,,,205000000.0,199000000.0,,,,,,,,,,,0.0,587000000.0,,,,587000000.0,272000000.0,0.81,0.81,0.81,,,,,,,,,1.0,1507000000.0,0.88,,315000000.0,,,,,,,,,,,,,,,,,,,,,199000000.0,199000000.0,199000000.0,-11000000.0,0.0,0.116,931000000.0,576000000.0,,0.0,,,,,0.0,,,,,,1712000000.0,1712000000.0,0.0,,,,,,823000000.0,1.0,,246000000.0,246000000.0,6.959,,,73000000.0,,,
68,AMP,MRQ,2003-12-31,2003-12-31,2003-12-31,2021-08-09,475000000.0,85384000000.0,,,,,29.602,,3019000000.0,3019000000.0,,,,10.716,445000000.0,,,445000000.0,0.0,,0.0,,0.0,,,,,,,,,,7288000000.0,,7288000000.0,,,,,,1.0,,,0.0,,82810000000.0,,0.0,43264000000.0,,,78096000000.0,,,,,,,,,,,,,,,,,,,,,,3901000000.0,,,,,0.0,,,,,1867000000.0,3946000000.0,,,,,,,,,,1.0,,246200000.0,,,85384000000.0,0.0,,0.0,346.807,
0,AMP,MRT,2021-06-30,2021-06-30,2021-06-30,2021-08-09,460000000.0,171703000000.0,165502500000.0,,,0.078,49.057,-140000000.0,9598000000.0,9598000000.0,3143000000.0,1065000000.0,,29.198,5591000000.0,,,5591000000.0,0.0,231000000.0,17796000000.0,0.017,4.25,1954000000.0,2185000000.0,0.169,2185000000.0,1954000000.0,1220000000.0,9.23,9.09,9.23,5686000000.0,5780500000.0,5686000000.0,26200406286.0,13.0,11.991,711000000.0,6.134,1.0,9811000000.0,0.757,0.0,734000000.0,167696000000.0,161403250000.0,0.0,43356000000.0,,,166017000000.0,,,28846406286.0,-1286000000.0,0.0,-1635000000.0,960000000.0,-502000000.0,734000000.0,-2907000000.0,-4119000000.0,851000000.0,36000000.0,1065000000.0,1065000000.0,1065000000.0,0.0,0.0,0.082,7857000000.0,1954000000.0,2034000000.0,0.46,5.073,27.086,26.964,0.0,0.0,248.88,2.227,2.227,8078000000.0,16057000000.0,12954000000.0,12954000000.0,0.0,0.006,0.184,0.012,0.151,148000000.0,7776000000.0,1.0,115904879.0,115904879.0,,111.764,171703000000.0,0.0,155000000.0,0.0,1481.413,
1,AMP,MRT,2021-03-31,2021-03-31,2021-03-31,2021-08-09,317000000.0,165737000000.0,161302250000.0,,,0.076,47.125,-140000000.0,8351000000.0,8351000000.0,4206000000.0,-65000000.0,,29.123,5705000000.0,,,5705000000.0,0.0,220000000.0,17619000000.0,0.018,4.16,843000000.0,1063000000.0,0.087,1063000000.0,843000000.0,-27000000.0,-0.07,-0.1,-0.07,5502000000.0,5984000000.0,5502000000.0,22680069113.0,27.0,21.336,-1410000000.0,-12.077,1.0,8042000000.0,0.657,0.0,870000000.0,163091000000.0,156806000000.0,0.0,43079000000.0,,,160235000000.0,,,27139069113.0,-4141000000.0,0.0,-1429000000.0,1560000000.0,-504000000.0,757000000.0,-3663000000.0,-4395000000.0,-1270000000.0,35000000.0,-65000000.0,-65000000.0,-65000000.0,0.0,0.0,-0.005,7199000000.0,843000000.0,1832000000.0,-59.429,4.933,-417.524,-3320.714,0.0,0.0,232.45,2.216,2.216,8055000000.0,15600000000.0,12248000000.0,12248000000.0,0.0,0.0,-0.011,0.005,0.069,145000000.0,7429000000.0,1.0,116752287.0,116752287.0,,104.906,165737000000.0,0.0,38000000.0,0.0,1419.561,
2,AMP,MRT,2020-12-31,2020-12-31,2020-12-31,2021-08-09,629000000.0,165883000000.0,156288500000.0,,,0.076,49.73,-147000000.0,9403000000.0,9403000000.0,1806000000.0,1534000000.0,,27.274,4944000000.0,,,4944000000.0,0.0,207000000.0,17641000000.0,0.021,4.09,2637000000.0,2844000000.0,0.239,2844000000.0,2637000000.0,1831000000.0,12.39,12.2,12.39,5867000000.0,6281750000.0,5867000000.0,17641632481.0,7.0,6.203,4476000000.0,37.939,1.0,10093000000.0,0.848,0.0,806000000.0,161424000000.0,150514500000.0,0.0,42949000000.0,,,160016000000.0,,,22926632481.0,2690000000.0,0.0,-1438000000.0,42000000.0,-497000000.0,952000000.0,-2894000000.0,-3316000000.0,4623000000.0,9000000.0,1534000000.0,1534000000.0,1534000000.0,0.0,0.0,0.129,7456000000.0,2637000000.0,1998000000.0,0.33,3.908,14.946,15.684,0.0,0.0,194.33,1.927,1.927,7835000000.0,15292000000.0,11899000000.0,11899000000.0,0.0,0.01,0.244,0.018,0.222,146000000.0,7179000000.0,1.0,117977834.0,117977834.0,,100.858,165883000000.0,0.0,297000000.0,0.0,1406.052,
3,AMP,MRT,2020-09-30,2020-09-30,2020-09-30,2021-08-09,516000000.0,158687000000.0,152774750000.0,,,0.079,50.445,-150000000.0,10219000000.0,10219000000.0,1552000000.0,1820000000.0,,25.156,4934000000.0,,,4934000000.0,0.0,201000000.0,16818000000.0,0.026,4.02,3024000000.0,3225000000.0,0.269,3225000000.0,3024000000.0,2175000000.0,14.25,13.95,14.25,6067000000.0,6247250000.0,6067000000.0,12939635093.0,4.0,4.012,5256000000.0,43.702,1.0,10451000000.0,0.871,0.0,849000000.0,153402000000.0,147793750000.0,0.0,42640000000.0,,,152620000000.0,,,18534635093.0,2653000000.0,934000000.0,-1584000000.0,31000000.0,-499000000.0,943000000.0,-3919000000.0,-5042000000.0,5406000000.0,19000000.0,1820000000.0,1820000000.0,1820000000.0,0.0,0.0,0.152,7427000000.0,3024000000.0,1770000000.0,0.282,3.055,10.184,10.815,0.0,0.0,154.11,1.544,1.544,7392000000.0,15241000000.0,12003000000.0,12003000000.0,0.0,0.012,0.291,0.02,0.252,142000000.0,7085000000.0,1.0,120268867.0,120268867.0,,99.801,158687000000.0,0.0,355000000.0,0.0,1319.435,
4,AMP,MRT,2020-06-30,2020-06-30,2020-06-30,2021-08-09,394000000.0,154902000000.0,150481250000.0,,,0.082,53.132,-138000000.0,10119000000.0,10119000000.0,1042000000.0,2503000000.0,,22.831,4524000000.0,,,4524000000.0,0.0,188000000.0,16070000000.0,0.026,3.95,3821000000.0,4009000000.0,0.325,4009000000.0,3821000000.0,3000000000.0,19.48,19.13,19.48,6500000000.0,6229750000.0,6500000000.0,10598480690.0,3.0,2.644,5754000000.0,47.034,1.0,11275000000.0,0.915,0.0,821000000.0,149307000000.0,146173000000.0,0.0,40703000000.0,,,148402000000.0,,,18355480690.0,3381000000.0,934000000.0,-1828000000.0,-354000000.0,-501000000.0,-165000000.0,-2501000000.0,-3414000000.0,5892000000.0,-11000000.0,2503000000.0,2503000000.0,2503000000.0,0.0,0.0,0.203,7454000000.0,3821000000.0,1650000000.0,0.203,2.824,7.333,7.702,0.0,0.0,150.04,1.49,1.49,7295000000.0,15510000000.0,12317000000.0,12317000000.0,0.0,0.017,0.402,0.026,0.31,143000000.0,7085000000.0,1.0,122337248.0,122337248.0,,100.681,154902000000.0,0.0,497000000.0,0.0,1266.188,
5,AMP,MRT,2020-03-31,2020-03-31,2020-03-31,2021-08-09,-295000000.0,145682000000.0,148925250000.0,,,0.086,54.307,-141000000.0,11677000000.0,11677000000.0,159000000.0,3534000000.0,,20.766,3920000000.0,,,3920000000.0,0.0,184000000.0,17010000000.0,0.038,3.88,4876000000.0,5060000000.0,0.394,5060000000.0,4876000000.0,4113000000.0,27.4,27.01,27.4,6693000000.0,6112250000.0,6693000000.0,11343086624.0,2.0,2.242,6921000000.0,56.157,1.0,12691000000.0,0.988,0.0,763000000.0,137925000000.0,145584250000.0,0.0,38024000000.0,,,138989000000.0,,,12630086624.0,5916000000.0,934000000.0,-2035000000.0,-1164000000.0,-502000000.0,1551000000.0,-2793000000.0,-3981000000.0,7062000000.0,-15000000.0,3534000000.0,3534000000.0,3534000000.0,0.0,0.0,0.275,7815000000.0,4876000000.0,1427000000.0,0.142,1.887,3.574,3.74,0.0,0.0,102.48,0.983,0.983,7188000000.0,16180000000.0,12850000000.0,12850000000.0,0.0,0.024,0.578,0.033,0.379,141000000.0,7140000000.0,1.0,123244405.0,123244405.0,,104.264,145682000000.0,0.0,579000000.0,0.0,1182.058,
6,AMP,MRT,2019-12-31,2019-12-31,2019-12-31,2021-08-09,262000000.0,151828000000.0,148605500000.0,,,0.087,45.219,-143000000.0,6213000000.0,6213000000.0,2576000000.0,1893000000.0,,25.502,4926000000.0,,,4926000000.0,0.0,183000000.0,14430000000.0,0.023,3.81,3115000000.0,3298000000.0,0.254,3298000000.0,3115000000.0,2232000000.0,14.12,13.92,14.12,5729000000.0,5899750000.0,5729000000.0,18510950383.0,6.0,5.613,2198000000.0,17.349,1.0,10391000000.0,0.801,0.0,883000000.0,150541000000.0,147057500000.0,0.0,39521000000.0,,,146099000000.0,,,21104950383.0,330000000.0,934000000.0,-1940000000.0,100000000.0,-504000000.0,1214000000.0,-3234000000.0,-4151000000.0,2341000000.0,9000000.0,1893000000.0,1893000000.0,1893000000.0,0.0,0.0,0.146,7276000000.0,3115000000.0,1884000000.0,0.27,3.684,11.149,11.797,0.0,0.0,166.58,1.628,1.628,7210000000.0,14279000000.0,12967000000.0,12967000000.0,0.0,0.013,0.321,0.021,0.24,135000000.0,7097000000.0,1.0,126695584.0,126695584.0,,102.348,151828000000.0,0.0,339000000.0,0.0,1198.369,
7,AMP,MRT,2019-09-30,2019-09-30,2019-09-30,2021-08-09,337000000.0,149513000000.0,144952500000.0,,,0.089,45.824,-145000000.0,7566000000.0,7566000000.0,2292000000.0,1969000000.0,,23.931,4972000000.0,,,4972000000.0,0.0,178000000.0,13436000000.0,0.025,3.74,3270000000.0,3448000000.0,0.268,3448000000.0,3270000000.0,2350000000.0,14.35,14.18,14.35,5997000000.0,5864500000.0,5997000000.0,17525030250.0,5.0,5.083,3917000000.0,29.93,1.0,10567000000.0,0.822,0.0,920000000.0,146919000000.0,143427250000.0,0.0,37375000000.0,,,143516000000.0,,,19251030250.0,2869000000.0,0.0,-1828000000.0,100000000.0,-506000000.0,1005000000.0,-1974000000.0,-1264000000.0,4062000000.0,-20000000.0,1969000000.0,1969000000.0,1969000000.0,0.0,0.0,0.153,7297000000.0,3270000000.0,1783000000.0,0.261,3.21,9.777,10.251,0.0,0.0,147.1,1.497,1.497,7348000000.0,13944000000.0,12859000000.0,12859000000.0,0.0,0.014,0.336,0.023,0.254,139000000.0,6969000000.0,1.0,130870362.0,130870362.0,,98.258,149513000000.0,0.0,381000000.0,0.0,1142.451,
8,AMP,MRT,2019-06-30,2019-06-30,2019-06-30,2021-08-09,269000000.0,148678000000.0,143872000000.0,,,0.089,45.032,-160000000.0,6738000000.0,6738000000.0,2427000000.0,1929000000.0,,23.656,5012000000.0,,,5012000000.0,0.0,182000000.0,13273000000.0,0.025,3.67,3266000000.0,3448000000.0,0.269,3448000000.0,3266000000.0,2297000000.0,13.74,13.57,13.74,6030000000.0,5769750000.0,6030000000.0,18852547898.0,6.0,5.468,3091000000.0,23.084,1.0,10407000000.0,0.811,0.0,969000000.0,146952000000.0,142862750000.0,0.0,37007000000.0,,,142648000000.0,,,19437547898.0,1964000000.0,0.0,-1627000000.0,76000000.0,-506000000.0,1380000000.0,-2495000000.0,-1305000000.0,3251000000.0,-6000000.0,1929000000.0,1929000000.0,1929000000.0,0.0,0.0,0.15,7141000000.0,3266000000.0,1686000000.0,0.267,3.223,10.076,10.565,0.0,0.0,145.16,1.515,1.515,7435000000.0,13530000000.0,12834000000.0,12834000000.0,0.0,0.013,0.334,0.023,0.254,139000000.0,6900000000.0,1.0,133904298.0,133904298.0,,95.845,148678000000.0,0.0,368000000.0,0.0,1110.33,
9,AMP,MRT,2019-03-31,2019-03-31,2019-03-31,2021-08-09,35000000.0,144403000000.0,142519500000.0,,,0.09,43.123,-160000000.0,5911000000.0,5911000000.0,2478000000.0,1899000000.0,,23.714,5326000000.0,,,5326000000.0,0.0,188000000.0,11520000000.0,0.028,3.6,3242000000.0,3430000000.0,0.268,3430000000.0,3242000000.0,2258000000.0,13.27,13.1,13.27,5843000000.0,5670250000.0,5843000000.0,16161071034.0,5.0,4.712,2797000000.0,20.643,1.0,10307000000.0,0.806,0.0,984000000.0,143818000000.0,141771500000.0,0.0,35203000000.0,,,138560000000.0,,,17357071034.0,1290000000.0,0.0,-1589000000.0,-68000000.0,-508000000.0,-408000000.0,-1135000000.0,676000000.0,2957000000.0,-13000000.0,1899000000.0,1899000000.0,1899000000.0,0.0,0.0,0.149,7065000000.0,3242000000.0,1596000000.0,0.271,2.971,9.14,9.653,0.0,0.0,128.1,1.358,1.358,7462000000.0,13172000000.0,12785000000.0,12785000000.0,0.0,0.013,0.335,0.023,0.254,142000000.0,6819000000.0,1.0,135496261.0,135496261.0,,94.357,144403000000.0,0.0,359000000.0,0.0,1065.734,
10,AMP,MRT,2018-12-31,2018-12-31,2018-12-31,2021-08-09,-291000000.0,137216000000.0,142609250000.0,,,0.09,40.099,-162000000.0,6007000000.0,6007000000.0,2302000000.0,2098000000.0,,23.555,4811000000.0,,,4811000000.0,0.0,198000000.0,11545000000.0,0.034,3.53,3403000000.0,3601000000.0,0.281,3601000000.0,3403000000.0,2484000000.0,14.41,14.2,14.41,5588000000.0,5669500000.0,5588000000.0,14014623815.0,4.0,3.892,2435000000.0,17.473,1.0,10533000000.0,0.821,0.0,919000000.0,136020000000.0,142066750000.0,0.0,37531000000.0,,,131628000000.0,,,14544623815.0,739000000.0,0.0,-1628000000.0,-605000000.0,-506000000.0,-1263000000.0,-587000000.0,1124000000.0,2597000000.0,-8000000.0,2098000000.0,2098000000.0,2098000000.0,0.0,0.0,0.163,7130000000.0,3403000000.0,1862000000.0,0.245,2.603,6.933,7.243,0.0,0.0,104.37,1.133,1.133,6185000000.0,12909000000.0,12835000000.0,12835000000.0,0.0,0.015,0.37,0.024,0.265,144000000.0,6808000000.0,1.0,139356365.0,139356365.0,,92.102,137216000000.0,0.0,386000000.0,0.0,984.641,
11,AMP,MRT,2018-09-30,2018-09-30,2018-09-30,2021-08-09,-244000000.0,145191000000.0,145175250000.0,,,0.088,39.601,-154000000.0,4971000000.0,4971000000.0,2439000000.0,1736000000.0,,24.844,4441000000.0,,,4441000000.0,0.0,210000000.0,10758000000.0,0.023,3.46,3307000000.0,3517000000.0,0.274,3517000000.0,3307000000.0,2427000000.0,11.79,11.61,11.79,5618000000.0,5771250000.0,5618000000.0,20266616386.0,6.0,5.762,1299000000.0,9.157,1.0,10397000000.0,0.81,0.0,880000000.0,144661000000.0,144814250000.0,0.0,36920000000.0,,,139573000000.0,,,20947616386.0,-664000000.0,0.0,-1512000000.0,-637000000.0,-503000000.0,-1703000000.0,-414000000.0,855000000.0,1453000000.0,0.0,1736000000.0,1736000000.0,1736000000.0,0.0,0.0,0.135,7090000000.0,3307000000.0,1867000000.0,0.293,3.729,12.067,12.524,0.0,0.0,147.66,1.632,1.632,6047000000.0,12498000000.0,12836000000.0,12836000000.0,0.0,0.012,0.301,0.023,0.258,135000000.0,6832000000.0,1.0,141863852.0,141863852.0,,90.481,145191000000.0,0.0,691000000.0,0.0,1023.453,
12,AMP,MRT,2018-06-30,2018-06-30,2018-06-30,2021-08-09,-179000000.0,143268000000.0,145249000000.0,,,0.086,38.945,-159000000.0,5173000000.0,5173000000.0,2184000000.0,1740000000.0,,24.438,4492000000.0,,,4492000000.0,0.0,220000000.0,10428000000.0,0.024,3.39,3352000000.0,3572000000.0,0.284,3572000000.0,3352000000.0,2472000000.0,11.62,11.44,11.62,5632000000.0,5943000000.0,5632000000.0,20465438744.0,6.0,5.729,1126000000.0,7.786,1.0,10374000000.0,0.826,0.0,880000000.0,142587000000.0,144954250000.0,0.0,36594000000.0,,,137636000000.0,,,20228438744.0,-886000000.0,0.0,-1517000000.0,-624000000.0,-500000000.0,-2066000000.0,-119000000.0,916000000.0,1285000000.0,14000000.0,1740000000.0,1740000000.0,1740000000.0,0.0,0.0,0.139,7022000000.0,3352000000.0,1749000000.0,0.292,3.592,11.626,12.038,0.0,0.0,139.88,1.611,1.611,5930000000.0,12126000000.0,12558000000.0,12558000000.0,0.0,0.012,0.293,0.023,0.267,129000000.0,6741000000.0,1.0,144612802.0,144612802.0,,86.839,143268000000.0,0.0,732000000.0,0.0,990.701,
13,AMP,MRT,2018-03-31,2018-03-31,2018-03-31,2021-08-09,-5000000.0,144762000000.0,145218000000.0,,,0.085,39.909,-162000000.0,5019000000.0,5019000000.0,2160000000.0,1671000000.0,,23.788,5256000000.0,,,5256000000.0,0.0,227000000.0,10240000000.0,0.022,3.32,3278000000.0,3505000000.0,0.283,3505000000.0,3278000000.0,2435000000.0,11.01,10.84,11.01,5840000000.0,6097500000.0,5840000000.0,21180380342.0,6.0,6.043,1167000000.0,7.975,1.0,10214000000.0,0.825,0.0,843000000.0,144999000000.0,145038750000.0,0.0,37431000000.0,,,138922000000.0,,,21648380342.0,-859000000.0,0.0,-1463000000.0,-182000000.0,-496000000.0,-1915000000.0,-315000000.0,373000000.0,1329000000.0,42000000.0,1671000000.0,1671000000.0,1671000000.0,0.0,0.0,0.135,6936000000.0,3278000000.0,1609000000.0,0.302,3.707,12.955,13.437,0.0,0.0,147.94,1.75,1.75,5880000000.0,11796000000.0,12374000000.0,12374000000.0,0.0,0.012,0.274,0.023,0.265,122000000.0,6649000000.0,1.0,146332164.0,146332164.0,,84.561,144762000000.0,0.0,764000000.0,0.0,989.27,
14,AMP,MRT,2017-12-31,2017-12-31,2017-12-31,2021-08-09,229000000.0,147480000000.0,144241750000.0,,,0.084,40.526,-162000000.0,5767000000.0,5767000000.0,2233000000.0,1480000000.0,,23.601,5297000000.0,,,5297000000.0,0.0,234000000.0,10303000000.0,0.019,3.24,3077000000.0,3311000000.0,0.273,3311000000.0,3077000000.0,2214000000.0,9.6,9.44,9.6,5995000000.0,6194250000.0,5995000000.0,24804698964.0,8.0,7.492,1361000000.0,9.2,1.0,9899000000.0,0.816,0.0,863000000.0,147010000000.0,143971250000.0,0.0,38056000000.0,,,141485000000.0,,,25069698964.0,-398000000.0,0.0,-1470000000.0,-129000000.0,-491000000.0,-1785000000.0,-171000000.0,566000000.0,1523000000.0,35000000.0,1480000000.0,1480000000.0,1480000000.0,0.0,0.0,0.122,6822000000.0,3077000000.0,1975000000.0,0.338,4.182,16.939,17.653,0.0,0.0,169.47,2.066,2.066,5787000000.0,11326000000.0,12132000000.0,12132000000.0,0.0,0.01,0.239,0.021,0.254,121000000.0,6555000000.0,1.0,147930011.0,147930011.0,,82.012,147480000000.0,0.0,734000000.0,0.0,996.958,
15,AMP,MRT,2017-09-30,2017-09-30,2017-09-30,2021-08-09,312000000.0,145486000000.0,142327000000.0,,,0.085,42.049,-151000000.0,5635000000.0,5635000000.0,2364000000.0,1702000000.0,,22.075,5370000000.0,,,5370000000.0,0.0,237000000.0,10427000000.0,0.021,3.16,2989000000.0,3226000000.0,0.266,3226000000.0,2989000000.0,2087000000.0,10.87,10.72,10.87,6305000000.0,6268500000.0,6305000000.0,22049064186.0,7.0,6.835,1337000000.0,8.917,1.0,9754000000.0,0.805,0.0,902000000.0,145221000000.0,142078750000.0,0.0,38417000000.0,,,139181000000.0,,,22268064186.0,-879000000.0,0.0,-1533000000.0,-453000000.0,-486000000.0,-1855000000.0,-522000000.0,329000000.0,1488000000.0,10000000.0,1702000000.0,1702000000.0,1702000000.0,0.0,0.0,0.14,6765000000.0,2989000000.0,1728000000.0,0.291,3.532,13.083,13.662,0.0,0.0,148.51,1.838,1.838,5751000000.0,11271000000.0,12118000000.0,12118000000.0,0.0,0.012,0.272,0.021,0.247,124000000.0,6521000000.0,1.0,149943197.0,149943197.0,,80.817,145486000000.0,0.0,385000000.0,0.0,970.274,
16,AMP,MRT,2017-06-30,2017-06-30,2017-06-30,2021-08-09,299000000.0,143144000000.0,141861250000.0,,,0.085,40.996,-128000000.0,5635000000.0,5635000000.0,2745000000.0,1410000000.0,,21.903,5416000000.0,,,5416000000.0,0.0,242000000.0,10200000000.0,0.024,3.08,2579000000.0,2821000000.0,0.233,2821000000.0,2579000000.0,1692000000.0,8.87,8.76,8.87,6250000000.0,6391250000.0,6250000000.0,19277857822.0,7.0,6.834,1422000000.0,9.327,1.0,9357000000.0,0.773,0.0,887000000.0,142925000000.0,141567500000.0,0.0,38192000000.0,,,136894000000.0,,,19405857822.0,-180000000.0,0.0,-1581000000.0,3000000.0,-484000000.0,-1095000000.0,-619000000.0,248000000.0,1550000000.0,-16000000.0,1410000000.0,1410000000.0,1410000000.0,0.0,0.0,0.117,6778000000.0,2579000000.0,1600000000.0,0.347,3.105,13.763,14.351,0.0,0.0,127.29,1.604,1.604,5519000000.0,10897000000.0,12102000000.0,12102000000.0,0.0,0.01,0.221,0.018,0.213,127000000.0,6419000000.0,1.0,152453907.0,152453907.0,,79.381,143144000000.0,0.0,282000000.0,0.0,938.933,
17,AMP,MRT,2017-03-31,2017-03-31,2017-03-31,2021-08-09,219000000.0,140857000000.0,141746250000.0,,,0.084,40.42,-97000000.0,5580000000.0,5580000000.0,2731000000.0,1352000000.0,,21.62,5452000000.0,,,5452000000.0,0.0,246000000.0,10316000000.0,0.023,3.0,2466000000.0,2712000000.0,0.227,2712000000.0,2466000000.0,1591000000.0,8.33,8.23,8.33,6227000000.0,6601000000.0,6227000000.0,19597037842.0,8.0,7.226,1624000000.0,10.542,1.0,9230000000.0,0.772,0.0,875000000.0,140729000000.0,141378500000.0,0.0,38020000000.0,,,134630000000.0,,,19978037842.0,-164000000.0,0.0,-1649000000.0,-236000000.0,-481000000.0,-1254000000.0,-573000000.0,344000000.0,1721000000.0,-58000000.0,1352000000.0,1352000000.0,1352000000.0,0.0,0.0,0.113,6764000000.0,2466000000.0,1470000000.0,0.36,3.208,14.777,15.568,0.0,0.0,129.68,1.67,1.67,5372000000.0,10633000000.0,11961000000.0,11961000000.0,0.0,0.01,0.205,0.017,0.206,131000000.0,6387000000.0,1.0,154056430.0,154056430.0,,77.64,140857000000.0,0.0,239000000.0,0.0,914.321,
18,AMP,MRT,2016-12-31,2016-12-31,2016-12-31,2021-08-09,200000000.0,139821000000.0,141594500000.0,,,0.083,39.811,-92000000.0,5817000000.0,5817000000.0,2646000000.0,1313000000.0,,21.222,5436000000.0,,,5436000000.0,0.0,248000000.0,10036000000.0,0.026,2.92,2455000000.0,2703000000.0,0.229,2703000000.0,2455000000.0,1591000000.0,7.9,7.81,7.9,6292000000.0,6817500000.0,6292000000.0,17086817274.0,7.0,6.321,2239000000.0,14.167,1.0,9154000000.0,0.776,0.0,864000000.0,139440000000.0,141224000000.0,0.0,38088000000.0,,,133529000000.0,,,17533817274.0,331000000.0,0.0,-1698000000.0,-279000000.0,-479000000.0,-1142000000.0,-783000000.0,303000000.0,2331000000.0,-75000000.0,1313000000.0,1313000000.0,1313000000.0,0.0,0.0,0.111,6699000000.0,2455000000.0,1727000000.0,0.37,2.787,13.354,14.043,0.0,0.0,110.94,1.486,1.486,5310000000.0,10351000000.0,11800000000.0,11800000000.0,0.0,0.009,0.193,0.017,0.208,134000000.0,6284000000.0,1.0,158047749.0,158047749.0,,74.661,139821000000.0,0.0,278000000.0,0.0,884.676,
19,AMP,MRT,2016-09-30,2016-09-30,2016-09-30,2021-08-09,595000000.0,143623000000.0,142974000000.0,,,0.082,42.101,-90000000.0,6291000000.0,6291000000.0,2648000000.0,1294000000.0,,20.133,5844000000.0,,,5844000000.0,0.0,250000000.0,9442000000.0,0.028,2.84,2452000000.0,2702000000.0,0.23,2702000000.0,2452000000.0,1546000000.0,7.44,7.36,7.44,6796000000.0,7042250000.0,6796000000.0,15589962594.0,6.0,5.77,2720000000.0,16.85,1.0,9089000000.0,0.774,0.0,906000000.0,143176000000.0,143852500000.0,0.0,38448000000.0,,,136827000000.0,,,16104962594.0,652000000.0,0.0,-1759000000.0,-509000000.0,-478000000.0,-1667000000.0,-429000000.0,714000000.0,2810000000.0,-62000000.0,1271000000.0,1271000000.0,1271000000.0,0.0,23000000.0,0.108,6614000000.0,2475000000.0,1498000000.0,0.382,2.37,12.671,13.41,0.0,0.0,99.77,1.372,1.372,5336000000.0,10098000000.0,11737000000.0,11737000000.0,0.0,0.009,0.18,0.017,0.209,138000000.0,6202000000.0,1.0,161420894.0,161420894.0,,72.711,143623000000.0,0.0,275000000.0,0.0,889.742,
20,AMP,MRT,2016-06-30,2016-06-30,2016-06-30,2021-08-09,638000000.0,142684000000.0,143398250000.0,,,0.081,42.753,-102000000.0,5916000000.0,5916000000.0,2264000000.0,1431000000.0,,19.128,5401000000.0,,,5401000000.0,0.0,252000000.0,9132000000.0,0.031,2.76,2778000000.0,3030000000.0,0.261,3030000000.0,2778000000.0,1816000000.0,8.33,8.23,8.33,7089000000.0,7250500000.0,7089000000.0,14759338303.0,5.0,4.871,2574000000.0,15.523,1.0,9361000000.0,0.805,0.0,962000000.0,142169000000.0,145606500000.0,0.0,37870000000.0,,,135595000000.0,,,14898338303.0,462000000.0,0.0,-1807000000.0,-297000000.0,-475000000.0,-1888000000.0,-264000000.0,865000000.0,2676000000.0,-62000000.0,1453000000.0,1453000000.0,1453000000.0,0.0,-22000000.0,0.125,6605000000.0,2756000000.0,1337000000.0,0.331,2.102,10.254,10.786,0.0,0.0,89.85,1.282,1.282,5190000000.0,10007000000.0,11625000000.0,11625000000.0,0.0,0.01,0.2,0.019,0.239,143000000.0,6223000000.0,1.0,165813448.0,165813448.0,,70.109,142684000000.0,0.0,363000000.0,0.0,860.509,
21,AMP,MRT,2016-03-31,2016-03-31,2016-03-31,2021-08-09,442000000.0,140250000000.0,144928750000.0,,,0.082,41.978,-132000000.0,5695000000.0,5695000000.0,2210000000.0,1572000000.0,,18.773,5556000000.0,,,5556000000.0,0.0,247000000.0,8876000000.0,0.029,2.68,2960000000.0,3207000000.0,0.27,3207000000.0,2960000000.0,1960000000.0,8.6,8.49,8.6,7093000000.0,7447000000.0,7093000000.0,20522945284.0,7.0,6.399,2262000000.0,13.387,1.0,9672000000.0,0.814,0.0,1000000000.0,140111000000.0,148534750000.0,0.0,37154000000.0,,,133157000000.0,,,15884945284.0,-123000000.0,0.0,-1816000000.0,469000000.0,-473000000.0,-1813000000.0,-690000000.0,327000000.0,2394000000.0,-14000000.0,1533000000.0,1533000000.0,1533000000.0,0.0,39000000.0,0.129,6673000000.0,2999000000.0,1254000000.0,0.312,2.24,10.362,10.931,0.0,0.0,94.01,1.337,1.337,5295000000.0,9799000000.0,11882000000.0,11882000000.0,0.0,0.011,0.206,0.02,0.249,144000000.0,6284000000.0,1.0,168970804.0,168970804.0,,70.32,140250000000.0,0.0,427000000.0,0.0,830.025,
22,AMP,MRT,2015-12-31,2015-12-31,2015-12-31,2021-08-09,253000000.0,145339000000.0,147728250000.0,,,0.082,41.301,-133000000.0,5808000000.0,5808000000.0,2261000000.0,1687000000.0,,19.046,10423000000.0,,,10423000000.0,0.0,248000000.0,8634000000.0,0.024,2.59,3072000000.0,3320000000.0,0.273,3320000000.0,3072000000.0,2017000000.0,8.6,8.48,8.6,7191000000.0,7722500000.0,7191000000.0,23400952428.0,8.0,7.048,2558000000.0,14.692,1.0,9909000000.0,0.814,0.0,1055000000.0,149954000000.0,152415000000.0,0.0,40714000000.0,,,136960000000.0,,,18528952428.0,-235000000.0,0.0,-1725000000.0,521000000.0,-465000000.0,-2396000000.0,-509000000.0,238000000.0,2691000000.0,-21000000.0,1562000000.0,1562000000.0,1562000000.0,0.0,125000000.0,0.128,6712000000.0,3197000000.0,1652000000.0,0.301,2.577,11.862,12.374,0.0,0.0,106.42,1.523,1.523,5274000000.0,9662000000.0,12170000000.0,12170000000.0,0.0,0.011,0.202,0.02,0.252,145000000.0,6358000000.0,1.0,174111562.0,174111562.0,,69.898,145339000000.0,0.0,455000000.0,0.0,834.746,
23,AMP,MRT,2015-09-30,2015-09-30,2015-09-30,2021-08-09,461000000.0,145320000000.0,148596000000.0,,,0.082,42.806,-133000000.0,6273000000.0,6273000000.0,2115000000.0,1760000000.0,,17.892,11145000000.0,,,11145000000.0,0.0,246000000.0,8046000000.0,0.023,2.5,3172000000.0,3418000000.0,0.281,3418000000.0,3172000000.0,2123000000.0,8.83,8.7,8.83,7629000000.0,7955750000.0,7629000000.0,24525272572.0,8.0,7.175,2188000000.0,12.277,1.0,10041000000.0,0.826,0.0,1049000000.0,150192000000.0,153250750000.0,0.0,41723000000.0,,,136499000000.0,,,19449272572.0,-96000000.0,0.0,-1657000000.0,1644000000.0,-455000000.0,-1401000000.0,-990000000.0,-560000000.0,2321000000.0,-26000000.0,1630000000.0,1630000000.0,1630000000.0,1000000.0,130000000.0,0.134,6738000000.0,3303000000.0,1497000000.0,0.283,2.549,11.932,12.359,0.0,0.0,109.13,1.6,1.6,5289000000.0,9493000000.0,12156000000.0,12156000000.0,0.0,0.011,0.205,0.021,0.261,141000000.0,6350000000.0,1.0,178221136.0,178221136.0,,68.207,145320000000.0,0.0,493000000.0,0.0,815.392,
24,AMP,MRT,2015-06-30,2015-06-30,2015-06-30,2021-08-09,500000000.0,148806000000.0,149064250000.0,,,0.083,43.417,-140000000.0,5532000000.0,5532000000.0,2102000000.0,1973000000.0,,17.754,10608000000.0,,,10608000000.0,0.0,248000000.0,7820000000.0,0.019,2.41,3217000000.0,3465000000.0,0.28,3465000000.0,3217000000.0,2190000000.0,8.84,8.7,8.84,7875000000.0,8113500000.0,7875000000.0,26843845127.0,8.0,7.747,3427000000.0,18.894,1.0,10279000000.0,0.83,0.0,1027000000.0,153882000000.0,153530000000.0,0.0,41490000000.0,,,139810000000.0,,,22659845127.0,429000000.0,0.0,-1540000000.0,1319000000.0,-444000000.0,-2051000000.0,-1055000000.0,-753000000.0,3567000000.0,-32000000.0,1653000000.0,1653000000.0,1653000000.0,1000000.0,320000000.0,0.134,6741000000.0,3538000000.0,1394000000.0,0.273,2.877,13.708,14.132,0.0,0.0,124.93,1.83,1.83,5267000000.0,9300000000.0,12381000000.0,12381000000.0,0.0,0.011,0.204,0.021,0.26,137000000.0,6370000000.0,1.0,181380334.0,181380334.0,,68.26,148806000000.0,0.0,537000000.0,0.0,820.409,
25,AMP,MRT,2015-03-31,2015-03-31,2015-03-31,2021-08-09,704000000.0,151448000000.0,149152750000.0,,,0.083,44.901,-122000000.0,5861000000.0,5861000000.0,2065000000.0,1964000000.0,,17.351,10045000000.0,,,10045000000.0,0.0,257000000.0,7878000000.0,0.018,2.32,3194000000.0,3451000000.0,0.28,3451000000.0,3194000000.0,2162000000.0,8.52,8.38,8.52,8195000000.0,8251750000.0,8195000000.0,28366798380.0,9.0,8.22,2756000000.0,15.1,1.0,10260000000.0,0.832,0.0,1032000000.0,155632000000.0,153397500000.0,0.0,41816000000.0,,,142189000000.0,,,23879798380.0,406000000.0,0.0,-1486000000.0,1004000000.0,-433000000.0,-2041000000.0,-388000000.0,-13000000.0,2878000000.0,-43000000.0,1612000000.0,1612000000.0,1612000000.0,1000000.0,352000000.0,0.131,6713000000.0,3547000000.0,1321000000.0,0.272,2.914,14.814,15.357,0.0,0.0,130.84,1.938,1.938,5140000000.0,9031000000.0,12325000000.0,12325000000.0,0.0,0.011,0.195,0.021,0.259,135000000.0,6358000000.0,1.0,182511452.0,182511452.0,,67.53,151448000000.0,0.0,550000000.0,0.0,829.8,
26,AMP,MRT,2014-12-31,2014-12-31,2014-12-31,2021-08-09,662000000.0,148810000000.0,147781750000.0,,,0.083,44.025,-113000000.0,5642000000.0,5642000000.0,1982000000.0,2000000000.0,,17.172,10129000000.0,,,10129000000.0,0.0,254000000.0,7664000000.0,0.017,2.26,3205000000.0,3459000000.0,0.282,3459000000.0,3205000000.0,2164000000.0,8.45,8.3,8.45,8124000000.0,8289000000.0,8124000000.0,28520364803.0,9.0,8.245,2286000000.0,12.388,1.0,10286000000.0,0.838,0.0,1041000000.0,153297000000.0,151949500000.0,0.0,41730000000.0,,,139505000000.0,,,24404364803.0,6000000.0,0.0,-1544000000.0,1190000000.0,-426000000.0,-1657000000.0,-715000000.0,-358000000.0,2399000000.0,-21000000.0,1619000000.0,1619000000.0,1619000000.0,2000000.0,381000000.0,0.132,6698000000.0,3588000000.0,1523000000.0,0.267,3.004,15.074,15.651,0.0,0.0,132.25,1.989,1.989,5027000000.0,8703000000.0,12268000000.0,12268000000.0,0.0,0.011,0.195,0.021,0.261,130000000.0,6331000000.0,1.0,184532059.0,184532059.0,,66.482,148810000000.0,0.0,545000000.0,0.0,806.418,
27,AMP,MRT,2014-09-30,2014-09-30,2014-09-30,2021-08-09,746000000.0,147193000000.0,146723250000.0,,,0.083,44.124,-126000000.0,5537000000.0,5537000000.0,1977000000.0,1927000000.0,,16.689,9653000000.0,,,9653000000.0,0.0,257000000.0,7513000000.0,0.018,2.2,3087000000.0,3344000000.0,0.276,3344000000.0,3087000000.0,2028000000.0,7.69,7.56,7.69,8260000000.0,8306000000.0,8260000000.0,27288807931.0,9.0,8.161,2113000000.0,11.287,1.0,10148000000.0,0.837,0.0,1059000000.0,151309000000.0,150655500000.0,0.0,41560000000.0,,,137853000000.0,,,23096807931.0,-249000000.0,0.0,-1526000000.0,945000000.0,-420000000.0,-1657000000.0,-831000000.0,-371000000.0,2239000000.0,0.0,1490000000.0,1490000000.0,1490000000.0,3000000.0,437000000.0,0.123,6621000000.0,3527000000.0,1461000000.0,0.286,2.796,15.501,16.044,0.0,0.0,123.38,1.905,1.905,4895000000.0,8460000000.0,12125000000.0,12125000000.0,0.0,0.01,0.179,0.02,0.255,134000000.0,6286000000.0,1.0,187200583.0,187200583.0,,64.77,147193000000.0,0.0,538000000.0,0.0,786.285,
28,AMP,MRT,2014-06-30,2014-06-30,2014-06-30,2021-08-09,920000000.0,149160000000.0,144977000000.0,,,0.082,44.386,-107000000.0,5203000000.0,5203000000.0,2011000000.0,1811000000.0,,16.55,9395000000.0,,,9395000000.0,0.0,252000000.0,7285000000.0,0.018,2.14,3073000000.0,3325000000.0,0.281,3325000000.0,3073000000.0,1989000000.0,7.38,7.25,7.38,8428000000.0,8322250000.0,8428000000.0,26661540480.0,9.0,8.019,1714000000.0,9.027,1.0,9816000000.0,0.83,0.0,1084000000.0,153352000000.0,148621500000.0,0.0,41584000000.0,,,139483000000.0,,,22785540480.0,-190000000.0,0.0,-1551000000.0,1187000000.0,-415000000.0,-715000000.0,-1334000000.0,-791000000.0,1821000000.0,38000000.0,1452000000.0,1452000000.0,1452000000.0,2000000.0,359000000.0,0.123,6382000000.0,3434000000.0,1321000000.0,0.29,2.704,15.693,16.26,0.0,0.0,120.0,1.927,1.927,4909000000.0,8163000000.0,11827000000.0,11827000000.0,0.0,0.01,0.174,0.021,0.26,135000000.0,6177000000.0,1.0,189879504.0,189879504.0,,62.287,149160000000.0,0.0,537000000.0,0.0,785.551,
29,AMP,MRT,2014-03-31,2014-03-31,2014-03-31,2021-08-09,746000000.0,145964000000.0,142001500000.0,,,0.081,43.715,-111000000.0,5290000000.0,5290000000.0,1995000000.0,1625000000.0,,16.361,9166000000.0,,,9166000000.0,0.0,244000000.0,7211000000.0,0.019,2.08,2992000000.0,3236000000.0,0.281,3236000000.0,2992000000.0,1904000000.0,7.01,6.88,7.01,8344000000.0,8300250000.0,8344000000.0,24554367225.0,8.0,7.588,2153000000.0,11.28,1.0,9509000000.0,0.827,0.0,1088000000.0,149840000000.0,145231000000.0,0.0,41303000000.0,,,136519000000.0,,,21009367225.0,243000000.0,0.0,-1553000000.0,1089000000.0,-409000000.0,-713000000.0,-1336000000.0,-910000000.0,2264000000.0,28000000.0,1399000000.0,1399000000.0,1399000000.0,3000000.0,226000000.0,0.122,6288000000.0,3221000000.0,1228000000.0,0.297,2.518,15.017,15.702,0.0,0.0,110.07,1.826,1.826,4714000000.0,7938000000.0,11504000000.0,11504000000.0,0.0,0.01,0.169,0.021,0.26,140000000.0,6069000000.0,1.0,190872783.0,190872783.0,,60.271,145964000000.0,0.0,505000000.0,0.0,764.719,
30,AMP,MRT,2013-12-31,2013-12-31,2013-12-31,2021-08-09,595000000.0,144576000000.0,139834500000.0,,,0.08,42.109,-105000000.0,5411000000.0,5411000000.0,1954000000.0,1475000000.0,,16.521,8956000000.0,,,8956000000.0,0.0,239000000.0,7062000000.0,0.017,2.01,2913000000.0,3152000000.0,0.281,3152000000.0,2913000000.0,1826000000.0,6.56,6.44,6.56,8192000000.0,8454250000.0,8192000000.0,25346904774.0,9.0,8.042,1259000000.0,6.472,1.0,9245000000.0,0.826,0.0,1087000000.0,148121000000.0,142778500000.0,0.0,40737000000.0,,,135344000000.0,,,22381904774.0,261000000.0,0.0,-1465000000.0,1071000000.0,-401000000.0,-306000000.0,-802000000.0,-272000000.0,1364000000.0,5000000.0,1334000000.0,1334000000.0,1334000000.0,3000000.0,141000000.0,0.119,6188000000.0,3057000000.0,1429000000.0,0.306,2.732,16.778,17.538,0.0,0.0,115.05,1.999,1.999,4610000000.0,7626000000.0,11199000000.0,11199000000.0,0.0,0.01,0.158,0.02,0.26,143000000.0,5981000000.0,1.0,194540676.0,194540676.0,,57.566,144576000000.0,0.0,492000000.0,0.0,743.166,
31,AMP,MRT,2013-09-30,2013-09-30,2013-09-30,2021-08-09,605000000.0,140208000000.0,137372750000.0,,,0.08,42.077,-62000000.0,5724000000.0,5724000000.0,1834000000.0,1427000000.0,,15.74,8689000000.0,,,8689000000.0,0.0,232000000.0,6744000000.0,0.021,1.94,2979000000.0,3211000000.0,0.294,3211000000.0,2979000000.0,1909000000.0,6.89,6.76,6.89,8325000000.0,8679250000.0,8325000000.0,20552194577.0,7.0,6.401,1666000000.0,8.421,1.0,9093000000.0,0.832,0.0,1070000000.0,143173000000.0,140029750000.0,0.0,40040000000.0,,,131039000000.0,,,18020194577.0,-200000000.0,0.0,-1395000000.0,474000000.0,-393000000.0,-5088000000.0,3161000000.0,3544000000.0,1728000000.0,-1000000.0,1427000000.0,1427000000.0,1427000000.0,0.0,0.0,0.131,6114000000.0,2979000000.0,1417000000.0,0.282,2.165,12.628,13.219,0.0,0.0,91.08,1.649,1.649,4503000000.0,7442000000.0,10927000000.0,10927000000.0,0.0,0.01,0.164,0.021,0.273,142000000.0,5872000000.0,1.0,197850182.0,197850182.0,,55.229,140208000000.0,0.0,482000000.0,0.0,708.657,
32,AMP,MRT,2013-06-30,2013-06-30,2013-06-30,2021-08-09,625000000.0,137258000000.0,136961750000.0,,,0.077,41.384,-76000000.0,5618000000.0,5618000000.0,1884000000.0,1129000000.0,,15.381,8150000000.0,,,8150000000.0,0.0,231000000.0,6586000000.0,0.022,1.77,2666000000.0,2897000000.0,0.274,2897000000.0,2666000000.0,1593000000.0,5.79,5.69,5.79,8340000000.0,8887250000.0,8340000000.0,19033687277.0,7.0,6.57,868000000.0,4.307,1.0,8698000000.0,0.822,0.0,1073000000.0,139790000000.0,139413000000.0,0.0,39967000000.0,,,128276000000.0,,,16299687277.0,-390000000.0,0.0,-1333000000.0,-159000000.0,-363000000.0,-6257000000.0,4934000000.0,5182000000.0,944000000.0,-11000000.0,1218000000.0,1218000000.0,1218000000.0,2000000.0,-89000000.0,0.115,6119000000.0,2579000000.0,1298000000.0,0.306,1.954,13.382,13.969,0.0,0.0,80.88,1.54,1.54,4651000000.0,7130000000.0,10582000000.0,10582000000.0,0.0,0.009,0.137,0.019,0.252,139000000.0,5796000000.0,1.0,201529269.0,201529269.0,,52.509,137258000000.0,0.0,375000000.0,0.0,681.082,
33,AMP,MRT,2013-03-31,2013-03-31,2013-03-31,2021-08-09,1084000000.0,137296000000.0,136464750000.0,,,0.076,44.036,-90000000.0,5303000000.0,5303000000.0,1803000000.0,1018000000.0,,14.25,8037000000.0,,,8037000000.0,0.0,227000000.0,6494000000.0,0.022,1.6,2599000000.0,2826000000.0,0.273,2826000000.0,2599000000.0,1503000000.0,5.23,5.14,5.23,8960000000.0,9053500000.0,8960000000.0,17382718250.0,7.0,6.151,774000000.0,3.804,1.0,8544000000.0,0.826,0.0,1096000000.0,140030000000.0,139052750000.0,0.0,40804000000.0,,,127679000000.0,,,14985718250.0,-152000000.0,0.0,-1327000000.0,-278000000.0,-335000000.0,-6039000000.0,5040000000.0,5321000000.0,864000000.0,-17000000.0,1120000000.0,1120000000.0,1120000000.0,2000000.0,-102000000.0,0.108,6045000000.0,2499000000.0,1053000000.0,0.306,1.673,13.38,14.082,0.0,0.0,73.65,1.448,1.448,4383000000.0,6978000000.0,10347000000.0,10347000000.0,0.0,0.008,0.124,0.019,0.251,135000000.0,5715000000.0,1.0,203472074.0,203472074.0,,50.852,137296000000.0,0.0,383000000.0,0.0,674.766,
34,AMP,MRT,2012-12-31,2012-12-31,2012-12-31,2021-08-09,1194000000.0,134729000000.0,136330000000.0,,,0.075,44.175,-137000000.0,5488000000.0,5488000000.0,1899000000.0,901000000.0,,13.75,7885000000.0,,,7885000000.0,0.0,225000000.0,6526000000.0,0.023,1.43,2471000000.0,2696000000.0,0.264,2696000000.0,2471000000.0,1364000000.0,4.7,4.62,4.7,9092000000.0,9092250000.0,9092000000.0,15032279253.0,6.0,5.576,1368000000.0,6.647,1.0,8318000000.0,0.814,0.0,1107000000.0,137126000000.0,139076250000.0,0.0,41247000000.0,,,125017000000.0,,,12890279253.0,-410000000.0,0.0,-1221000000.0,-539000000.0,-305000000.0,-6342000000.0,4417000000.0,4546000000.0,1505000000.0,10000000.0,1029000000.0,1029000000.0,1029000000.0,2000000.0,-128000000.0,0.101,5973000000.0,2345000000.0,1324000000.0,0.304,1.418,12.527,13.326,0.0,0.0,62.63,1.262,1.262,4315000000.0,6717000000.0,10217000000.0,10217000000.0,0.0,0.008,0.113,0.018,0.242,134000000.0,5687000000.0,1.0,205816370.0,205816370.0,,49.641,134729000000.0,0.0,335000000.0,0.0,654.608,
35,AMP,MRT,2012-09-30,2012-09-30,2012-09-30,2021-08-09,1267000000.0,138564000000.0,135724500000.0,,,0.075,43.454,-244000000.0,5992000000.0,5992000000.0,2016000000.0,850000000.0,,14.06,8134000000.0,,,8134000000.0,0.0,217000000.0,10048000000.0,0.021,1.21,2331000000.0,2548000000.0,0.252,2548000000.0,2331000000.0,1182000000.0,3.91,3.84,3.91,9157000000.0,9066250000.0,9157000000.0,15025202407.0,6.0,5.897,1366000000.0,6.482,1.0,8109000000.0,0.801,0.0,1149000000.0,140706000000.0,138629250000.0,0.0,43289000000.0,,,128743000000.0,,,11946202407.0,632000000.0,150000000.0,-1177000000.0,-597000000.0,-266000000.0,-2013000000.0,1026000000.0,1135000000.0,1610000000.0,9000000.0,876000000.0,876000000.0,876000000.0,-10000000.0,-26000000.0,0.087,5814000000.0,2295000000.0,1170000000.0,0.309,1.305,13.637,14.499,0.0,0.0,56.69,1.18,1.18,5584000000.0,6477000000.0,10125000000.0,10125000000.0,0.0,0.006,0.097,0.017,0.23,142000000.0,5586000000.0,1.0,210728566.0,210728566.0,,48.048,138564000000.0,0.0,306000000.0,0.0,657.547,
36,AMP,MRT,2012-06-30,2012-06-30,2012-06-30,2021-08-09,942000000.0,135270000000.0,133678500000.0,,,0.076,41.19,-260000000.0,5035000000.0,5035000000.0,1732000000.0,918000000.0,,13.954,8114000000.0,,,8114000000.0,0.0,153000000.0,10079000000.0,0.021,1.09,2554000000.0,2707000000.0,0.268,2707000000.0,2554000000.0,1395000000.0,4.47,4.39,4.47,9005000000.0,9344750000.0,9005000000.0,14792232284.0,6.0,5.464,1728000000.0,7.904,1.0,8380000000.0,0.829,0.0,1159000000.0,138349000000.0,137039250000.0,0.0,43564000000.0,,,125657000000.0,,,11425232284.0,168000000.0,150000000.0,-1304000000.0,-514000000.0,-248000000.0,-1440000000.0,-377000000.0,-251000000.0,1988000000.0,-3000000.0,1027000000.0,1027000000.0,1027000000.0,-13000000.0,-109000000.0,0.102,5948000000.0,2432000000.0,1002000000.0,0.244,1.269,11.125,11.691,0.0,0.0,52.26,1.13,1.13,5537000000.0,6384000000.0,10112000000.0,10112000000.0,0.0,0.008,0.11,0.019,0.253,131000000.0,5585000000.0,1.0,218622891.0,218622891.0,,46.253,135270000000.0,0.0,368000000.0,0.0,618.737,
37,AMP,MRT,2012-03-31,2012-03-31,2012-03-31,2021-08-09,851000000.0,136757000000.0,133645500000.0,,,0.076,41.077,-264000000.0,4749000000.0,4749000000.0,1728000000.0,1035000000.0,,13.934,8116000000.0,,,8116000000.0,0.0,136000000.0,9961000000.0,0.017,0.97,2642000000.0,2778000000.0,0.272,2778000000.0,2642000000.0,1477000000.0,4.74,4.65,4.74,9115000000.0,9730500000.0,9115000000.0,15708075930.0,6.0,5.654,2074000000.0,9.347,1.0,8493000000.0,0.831,0.0,1165000000.0,140124000000.0,137250000000.0,0.0,43919000000.0,,,127008000000.0,,,12677075930.0,-148000000.0,150000000.0,-1327000000.0,-516000000.0,-228000000.0,-1181000000.0,-1307000000.0,-1181000000.0,2338000000.0,2000000.0,1119000000.0,1119000000.0,1119000000.0,-10000000.0,-84000000.0,0.109,5945000000.0,2548000000.0,907000000.0,0.205,1.391,11.329,12.053,0.0,0.0,57.13,1.24,1.24,5516000000.0,6285000000.0,10221000000.0,10221000000.0,0.0,0.008,0.115,0.019,0.258,135000000.0,5592000000.0,1.0,221898756.0,221898756.0,,46.062,136757000000.0,0.0,358000000.0,0.0,616.304,
38,AMP,MRT,2011-12-31,2011-12-31,2011-12-31,2021-08-09,751000000.0,132307000000.0,132914250000.0,,,0.077,39.725,-250000000.0,5044000000.0,5044000000.0,1606000000.0,1010000000.0,,13.642,8075000000.0,,,8075000000.0,0.0,110000000.0,9850000000.0,0.018,0.87,2666000000.0,2776000000.0,0.272,2776000000.0,2666000000.0,1493000000.0,4.62,4.53,4.62,8988000000.0,10089500000.0,8988000000.0,15197299689.0,6.0,5.475,1928000000.0,8.521,1.0,8586000000.0,0.842,0.0,1173000000.0,135338000000.0,136594250000.0,0.0,44742000000.0,,,122613000000.0,,,11231299689.0,-80000000.0,150000000.0,-1429000000.0,-353000000.0,-212000000.0,-1111000000.0,-1146000000.0,-1037000000.0,2178000000.0,-1000000.0,1116000000.0,1116000000.0,1116000000.0,60000000.0,-106000000.0,0.109,5966000000.0,2620000000.0,1065000000.0,0.188,1.25,10.064,10.745,0.0,0.0,49.64,1.102,1.102,4440000000.0,6031000000.0,10192000000.0,10192000000.0,0.0,0.008,0.111,0.02,0.262,145000000.0,5569000000.0,1.0,226255030.0,226255030.0,,45.047,132307000000.0,0.0,377000000.0,0.0,584.769,
39,AMP,MRT,2011-09-30,2011-09-30,2011-09-30,2021-08-09,636000000.0,130380000000.0,132641000000.0,,,0.077,43.507,-192000000.0,4471000000.0,4471000000.0,1511000000.0,875000000.0,,11.624,8437000000.0,,,8437000000.0,0.0,92000000.0,9624000000.0,0.021,0.82,2558000000.0,2650000000.0,0.261,2650000000.0,2558000000.0,1402000000.0,4.29,4.2,4.29,10271000000.0,10523750000.0,10271000000.0,13346058892.0,5.0,5.036,1283000000.0,5.435,1.0,8657000000.0,0.851,0.0,1156000000.0,134346000000.0,136344500000.0,0.0,43750000000.0,,,119393000000.0,,,9292058892.0,-992000000.0,0.0,-1316000000.0,-886000000.0,-203000000.0,-1694000000.0,-771000000.0,-576000000.0,1475000000.0,-2000000.0,1052000000.0,1052000000.0,1052000000.0,99000000.0,-177000000.0,0.103,6177000000.0,2480000000.0,1030000000.0,0.191,0.905,8.833,9.175,0.0,0.0,39.36,0.914,0.914,5364000000.0,7222000000.0,10168000000.0,10168000000.0,0.0,0.008,0.1,0.019,0.252,148000000.0,5740000000.0,1.0,236078732.0,236078732.0,,43.07,130380000000.0,0.0,350000000.0,0.0,552.273,
40,AMP,MRT,2011-06-30,2011-06-30,2011-06-30,2021-08-09,633000000.0,135138000000.0,132307000000.0,,,0.076,42.965,-166000000.0,4485000000.0,4485000000.0,1889000000.0,968000000.0,,11.747,8539000000.0,,,8539000000.0,0.0,129000000.0,9430000000.0,0.013,0.77,2617000000.0,2746000000.0,0.273,2746000000.0,2617000000.0,1445000000.0,4.28,4.18,4.28,10548000000.0,10693500000.0,10548000000.0,17643980169.0,7.0,6.425,941000000.0,3.833,1.0,8158000000.0,0.812,0.0,1172000000.0,139192000000.0,135900250000.0,0.0,43363000000.0,,,123910000000.0,,,13974980169.0,-1274000000.0,-2000000.0,-1054000000.0,-403000000.0,-195000000.0,-1250000000.0,-1141000000.0,-966000000.0,1107000000.0,10000000.0,1072000000.0,1072000000.0,1072000000.0,103000000.0,-104000000.0,0.107,5542000000.0,2616000000.0,1072000000.0,0.18,1.325,13.036,13.477,0.0,0.0,57.68,1.391,1.409,5335000000.0,7123000000.0,10047000000.0,10047000000.0,0.0,0.008,0.1,0.019,0.26,168000000.0,5553000000.0,1.0,242284677.0,245500000.0,251000000.0,40.925,135138000000.0,0.0,373000000.0,0.0,550.46,
41,AMP,MRT,2011-03-31,2011-03-31,2011-03-31,2021-08-09,542000000.0,133832000000.0,128800000000.0,,,0.077,41.936,-157000000.0,4838000000.0,4838000000.0,1781000000.0,1079000000.0,,11.624,8507000000.0,,,8507000000.0,0.0,118000000.0,8911000000.0,0.012,0.72,2527000000.0,2645000000.0,0.268,2645000000.0,2527000000.0,1337000000.0,3.99,3.91,3.99,10551000000.0,10681000000.0,10551000000.0,18456799161.0,7.0,6.978,1586000000.0,6.304,1.0,8105000000.0,0.82,0.0,1190000000.0,137501000000.0,132078500000.0,0.0,42820000000.0,,,122643000000.0,,,15056799161.0,-2356000000.0,-867000000.0,-840000000.0,-3000000.0,-184000000.0,-2449000000.0,-1658000000.0,-624000000.0,1743000000.0,8000000.0,1016000000.0,1016000000.0,1016000000.0,97000000.0,63000000.0,0.103,5418000000.0,2687000000.0,907000000.0,0.18,1.427,14.82,15.308,0.0,0.0,61.08,1.523,1.554,5589000000.0,6915000000.0,9886000000.0,9886000000.0,0.0,0.008,0.095,0.019,0.256,161000000.0,5347000000.0,1.0,246509482.0,251600000.0,257700000.0,39.293,133832000000.0,0.0,321000000.0,0.0,531.924,
42,AMP,MRT,2010-12-31,2010-12-31,2010-12-31,2021-08-09,565000000.0,131214000000.0,125936250000.0,,,0.076,41.667,-131000000.0,5124000000.0,5124000000.0,1750000000.0,1152000000.0,,11.182,8249000000.0,,,8249000000.0,0.0,110000000.0,8779000000.0,0.012,0.71,2481000000.0,2591000000.0,0.272,2591000000.0,2481000000.0,1282000000.0,3.84,3.77,3.84,10725000000.0,10570250000.0,10725000000.0,17795197907.0,7.0,6.868,1716000000.0,6.667,1.0,7762000000.0,0.816,0.0,1199000000.0,134339000000.0,128585750000.0,0.0,42199000000.0,,,119929000000.0,,,14270197907.0,-236000000.0,-866000000.0,-469000000.0,663000000.0,-183000000.0,-1343000000.0,-734000000.0,278000000.0,1847000000.0,-6000000.0,989000000.0,989000000.0,989000000.0,24000000.0,163000000.0,0.104,5094000000.0,2668000000.0,1134000000.0,0.185,1.331,14.429,14.987,0.0,0.0,57.55,1.5,1.557,4909000000.0,6748000000.0,9512000000.0,9512000000.0,0.0,0.008,0.094,0.019,0.261,158000000.0,4980000000.0,1.0,247961736.0,257400000.0,262300000.0,36.954,131214000000.0,0.0,293000000.0,0.0,509.767,
43,AMP,MRT,2010-09-30,2010-09-30,2010-09-30,2021-08-09,897000000.0,129044000000.0,121575250000.0,,,0.073,42.891,-115000000.0,5535000000.0,5535000000.0,1628000000.0,1280000000.0,,10.734,9060000000.0,,,9060000000.0,0.0,98000000.0,8492000000.0,0.015,0.7,2530000000.0,2628000000.0,0.294,2628000000.0,2530000000.0,1375000000.0,4.09,4.02,4.09,10950000000.0,10206250000.0,10950000000.0,14677127588.0,6.0,5.585,1312000000.0,5.139,1.0,7300000000.0,0.818,0.0,1155000000.0,132569000000.0,122823250000.0,0.0,43355000000.0,,,117540000000.0,,,11882127588.0,105000000.0,-866000000.0,-333000000.0,1761000000.0,-184000000.0,-102000000.0,-1214000000.0,-225000000.0,1427000000.0,-6000000.0,1054000000.0,1054000000.0,1054000000.0,-1000000.0,226000000.0,0.118,4545000000.0,2755000000.0,1106000000.0,0.171,1.085,11.273,11.572,0.0,0.0,47.33,1.331,1.353,4969000000.0,6545000000.0,8928000000.0,8928000000.0,0.0,0.009,0.103,0.021,0.283,155000000.0,4382000000.0,1.0,251048544.0,255300000.0,259900000.0,34.971,129044000000.0,0.0,321000000.0,0.0,505.46,
44,AMP,MRT,2010-06-30,2010-06-30,2010-06-30,2021-08-09,607000000.0,121110000000.0,117114500000.0,,,0.073,40.207,-102000000.0,5669000000.0,5669000000.0,1298000000.0,1228000000.0,,10.477,8464000000.0,,,8464000000.0,0.0,87000000.0,8421000000.0,0.019,0.69,2370000000.0,2457000000.0,0.288,2457000000.0,2370000000.0,1239000000.0,3.74,3.7,3.74,10498000000.0,9731000000.0,10498000000.0,10456957444.0,4.0,4.256,1524000000.0,5.837,1.0,7242000000.0,0.848,0.0,1131000000.0,123905000000.0,116649750000.0,0.0,41963000000.0,,,109991000000.0,,,9303957444.0,-642000000.0,-864000000.0,-157000000.0,839000000.0,-181000000.0,-968000000.0,-1281000000.0,-311000000.0,1626000000.0,-19000000.0,970000000.0,970000000.0,970000000.0,-3000000.0,258000000.0,0.114,4617000000.0,2625000000.0,1071000000.0,0.184,0.886,9.592,9.66,0.0,0.0,36.13,1.089,1.105,4998000000.0,6278000000.0,8540000000.0,8540000000.0,0.0,0.008,0.1,0.02,0.278,166000000.0,4272000000.0,1.0,257513353.0,261100000.0,265300000.0,32.708,121110000000.0,0.0,269000000.0,0.0,463.845,
45,AMP,MRT,2010-03-31,2010-03-31,2010-03-31,2021-08-09,365000000.0,122377000000.0,112640500000.0,,,0.071,38.758,-89000000.0,6961000000.0,6961000000.0,1588000000.0,917000000.0,,11.048,8114000000.0,,,8114000000.0,0.0,86000000.0,8632000000.0,0.015,0.68,2128000000.0,2214000000.0,0.278,2214000000.0,2128000000.0,1037000000.0,3.16,3.13,3.16,10108000000.0,9134000000.0,10108000000.0,9108597482.0,4.0,4.114,-716000000.0,-2.745,1.0,6364000000.0,0.8,0.0,1091000000.0,123530000000.0,110536000000.0,0.0,41114000000.0,,,111677000000.0,,,11589597482.0,-980000000.0,1000000.0,890000000.0,1022000000.0,-172000000.0,3093000000.0,-3453000000.0,-3367000000.0,-627000000.0,7000000.0,806000000.0,806000000.0,806000000.0,-1000000.0,111000000.0,0.101,4126000000.0,2238000000.0,765000000.0,0.215,1.147,14.379,14.354,0.0,0.0,45.36,1.457,1.488,4848000000.0,5959000000.0,7952000000.0,7952000000.0,0.0,0.007,0.088,0.019,0.268,181000000.0,4077000000.0,1.0,255502590.0,260800000.0,265000000.0,30.491,122377000000.0,0.0,231000000.0,0.0,469.237,
46,AMP,MRT,2009-12-31,2009-12-31,2009-12-31,2021-08-09,265000000.0,113770000000.0,105691500000.0,,,0.07,38.27,-83000000.0,4730000000.0,4730000000.0,1334000000.0,737000000.0,,11.209,2249000000.0,,,2249000000.0,0.0,120000000.0,8554000000.0,0.018,0.68,1936000000.0,2056000000.0,0.278,2056000000.0,1936000000.0,906000000.0,2.98,2.95,2.98,9269000000.0,8203000000.0,9269000000.0,6573239597.0,3.0,3.197,-1401000000.0,-5.784,1.0,6063000000.0,0.82,0.0,1030000000.0,111289000000.0,101877500000.0,0.0,36974000000.0,,,103898000000.0,,,9899239597.0,-3131000000.0,0.0,864000000.0,175000000.0,-164000000.0,4545000000.0,-6373000000.0,-6297000000.0,-1318000000.0,15000000.0,722000000.0,722000000.0,722000000.0,-1000000.0,15000000.0,0.098,4113000000.0,1950000000.0,946000000.0,0.228,1.068,13.711,13.027,0.0,0.0,38.82,1.338,1.271,4484000000.0,5276000000.0,7397000000.0,7397000000.0,0.0,0.007,0.088,0.019,0.262,182000000.0,3896000000.0,1.0,255003596.0,242200000.0,244400000.0,30.541,113770000000.0,0.0,184000000.0,0.0,469.736,
47,AMP,MRT,2009-09-30,2009-09-30,2009-09-30,2021-08-09,277000000.0,111201000000.0,101143250000.0,,,0.068,34.979,-81000000.0,5402000000.0,5402000000.0,1324000000.0,66000000.0,,11.251,2076000000.0,,,2076000000.0,0.0,154000000.0,9028000000.0,0.019,0.68,976000000.0,1130000000.0,0.165,1130000000.0,976000000.0,-28000000.0,0.35,0.369,0.35,9049000000.0,7430250000.0,9049000000.0,5501418644.0,6.0,4.869,869000000.0,3.359,1.0,5542000000.0,0.807,0.0,1004000000.0,107875000000.0,96428500000.0,0.0,36847000000.0,,,101807000000.0,,,9265418644.0,-463000000.0,-563000000.0,859000000.0,-19000000.0,-156000000.0,5549000000.0,-6948000000.0,-6183000000.0,950000000.0,-14000000.0,118000000.0,118000000.0,118000000.0,0.0,-52000000.0,0.017,4618000000.0,924000000.0,765000000.0,1.943,1.024,78.52,103.8,0.0,0.0,36.33,1.349,1.369,4247000000.0,5091000000.0,6866000000.0,6866000000.0,0.0,0.001,0.016,0.01,0.142,172000000.0,4126000000.0,1.0,255034920.0,258700000.0,260700000.0,26.54,111201000000.0,0.0,-146000000.0,0.0,429.845,
48,AMP,MRT,2009-06-30,2009-06-30,2009-06-30,2021-08-09,-388000000.0,103214000000.0,98130500000.0,,,0.067,35.446,-80000000.0,6199000000.0,6199000000.0,1214000000.0,-278000000.0,,11.694,2435000000.0,,,2435000000.0,0.0,206000000.0,9216000000.0,0.028,0.68,424000000.0,630000000.0,0.096,630000000.0,424000000.0,-530000000.0,-0.97,-0.952,-0.97,8110000000.0,6847250000.0,8110000000.0,-366968667.0,-1.0,-0.582,233000000.0,1.018,1.0,5335000000.0,0.815,0.0,954000000.0,99450000000.0,93297250000.0,0.0,34793000000.0,,,94840000000.0,,,5318031333.0,1096000000.0,-563000000.0,763000000.0,490000000.0,-149000000.0,6598000000.0,-5783000000.0,-4977000000.0,313000000.0,-32000000.0,-212000000.0,-212000000.0,-212000000.0,0.0,-66000000.0,-0.032,4977000000.0,358000000.0,825000000.0,-0.701,0.656,-25.085,-25.021,0.0,0.0,24.27,0.812,0.848,4067000000.0,4875000000.0,6549000000.0,6549000000.0,0.0,-0.002,-0.031,0.005,0.065,159000000.0,4181000000.0,1.0,219119544.0,228800000.0,230000000.0,28.623,103214000000.0,0.0,-318000000.0,0.0,451.11,
49,AMP,MRT,2009-03-31,2009-03-31,2009-03-31,2021-08-09,-1134000000.0,94581000000.0,98393750000.0,,,0.068,28.718,-96000000.0,7607000000.0,7607000000.0,921000000.0,-160000000.0,,13.776,1922000000.0,,,1922000000.0,0.0,253000000.0,8465000000.0,0.032,0.66,493000000.0,746000000.0,0.112,746000000.0,493000000.0,-416000000.0,-0.44,-0.432,-0.44,6384000000.0,6648250000.0,6384000000.0,-1600341810.0,-3.0,-2.145,1224000000.0,5.506,1.0,5722000000.0,0.861,0.0,909000000.0,88896000000.0,93914250000.0,0.0,30738000000.0,,,87944000000.0,,,4483658190.0,1892000000.0,-563000000.0,-367000000.0,-59000000.0,-146000000.0,3328000000.0,-2700000000.0,-1929000000.0,1320000000.0,-56000000.0,-97000000.0,-97000000.0,-97000000.0,0.0,-63000000.0,-0.015,5292000000.0,430000000.0,713000000.0,-1.5,0.702,-46.223,-46.568,0.0,0.0,20.49,0.675,0.686,3579000000.0,4817000000.0,6643000000.0,6643000000.0,0.0,-0.001,-0.015,0.005,0.074,151000000.0,4227000000.0,1.0,218821776.0,222300000.0,223500000.0,29.883,94581000000.0,0.0,-319000000.0,0.0,425.466,
50,AMP,MRT,2008-12-31,2008-12-31,2008-12-31,2021-08-09,-1093000000.0,95577000000.0,100974000000.0,,,0.069,27.791,-125000000.0,8111000000.0,8111000000.0,1125000000.0,-90000000.0,,14.424,2027000000.0,,,2027000000.0,0.0,267000000.0,8229000000.0,0.027,0.64,530000000.0,797000000.0,0.115,797000000.0,530000000.0,-369000000.0,-0.16,-0.161,-0.16,6178000000.0,6947500000.0,6178000000.0,1259734443.0,2.0,1.581,1936000000.0,8.709,1.0,5793000000.0,0.837,0.0,899000000.0,89493000000.0,97158750000.0,0.0,27522000000.0,,,89110000000.0,,,5059734443.0,2392000000.0,-563000000.0,-629000000.0,45000000.0,-143000000.0,525000000.0,-140000000.0,515000000.0,2061000000.0,-54000000.0,-36000000.0,-36000000.0,-36000000.0,0.0,-54000000.0,-0.005,5317000000.0,476000000.0,887000000.0,-4.0,0.819,-140.548,-146.0,0.0,0.0,23.36,0.731,0.751,3887000000.0,4592000000.0,6918000000.0,6918000000.0,0.0,0.0,-0.005,0.005,0.077,148000000.0,4384000000.0,1.0,216598221.0,222300000.0,224900000.0,31.12,95577000000.0,0.0,-333000000.0,0.0,429.946,
51,AMP,MRT,2008-09-30,2008-09-30,2008-09-30,2021-08-09,-973000000.0,99150000000.0,104387250000.0,,,0.075,30.657,-215000000.0,5880000000.0,5880000000.0,1070000000.0,554000000.0,,13.761,2080000000.0,,,2080000000.0,0.0,290000000.0,7727000000.0,0.016,0.62,1505000000.0,1795000000.0,0.23,1795000000.0,1505000000.0,608000000.0,2.56,2.499,2.56,6717000000.0,7355500000.0,6717000000.0,5937921775.0,4.0,3.308,358000000.0,1.634,1.0,6728000000.0,0.863,0.0,897000000.0,95350000000.0,101305500000.0,0.0,28101000000.0,,,92433000000.0,,,8286921775.0,41000000.0,0.0,-911000000.0,41000000.0,-140000000.0,-1477000000.0,977000000.0,1084000000.0,573000000.0,-32000000.0,586000000.0,586000000.0,586000000.0,0.0,-32000000.0,0.075,5255000000.0,1473000000.0,758000000.0,0.242,1.234,14.142,14.922,0.0,0.0,38.2,1.063,1.073,3921000000.0,5004000000.0,7798000000.0,7798000000.0,0.0,0.006,0.08,0.015,0.193,147000000.0,4525000000.0,1.0,216935125.0,219100000.0,221700000.0,35.591,99150000000.0,0.0,22000000.0,0.0,452.533,
52,AMP,MRT,2008-06-30,2008-06-30,2008-06-30,2021-08-09,-522000000.0,104267000000.0,107063250000.0,,,0.077,32.769,-260000000.0,4367000000.0,4367000000.0,1234000000.0,836000000.0,,13.256,2018000000.0,,,2018000000.0,0.0,284000000.0,6382000000.0,0.015,0.6,1896000000.0,2180000000.0,0.263,2180000000.0,1896000000.0,987000000.0,3.72,3.65,3.72,7314000000.0,7615750000.0,7314000000.0,6006932902.0,3.0,2.755,620000000.0,2.778,1.0,7046000000.0,0.851,0.0,909000000.0,101918000000.0,104186250000.0,0.0,29506000000.0,,,96953000000.0,,,9034932902.0,40000000.0,115000000.0,-985000000.0,-26000000.0,-138000000.0,-2455000000.0,1619000000.0,1635000000.0,880000000.0,-4000000.0,854000000.0,854000000.0,854000000.0,0.0,-18000000.0,0.103,5168000000.0,1878000000.0,890000000.0,0.161,1.235,10.58,10.933,0.0,0.0,40.67,1.091,1.096,3614000000.0,5111000000.0,8280000000.0,8280000000.0,0.0,0.008,0.112,0.018,0.229,143000000.0,4490000000.0,1.0,222152272.0,223200000.0,226000000.0,37.097,104267000000.0,0.0,133000000.0,0.0,467.146,
53,AMP,MRT,2008-03-31,2008-03-31,2008-03-31,2021-08-09,-287000000.0,104902000000.0,108029500000.0,,,0.078,33.192,-299000000.0,5046000000.0,5046000000.0,1228000000.0,827000000.0,,12.837,2018000000.0,,,2018000000.0,0.0,285000000.0,6307000000.0,0.012,0.6,1928000000.0,2213000000.0,0.261,2213000000.0,1928000000.0,995000000.0,3.61,3.53,3.61,7581000000.0,7687250000.0,7581000000.0,8617826328.0,4.0,3.894,746000000.0,3.266,1.0,7237000000.0,0.855,0.0,933000000.0,101874000000.0,105144000000.0,0.0,29808000000.0,,,97321000000.0,,,11767826328.0,1460000000.0,115000000.0,-853000000.0,-54000000.0,-140000000.0,-3529000000.0,3941000000.0,4094000000.0,1045000000.0,3000000.0,840000000.0,840000000.0,840000000.0,0.0,-13000000.0,0.099,5322000000.0,1915000000.0,836000000.0,0.166,1.552,14.009,14.363,0.0,0.0,51.85,1.39,1.399,3441000000.0,4938000000.0,8465000000.0,8465000000.0,0.0,0.008,0.109,0.018,0.228,145000000.0,4600000000.0,1.0,226959042.0,228400000.0,231500000.0,37.062,104902000000.0,0.0,155000000.0,0.0,459.291,
54,AMP,MRT,2007-12-31,2007-12-31,2007-12-31,2021-08-09,-167000000.0,109230000000.0,108094000000.0,,,0.079,33.065,-306000000.0,5168000000.0,5168000000.0,1179000000.0,806000000.0,,12.986,2018000000.0,,,2018000000.0,0.0,285000000.0,6206000000.0,0.01,0.56,1975000000.0,2260000000.0,0.266,2260000000.0,1975000000.0,1016000000.0,3.45,3.39,3.45,7810000000.0,7724750000.0,7810000000.0,9798818209.0,5.0,4.336,460000000.0,1.948,1.0,7327000000.0,0.861,0.0,959000000.0,106080000000.0,105624750000.0,0.0,30625000000.0,,,101420000000.0,,,12779818209.0,1076000000.0,115000000.0,-952000000.0,-54000000.0,-133000000.0,-4323000000.0,4628000000.0,4953000000.0,766000000.0,5000000.0,814000000.0,814000000.0,814000000.0,0.0,-8000000.0,0.096,5360000000.0,1967000000.0,1187000000.0,0.162,1.636,15.7,15.974,0.0,0.0,55.11,1.502,1.53,3441000000.0,4811000000.0,8506000000.0,8506000000.0,0.0,0.008,0.105,0.019,0.232,143000000.0,4573000000.0,1.0,231896538.0,236200000.0,239900000.0,36.012,109230000000.0,0.0,202000000.0,0.0,462.447,
55,AMP,MRT,2007-09-30,2007-09-30,2007-09-30,2021-08-09,-249000000.0,109854000000.0,106906750000.0,,,0.078,32.957,-329000000.0,5178000000.0,5178000000.0,1346000000.0,730000000.0,,13.16,2197000000.0,,,2197000000.0,0.0,254000000.0,6029000000.0,0.008,0.52,1635000000.0,1889000000.0,0.227,1889000000.0,1635000000.0,881000000.0,3.06,3.01,3.06,7758000000.0,7753500000.0,7758000000.0,12465813757.0,8.0,6.599,138000000.0,0.586,1.0,6992000000.0,0.839,0.0,754000000.0,106873000000.0,104782500000.0,0.0,31161000000.0,,,102096000000.0,,,14848813757.0,684000000.0,552000000.0,-699000000.0,-60000000.0,-124000000.0,-4192000000.0,4376000000.0,4140000000.0,467000000.0,33000000.0,730000000.0,730000000.0,730000000.0,0.0,0.0,0.088,5357000000.0,1635000000.0,1688000000.0,0.17,1.914,20.341,20.624,0.0,0.0,63.11,1.781,1.782,3079000000.0,4591000000.0,8338000000.0,8338000000.0,0.0,0.007,0.094,0.016,0.196,140000000.0,4535000000.0,1.0,235284642.0,235400000.0,239200000.0,35.421,109854000000.0,0.0,151000000.0,0.0,466.669,
56,AMP,MRT,2007-06-30,2007-06-30,2007-06-30,2021-08-09,-355000000.0,108132000000.0,104319250000.0,,,0.079,32.013,-311000000.0,4580000000.0,4580000000.0,1219000000.0,706000000.0,,13.228,2197000000.0,,,2197000000.0,0.0,256000000.0,6055000000.0,0.008,0.48,1745000000.0,2001000000.0,0.244,2001000000.0,1745000000.0,881000000.0,2.93,2.89,2.93,7600000000.0,7752250000.0,7600000000.0,13591734558.0,8.0,6.792,42000000.0,0.177,1.0,6985000000.0,0.851,0.0,864000000.0,105749000000.0,102411750000.0,0.0,31704000000.0,,,100532000000.0,,,14954734558.0,1223000000.0,437000000.0,-635000000.0,-229000000.0,-116000000.0,-4856000000.0,5689000000.0,5580000000.0,353000000.0,37000000.0,706000000.0,706000000.0,706000000.0,0.0,0.0,0.086,5240000000.0,1745000000.0,1850000000.0,0.164,1.968,21.182,21.696,0.0,0.0,63.57,1.823,1.84,3207000000.0,4428000000.0,8204000000.0,8204000000.0,0.0,0.007,0.091,0.017,0.213,132000000.0,4432000000.0,1.0,235248302.0,237400000.0,241000000.0,34.558,108132000000.0,0.0,175000000.0,0.0,455.484,
57,AMP,MRT,2007-03-31,2007-03-31,2007-03-31,2021-08-09,-143000000.0,105160000000.0,101298500000.0,,,0.08,32.119,-204000000.0,3588000000.0,3588000000.0,1156000000.0,651000000.0,,12.602,2225000000.0,,,2225000000.0,0.0,271000000.0,6483000000.0,0.008,0.44,1777000000.0,2048000000.0,0.253,2048000000.0,1777000000.0,822000000.0,2.67,2.65,2.67,7731000000.0,7661000000.0,7731000000.0,11940235640.0,7.0,5.83,380000000.0,1.579,1.0,6948000000.0,0.857,0.0,955000000.0,103797000000.0,99815750000.0,0.0,34446000000.0,,,97429000000.0,,,13668235640.0,785000000.0,437000000.0,-543000000.0,282000000.0,-107000000.0,-4018000000.0,4178000000.0,3905000000.0,584000000.0,41000000.0,651000000.0,651000000.0,651000000.0,0.0,0.0,0.08,5171000000.0,1777000000.0,1672000000.0,0.165,1.768,20.996,21.401,0.0,0.0,57.14,1.687,1.697,3022000000.0,4268000000.0,8104000000.0,8104000000.0,0.0,0.006,0.085,0.018,0.219,124000000.0,4314000000.0,1.0,239206084.0,240700000.0,244100000.0,33.668,105160000000.0,0.0,171000000.0,0.0,436.892,
58,AMP,MRT,2006-12-31,2006-12-31,2006-12-31,2021-08-09,-209000000.0,104481000000.0,98963750000.0,,,0.081,32.15,-187000000.0,4014000000.0,4014000000.0,1132000000.0,631000000.0,,12.184,2244000000.0,,,2244000000.0,0.0,273000000.0,6707000000.0,0.008,0.44,1853000000.0,2126000000.0,0.265,2126000000.0,1853000000.0,797000000.0,2.56,2.54,2.56,7925000000.0,7563500000.0,7925000000.0,11072982737.0,6.0,5.208,614000000.0,2.491,1.0,6894000000.0,0.859,0.0,1056000000.0,102711000000.0,97618500000.0,0.0,35504000000.0,,,96556000000.0,,,13186982737.0,277000000.0,437000000.0,-458000000.0,232000000.0,-108000000.0,-4053000000.0,3488000000.0,3193000000.0,801000000.0,41000000.0,631000000.0,631000000.0,631000000.0,0.0,0.0,0.079,5041000000.0,1853000000.0,1209000000.0,0.172,1.664,20.899,21.289,0.0,0.0,54.5,1.643,1.674,3161000000.0,4268000000.0,8026000000.0,8026000000.0,0.0,0.006,0.083,0.019,0.231,113000000.0,4208000000.0,1.0,241962986.0,246500000.0,248500000.0,32.56,104481000000.0,0.0,166000000.0,0.0,423.858,
59,AMP,MRT,2006-09-30,2006-09-30,2006-09-30,2021-08-09,-226000000.0,99504000000.0,96123750000.0,,,0.081,31.71,-95000000.0,4368000000.0,4368000000.0,1122000000.0,571000000.0,,11.834,2254000000.0,,,2254000000.0,0.0,299000000.0,6391000000.0,0.009,0.44,1810000000.0,2109000000.0,0.272,2109000000.0,1810000000.0,721000000.0,2.3,2.3,2.3,7753000000.0,7504000000.0,7753000000.0,10748241617.0,6.0,5.096,1091000000.0,4.462,1.0,6638000000.0,0.855,0.0,1089000000.0,97390000000.0,94794000000.0,0.0,36198000000.0,,,91751000000.0,,,11432241617.0,685000000.0,0.0,-427000000.0,376000000.0,-109000000.0,-4285000000.0,3781000000.0,3919000000.0,1186000000.0,3000000.0,571000000.0,571000000.0,571000000.0,0.0,0.0,0.074,4828000000.0,1810000000.0,1952000000.0,0.191,1.475,20.021,20.391,0.0,0.0,46.9,1.473,1.478,2504000000.0,4123000000.0,7760000000.0,7760000000.0,0.0,0.006,0.076,0.019,0.233,102000000.0,3985000000.0,1.0,243757817.0,244500000.0,246400000.0,31.738,99504000000.0,0.0,150000000.0,0.0,406.969,
60,AMP,MRT,2006-06-30,2006-06-30,2006-06-30,2021-08-09,-666000000.0,96049000000.0,94316250000.0,,,0.081,29.375,-89000000.0,3103000000.0,3103000000.0,1079000000.0,522000000.0,,12.276,2419000000.0,,,2419000000.0,0.0,317000000.0,0.0,0.007,0.33,1780000000.0,2097000000.0,0.274,2097000000.0,1780000000.0,687000000.0,2.09,2.09,2.09,7235000000.0,7500000000.0,7235000000.0,10103594551.0,6.0,4.818,907000000.0,3.683,1.0,6577000000.0,0.859,0.0,1093000000.0,95365000000.0,93023250000.0,0.0,37027000000.0,,,88814000000.0,,,10916594551.0,-413000000.0,-484000000.0,-322000000.0,1896000000.0,-82000000.0,-2193000000.0,637000000.0,1008000000.0,996000000.0,-11000000.0,522000000.0,522000000.0,522000000.0,-2000000.0,0.0,0.068,4799000000.0,1778000000.0,2975000000.0,0.158,1.509,20.913,21.373,0.0,0.0,44.67,1.426,1.437,2441000000.0,3976000000.0,7656000000.0,7656000000.0,0.0,0.006,0.07,0.019,0.232,89000000.0,3989000000.0,1.0,244383133.0,246300000.0,248000000.0,31.084,96049000000.0,0.0,165000000.0,0.0,389.968,
61,AMP,MRT,2006-03-31,2006-03-31,2006-03-31,2021-08-09,-442000000.0,95821000000.0,,,,,29.096,-148000000.0,2734000000.0,2734000000.0,1092000000.0,536000000.0,,12.053,1921000000.0,,,1921000000.0,0.0,317000000.0,0.0,0.005,0.22,1803000000.0,2120000000.0,0.283,2120000000.0,1803000000.0,698000000.0,2.15,2.15,2.15,7341000000.0,,7341000000.0,9586218166.0,5.0,4.522,621000000.0,2.461,1.0,6406000000.0,0.854,0.0,1105000000.0,95008000000.0,,0.0,38100000000.0,,,88480000000.0,,,11294218166.0,312000000.0,-484000000.0,-285000000.0,1402000000.0,-55000000.0,-1503000000.0,729000000.0,789000000.0,769000000.0,-26000000.0,536000000.0,536000000.0,536000000.0,-8000000.0,0.0,0.071,4611000000.0,1795000000.0,2780000000.0,0.102,1.539,21.071,20.958,0.0,0.0,45.06,1.506,1.516,2382000000.0,3862000000.0,7498000000.0,7498000000.0,0.0,,,,0.24,65000000.0,3848000000.0,1.0,250648428.0,252300000.0,253500000.0,29.719,95821000000.0,0.0,162000000.0,0.0,379.79,
62,AMP,MRT,2005-12-31,2005-12-31,2005-12-31,2021-08-09,-151000000.0,93121000000.0,93117000000.0,,,0.079,31.109,-141000000.0,3541000000.0,3541000000.0,1083000000.0,574000000.0,,11.114,1833000000.0,,,1833000000.0,0.0,325000000.0,6641000000.0,0.003,0.11,1847000000.0,2172000000.0,0.294,2172000000.0,1847000000.0,761000000.0,2.32,2.32,2.32,7687000000.0,7194500000.0,7687000000.0,8281266766.0,4.0,3.813,715000000.0,2.894,1.0,6313000000.0,0.854,0.0,1086000000.0,91413000000.0,91175500000.0,0.0,39100000000.0,,,85434000000.0,,,10248266766.0,1392000000.0,-484000000.0,0.0,1452000000.0,-27000000.0,323000000.0,-273000000.0,-190000000.0,856000000.0,-32000000.0,574000000.0,574000000.0,574000000.0,-16000000.0,0.0,0.078,4482000000.0,1831000000.0,1757000000.0,0.047,1.333,17.854,17.672,0.0,0.0,41.0,1.386,1.37,2172000000.0,3745000000.0,7396000000.0,7396000000.0,0.0,0.006,0.08,0.02,0.25,55000000.0,3758000000.0,1.0,249957726.0,247100000.0,247200000.0,29.931,93121000000.0,0.0,187000000.0,0.0,376.856,
63,AMP,MRT,2005-09-30,2005-09-30,2005-09-30,2021-08-09,-20000000.0,92274000000.0,,,,,31.426,-126000000.0,3678000000.0,3678000000.0,,,,10.926,1711000000.0,,,1711000000.0,0.0,362000000.0,0.0,0.0,0.0,,,,,,,,,,7737000000.0,,7737000000.0,6719486591.0,,,610000000.0,2.478,1.0,,,0.0,,90307000000.0,,0.0,39454000000.0,,,84537000000.0,,,8948486591.0,857000000.0,-484000000.0,0.0,1350000000.0,0.0,1383000000.0,-1808000000.0,-1715000000.0,736000000.0,-6000000.0,,,,,,,,,2618000000.0,,1.157,,,0.0,,35.8,,,2837000000.0,3661000000.0,,,,,,,,74000000.0,,1.0,249957726.0,246200000.0,,,92274000000.0,0.0,,0.0,374.793,
64,AMP,MRT,2005-06-30,2005-06-30,2005-06-30,2021-08-09,,,,,,,,,,,,,,,,,,,,,,,0.0,,,,,,,,,,,,,,,,,,1.0,,,,,,,,,,,,,,,,,,,,,,,,,,,,,,,,,,,,,,,,,,,,,,,,,,,,,,1.0,249957726.0,246200000.0,,,,,,,,
65,AMP,MRT,2005-03-31,2005-03-31,2005-03-31,2021-08-09,,,,,,,,,,,,,,,,,,,,,,,0.0,,,,,,,,,,,,,,,,,,1.0,,,,,,,,,,,,,,,,,,,,,,,,,,,,,,,,,,,,,,,,,,,,,,,,,,,,,,1.0,249957726.0,246200000.0,,,,,,,,
66,AMP,MRT,2004-12-31,2004-12-31,2004-12-31,2021-08-09,380000000.0,93113000000.0,89248500000.0,,,0.079,27.222,-122000000.0,2560000000.0,2560000000.0,828000000.0,794000000.0,,12.893,385000000.0,,,385000000.0,0.0,339000000.0,0.0,,0.0,2401000000.0,2740000000.0,0.39,2740000000.0,2401000000.0,1081000000.0,3.22,3.22,3.22,6702000000.0,6995000000.0,6702000000.0,,,,690000000.0,2.803,1.0,6199000000.0,0.882,0.0,1320000000.0,90938000000.0,86874000000.0,0.0,40232000000.0,,,86411000000.0,,,,0.0,0.0,0.0,-60000000.0,0.0,691000000.0,-1550000000.0,-1731000000.0,812000000.0,13000000.0,794000000.0,794000000.0,794000000.0,-40000000.0,0.0,0.113,3767000000.0,2432000000.0,4207000000.0,0.0,,,,0.0,0.0,,,,2160000000.0,3415000000.0,7027000000.0,7027000000.0,0.0,0.009,0.114,0.028,0.342,38000000.0,3330000000.0,1.0,249957726.0,246200000.0,246200000.0,28.542,93113000000.0,0.0,287000000.0,0.0,378.201,
67,AMP,MRT,2004-09-30,2004-09-30,2004-09-30,2021-08-09,,,,,,,,,,,,,,,,,,,,,,,0.0,,,,,,,,,,,,,,,,,,1.0,,,,,,,,,,,,,,,,,,,,,,,,,,,,,,,,,,,,,,,,,,,,,,,,,,,,,,1.0,,246000000.0,,,,,,,,
68,AMP,MRT,2003-12-31,2003-12-31,2003-12-31,2021-08-09,475000000.0,85384000000.0,,,,,29.602,-133000000.0,3019000000.0,3019000000.0,740000000.0,725000000.0,,10.716,445000000.0,,,445000000.0,0.0,236000000.0,0.0,,0.0,2333000000.0,2569000000.0,0.417,2569000000.0,2333000000.0,904000000.0,2.95,2.95,2.95,7288000000.0,,7288000000.0,,,,-503000000.0,-2.043,1.0,5415000000.0,0.88,0.0,1429000000.0,82810000000.0,,0.0,43264000000.0,,,78096000000.0,,,,-4222000000.0,-482000000.0,0.0,0.0,0.0,4318000000.0,-8167000000.0,-7552000000.0,-370000000.0,-1000000.0,725000000.0,725000000.0,725000000.0,-44000000.0,0.0,0.118,3113000000.0,2302000000.0,3901000000.0,0.0,,,,0.0,0.0,,,,1867000000.0,3946000000.0,6155000000.0,6155000000.0,0.0,,,,0.379,0.0,2633000000.0,1.0,,246200000.0,246200000.0,25.0,85384000000.0,0.0,179000000.0,0.0,346.807,
69,AMP,MRT,2002-12-31,2002-12-31,2002-12-31,2021-08-09,,,,,,,,-188000000.0,,,665000000.0,674000000.0,,,,,,,,181000000.0,,,0.0,2302000000.0,2483000000.0,0.429,2483000000.0,2302000000.0,925000000.0,,,,,,,,,,188000000.0,,1.0,5128000000.0,0.885,,1377000000.0,,,,,,,,,,,3577000000.0,-15000000.0,0.0,0.0,0.0,4717000000.0,-1516000000.0,-1316000000.0,376000000.0,0.0,674000000.0,674000000.0,674000000.0,0.0,0.0,0.116,2826000000.0,2302000000.0,,,,,,,0.0,,,,,,5793000000.0,5793000000.0,0.0,,,,0.397,0.0,2262000000.0,1.0,,,,,,,251000000.0,,,
