None,ticker,dimension,calendardate,datekey,reportperiod,lastupdated,accoci,assets,assetsavg,assetsc,assetsnc,assetturnover,bvps,capex,cashneq,cashnequsd,cor,consolinc,currentratio,de,debt,debtc,debtnc,debtusd,deferredrev,depamor,deposits,divyield,dps,ebit,ebitda,ebitdamargin,ebitdausd,ebitusd,ebt,eps,epsdil,epsusd,equity,equityavg,equityusd,ev,evebit,evebitda,fcf,fcfps,fxusd,gp,grossmargin,intangibles,intexp,invcap,invcapavg,inventory,investments,investmentsc,investmentsnc,liabilities,liabilitiesc,liabilitiesnc,marketcap,ncf,ncfbus,ncfcommon,ncfdebt,ncfdiv,ncff,ncfi,ncfinv,ncfo,ncfx,netinc,netinccmn,netinccmnusd,netincdis,netincnci,netmargin,opex,opinc,payables,payoutratio,pb,pe,pe1,ppnenet,prefdivis,price,ps,ps1,receivables,retearn,revenue,revenueusd,rnd,roa,roe,roic,ros,sbcomp,sgna,sharefactor,sharesbas,shareswa,shareswadil,sps,tangibles,taxassets,taxexp,taxliabilities,tbvps,workingcapital
0,TLAB,MRY,2012-12-31,2012-12-28,2012-12-28,2019-09-04,99000000.0,1638100000.0,1955300000.0,1189700000.0,448400000.0,0.538,3.001,-31400000.0,223700000.0,223700000.0,645700000.0,-171700000.0,2.533,0.487,195100000.0,195100000.0,0.0,195100000.0,20300000.0,50000000.0,0.0,0.462,1.08,-148600000.0,-98600000.0,-0.094,-98600000.0,-148600000.0,-148600000.0,-0.47,-0.47,-0.47,1101300000.0,1393750000.0,1101300000.0,926717593.0,-6.0,-9.399,13700000.0,0.037,1.0,406900000.0,0.387,126500000.0,0.0,1013400000.0,1378150000.0,101000000.0,575800000.0,575800000.0,0.0,536800000.0,469600000.0,67200000.0,860017593.0,91000000.0,0.0,-3700000.0,0.0,-396900000.0,-400600000.0,443000000.0,474400000.0,45100000.0,3500000.0,-171700000.0,-171700000.0,-171700000.0,0.0,0.0,-0.163,563600000.0,-156700000.0,57400000.0,-2.298,0.781,-5.009,-4.979,230400000.0,0.0,2.34,0.817,0.816,246800000.0,636000000.0,1052600000.0,1052600000.0,238700000.0,-0.088,-0.123,-0.108,-0.141,19800000.0,200500000.0,1.0,367528886.0,367000000,367000000.0,2.868,1511600000.0,7300000.0,23100000.0,83400000.0,4.119,720100000.0
1,TLAB,MRY,2011-12-31,2011-12-30,2011-12-30,2019-09-04,89800000.0,2248000000.0,2377975000.0,1696800000.0,551200000.0,0.541,4.512,-64900000.0,132700000.0,132700000.0,777400000.0,-188400000.0,3.202,0.367,190900000.0,190900000.0,0.0,190900000.0,40800000.0,76200000.0,0.0,0.02,0.08,-195000000.0,-118800000.0,-0.092,-118800000.0,-195000000.0,-195000000.0,-0.52,-0.52,-0.52,1644700000.0,1756600000.0,1644700000.0,1443895136.0,-7.0,-12.154,-114000000.0,-0.313,1.0,508300000.0,0.395,179100000.0,0.0,1597100000.0,1586250000.0,144000000.0,1034800000.0,1034800000.0,0.0,603300000.0,530000000.0,73300000.0,1474395136.0,-76100000.0,0.0,-4500000.0,0.0,-29100000.0,-33400000.0,11800000.0,76700000.0,-49100000.0,-5400000.0,-188400000.0,-188400000.0,-188400000.0,0.0,0.0,-0.147,711200000.0,-202900000.0,97100000.0,-0.154,0.896,-7.826,-7.769,273500000.0,0.0,4.04,1.147,1.145,317600000.0,1204600000.0,1285700000.0,1285700000.0,324100000.0,-0.079,-0.107,-0.123,-0.152,24400000.0,243900000.0,1.0,364949291.0,364500000,364500000.0,3.527,2068900000.0,27900000.0,-6600000.0,84700000.0,5.676,1166800000.0
2,TLAB,MRY,2010-12-31,2010-12-31,2010-12-31,2019-09-04,108600000.0,2602900000.0,2628950000.0,1912800000.0,690100000.0,0.625,4.923,-55500000.0,208800000.0,208800000.0,852700000.0,155600000.0,2.885,0.398,213600000.0,213600000.0,0.0,213600000.0,43000000.0,77300000.0,0.0,0.012,0.08,191500000.0,268800000.0,0.164,268800000.0,191500000.0,191500000.0,0.41,0.41,0.41,1861500000.0,1919825000.0,1861500000.0,2446547529.0,13.0,9.102,233300000.0,0.617,1.0,789600000.0,0.481,301600000.0,0.0,1643000000.0,1655975000.0,162300000.0,1139300000.0,1139300000.0,0.0,741400000.0,663100000.0,78300000.0,2501347529.0,54800000.0,0.0,-176200000.0,0.0,-30300000.0,-204900000.0,-28100000.0,27400000.0,288800000.0,-1000000.0,155600000.0,155600000.0,155600000.0,0.0,0.0,0.095,615900000.0,173700000.0,123400000.0,0.195,1.344,16.075,16.537,269300000.0,0.0,6.78,1.523,1.561,342600000.0,1422100000.0,1642300000.0,1642300000.0,299700000.0,0.059,0.081,0.116,0.117,25400000.0,279700000.0,1.0,368930314.0,378100000,382700000.0,4.344,2301300000.0,14800000.0,35900000.0,116500000.0,6.086,1249700000.0
3,TLAB,MRY,2009-12-31,2010-01-01,2010-01-01,2019-09-04,139800000.0,2622800000.0,2563125000.0,1898100000.0,724700000.0,0.595,4.879,-44900000.0,154000000.0,154000000.0,859900000.0,113600000.0,3.115,0.37,252800000.0,252800000.0,0.0,252800000.0,31300000.0,75300000.0,0.0,0.0,0.0,113200000.0,188500000.0,0.124,188500000.0,113200000.0,113200000.0,0.29,0.29,0.29,1914900000.0,1880550000.0,1914900000.0,2110220553.0,19.0,11.195,184800000.0,0.471,1.0,665800000.0,0.436,330400000.0,0.0,1781800000.0,1784025000.0,127700000.0,1203600000.0,1203600000.0,0.0,707900000.0,609400000.0,98500000.0,2193520553.0,-222100000.0,-164700000.0,-83800000.0,0.0,0.0,-83500000.0,-375600000.0,-166000000.0,229700000.0,7300000.0,113600000.0,113600000.0,113600000.0,0.0,0.0,0.074,572300000.0,93500000.0,71500000.0,0.0,1.146,19.309,19.586,270600000.0,0.0,5.68,1.438,1.461,334200000.0,1296800000.0,1525700000.0,1525700000.0,268700000.0,0.044,0.06,0.063,0.074,20400000.0,267300000.0,1.0,386183196.0,392500000,394200000.0,3.887,2292400000.0,24200000.0,-400000.0,122700000.0,5.841,1288700000.0
4,TLAB,MRY,2008-12-31,2009-01-02,2009-01-02,2019-09-04,124800000.0,2511200000.0,3084675000.0,1935800000.0,575400000.0,0.561,4.615,-49800000.0,376100000.0,376100000.0,1068900000.0,-930100000.0,3.459,0.36,179100000.0,179100000.0,0.0,179100000.0,34600000.0,84500000.0,0.0,0.0,0.0,-952500000.0,-868000000.0,-0.502,-868000000.0,-952500000.0,-952500000.0,-2.32,-2.32,-2.32,1846500000.0,2349500000.0,1846500000.0,1316295470.0,-1.0,-1.516,83800000.0,0.209,1.0,660100000.0,0.382,166600000.0,0.0,1588000000.0,1710375000.0,176900000.0,955100000.0,955100000.0,0.0,664700000.0,559600000.0,105100000.0,1671695470.0,163100000.0,0.0,-154900000.0,0.0,0.0,-154800000.0,182600000.0,232400000.0,133600000.0,1700000.0,-930100000.0,-930100000.0,-930100000.0,0.0,0.0,-0.538,1630100000.0,-970000000.0,84100000.0,0.0,0.905,-1.797,-1.81,278300000.0,0.0,4.2,0.967,0.972,332700000.0,1183200000.0,1729000000.0,1729000000.0,305200000.0,-0.302,-0.396,-0.557,-0.551,26300000.0,271800000.0,1.0,398022731.0,400100000,400100000.0,4.321,2344600000.0,38700000.0,-22400000.0,135700000.0,5.86,1376200000.0
5,TLAB,MRY,2007-12-31,2007-12-28,2007-12-28,2019-09-04,132300000.0,3746600000.0,3873900000.0,2111700000.0,1634900000.0,0.494,6.673,-57600000.0,213000000.0,213000000.0,1239100000.0,65000000.0,3.138,0.286,291000000.0,291000000.0,0.0,291000000.0,30000000.0,90700000.0,0.0,0.0,0.0,70200000.0,160900000.0,0.084,160900000.0,70200000.0,70200000.0,0.15,0.15,0.15,2913300000.0,2978250000.0,2913300000.0,3048207456.0,43.0,18.945,75800000.0,0.174,1.0,674300000.0,0.352,1177500000.0,0.0,1974100000.0,2079500000.0,171200000.0,1296500000.0,1296500000.0,0.0,833300000.0,673000000.0,160300000.0,2942407456.0,59400000.0,0.0,-166600000.0,0.0,0.0,-164500000.0,82900000.0,140500000.0,133400000.0,7600000.0,65000000.0,65000000.0,65000000.0,0.0,0.0,0.034,647100000.0,27200000.0,91300000.0,0.0,1.01,45.268,44.667,302400000.0,0.0,6.7,1.538,1.529,363800000.0,2113300000.0,1913400000.0,1913400000.0,343100000.0,0.017,0.022,0.034,0.037,30000000.0,275700000.0,1.0,439165292.0,436600000,441100000.0,4.383,2569100000.0,10600000.0,5200000.0,162700000.0,5.884,1438700000.0
6,TLAB,MRY,2006-12-31,2006-12-29,2006-12-29,2019-09-04,94800000.0,3922400000.0,3713325000.0,2232600000.0,1689800000.0,0.55,6.59,-66400000.0,153600000.0,153600000.0,1107600000.0,194100000.0,2.929,0.335,288600000.0,288600000.0,0.0,288600000.0,55400000.0,103500000.0,0.0,0.0,0.0,284700000.0,388200000.0,0.19,388200000.0,284700000.0,284700000.0,0.44,0.43,0.44,2938300000.0,2901150000.0,2938300000.0,4650802014.0,16.0,11.98,253700000.0,0.569,1.0,933600000.0,0.457,1197000000.0,0.0,2098200000.0,1857200000.0,167000000.0,1435100000.0,1435100000.0,0.0,984100000.0,762200000.0,221900000.0,4532702014.0,-727200000.0,0.0,-176300000.0,0.0,0.0,-161000000.0,-898700000.0,-832300000.0,320100000.0,12400000.0,194100000.0,194100000.0,194100000.0,0.0,0.0,0.095,686800000.0,246800000.0,119500000.0,0.0,1.543,23.352,23.318,307900000.0,0.0,10.26,2.221,2.241,411000000.0,2042000000.0,2041200000.0,2041200000.0,356900000.0,0.052,0.067,0.153,0.139,36900000.0,293300000.0,1.0,441783822.0,445900000,454100000.0,4.578,2725400000.0,10700000.0,90600000.0,226100000.0,6.112,1470400000.0
7,TLAB,MRY,2005-12-31,2005-12-30,2005-12-30,2019-09-04,57000000.0,3514900000.0,3438575000.0,1873000000.0,1641900000.0,0.548,6.256,-46200000.0,880800000.0,880800000.0,1028400000.0,175800000.0,3.566,0.249,180800000.0,180800000.0,0.0,180800000.0,9300000.0,126100000.0,0.0,0.0,0.0,213100000.0,339200000.0,0.18,339200000.0,213100000.0,213100000.0,0.39,0.39,0.39,2814700000.0,2708300000.0,2814700000.0,4437650000.0,21.0,13.083,212200000.0,0.472,1.0,855000000.0,0.454,1229100000.0,0.0,1060600000.0,1362325000.0,109100000.0,489700000.0,489700000.0,0.0,700200000.0,525200000.0,175000000.0,4888650000.0,587900000.0,0.0,-121600000.0,0.0,0.0,-121600000.0,472300000.0,518500000.0,258400000.0,-21200000.0,175800000.0,175800000.0,175800000.0,0.0,0.0,0.093,666200000.0,188800000.0,97100000.0,0.0,1.737,27.808,27.949,300100000.0,0.0,10.9,2.596,2.604,319400000.0,1847900000.0,1883400000.0,1883400000.0,344000000.0,0.051,0.065,0.156,0.113,30300000.0,271100000.0,1.0,448500000.0,449900000,454500000.0,4.186,2285800000.0,15900000.0,37300000.0,124800000.0,5.081,1347800000.0
8,TLAB,MRY,2004-12-31,2004-12-31,2004-12-31,2019-09-04,125900000.0,3545100000.0,2855725000.0,1834900000.0,1710200000.0,0.431,6.657,-9900000.0,292900000.0,292900000.0,574800000.0,-29800000.0,3.423,0.267,204000000.0,204000000.0,0.0,204000000.0,0.0,82300000.0,0.0,0.0,0.0,-10200000.0,72100000.0,0.059,72100000.0,-10200000.0,-10200000.0,-0.07,-0.07,-0.07,2797200000.0,2405325000.0,2797200000.0,3077323436.0,-302.0,42.681,204800000.0,0.487,1.0,657000000.0,0.533,1248300000.0,0.0,1671900000.0,1504550000.0,116400000.0,1027300000.0,1027300000.0,0.0,747900000.0,536000000.0,211900000.0,3583623436.0,47000000.0,-244300000.0,8900000.0,0.0,0.0,8900000.0,-193900000.0,60300000.0,214700000.0,17300000.0,-29800000.0,-29800000.0,-29800000.0,0.0,0.0,-0.024,688700000.0,-31700000.0,96300000.0,0.0,1.281,-120.256,-122.714,328800000.0,0.0,8.59,2.909,2.93,309400000.0,1672100000.0,1231800000.0,1231800000.0,250300000.0,-0.01,-0.012,-0.007,-0.008,6500000.0,236600000.0,1.0,417185499.0,420200000,420200000.0,2.931,2296800000.0,38900000.0,19600000.0,143800000.0,5.466,1298900000.0
9,TLAB,MRY,2003-12-31,2004-01-02,2004-01-02,2019-09-04,95500000.0,2607500000.0,2584775000.0,1498800000.0,1108700000.0,0.379,5.372,-9500000.0,245900000.0,245900000.0,626400000.0,-241600000.0,7.213,0.175,0.0,0.0,0.0,0.0,0.0,110200000.0,0.0,0.0,0.0,-244700000.0,-134500000.0,-0.137,-134500000.0,-244700000.0,-244700000.0,-0.58,-0.58,-0.58,2219300000.0,2225550000.0,2219300000.0,3246244505.0,-13.0,-24.136,140400000.0,0.34,1.0,354000000.0,0.361,660100000.0,0.0,1493700000.0,1501375000.0,41800000.0,877100000.0,877100000.0,0.0,388200000.0,207800000.0,180400000.0,3488044505.0,-207700000.0,-122600000.0,5900000.0,0.0,0.0,5900000.0,-410100000.0,-278000000.0,149900000.0,46600000.0,-241600000.0,-241600000.0,-241600000.0,0.0,0.0,-0.246,618500000.0,-264500000.0,47800000.0,0.0,1.572,-14.437,-14.414,315800000.0,0.0,8.36,3.558,3.523,196700000.0,1701900000.0,980400000.0,980400000.0,286100000.0,-0.093,-0.109,-0.163,-0.25,12800000.0,242600000.0,1.0,417230204.0,413100000,413100000.0,2.373,1947400000.0,22700000.0,-3100000.0,100100000.0,4.714,1291000000.0
10,TLAB,MRY,2002-12-31,2002-12-27,2002-12-27,2019-09-04,-52000000.0,2705700000.0,2768350000.0,1616500000.0,1089200000.0,0.476,5.567,-34100000.0,453600000.0,453600000.0,830500000.0,-313100000.0,6.283,0.181,0.0,0.0,0.0,0.0,0.0,142600000.0,0.0,0.0,0.0,-327800000.0,-185200000.0,-0.141,-185200000.0,-327800000.0,-327800000.0,-0.76,-0.76,-0.76,2290300000.0,2382225000.0,2290300000.0,2538670692.0,-8.0,-13.708,143700000.0,0.349,1.0,486500000.0,0.369,525800000.0,0.0,1469000000.0,1467200000.0,174500000.0,565600000.0,565600000.0,0.0,415400000.0,257300000.0,158100000.0,3061170692.0,-248300000.0,-291700000.0,2800000.0,-8800000.0,0.0,-6000000.0,-479300000.0,-153500000.0,177800000.0,59200000.0,-313100000.0,-313100000.0,-313100000.0,0.0,0.0,-0.238,816200000.0,-329700000.0,77400000.0,0.0,1.337,-9.777,-9.776,420900000.0,0.0,7.43,2.324,2.321,216800000.0,1943500000.0,1317000000.0,1317000000.0,335200000.0,-0.113,-0.131,-0.223,-0.249,12500000.0,297800000.0,1.0,412001439.0,411400000,411400000.0,3.201,2179900000.0,174800000.0,-14700000.0,82900000.0,5.299,1359200000.0
11,TLAB,MRY,2001-12-31,2001-12-28,2001-12-28,2019-09-04,-160100000.0,2865800000.0,2951340000.0,1944600000.0,921200000.0,0.745,6.02,-208200000.0,701900000.0,701900000.0,1436500000.0,-182000000.0,6.086,0.162,0.0,0.0,0.0,0.0,0.0,157500000.0,0.0,0.0,0.0,-244300000.0,-86800000.0,-0.039,-86800000.0,-244300000.0,-244800000.0,-0.44,-0.44,-0.44,2465600000.0,2590157750.0,2465600000.0,5955633071.0,-24.0,-68.613,211100000.0,0.515,1.0,763200000.0,0.347,188600000.0,500000.0,1655800000.0,1807346250.0,329100000.0,399700000.0,399700000.0,0.0,400200000.0,319500000.0,80700000.0,6473657071.0,372600000.0,-130800000.0,17800000.0,500000.0,0.0,18300000.0,-49000000.0,290000000.0,419300000.0,-16000000.0,-182000000.0,-182000000.0,-182000000.0,0.0,0.0,-0.083,1042600000.0,-279400000.0,63500000.0,0.0,2.626,-35.57,-35.886,520500000.0,0.0,15.79,2.943,2.94,330900000.0,2256600000.0,2199700000.0,2199700000.0,422700000.0,-0.062,-0.07,-0.135,-0.111,20100000.0,400300000.0,1.0,409984615.0,409600000,409600000.0,5.37,2677200000.0,164700000.0,-62800000.0,21400000.0,6.536,1625100000.0
12,TLAB,MRY,2000-12-31,2000-12-29,2000-12-29,2019-09-04,-130577000.0,3073067000.0,2771164250.0,2322479000.0,750588000.0,1.222,6.418,-207600000.0,329289000.0,329289000.0,1552000000.0,730800000.0,5.632,0.17,2850000.0,0.0,2850000.0,2850000.0,0.0,116200000.0,0.0,0.0,0.0,1080800000.0,1197000000.0,0.353,1197000000.0,1080800000.0,1080200000.0,1.79,1.75,1.79,2627584000.0,2391343250.0,2627584000.0,22975402637.0,21.0,19.194,218500000.0,0.534,1.0,1835400000.0,0.542,73924000.0,600000.0,2260359000.0,1871668750.0,428255000.0,693058000.0,693058000.0,0.0,445483000.0,412345000.0,33138000.0,23194115637.0,18700000.0,-500000.0,-95600000.0,-6500000.0,0.0,-102100000.0,-291200000.0,-83100000.0,426100000.0,-14100000.0,730800000.0,730800000.0,730800000.0,0.0,0.0,0.216,840400000.0,995000000.0,155006000.0,0.0,8.827,31.738,31.564,460761000.0,0.0,56.5,6.847,6.829,802546000.0,2438616000.0,3387400000.0,3387400000.0,412400000.0,0.264,0.306,0.577,0.319,27200000.0,407800000.0,1.0,410515321.0,409400000,418400000.0,8.274,2999143000.0,29773000.0,349400000.0,99361000.0,7.326,1910134000.0
13,TLAB,MRY,1999-12-31,1999-12-31,1999-12-31,2019-09-04,-41043000.0,2354625000.0,2007076250.0,1786928000.0,567697000.0,1.157,5.057,-99455000.0,310553000.0,310553000.0,940083000.0,549663000.0,6.485,0.15,9350000.0,0.0,9350000.0,9350000.0,0.0,84863000.0,0.0,0.0,0.0,802699000.0,887562000.0,0.382,887562000.0,802699000.0,802120000.0,1.36,1.32,1.36,2047505000.0,1740379750.0,2047505000.0,25574371060.0,32.0,28.814,352760000.0,0.871,1.0,1382287000.0,0.595,87275000.0,579000.0,1690612000.0,1362767250.0,185796000.0,657449000.0,657449000.0,0.0,307120000.0,275535000.0,31585000.0,25821112060.0,65092000.0,-143420000.0,45204000.0,6001000.0,0.0,51205000.0,-418125000.0,-175250000.0,452215000.0,-20203000.0,549663000.0,549663000.0,549663000.0,0.0,0.0,0.237,650449000.0,731838000.0,111597000.0,0.0,12.611,46.976,47.197,336186000.0,0.0,64.188,11.118,11.19,611227000.0,1707820000.0,2322370000.0,2322370000.0,312287000.0,0.274,0.316,0.589,0.346,99257000.0,329127000.0,1.0,402276332.0,404872000,417041000.0,5.736,2267350000.0,0.0,252457000.0,56202000.0,5.6,1511393000.0
14,TLAB,MRY,1998-12-31,1999-01-01,1999-01-01,2019-09-04,11216000.0,1645125000.0,1417331000.0,1268873000.0,376252000.0,1.204,3.511,-80723000.0,239292000.0,239292000.0,706099000.0,391460000.0,5.771,0.177,3349000.0,0.0,3349000.0,3349000.0,0.0,59406000.0,0.0,0.0,0.0,578011000.0,637417000.0,0.374,637417000.0,578011000.0,577650000.0,0.98,0.96,0.98,1397613000.0,1184078000.0,1397613000.0,13098604445.0,23.0,20.55,158619000.0,0.398,1.0,999978000.0,0.586,55559000.0,361000.0,1133734000.0,947052750.0,122424000.0,419394000.0,419394000.0,0.0,247512000.0,219889000.0,27623000.0,13318466445.0,108487000.0,-16941000.0,40772000.0,518000.0,0.0,41290000.0,-174195000.0,-76531000.0,239342000.0,2050000.0,391460000.0,391460000.0,391460000.0,0.0,0.0,0.229,515569000.0,484409000.0,63953000.0,0.0,9.529,34.023,34.981,256087000.0,0.0,34.281,7.806,8.0,480620000.0,1161331000.0,1706077000.0,1706077000.0,224111000.0,0.276,0.331,0.61,0.339,32848000.0,247819000.0,1.0,388505858.0,398115000,408882000.0,4.285,1589566000.0,0.0,186190000.0,79227000.0,3.993,1048984000.0
15,TLAB,MRY,1997-12-31,1998-01-02,1998-01-02,2019-09-04,-27901000.0,1183379000.0,,862934000.0,320445000.0,,2.404,-90219000.0,109048000.0,109048000.0,517883000.0,275302000.0,3.821,0.268,98840000.0,0.0,98840000.0,98840000.0,0.0,49082000.0,0.0,0.0,0.0,417259000.0,466341000.0,0.365,466341000.0,417259000.0,416827000.0,0.71,0.69,0.71,933109000.0,,933109000.0,,,,128666000.0,0.331,1.0,759358000.0,0.595,111116000.0,432000.0,836235000.0,,89614000.0,377986000.0,377986000.0,0.0,250270000.0,225820000.0,24450000.0,9951999590.0,31719000.0,-7821000.0,20418000.0,373000.0,0.0,20791000.0,-202737000.0,-104697000.0,218885000.0,-5220000.0,275302000.0,275302000.0,275302000.0,0.0,0.0,0.216,379972000.0,379386000.0,50422000.0,0.0,10.665,36.149,38.556,209329000.0,0.0,27.375,7.792,8.319,284084000.0,732826000.0,1277241000.0,1277241000.0,171189000.0,,,,0.327,0.0,202565000.0,1.0,363543364.0,388155000,399234000.0,3.291,1072263000.0,0.0,141525000.0,66211000.0,2.762,637114000.0
16,TLAB,MRY,1996-12-31,1996-12-27,1996-12-27,2019-09-04,,,,,,,,-64831000.0,,,349732000.0,117965000.0,,,,,,,,32648000.0,,0.0,0.0,176455000.0,209103000.0,0.241,209103000.0,176455000.0,175282000.0,0.33,0.32,0.33,,,,,,,95472000.0,0.267,1.0,519243000.0,0.598,,1173000.0,,,,,,,,,,,-2039000.0,-91732000.0,22480000.0,0.0,0.0,22480000.0,-185422000.0,-28859000.0,160303000.0,600000.0,117965000.0,117965000.0,117965000.0,0.0,0.0,0.136,350300000.0,168943000.0,,0.0,,,59.848,,0.0,19.75,,8.114,,,868975000.0,868975000.0,107258000.0,,,,0.203,0.0,164701000.0,1.0,,357018000,366060000.0,2.434,,,57317000.0,,,
17,TLAB,MRY,1995-12-31,1995-12-29,1995-12-29,2019-09-04,,,,,,,,-35191000.0,,,271394000.0,115606000.0,,,,,,,,23682000.0,,0.0,0.0,162949000.0,186631000.0,0.294,186631000.0,162949000.0,162825000.0,0.33,0.315,0.33,,,,,,,62464000.0,0.177,1.0,363835000.0,0.573,,124000.0,,,,,,,,,,,41025000.0,0.0,18246000.0,0.0,0.0,18246000.0,-78365000.0,-43174000.0,97655000.0,3489000.0,115606000.0,115606000.0,115606000.0,0.0,0.0,0.182,207182000.0,156653000.0,,0.0,,,28.03,,0.0,9.25,,5.137,,,635229000.0,635229000.0,81893000.0,,,,0.257,0.0,122721000.0,1.0,,352776000,366510000.0,1.801,,,47219000.0,,,
0,TLAB,MRQ,2013-09-30,2013-09-27,2013-09-27,2019-09-04,91600000.0,1518600000.0,,1121900000.0,396700000.0,,2.798,-5200000.0,316500000.0,316500000.0,124700000.0,-9800000.0,2.444,0.526,234000000.0,234000000.0,0.0,234000000.0,21400000.0,9700000.0,0.0,0.447,0.0,-6900000.0,2800000.0,0.014,2800000.0,-6900000.0,-6900000.0,-0.03,-0.03,-0.03,995400000.0,,995400000.0,787796510.0,-9.0,-17.904,9400000.0,0.026,1.0,73800000.0,0.372,123400000.0,0.0,853600000.0,,116300000.0,468600000.0,468600000.0,0.0,523200000.0,459100000.0,64100000.0,810896510.0,49300000.0,0.0,-100000.0,0.0,0.0,-100000.0,34300000.0,39500000.0,14600000.0,500000.0,-9800000.0,-9800000.0,-9800000.0,0.0,0.0,-0.049,80000000.0,-6200000.0,54800000.0,0.0,0.815,-8.377,-8.143,201500000.0,0.0,2.28,0.94,0.941,187100000.0,562500000.0,198500000.0,198500000.0,40000000.0,,,,,1700000.0,38800000.0,1.0,355656364.0,355700000,355700000.0,0.558,1395200000.0,10800000.0,2900000.0,64100000.0,3.922,662800000.0
1,TLAB,MRQ,2013-06-30,2013-06-28,2013-06-28,2019-09-04,87200000.0,1539100000.0,,1139500000.0,399600000.0,,2.806,-4500000.0,267200000.0,267200000.0,131900000.0,-7800000.0,2.395,0.54,244100000.0,244100000.0,0.0,244100000.0,25500000.0,8800000.0,0.0,0.525,0.0,-4800000.0,4000000.0,0.019,4000000.0,-4800000.0,-4800000.0,-0.02,-0.02,-0.02,999200000.0,,999200000.0,543351273.0,-7.0,-15.349,-21300000.0,-0.06,1.0,80200000.0,0.378,124400000.0,0.0,915800000.0,,113700000.0,518600000.0,518600000.0,0.0,539900000.0,475800000.0,64100000.0,704051273.0,-103100000.0,0.0,-4800000.0,0.0,0.0,-4800000.0,-79400000.0,-74900000.0,-16800000.0,-2100000.0,-7800000.0,-7800000.0,-7800000.0,0.0,0.0,-0.037,84300000.0,-4100000.0,57300000.0,0.0,0.705,-7.745,-7.615,204700000.0,0.0,1.98,0.759,0.76,200200000.0,572300000.0,212100000.0,212100000.0,41900000.0,,,,,2000000.0,40900000.0,1.0,355581451.0,356100000,356100000.0,0.596,1414700000.0,14500000.0,3000000.0,62400000.0,3.973,663700000.0
2,TLAB,MRQ,2013-03-31,2013-03-29,2013-03-29,2019-09-04,88600000.0,1545200000.0,,1130200000.0,415000000.0,,2.814,-3100000.0,370300000.0,370300000.0,137100000.0,-55900000.0,2.418,0.528,209600000.0,209600000.0,0.0,209600000.0,26700000.0,10700000.0,0.0,0.507,0.0,-58900000.0,-48200000.0,-0.23,-48200000.0,-58900000.0,-58900000.0,-0.16,-0.16,-0.16,1011200000.0,,1011200000.0,715828677.0,-10.0,-28.519,-8500000.0,-0.024,1.0,72300000.0,0.345,125300000.0,0.0,791700000.0,,112600000.0,410900000.0,410900000.0,0.0,534000000.0,467500000.0,66500000.0,744428677.0,146600000.0,0.0,-27000000.0,0.0,0.0,-27000000.0,179100000.0,182200000.0,-5400000.0,-100000.0,-55900000.0,-55900000.0,-55900000.0,0.0,0.0,-0.267,133100000.0,-60800000.0,60700000.0,0.0,0.736,-8.479,-8.36,210200000.0,0.0,2.09,0.741,0.748,199600000.0,580100000.0,209400000.0,209400000.0,52700000.0,,,,,3100000.0,44600000.0,1.0,356185970.0,359400000,359400000.0,0.583,1419900000.0,14900000.0,-3000000.0,67800000.0,3.951,662700000.0
3,TLAB,MRQ,2012-12-31,2012-12-28,2012-12-28,2019-09-04,99000000.0,1638100000.0,,1189700000.0,448400000.0,,2.996,-14600000.0,223700000.0,223700000.0,148800000.0,-23300000.0,2.533,0.487,195100000.0,195100000.0,0.0,195100000.0,20300000.0,11800000.0,0.0,0.462,1.02,-14400000.0,-2600000.0,-0.011,-2600000.0,-14400000.0,-14400000.0,-0.07,-0.07,-0.07,1101300000.0,,1101300000.0,926717593.0,-6.0,-9.399,26000000.0,0.071,1.0,93400000.0,0.386,126500000.0,0.0,1013400000.0,,101000000.0,575800000.0,575800000.0,0.0,536800000.0,469600000.0,67200000.0,860017593.0,88800000.0,0.0,-100000.0,0.0,-374900000.0,-375000000.0,418500000.0,433100000.0,40600000.0,4700000.0,-23300000.0,-23300000.0,-23300000.0,0.0,0.0,-0.096,112700000.0,-19300000.0,57400000.0,-14.571,0.781,-5.009,-4.979,230400000.0,0.0,2.34,0.817,0.816,246800000.0,636000000.0,242200000.0,242200000.0,59300000.0,,,,,4000000.0,43500000.0,1.0,367528886.0,367600000,367600000.0,0.659,1511600000.0,7300000.0,8900000.0,83400000.0,4.112,720100000.0
4,TLAB,MRQ,2012-09-30,2012-09-28,2012-09-28,2019-09-04,88700000.0,2023700000.0,,1580300000.0,443400000.0,,4.039,-6900000.0,134900000.0,134900000.0,160800000.0,-3900000.0,3.377,0.362,201600000.0,201600000.0,0.0,201600000.0,21500000.0,11600000.0,0.0,0.023,0.02,-200000.0,11400000.0,0.043,11400000.0,-200000.0,-200000.0,-0.01,-0.01,-0.01,1485300000.0,,1485300000.0,1311584778.0,-10.0,-16.457,3200000.0,0.009,1.0,103600000.0,0.392,127500000.0,0.0,1495000000.0,,101400000.0,1008500000.0,1008500000.0,0.0,538400000.0,467900000.0,70500000.0,1296784778.0,-31600000.0,0.0,-600000.0,0.0,-7400000.0,-8000000.0,-36800000.0,-29900000.0,10100000.0,3100000.0,-3900000.0,-3900000.0,-3900000.0,0.0,0.0,-0.015,105700000.0,-2100000.0,57400000.0,-2.0,0.873,-8.459,-8.405,226300000.0,0.0,3.53,1.15,1.152,284800000.0,1034200000.0,264400000.0,264400000.0,53700000.0,,,,,5400000.0,47600000.0,1.0,367361127.0,367700000,367700000.0,0.719,1896200000.0,22500000.0,3700000.0,72000000.0,5.157,1112400000.0
5,TLAB,MRQ,2012-06-30,2012-06-29,2012-06-29,2019-09-04,71400000.0,2033200000.0,,1580800000.0,452400000.0,,4.017,-4900000.0,166500000.0,166500000.0,173900000.0,-4700000.0,3.255,0.379,181300000.0,181300000.0,0.0,181300000.0,34000000.0,12200000.0,0.0,0.024,0.02,2100000.0,14300000.0,0.05,14300000.0,2100000.0,2100000.0,-0.01,-0.01,-0.01,1474500000.0,,1474500000.0,1329982081.0,-5.0,-6.594,27000000.0,0.074,1.0,114200000.0,0.396,128400000.0,0.0,1433900000.0,,123600000.0,952500000.0,952500000.0,0.0,558700000.0,485700000.0,73000000.0,1219482081.0,53700000.0,0.0,-1200000.0,0.0,-7300000.0,-8500000.0,38000000.0,42900000.0,31900000.0,-7700000.0,-4700000.0,-4700000.0,-4700000.0,0.0,0.0,-0.016,112600000.0,1600000.0,73000000.0,-2.0,0.827,-4.363,-4.325,229600000.0,0.0,3.33,1.023,1.025,277400000.0,1045500000.0,288100000.0,288100000.0,58800000.0,,,,,4900000.0,51900000.0,1.0,366210835.0,367100000,367100000.0,0.785,1904800000.0,25500000.0,6800000.0,81100000.0,5.189,1095100000.0
6,TLAB,MRQ,2012-03-31,2012-03-30,2012-03-30,2019-09-04,102500000.0,2126200000.0,,1652800000.0,473400000.0,,4.14,-5000000.0,112800000.0,112800000.0,162200000.0,-139800000.0,3.08,0.404,223300000.0,223300000.0,0.0,223300000.0,49700000.0,14400000.0,0.0,0.02,0.02,-136100000.0,-121700000.0,-0.472,-121700000.0,-136100000.0,-136100000.0,-0.38,-0.38,-0.38,1513900000.0,,1513900000.0,1536932007.0,-5.0,-6.679,-42500000.0,-0.116,1.0,95700000.0,0.371,129700000.0,0.0,1570300000.0,,132600000.0,1044500000.0,1044500000.0,0.0,612300000.0,536700000.0,75600000.0,1478732007.0,-19900000.0,0.0,-1800000.0,0.0,-7300000.0,-9100000.0,23300000.0,28300000.0,-37500000.0,3400000.0,-139800000.0,-139800000.0,-139800000.0,0.0,0.0,-0.542,232600000.0,-136900000.0,54300000.0,-0.053,0.977,-4.863,-4.821,242600000.0,0.0,4.05,1.211,1.213,299500000.0,1057500000.0,257900000.0,257900000.0,66900000.0,,,,,5500000.0,57500000.0,1.0,365119014.0,365700000,365700000.0,0.705,1996500000.0,23700000.0,3700000.0,82100000.0,5.459,1116100000.0
7,TLAB,MRQ,2011-12-31,2011-12-30,2011-12-30,2019-09-04,89800000.0,2248000000.0,,1696800000.0,551200000.0,,4.505,-19100000.0,132700000.0,132700000.0,182300000.0,-4900000.0,3.202,0.367,190900000.0,190900000.0,0.0,190900000.0,40800000.0,18600000.0,0.0,0.02,0.02,-2300000.0,16300000.0,0.051,16300000.0,-2300000.0,-2300000.0,-0.02,-0.02,-0.02,1644700000.0,,1644700000.0,1443895136.0,-7.0,-12.154,-36400000.0,-0.1,1.0,134500000.0,0.425,179100000.0,0.0,1597100000.0,,144000000.0,1034800000.0,1034800000.0,0.0,603300000.0,530000000.0,73300000.0,1474395136.0,-61500000.0,0.0,-100000.0,0.0,-7300000.0,-7400000.0,-35000000.0,-15900000.0,-17300000.0,-1800000.0,-4900000.0,-4900000.0,-4900000.0,0.0,0.0,-0.015,137900000.0,-3400000.0,97100000.0,-1.0,0.896,-7.826,-7.769,273500000.0,0.0,4.04,1.147,1.145,317600000.0,1204600000.0,316800000.0,316800000.0,79500000.0,,,,,2700000.0,53700000.0,1.0,364949291.0,365100000,365100000.0,0.868,2068900000.0,27900000.0,2600000.0,84700000.0,5.667,1166800000.0
8,TLAB,MRQ,2011-09-30,2011-09-30,2011-09-30,2019-09-04,112200000.0,2279700000.0,,1721300000.0,558400000.0,,4.593,-13700000.0,194200000.0,194200000.0,193500000.0,-130100000.0,3.256,0.359,163700000.0,163700000.0,0.0,163700000.0,35800000.0,19000000.0,0.0,0.019,0.02,-129600000.0,-110600000.0,-0.335,-110600000.0,-129600000.0,-129600000.0,-0.36,-0.36,-0.36,1677400000.0,,1677400000.0,1519254943.0,-8.0,-12.342,7800000.0,0.021,1.0,136300000.0,0.413,184200000.0,0.0,1536400000.0,,155800000.0,999600000.0,999600000.0,0.0,602300000.0,528600000.0,73700000.0,1565354943.0,-19400000.0,0.0,-100000.0,0.0,-7300000.0,-7400000.0,-21300000.0,-7600000.0,21500000.0,-12200000.0,-130100000.0,-130100000.0,-130100000.0,0.0,0.0,-0.394,268000000.0,-131700000.0,105900000.0,-0.056,0.933,-8.052,-7.944,272100000.0,0.0,4.29,1.135,1.136,297300000.0,1216800000.0,329800000.0,329800000.0,80800000.0,,,,,6300000.0,60000000.0,1.0,364884602.0,365200000,365200000.0,0.903,2095500000.0,36800000.0,500000.0,101700000.0,5.738,1192700000.0
9,TLAB,MRQ,2011-06-30,2011-07-01,2011-07-01,2019-09-04,146700000.0,2478300000.0,,1796900000.0,681400000.0,,5.055,-21700000.0,213600000.0,213600000.0,201500000.0,-29300000.0,3.209,0.345,167500000.0,167500000.0,0.0,167500000.0,83300000.0,19100000.0,0.0,0.017,0.02,-33200000.0,-14100000.0,-0.045,-14100000.0,-33200000.0,-33200000.0,-0.08,-0.08,-0.08,1843100000.0,,1843100000.0,1671257225.0,836.0,21.209,6500000.0,0.018,1.0,115200000.0,0.364,291700000.0,0.0,1580600000.0,,163600000.0,1011900000.0,1011900000.0,0.0,635200000.0,559900000.0,75300000.0,1682057225.0,22900000.0,0.0,-2700000.0,0.0,-7300000.0,-10000000.0,2800000.0,24500000.0,28200000.0,1900000.0,-29300000.0,-29300000.0,-29300000.0,0.0,0.0,-0.093,150400000.0,-35200000.0,106400000.0,-0.25,0.913,-224.274,-154.333,278800000.0,0.0,4.63,1.137,1.141,342200000.0,1354200000.0,316700000.0,316700000.0,83500000.0,,,,,8000000.0,61800000.0,1.0,363295297.0,364600000,364600000.0,0.869,2186600000.0,20300000.0,-3900000.0,92300000.0,5.997,1237000000.0
10,TLAB,MRQ,2011-03-31,2011-04-01,2011-04-01,2019-09-04,134000000.0,2505900000.0,,1821200000.0,684700000.0,,5.127,-10400000.0,190700000.0,190700000.0,200100000.0,-24100000.0,3.209,0.346,179900000.0,179900000.0,0.0,179900000.0,52600000.0,19500000.0,0.0,0.015,0.02,-29900000.0,-10400000.0,-0.032,-10400000.0,-29900000.0,-29900000.0,-0.07,-0.07,-0.07,1861200000.0,,1861200000.0,1883211750.0,16.0,9.579,-91900000.0,-0.253,1.0,122300000.0,0.379,296700000.0,0.0,1630900000.0,,189900000.0,1046400000.0,1046400000.0,0.0,644700000.0,567500000.0,77200000.0,1878411750.0,-18100000.0,0.0,-1600000.0,0.0,-7200000.0,-8600000.0,65300000.0,75700000.0,-81500000.0,6700000.0,-24100000.0,-24100000.0,-24100000.0,0.0,0.0,-0.075,154900000.0,-32600000.0,94200000.0,-0.286,1.009,21.867,23.545,269500000.0,0.0,5.18,1.185,1.186,318900000.0,1390800000.0,322400000.0,322400000.0,80300000.0,,,,,7400000.0,68400000.0,1.0,362627751.0,363000000,363000000.0,0.888,2209200000.0,30400000.0,-5800000.0,118700000.0,6.086,1253700000.0
11,TLAB,MRQ,2010-12-31,2010-12-31,2010-12-31,2019-09-04,108600000.0,2602900000.0,,1912800000.0,690100000.0,,5.085,-24400000.0,208800000.0,208800000.0,254700000.0,-10900000.0,2.885,0.398,213600000.0,213600000.0,0.0,213600000.0,43000000.0,19800000.0,0.0,0.012,0.02,-7800000.0,12000000.0,0.029,12000000.0,-7800000.0,-7800000.0,-0.03,-0.02,-0.03,1861500000.0,,1861500000.0,2446547529.0,13.0,9.102,28700000.0,0.078,1.0,155800000.0,0.38,301600000.0,0.0,1643000000.0,,162300000.0,1139300000.0,1139300000.0,0.0,741400000.0,663100000.0,78300000.0,2501347529.0,-77400000.0,0.0,-50700000.0,0.0,-7400000.0,-56500000.0,-72200000.0,-47800000.0,53100000.0,-1800000.0,-10900000.0,-10900000.0,-10900000.0,0.0,0.0,-0.027,162500000.0,-6700000.0,123400000.0,-0.667,1.344,16.075,16.537,269300000.0,0.0,6.78,1.523,1.561,342600000.0,1422100000.0,410500000.0,410500000.0,82900000.0,,,,,4700000.0,73500000.0,1.0,368930314.0,366100000,370700000.0,1.121,2301300000.0,14800000.0,3100000.0,116500000.0,6.286,1249700000.0
12,TLAB,MRQ,2010-09-30,2010-10-01,2010-10-01,2019-09-04,122500000.0,2648000000.0,,1953000000.0,695000000.0,,5.15,-17000000.0,286200000.0,286200000.0,214100000.0,56800000.0,3.103,0.366,231400000.0,231400000.0,0.0,231400000.0,51700000.0,18400000.0,0.0,0.008,0.02,72900000.0,91300000.0,0.212,91300000.0,72900000.0,72900000.0,0.15,0.15,0.15,1937800000.0,,1937800000.0,2641171710.0,11.0,8.379,52800000.0,0.14,1.0,215700000.0,0.502,307300000.0,0.0,1656500000.0,,142100000.0,1115100000.0,1115100000.0,0.0,710200000.0,629400000.0,80800000.0,2768971710.0,-64700000.0,0.0,-110900000.0,0.0,-7500000.0,-117800000.0,-28400000.0,-11400000.0,69800000.0,11700000.0,56800000.0,56800000.0,56800000.0,0.0,0.0,0.132,150000000.0,65700000.0,74800000.0,0.133,1.429,12.113,12.1,260000000.0,0.0,7.26,1.708,1.685,341900000.0,1440400000.0,429800000.0,429800000.0,76300000.0,,,,,6900000.0,67600000.0,1.0,381401062.0,376300000,379800000.0,1.142,2340700000.0,24200000.0,16100000.0,124000000.0,6.22,1323600000.0
13,TLAB,MRQ,2010-06-30,2010-07-02,2010-07-02,2019-09-04,77900000.0,2646400000.0,,1962100000.0,684300000.0,,5.048,-10100000.0,350900000.0,350900000.0,196600000.0,64100000.0,3.174,0.36,223100000.0,223100000.0,0.0,223100000.0,62100000.0,19300000.0,0.0,0.006,0.02,84400000.0,103700000.0,0.245,103700000.0,84400000.0,84400000.0,0.17,0.16,0.17,1945400000.0,,1945400000.0,2539957849.0,13.0,9.318,95500000.0,0.248,1.0,226200000.0,0.535,315000000.0,0.0,1585500000.0,,135700000.0,1066600000.0,1066600000.0,0.0,701000000.0,618100000.0,82900000.0,2496557849.0,121600000.0,0.0,-13400000.0,0.0,-7700000.0,-21000000.0,45600000.0,55700000.0,105600000.0,-8600000.0,64100000.0,64100000.0,64100000.0,0.0,0.0,0.152,146900000.0,79300000.0,76400000.0,0.118,1.283,12.415,12.462,249700000.0,0.0,6.48,1.58,1.58,339400000.0,1391400000.0,422800000.0,422800000.0,71300000.0,,,,,7300000.0,68700000.0,1.0,385271273.0,385400000,389900000.0,1.097,2331400000.0,25500000.0,20300000.0,129900000.0,6.049,1344000000.0
14,TLAB,MRQ,2010-03-31,2010-04-02,2010-04-02,2019-09-04,116600000.0,2618500000.0,,1922000000.0,696500000.0,,5.029,-4000000.0,229300000.0,229300000.0,187300000.0,45600000.0,3.202,0.354,272700000.0,272700000.0,0.0,272700000.0,46600000.0,19800000.0,0.0,0.003,0.02,42000000.0,61800000.0,0.163,61800000.0,42000000.0,42000000.0,0.12,0.12,0.12,1934600000.0,,1934600000.0,3054540504.0,22.0,14.012,56300000.0,0.146,1.0,191900000.0,0.506,322800000.0,0.0,1738900000.0,,128500000.0,1190200000.0,1190200000.0,0.0,683900000.0,600200000.0,83700000.0,2955740504.0,75300000.0,0.0,-1200000.0,0.0,-7700000.0,-9600000.0,26900000.0,30900000.0,60300000.0,-2300000.0,45600000.0,45600000.0,45600000.0,0.0,0.0,0.12,156500000.0,35400000.0,43100000.0,0.167,1.528,19.357,19.718,256500000.0,0.0,7.69,1.915,1.917,303300000.0,1335000000.0,379200000.0,379200000.0,69200000.0,,,,,6500000.0,69900000.0,1.0,384361574.0,384700000,388600000.0,0.986,2295700000.0,23200000.0,-3600000.0,114100000.0,5.968,1321800000.0
15,TLAB,MRQ,2009-12-31,2010-01-01,2010-01-01,2019-09-04,139800000.0,2622800000.0,,1898100000.0,724700000.0,,4.966,-20500000.0,154000000.0,154000000.0,213100000.0,62100000.0,3.115,0.37,252800000.0,252800000.0,0.0,252800000.0,31300000.0,19700000.0,0.0,0.0,0.0,38700000.0,58400000.0,0.15,58400000.0,38700000.0,38700000.0,0.16,0.16,0.16,1914900000.0,,1914900000.0,2110220553.0,19.0,11.195,35200000.0,0.091,1.0,176200000.0,0.453,330400000.0,0.0,1781800000.0,,127700000.0,1203600000.0,1203600000.0,0.0,707900000.0,609400000.0,98500000.0,2193520553.0,-168700000.0,-164700000.0,-21800000.0,0.0,0.0,-21500000.0,-201400000.0,-16200000.0,55700000.0,-1500000.0,62100000.0,62100000.0,62100000.0,0.0,0.0,0.16,141100000.0,35100000.0,71500000.0,0.0,1.146,19.309,19.586,270600000.0,0.0,5.68,1.438,1.461,334200000.0,1296800000.0,389300000.0,389300000.0,67100000.0,,,,,4600000.0,66800000.0,1.0,386183196.0,385600000,388500000.0,1.01,2292400000.0,24200000.0,-23400000.0,122700000.0,5.945,1288700000.0
16,TLAB,MRQ,2009-09-30,2009-10-02,2009-10-02,2019-09-04,148200000.0,2572800000.0,,2033400000.0,539400000.0,,4.781,-10600000.0,322700000.0,322700000.0,227000000.0,29300000.0,3.423,0.372,239400000.0,239400000.0,0.0,239400000.0,42300000.0,18400000.0,0.0,0.0,0.0,30300000.0,48700000.0,0.125,48700000.0,30300000.0,30300000.0,0.07,0.07,0.07,1875700000.0,,1875700000.0,2593870433.0,35.0,17.167,55400000.0,0.141,1.0,162300000.0,0.417,148900000.0,0.0,1746500000.0,,127300000.0,1171400000.0,1171400000.0,0.0,697100000.0,594100000.0,103000000.0,2602870433.0,118400000.0,0.0,-61000000.0,0.0,0.0,-61000000.0,106800000.0,117400000.0,66000000.0,6600000.0,29300000.0,29300000.0,29300000.0,0.0,0.0,0.075,137200000.0,25100000.0,62500000.0,0.0,1.388,40.48,41.063,263200000.0,0.0,6.57,1.685,1.669,324000000.0,1234700000.0,389300000.0,389300000.0,65800000.0,,,,,4600000.0,65100000.0,1.0,396175104.0,392300000,394200000.0,0.992,2423900000.0,35400000.0,1000000.0,125300000.0,6.179,1439300000.0
17,TLAB,MRQ,2009-06-30,2009-07-03,2009-07-03,2019-09-04,129600000.0,2549400000.0,,2009500000.0,539900000.0,,4.754,-6400000.0,204300000.0,204300000.0,217900000.0,15700000.0,3.658,0.353,195300000.0,195300000.0,0.0,195300000.0,43500000.0,18400000.0,0.0,0.0,0.0,30700000.0,49100000.0,0.127,49100000.0,30700000.0,30700000.0,0.04,0.04,0.04,1883700000.0,,1883700000.0,2181893274.0,-2.0,-2.543,57500000.0,0.145,1.0,167500000.0,0.435,154600000.0,0.0,1836400000.0,,147800000.0,1233700000.0,1233700000.0,0.0,665700000.0,549400000.0,116300000.0,2216293274.0,-21900000.0,0.0,-800000.0,0.0,0.0,-800000.0,-90800000.0,-84400000.0,63900000.0,5800000.0,15700000.0,15700000.0,15700000.0,0.0,0.0,0.041,143000000.0,24500000.0,67500000.0,0.0,1.177,-2.3,-2.314,262400000.0,0.0,5.6,1.403,1.405,311400000.0,1205400000.0,385400000.0,385400000.0,66300000.0,,,,,5700000.0,66600000.0,1.0,395766656.0,396200000,397600000.0,0.973,2394800000.0,31400000.0,15000000.0,123000000.0,6.044,1460100000.0
18,TLAB,MRQ,2009-03-31,2009-04-03,2009-04-03,2019-09-04,114400000.0,2507500000.0,,1959100000.0,548400000.0,,4.669,-7400000.0,226200000.0,226200000.0,201900000.0,6500000.0,3.619,0.357,191800000.0,191800000.0,0.0,191800000.0,43700000.0,18800000.0,0.0,0.0,0.0,13500000.0,32300000.0,0.089,32300000.0,13500000.0,13500000.0,0.02,0.02,0.02,1847900000.0,,1847900000.0,1725962304.0,-2.0,-1.958,36700000.0,0.093,1.0,159800000.0,0.442,160400000.0,0.0,1771400000.0,,170800000.0,1149900000.0,1149900000.0,0.0,659600000.0,541300000.0,118300000.0,1922962304.0,-149900000.0,0.0,-200000.0,0.0,0.0,-200000.0,-190200000.0,-182800000.0,44100000.0,-3600000.0,6500000.0,6500000.0,6500000.0,0.0,0.0,0.018,151000000.0,8800000.0,72900000.0,0.0,1.041,-2.045,-2.059,265900000.0,0.0,4.86,1.182,1.183,320100000.0,1189700000.0,361700000.0,361700000.0,69500000.0,,,,,5500000.0,68800000.0,1.0,395671256.0,395800000,396600000.0,0.914,2347100000.0,38700000.0,7000000.0,131000000.0,5.93,1417800000.0
19,TLAB,MRQ,2008-12-31,2009-01-02,2009-01-02,2019-09-04,124800000.0,2511200000.0,,1935800000.0,575400000.0,,4.65,-16900000.0,376100000.0,376100000.0,238500000.0,12800000.0,3.459,0.36,179100000.0,179100000.0,0.0,179100000.0,34600000.0,20800000.0,0.0,0.0,0.0,200000.0,21000000.0,0.051,21000000.0,200000.0,200000.0,0.03,0.03,0.03,1846500000.0,,1846500000.0,1316295470.0,-1.0,-1.516,-13000000.0,-0.033,1.0,169800000.0,0.416,166600000.0,0.0,1588000000.0,,176900000.0,955100000.0,955100000.0,0.0,664700000.0,559600000.0,105100000.0,1671695470.0,-230800000.0,0.0,-10800000.0,0.0,0.0,-10700000.0,-225700000.0,-208800000.0,3900000.0,1700000.0,12800000.0,12800000.0,12800000.0,0.0,0.0,0.031,163400000.0,6400000.0,84100000.0,0.0,0.905,-1.797,-1.81,278300000.0,0.0,4.2,0.967,0.972,332700000.0,1183200000.0,408300000.0,408300000.0,71900000.0,,,,,5400000.0,67300000.0,1.0,398022731.0,397100000,397100000.0,1.028,2344600000.0,38700000.0,-12600000.0,135700000.0,5.904,1376200000.0
20,TLAB,MRQ,2008-09-30,2008-09-26,2008-09-26,2019-09-04,133600000.0,2561300000.0,,1973800000.0,587500000.0,,4.644,-15200000.0,606900000.0,606900000.0,261900000.0,-998500000.0,3.398,0.386,251500000.0,251500000.0,0.0,251500000.0,26900000.0,20600000.0,0.0,0.0,0.0,-981000000.0,-960400000.0,-2.265,-960400000.0,-981000000.0,-981000000.0,-2.51,-2.51,-2.51,1848300000.0,,1848300000.0,1674716021.0,-2.0,-1.935,-31000000.0,-0.078,1.0,162200000.0,0.382,173300000.0,0.0,1451800000.0,,161500000.0,811700000.0,811700000.0,0.0,713000000.0,580800000.0,132200000.0,1634016021.0,398300000.0,0.0,-1200000.0,0.0,0.0,-1200000.0,416900000.0,432100000.0,-15800000.0,-1600000.0,-998500000.0,-998500000.0,-998500000.0,0.0,0.0,-2.354,1144200000.0,-982000000.0,69300000.0,0.0,0.884,-1.745,-1.749,280600000.0,0.0,4.11,0.913,0.914,325800000.0,1170400000.0,424100000.0,424100000.0,74000000.0,,,,,5000000.0,66600000.0,1.0,397570808.0,398000000,398000000.0,1.066,2388000000.0,12300000.0,17500000.0,123100000.0,6.0,1393000000.0
21,TLAB,MRQ,2008-06-30,2008-06-27,2008-06-27,2019-09-04,162400000.0,3629700000.0,,2018300000.0,1611400000.0,,7.225,-10700000.0,208600000.0,208600000.0,282300000.0,39000000.0,3.304,0.264,249300000.0,249300000.0,0.0,249300000.0,41500000.0,21300000.0,0.0,0.0,0.0,4400000.0,25700000.0,0.059,25700000.0,4400000.0,4400000.0,0.1,0.1,0.1,2871900000.0,,2871900000.0,1934175564.0,89.0,17.745,51900000.0,0.131,1.0,150200000.0,0.347,1169100000.0,0.0,1890400000.0,,181600000.0,1237000000.0,1237000000.0,0.0,757800000.0,610900000.0,146900000.0,1851975564.0,36500000.0,0.0,-1200000.0,0.0,0.0,-1200000.0,-25600000.0,-14900000.0,62600000.0,700000.0,39000000.0,39000000.0,39000000.0,0.0,0.0,0.09,158000000.0,-7800000.0,84000000.0,0.0,0.645,28.274,27.412,288200000.0,0.0,4.66,1.016,1.016,321800000.0,2168900000.0,432500000.0,432500000.0,78600000.0,,,,,7900000.0,68400000.0,1.0,397419649.0,397500000,398500000.0,1.088,2460600000.0,11500000.0,-34600000.0,129400000.0,6.19,1407400000.0
22,TLAB,MRQ,2008-03-31,2008-03-28,2008-03-28,2019-09-04,167600000.0,3636500000.0,,2009700000.0,1626800000.0,,6.941,-7000000.0,172100000.0,172100000.0,286200000.0,16600000.0,3.175,0.284,254300000.0,254300000.0,0.0,254300000.0,35800000.0,21800000.0,0.0,0.0,0.0,23900000.0,45700000.0,0.098,45700000.0,23900000.0,23900000.0,0.04,0.04,0.04,2831300000.0,,2831300000.0,2299980992.0,39.0,15.561,75900000.0,0.186,1.0,177900000.0,0.383,1174400000.0,0.0,1911300000.0,,165800000.0,1236000000.0,1236000000.0,0.0,805200000.0,633000000.0,172200000.0,2221980992.0,-40900000.0,0.0,-141700000.0,0.0,0.0,-141700000.0,17000000.0,24000000.0,82900000.0,900000.0,16600000.0,16600000.0,16600000.0,0.0,0.0,0.036,164500000.0,13400000.0,81000000.0,0.0,0.785,39.608,38.357,297700000.0,0.0,5.37,1.154,1.138,367200000.0,2129900000.0,464100000.0,464100000.0,80700000.0,,,,,8000000.0,69500000.0,1.0,413776721.0,407900000,408900000.0,1.138,2462100000.0,11000000.0,7300000.0,176500000.0,6.036,1376700000.0
23,TLAB,MRQ,2007-12-31,2007-12-28,2007-12-28,2019-09-04,132300000.0,3746600000.0,,2111700000.0,1634900000.0,,6.761,-20200000.0,213000000.0,213000000.0,312600000.0,6300000.0,3.138,0.286,291000000.0,291000000.0,0.0,291000000.0,30000000.0,22100000.0,0.0,0.0,0.0,1600000.0,23700000.0,0.051,23700000.0,1600000.0,1600000.0,0.02,0.02,0.02,2913300000.0,,2913300000.0,3048207456.0,43.0,18.945,-12800000.0,-0.03,1.0,156500000.0,0.334,1177500000.0,0.0,1974100000.0,,171200000.0,1296500000.0,1296500000.0,0.0,833300000.0,673000000.0,160300000.0,2942407456.0,-31000000.0,0.0,-146000000.0,0.0,0.0,-144800000.0,100400000.0,120600000.0,7400000.0,6000000.0,6300000.0,6300000.0,6300000.0,0.0,0.0,0.013,161400000.0,-4900000.0,91300000.0,0.0,1.01,45.268,44.667,302400000.0,0.0,6.7,1.538,1.529,363800000.0,2113300000.0,469100000.0,469100000.0,86700000.0,,,,,7200000.0,68900000.0,1.0,439165292.0,430900000,433000000.0,1.089,2569100000.0,10600000.0,-4700000.0,162700000.0,5.962,1438700000.0
24,TLAB,MRQ,2007-09-30,2007-09-28,2007-09-28,2019-09-04,122700000.0,3954900000.0,,2312000000.0,1642900000.0,,6.908,-13000000.0,244000000.0,244000000.0,313600000.0,3600000.0,3.284,0.303,349800000.0,349800000.0,0.0,349800000.0,34500000.0,22000000.0,0.0,0.0,0.0,-8100000.0,13900000.0,0.03,13900000.0,-8100000.0,-8100000.0,0.01,0.01,0.01,3034100000.0,,3034100000.0,4213927405.0,46.0,22.583,53200000.0,0.121,1.0,144300000.0,0.315,1182700000.0,0.0,2174000000.0,,166700000.0,1477700000.0,1477700000.0,0.0,920800000.0,704000000.0,216800000.0,4182527405.0,-18700000.0,0.0,500000.0,0.0,0.0,-700000.0,-84400000.0,-71400000.0,66200000.0,200000.0,3600000.0,3600000.0,3600000.0,0.0,0.0,0.008,163100000.0,-18800000.0,84000000.0,0.0,1.379,47.637,45.333,297700000.0,0.0,9.52,2.202,2.202,352300000.0,2107000000.0,457900000.0,457900000.0,86600000.0,,,,,7800000.0,65300000.0,1.0,439341114.0,439200000,444500000.0,1.043,2772200000.0,15400000.0,-11700000.0,174200000.0,6.312,1608000000.0
25,TLAB,MRQ,2007-06-30,2007-06-29,2007-06-29,2019-09-04,99600000.0,3901700000.0,,2247000000.0,1654700000.0,,6.856,-14400000.0,262700000.0,262700000.0,346900000.0,29600000.0,3.289,0.299,294100000.0,294100000.0,0.0,294100000.0,45900000.0,23300000.0,0.0,0.0,0.0,41200000.0,64500000.0,0.121,64500000.0,41200000.0,41200000.0,0.07,0.07,0.07,3003500000.0,,3003500000.0,4830612764.0,25.0,16.386,17900000.0,0.041,1.0,187600000.0,0.351,1186900000.0,0.0,2063100000.0,,175100000.0,1350400000.0,1350400000.0,0.0,898200000.0,683100000.0,215100000.0,4710412764.0,113300000.0,0.0,-300000.0,0.0,0.0,1800000.0,80000000.0,94400000.0,32300000.0,-800000.0,29600000.0,29600000.0,29600000.0,0.0,0.0,0.055,160100000.0,27500000.0,87500000.0,0.0,1.568,32.871,32.606,299600000.0,0.0,10.76,2.399,2.401,386700000.0,2103400000.0,534500000.0,534500000.0,85300000.0,,,,,6100000.0,69100000.0,1.0,437770703.0,438100000,443300000.0,1.22,2714800000.0,19200000.0,11600000.0,195400000.0,6.197,1563900000.0
26,TLAB,MRQ,2007-03-31,2007-03-30,2007-03-30,2019-09-04,99400000.0,3892400000.0,,2217900000.0,1674500000.0,,6.76,-10000000.0,149400000.0,149400000.0,266000000.0,25500000.0,3.108,0.314,269600000.0,269600000.0,0.0,269600000.0,80000000.0,23300000.0,0.0,0.0,0.0,35500000.0,58800000.0,0.13,58800000.0,35500000.0,35500000.0,0.06,0.06,0.06,2962100000.0,,2962100000.0,4464478405.0,19.0,13.123,17500000.0,0.04,1.0,185900000.0,0.411,1192200000.0,0.0,2106800000.0,,210400000.0,1421900000.0,1421900000.0,0.0,930300000.0,713600000.0,216700000.0,4329478405.0,-4200000.0,0.0,-20800000.0,0.0,0.0,-20800000.0,-13100000.0,-3100000.0,27500000.0,2200000.0,25500000.0,25500000.0,25500000.0,0.0,0.0,0.056,162500000.0,23400000.0,99600000.0,0.0,1.462,25.894,26.053,301500000.0,0.0,9.9,2.188,2.193,368000000.0,2073800000.0,451900000.0,451900000.0,84500000.0,,,,,8900000.0,72400000.0,1.0,437321051.0,438200000,443200000.0,1.031,2700200000.0,14400000.0,10000000.0,208000000.0,6.162,1504300000.0
27,TLAB,MRQ,2006-12-31,2006-12-29,2006-12-29,2019-09-04,94800000.0,3922400000.0,,2232600000.0,1689800000.0,,6.67,-18400000.0,153600000.0,153600000.0,271300000.0,29100000.0,2.929,0.335,288600000.0,288600000.0,0.0,288600000.0,55400000.0,26600000.0,0.0,0.0,0.0,22800000.0,49400000.0,0.109,49400000.0,22800000.0,22800000.0,0.07,0.07,0.07,2938300000.0,,2938300000.0,4650802014.0,16.0,11.98,99100000.0,0.225,1.0,183400000.0,0.403,1197000000.0,0.0,2098200000.0,,167000000.0,1435100000.0,1435100000.0,0.0,984100000.0,762200000.0,221900000.0,4532702014.0,29000000.0,0.0,-31600000.0,0.0,0.0,-32500000.0,-57200000.0,-38800000.0,117500000.0,1200000.0,29100000.0,29100000.0,29100000.0,0.0,0.0,0.064,172300000.0,11100000.0,119500000.0,0.0,1.543,23.352,23.318,307900000.0,0.0,10.26,2.221,2.241,411000000.0,2042000000.0,454700000.0,454700000.0,82700000.0,,,,,9400000.0,75500000.0,1.0,441783822.0,440500000,445700000.0,1.032,2725400000.0,10700000.0,-6300000.0,226100000.0,6.187,1470400000.0
28,TLAB,MRQ,2006-09-30,2006-09-29,2006-09-29,2019-09-04,82900000.0,3726000000.0,,2086000000.0,1640000000.0,,6.551,-14100000.0,124600000.0,124600000.0,268800000.0,59100000.0,3.376,0.277,242700000.0,242700000.0,0.0,242700000.0,0.0,25300000.0,0.0,0.0,0.0,96800000.0,122100000.0,0.234,122100000.0,96800000.0,96800000.0,0.13,0.13,0.13,2918400000.0,,2918400000.0,4817792000.0,14.0,10.433,71600000.0,0.161,1.0,253700000.0,0.486,1210200000.0,0.0,2016100000.0,,155500000.0,1349100000.0,1349100000.0,0.0,807600000.0,617800000.0,189800000.0,4906792000.0,-170600000.0,0.0,-69000000.0,0.0,0.0,-68000000.0,-191100000.0,-177000000.0,85700000.0,2800000.0,59100000.0,59100000.0,59100000.0,0.0,0.0,0.113,167200000.0,86500000.0,84900000.0,0.0,1.681,19.085,19.228,296300000.0,0.0,10.96,2.328,2.316,378500000.0,2012900000.0,522500000.0,522500000.0,89600000.0,,,,,8900000.0,71200000.0,1.0,447700000.0,445500000,451200000.0,1.173,2515800000.0,27900000.0,37700000.0,199200000.0,5.647,1468200000.0
29,TLAB,MRQ,2006-06-30,2006-06-30,2006-06-30,2019-09-04,72900000.0,3646000000.0,,1995300000.0,1650700000.0,,6.5,-21200000.0,295200000.0,295200000.0,295100000.0,53500000.0,3.6,0.253,206200000.0,206200000.0,0.0,206200000.0,0.0,26000000.0,0.0,0.0,0.0,83900000.0,109900000.0,0.2,109900000.0,83900000.0,83900000.0,0.12,0.12,0.12,2909900000.0,,2909900000.0,5699411000.0,18.0,13.12,85600000.0,0.191,1.0,254200000.0,0.463,1216700000.0,0.0,1786100000.0,,140300000.0,1128500000.0,1128500000.0,0.0,736100000.0,554200000.0,181900000.0,5964211000.0,-198400000.0,0.0,-21100000.0,0.0,0.0,-5900000.0,-305600000.0,-284400000.0,106800000.0,6300000.0,53500000.0,53500000.0,53500000.0,0.0,0.0,0.097,174300000.0,79900000.0,103800000.0,0.0,2.05,24.861,25.113,300400000.0,0.0,13.31,2.91,2.908,374100000.0,1953800000.0,549300000.0,549300000.0,91700000.0,,,,,3300000.0,73500000.0,1.0,448100000.0,447700000,458500000.0,1.227,2429300000.0,8600000.0,30400000.0,144800000.0,5.426,1441100000.0
30,TLAB,MRQ,2006-03-31,2006-03-31,2006-03-31,2019-09-04,67500000.0,3558900000.0,,1917500000.0,1641400000.0,,6.312,-12700000.0,493600000.0,493600000.0,272400000.0,52400000.0,3.532,0.254,228800000.0,228800000.0,0.0,228800000.0,0.0,25600000.0,0.0,0.0,0.0,81200000.0,106800000.0,0.207,106800000.0,81200000.0,81200000.0,0.12,0.11,0.12,2838000000.0,,2838000000.0,6461245949.0,22.0,15.74,-2600000.0,-0.006,1.0,242300000.0,0.471,1222800000.0,0.0,1528400000.0,,124000000.0,879800000.0,879800000.0,0.0,720900000.0,542900000.0,178000000.0,7161245949.0,-387200000.0,0.0,-54600000.0,0.0,0.0,-54600000.0,-344800000.0,-332100000.0,10100000.0,2100000.0,52400000.0,52400000.0,52400000.0,0.0,0.0,0.102,173000000.0,69300000.0,94200000.0,0.0,2.523,31.478,31.8,295500000.0,0.0,15.9,3.649,3.643,360800000.0,1900300000.0,514700000.0,514700000.0,92900000.0,,,,,15300000.0,73100000.0,1.0,450392827.0,449600000,460000000.0,1.145,2336100000.0,7400000.0,28800000.0,133600000.0,5.196,1374600000.0
31,TLAB,MRQ,2005-12-31,2005-12-30,2005-12-30,2019-09-04,57000000.0,3514900000.0,,1873000000.0,1641900000.0,,6.277,-26900000.0,880800000.0,880800000.0,273200000.0,92100000.0,3.566,0.249,180800000.0,180800000.0,0.0,180800000.0,9300000.0,29600000.0,0.0,0.0,0.0,93400000.0,123000000.0,0.236,123000000.0,93400000.0,93400000.0,0.2,0.21,0.2,2814700000.0,,2814700000.0,4437650000.0,21.0,13.083,90200000.0,0.201,1.0,248200000.0,0.476,1229100000.0,0.0,1060600000.0,,109100000.0,489700000.0,489700000.0,0.0,700200000.0,525200000.0,175000000.0,4888650000.0,240600000.0,0.0,3100000.0,0.0,0.0,3100000.0,112200000.0,139100000.0,117100000.0,8200000.0,92100000.0,92100000.0,92100000.0,0.0,0.0,0.177,163800000.0,84400000.0,97100000.0,0.0,1.737,27.808,27.949,300100000.0,0.0,10.9,2.596,2.604,319400000.0,1847900000.0,521400000.0,521400000.0,87600000.0,,,,,18600000.0,67400000.0,1.0,448500000.0,448400000,454500000.0,1.163,2285800000.0,15900000.0,1300000.0,124800000.0,5.098,1347800000.0
32,TLAB,MRQ,2005-09-30,2005-09-30,2005-09-30,2019-09-04,61200000.0,3431000000.0,,1775300000.0,1655700000.0,,6.04,-12800000.0,640200000.0,640200000.0,246200000.0,41900000.0,3.469,0.269,189200000.0,189200000.0,0.0,189200000.0,0.0,29200000.0,0.0,0.0,0.0,65500000.0,94700000.0,0.204,94700000.0,65500000.0,65500000.0,0.09,0.09,0.09,2704700000.0,,2704700000.0,4631600000.0,-558.0,41.465,23000000.0,0.051,1.0,217700000.0,0.469,1248800000.0,0.0,1219400000.0,,113400000.0,637300000.0,637300000.0,0.0,726300000.0,511800000.0,214500000.0,4707700000.0,363600000.0,0.0,200000.0,0.0,0.0,200000.0,336700000.0,349500000.0,35800000.0,-9100000.0,41900000.0,41900000.0,41900000.0,0.0,0.0,0.09,159800000.0,57900000.0,80700000.0,0.0,1.741,-85.595,-70.133,296700000.0,0.0,10.52,2.703,2.705,312300000.0,1755800000.0,463900000.0,463900000.0,84700000.0,,,,,4600000.0,67400000.0,1.0,447500000.0,447800000,453200000.0,1.036,2182200000.0,23600000.0,23600000.0,156300000.0,4.873,1263500000.0
33,TLAB,MRQ,2005-06-30,2005-07-01,2005-07-01,2019-09-04,62700000.0,3415000000.0,,1735800000.0,1679200000.0,,5.941,2400000.0,276600000.0,276600000.0,255300000.0,41100000.0,3.28,0.284,200500000.0,200500000.0,0.0,200500000.0,0.0,35200000.0,0.0,0.0,0.0,50800000.0,86000000.0,0.186,86000000.0,50800000.0,50800000.0,0.09,0.09,0.09,2660000000.0,,2660000000.0,3897558058.0,-123.0,49.969,100900000.0,0.225,1.0,207200000.0,0.448,1254200000.0,0.0,1555500000.0,,145900000.0,971200000.0,971200000.0,0.0,755000000.0,529200000.0,225800000.0,3895558058.0,91700000.0,0.0,-7600000.0,0.0,0.0,-7600000.0,12100000.0,9700000.0,98500000.0,-11300000.0,41100000.0,41100000.0,41100000.0,0.0,0.0,0.089,161100000.0,46100000.0,78900000.0,0.0,1.464,-76.383,-66.846,304000000.0,0.0,8.69,2.494,2.491,261900000.0,1713900000.0,462500000.0,462500000.0,82900000.0,,,,,3600000.0,67800000.0,1.0,448280559.0,447700000,451400000.0,1.033,2160800000.0,34800000.0,9700000.0,154600000.0,4.826,1206600000.0
34,TLAB,MRQ,2005-03-31,2005-04-01,2005-04-01,2019-09-04,95500000.0,3393400000.0,,1720100000.0,1673300000.0,,5.822,-8900000.0,184900000.0,184900000.0,253700000.0,700000.0,3.181,0.279,186900000.0,186900000.0,0.0,186900000.0,0.0,32100000.0,0.0,0.0,0.0,3400000.0,35500000.0,0.081,35500000.0,3400000.0,3400000.0,0.0,0.0,0.0,2653800000.0,,2653800000.0,3156696705.0,-140.0,46.49,-1900000.0,-0.004,1.0,181900000.0,0.418,1240800000.0,0.0,1613800000.0,,155200000.0,997700000.0,997700000.0,0.0,739600000.0,540800000.0,198800000.0,3245596705.0,-108000000.0,0.0,-117300000.0,0.0,0.0,-117300000.0,11300000.0,20200000.0,7000000.0,-9000000.0,700000.0,700000.0,700000.0,0.0,0.0,0.002,181500000.0,400000.0,110100000.0,,1.223,-76.367,-72.5,316800000.0,0.0,7.25,2.312,2.354,267700000.0,1672600000.0,435600000.0,435600000.0,88800000.0,,,,,3500000.0,68500000.0,1.0,447668511.0,455800000,458800000.0,0.956,2152600000.0,64300000.0,2700000.0,160800000.0,4.723,1179300000.0
35,TLAB,MRQ,2004-12-31,2004-12-31,2004-12-31,2019-09-04,125900000.0,3545100000.0,,1834900000.0,1710200000.0,,6.463,-12200000.0,292900000.0,292900000.0,200800000.0,-138700000.0,3.423,0.267,204000000.0,204000000.0,0.0,204000000.0,0.0,23500000.0,0.0,0.0,0.0,-128000000.0,-104500000.0,-0.275,-104500000.0,-128000000.0,-128000000.0,-0.33,-0.33,-0.33,2797200000.0,,2797200000.0,3077323436.0,-302.0,42.681,-11800000.0,-0.027,1.0,178600000.0,0.471,1248300000.0,0.0,1671900000.0,,116400000.0,1027300000.0,1027300000.0,0.0,747900000.0,536000000.0,211900000.0,3583623436.0,-213400000.0,-244300000.0,800000.0,0.0,0.0,800000.0,-233200000.0,23300000.0,400000.0,18600000.0,-138700000.0,-138700000.0,-138700000.0,0.0,0.0,-0.366,308600000.0,-130000000.0,96300000.0,0.0,1.281,-120.256,-122.714,328800000.0,0.0,8.59,2.909,2.93,309400000.0,1672100000.0,379400000.0,379400000.0,67800000.0,,,,,-1400000.0,64700000.0,1.0,417185499.0,432800000,420800000.0,0.877,2296800000.0,38900000.0,10700000.0,143800000.0,5.307,1298900000.0
36,TLAB,MRQ,2004-09-30,2004-10-01,2004-10-01,2019-09-04,85000000.0,2680600000.0,,1634400000.0,1046200000.0,,5.595,6500000.0,506300000.0,506300000.0,131200000.0,45900000.0,9.0,0.15,0.0,0.0,0.0,0.0,0.0,18800000.0,0.0,0.0,0.0,42200000.0,61000000.0,0.215,61000000.0,42200000.0,42200000.0,0.11,0.11,0.11,2331600000.0,,2331600000.0,3588858023.0,39.0,20.484,90600000.0,0.217,1.0,153100000.0,0.539,647200000.0,0.0,1345500000.0,,64300000.0,836700000.0,836700000.0,0.0,349000000.0,181600000.0,167400000.0,3862458023.0,232700000.0,0.0,4300000.0,0.0,0.0,4300000.0,141700000.0,135200000.0,84100000.0,2600000.0,45900000.0,45900000.0,45900000.0,0.0,0.0,0.161,120200000.0,32900000.0,50600000.0,0.0,1.657,45.07,44.19,278000000.0,0.0,9.28,3.413,3.417,173100000.0,1810900000.0,284300000.0,284300000.0,59500000.0,,,,,2300000.0,57000000.0,1.0,416213149.0,416700000,420700000.0,0.682,2033400000.0,13900000.0,-3700000.0,94800000.0,4.88,1452800000.0
37,TLAB,MRQ,2004-06-30,2004-07-02,2004-07-02,2019-09-04,72900000.0,2625300000.0,,1570200000.0,1055100000.0,,5.449,-9800000.0,273600000.0,273600000.0,129500000.0,49600000.0,8.599,0.158,0.0,0.0,0.0,0.0,0.0,16000000.0,0.0,0.0,0.0,59900000.0,75900000.0,0.249,75900000.0,59900000.0,59900000.0,0.12,0.12,0.12,2267500000.0,,2267500000.0,3275089307.0,-213.0,44.139,61000000.0,0.147,1.0,174800000.0,0.574,649800000.0,0.0,1519300000.0,,55900000.0,968000000.0,968000000.0,0.0,357800000.0,182600000.0,175200000.0,3538389307.0,10300000.0,0.0,1200000.0,0.0,0.0,1200000.0,-61100000.0,-51300000.0,70800000.0,-600000.0,49600000.0,49600000.0,49600000.0,0.0,0.0,0.163,120200000.0,54600000.0,52100000.0,0.0,1.56,-141.536,-141.833,279400000.0,0.0,8.51,3.241,3.243,180800000.0,1764900000.0,304300000.0,304300000.0,61100000.0,,,,,5600000.0,57200000.0,1.0,415791928.0,416100000,420300000.0,0.731,1975500000.0,14700000.0,10300000.0,101800000.0,4.748,1387600000.0
38,TLAB,MRQ,2004-03-31,2004-04-02,2004-04-02,2019-09-04,83500000.0,2571900000.0,,1492000000.0,1079900000.0,,5.359,5600000.0,263300000.0,263300000.0,113300000.0,13400000.0,8.609,0.156,0.0,0.0,0.0,0.0,0.0,24000000.0,0.0,0.0,0.0,15700000.0,39700000.0,0.15,39700000.0,15700000.0,15700000.0,0.03,0.03,0.03,2225000000.0,,2225000000.0,3550533970.0,-19.0,-42.881,65000000.0,0.157,1.0,150500000.0,0.571,653800000.0,0.0,1481500000.0,,42400000.0,916900000.0,916900000.0,0.0,346900000.0,173300000.0,173600000.0,3796433970.0,17400000.0,0.0,2600000.0,0.0,0.0,2600000.0,-41300000.0,-46900000.0,59400000.0,-3300000.0,13400000.0,13400000.0,13400000.0,0.0,0.0,0.051,139700000.0,10800000.0,43200000.0,0.0,1.706,-20.488,-20.311,299000000.0,0.0,9.14,3.716,3.714,186400000.0,1715400000.0,263800000.0,263800000.0,61900000.0,,,,,0.0,57700000.0,1.0,415364767.0,415200000,420900000.0,0.635,1918100000.0,9100000.0,2300000.0,100000000.0,4.62,1318700000.0
39,TLAB,MRQ,2003-12-31,2004-01-02,2004-01-02,2019-09-04,95500000.0,2607500000.0,,1498800000.0,1108700000.0,,5.357,-3500000.0,245900000.0,245900000.0,156500000.0,-23200000.0,7.213,0.175,0.0,0.0,0.0,0.0,0.0,25200000.0,0.0,0.0,0.0,-26600000.0,-1400000.0,-0.005,-1400000.0,-26600000.0,-26600000.0,-0.05,-0.05,-0.05,2219300000.0,,2219300000.0,3246244505.0,-13.0,-24.136,24800000.0,0.06,1.0,122800000.0,0.44,660100000.0,0.0,1493700000.0,,41800000.0,877100000.0,877100000.0,0.0,388200000.0,207800000.0,180400000.0,3488044505.0,4000000.0,800000.0,2200000.0,0.0,0.0,2200000.0,-42700000.0,-40000000.0,28300000.0,16200000.0,-23200000.0,-23200000.0,-23200000.0,0.0,0.0,-0.083,153000000.0,-30200000.0,47800000.0,0.0,1.572,-14.437,-14.414,315800000.0,0.0,8.36,3.558,3.523,196700000.0,1701900000.0,279300000.0,279300000.0,66200000.0,,,,,12800000.0,60300000.0,1.0,417230204.0,414300000,414300000.0,0.674,1947400000.0,22700000.0,-3400000.0,100100000.0,4.7,1291000000.0
40,TLAB,MRQ,2003-09-30,2003-09-26,2003-09-26,2019-09-04,31600000.0,2549900000.0,,1420900000.0,1129000000.0,,5.254,1500000.0,241800000.0,241800000.0,151300000.0,-64800000.0,7.045,0.174,0.0,0.0,0.0,0.0,0.0,24400000.0,0.0,0.0,0.0,-64400000.0,-40000000.0,-0.164,-40000000.0,-64400000.0,-64400000.0,-0.16,-0.16,-0.16,2171400000.0,,2171400000.0,2601680682.0,-11.0,-21.083,-1100000.0,-0.003,1.0,93200000.0,0.381,658100000.0,0.0,1448300000.0,,74600000.0,824000000.0,824000000.0,0.0,378500000.0,201700000.0,176800000.0,2848980682.0,-5500000.0,13200000.0,2500000.0,0.0,0.0,2500000.0,-400000.0,-15100000.0,-2600000.0,-5000000.0,-64800000.0,-64800000.0,-64800000.0,0.0,0.0,-0.265,159600000.0,-66400000.0,59700000.0,0.0,1.312,-9.406,-9.452,351800000.0,0.0,6.9,2.81,2.813,178600000.0,1725100000.0,244500000.0,244500000.0,68400000.0,,,,,0.0,58900000.0,1.0,412895751.0,413300000,413300000.0,0.592,1891800000.0,16100000.0,400000.0,89000000.0,4.577,1219200000.0
41,TLAB,MRQ,2003-06-30,2003-06-27,2003-06-27,2019-09-04,38200000.0,2624900000.0,,1435300000.0,1189600000.0,,5.424,-10300000.0,247300000.0,247300000.0,189600000.0,-110700000.0,6.676,0.173,0.0,0.0,0.0,0.0,0.0,29200000.0,0.0,0.0,0.0,-110300000.0,-81100000.0,-0.346,-81100000.0,-110300000.0,-110300000.0,-0.27,-0.27,-0.27,2237400000.0,,2237400000.0,2471831829.0,-9.0,-17.581,125100000.0,0.303,1.0,44500000.0,0.19,662000000.0,0.0,1500600000.0,,128800000.0,803400000.0,803400000.0,0.0,387500000.0,215000000.0,172500000.0,2729231829.0,-10100000.0,-123400000.0,1100000.0,0.0,0.0,1100000.0,-168300000.0,-34600000.0,135400000.0,21700000.0,-110700000.0,-110700000.0,-110700000.0,0.0,0.0,-0.473,161900000.0,-117400000.0,59300000.0,0.0,1.22,-8.29,-8.38,392700000.0,0.0,6.62,2.581,2.582,165900000.0,1790000000.0,234100000.0,234100000.0,74600000.0,,,,,0.0,58700000.0,1.0,412270669.0,412500000,412500000.0,0.568,1962900000.0,30600000.0,400000.0,87400000.0,4.759,1220300000.0
42,TLAB,MRQ,2003-03-31,2003-03-28,2003-03-28,2019-09-04,-28300000.0,2556800000.0,,1480600000.0,1076200000.0,,5.516,2800000.0,257400000.0,257400000.0,129000000.0,-42900000.0,7.04,0.124,0.0,0.0,0.0,0.0,0.0,31400000.0,0.0,0.0,0.0,-43400000.0,-12000000.0,-0.054,-12000000.0,-43400000.0,-43400000.0,-0.1,-0.1,-0.1,2274100000.0,,2274100000.0,1986567251.0,-5.0,-8.243,-8400000.0,-0.02,1.0,93500000.0,0.42,526200000.0,0.0,1562900000.0,,177200000.0,749200000.0,749200000.0,0.0,282700000.0,210300000.0,72400000.0,2440167251.0,-196100000.0,-13200000.0,100000.0,0.0,0.0,100000.0,-198700000.0,-188300000.0,-11200000.0,13700000.0,-42900000.0,-42900000.0,-42900000.0,0.0,0.0,-0.193,144000000.0,-50500000.0,60100000.0,0.0,1.073,-6.754,-6.805,407100000.0,0.0,5.92,2.089,2.09,154400000.0,1900600000.0,222500000.0,222500000.0,76900000.0,,,,,0.0,64700000.0,1.0,412190414.0,412300000,412300000.0,0.54,2030600000.0,98100000.0,-500000.0,0.0,4.925,1270300000.0
43,TLAB,MRQ,2002-12-31,2002-12-27,2002-12-27,2019-09-04,-52000000.0,2705700000.0,,1616500000.0,1089200000.0,,5.559,10200000.0,453600000.0,453600000.0,169700000.0,-84500000.0,6.283,0.181,0.0,0.0,0.0,0.0,0.0,34800000.0,0.0,0.0,0.0,-25100000.0,9700000.0,0.031,9700000.0,-25100000.0,5100000.0,-0.2,-0.2,-0.2,2290300000.0,,2290300000.0,2538670692.0,-8.0,-13.708,-6900000.0,-0.017,1.0,143100000.0,0.457,525800000.0,-30200000.0,1469000000.0,,174500000.0,565600000.0,565600000.0,0.0,415400000.0,257300000.0,158100000.0,3061170692.0,-69400000.0,-1900000.0,300000.0,-600000.0,0.0,-300000.0,-66100000.0,-74400000.0,-17100000.0,14100000.0,-84500000.0,-84500000.0,-84500000.0,0.0,0.0,-0.27,145100000.0,-2000000.0,77400000.0,0.0,1.337,-9.777,-9.776,420900000.0,0.0,7.43,2.324,2.321,216800000.0,1943500000.0,312800000.0,312800000.0,77900000.0,,,,,12500000.0,71700000.0,1.0,412001439.0,412000000,412000000.0,0.759,2179900000.0,174800000.0,89600000.0,82900000.0,5.291,1359200000.0
44,TLAB,MRQ,2002-09-30,2002-09-27,2002-09-27,2019-09-04,-88000000.0,2723200000.0,,1586100000.0,1137100000.0,,5.672,-18300000.0,523000000.0,523000000.0,169100000.0,-91100000.0,5.252,0.166,500000.0,0.0,500000.0,500000.0,0.0,35700000.0,0.0,0.0,0.0,-92900000.0,-57200000.0,-0.199,-57200000.0,-92900000.0,-123200000.0,-0.22,-0.22,-0.22,2335700000.0,,2335700000.0,1399473815.0,-3.0,-5.22,11000000.0,0.027,1.0,119000000.0,0.413,530700000.0,30300000.0,1368000000.0,,200700000.0,484300000.0,484300000.0,0.0,387500000.0,302000000.0,85500000.0,1834873815.0,87100000.0,-3700000.0,800000.0,0.0,0.0,800000.0,57400000.0,79400000.0,29300000.0,-400000.0,-91100000.0,-91100000.0,-91100000.0,0.0,0.0,-0.316,220900000.0,-101900000.0,69600000.0,0.0,0.786,-5.94,-5.947,436100000.0,0.0,4.46,1.245,1.246,185400000.0,2028200000.0,288100000.0,288100000.0,80400000.0,,,,,0.0,70100000.0,1.0,411406685.0,411800000,411800000.0,0.7,2192500000.0,168900000.0,-32100000.0,0.0,5.324,1284100000.0
45,TLAB,MRQ,2002-06-30,2002-06-28,2002-06-28,2019-09-04,-91100000.0,2805500000.0,,1606400000.0,1199100000.0,,5.883,-16500000.0,435900000.0,435900000.0,295200000.0,-142800000.0,5.412,0.16,500000.0,0.0,500000.0,500000.0,0.0,36300000.0,0.0,0.0,0.0,-217800000.0,-181500000.0,-0.527,-181500000.0,-217800000.0,-218100000.0,-0.35,-0.35,-0.35,2419200000.0,,2419200000.0,2019411329.0,-5.0,-8.716,34300000.0,0.083,1.0,49400000.0,0.143,531500000.0,300000.0,1541800000.0,,207900000.0,557400000.0,557400000.0,0.0,386300000.0,296800000.0,89500000.0,2547411329.0,-92600000.0,-2900000.0,600000.0,0.0,0.0,600000.0,-191100000.0,-171700000.0,50800000.0,47100000.0,-142800000.0,-142800000.0,-142800000.0,0.0,0.0,-0.414,275300000.0,-225900000.0,56500000.0,0.0,1.053,-9.53,-9.538,474000000.0,0.0,6.2,1.559,1.56,218800000.0,2119100000.0,344600000.0,344600000.0,86300000.0,,,,,0.0,78800000.0,1.0,410872795.0,411200000,411200000.0,0.838,2274000000.0,166900000.0,-75300000.0,0.0,5.53,1309600000.0
46,TLAB,MRQ,2002-03-31,2002-03-29,2002-03-29,2019-09-04,-164900000.0,2839000000.0,,1603600000.0,1235400000.0,,6.05,-9500000.0,528500000.0,528500000.0,196500000.0,5300000.0,5.497,0.143,500000.0,0.0,500000.0,500000.0,0.0,35800000.0,0.0,0.0,0.0,8900000.0,44700000.0,0.12,44700000.0,8900000.0,8400000.0,0.01,0.01,0.01,2483700000.0,,2483700000.0,3601227990.0,-9.0,-13.942,105300000.0,0.257,1.0,175000000.0,0.471,529300000.0,500000.0,1490000000.0,,293500000.0,383100000.0,383100000.0,0.0,355300000.0,291700000.0,63600000.0,4299754990.0,-173400000.0,-283200000.0,1100000.0,-8200000.0,0.0,-7100000.0,-279500000.0,13200000.0,114800000.0,-1600000.0,5300000.0,5300000.0,5300000.0,0.0,0.0,0.014,174900000.0,100000.0,52800000.0,0.0,1.731,-14.371,-14.342,509400000.0,0.0,10.47,2.39,2.389,247100000.0,2261900000.0,371500000.0,371500000.0,90600000.0,,,,,0.0,77200000.0,1.0,410673829.0,410500000,414800000.0,0.905,2309700000.0,135900000.0,3100000.0,5700000.0,5.627,1311900000.0
47,TLAB,MRQ,2001-12-31,2001-12-28,2001-12-28,2019-09-04,-160100000.0,2865800000.0,,1944600000.0,921200000.0,,6.011,-23900000.0,701900000.0,701900000.0,349000000.0,-80300000.0,6.086,0.162,0.0,0.0,0.0,0.0,0.0,42900000.0,0.0,0.0,0.0,-117000000.0,-74100000.0,-0.158,-74100000.0,-117000000.0,-117100000.0,-0.19,-0.19,-0.19,2465600000.0,,2465600000.0,5955633071.0,-24.0,-68.613,87400000.0,0.213,1.0,121000000.0,0.257,188600000.0,100000.0,1655800000.0,,329100000.0,399700000.0,399700000.0,0.0,400200000.0,319500000.0,80700000.0,6473657071.0,181000000.0,-17500000.0,-1500000.0,500000.0,0.0,-1000000.0,86800000.0,128300000.0,111300000.0,-16000000.0,-80300000.0,-80300000.0,-80300000.0,0.0,0.0,-0.171,245800000.0,-124800000.0,63500000.0,0.0,2.626,-35.57,-35.886,520500000.0,0.0,15.79,2.943,2.94,330900000.0,2256600000.0,470000000.0,470000000.0,90300000.0,,,,,20100000.0,89400000.0,1.0,409984615.0,410200000,410200000.0,1.146,2677200000.0,164700000.0,-36800000.0,21400000.0,6.527,1625100000.0
48,TLAB,MRQ,2001-09-30,2001-09-28,2001-09-28,2019-09-04,-130466000.0,2908057000.0,,1972359000.0,935698000.0,,6.276,-56000000.0,520874000.0,520874000.0,258500000.0,-49500000.0,7.168,0.131,2850000.0,0.0,2850000.0,2850000.0,0.0,38900000.0,0.0,0.0,0.0,-59700000.0,-20800000.0,-0.046,-20800000.0,-59700000.0,-59800000.0,-0.12,-0.12,-0.12,2572339000.0,,2572339000.0,3633259589.0,12.0,8.056,34400000.0,0.084,1.0,189700000.0,0.423,397230000.0,100000.0,1717645000.0,,415149000.0,531535000.0,531535000.0,0.0,335718000.0,275158000.0,60560000.0,4048560589.0,102700000.0,-24300000.0,500000.0,0.0,0.0,500000.0,-6900000.0,73300000.0,90400000.0,18600000.0,-49500000.0,-49500000.0,-49500000.0,0.0,0.0,-0.11,245500000.0,-55800000.0,58354000.0,0.0,1.574,20.945,20.583,538468000.0,0.0,9.88,1.402,1.402,337536000.0,2336947000.0,448200000.0,448200000.0,95600000.0,,,,,0.0,92100000.0,1.0,409773339.0,409900000,409900000.0,1.093,2510827000.0,111518000.0,-10300000.0,620000.0,6.125,1697201000.0
49,TLAB,MRQ,2001-06-30,2001-06-29,2001-06-29,2019-09-04,-177174000.0,2945103000.0,,2056397000.0,888706000.0,,6.277,-59300000.0,418151000.0,418151000.0,462800000.0,-174700000.0,6.453,0.146,2850000.0,0.0,2850000.0,2850000.0,0.0,38500000.0,0.0,0.0,0.0,-246600000.0,-208100000.0,-0.409,-208100000.0,-246600000.0,-246700000.0,-0.43,-0.43,-0.43,2570230000.0,,2570230000.0,7552298722.0,12.0,9.838,6400000.0,0.016,1.0,46600000.0,0.091,379284000.0,100000.0,1831822000.0,,473578000.0,616174000.0,616174000.0,0.0,374873000.0,318696000.0,56177000.0,7930876722.0,36800000.0,0.0,4500000.0,0.0,0.0,4500000.0,-23900000.0,35400000.0,65700000.0,-9500000.0,-174700000.0,-174700000.0,-174700000.0,0.0,0.0,-0.343,308000000.0,-261400000.0,111757000.0,0.0,3.086,18.439,18.283,509422000.0,0.0,19.38,2.439,2.44,411701000.0,2386421000.0,509400000.0,509400000.0,109900000.0,,,,,0.0,107700000.0,1.0,409229965.0,409500000,409500000.0,1.244,2565819000.0,104740000.0,-72000000.0,0.0,6.266,1737701000.0
50,TLAB,MRQ,2001-03-31,2001-03-30,2001-03-30,2019-09-04,-159116000.0,3086400000.0,,2202906000.0,883494000.0,,6.733,-69000000.0,381428000.0,381428000.0,366200000.0,122500000.0,7.265,0.121,2850000.0,0.0,2850000.0,2850000.0,0.0,37200000.0,0.0,0.0,0.0,179000000.0,216200000.0,0.28,216200000.0,179000000.0,178800000.0,0.3,0.29,0.3,2752462000.0,,2752462000.0,16311147371.0,15.0,13.216,82900000.0,0.203,1.0,405900000.0,0.526,380479000.0,200000.0,2024118000.0,,533941000.0,637636000.0,637636000.0,0.0,333938000.0,303225000.0,30713000.0,16637586371.0,52100000.0,-89000000.0,14300000.0,0.0,0.0,14300000.0,-105000000.0,53000000.0,151900000.0,-9100000.0,122500000.0,122500000.0,122500000.0,0.0,0.0,0.159,243200000.0,162700000.0,136503000.0,0.0,6.045,21.836,21.758,503015000.0,0.0,40.688,4.716,4.714,594936000.0,2561123000.0,772100000.0,772100000.0,126900000.0,,,,,0.0,111100000.0,1.0,408911493.0,408800000,416300000.0,1.889,2705921000.0,0.0,56300000.0,47694000.0,6.619,1899681000.0
51,TLAB,MRQ,2000-12-31,2000-12-29,2000-12-29,2019-09-04,-130577000.0,3073067000.0,,2322479000.0,750588000.0,,6.43,-77731000.0,329289000.0,329289000.0,510756000.0,294995000.0,5.632,0.17,2850000.0,0.0,2850000.0,2850000.0,0.0,32945000.0,0.0,0.0,0.0,430738000.0,463683000.0,0.4,463683000.0,430738000.0,430578000.0,0.73,0.71,0.73,2627584000.0,,2627584000.0,22975402637.0,21.0,19.194,27995000.0,0.069,1.0,647788000.0,0.559,73924000.0,160000.0,2260359000.0,,428255000.0,693058000.0,693058000.0,0.0,445483000.0,412345000.0,33138000.0,23194115637.0,107690000.0,35000.0,-118573000.0,0.0,0.0,-118573000.0,110155000.0,187851000.0,105726000.0,10382000.0,294995000.0,294995000.0,294995000.0,0.0,0.0,0.255,243150000.0,404638000.0,155006000.0,0.0,8.827,31.738,31.564,460761000.0,0.0,56.5,6.847,6.829,802546000.0,2438616000.0,1158544000.0,1158544000.0,111834000.0,,,,,13224000.0,125699000.0,1.0,410515321.0,408674000,416762000.0,2.835,2999143000.0,29773000.0,135583000.0,99361000.0,7.339,1910134000.0
52,TLAB,MRQ,2000-09-30,2000-09-29,2000-09-29,2019-09-04,-146074000.0,2866166000.0,,2200300000.0,665866000.0,,6.042,-65674000.0,221563000.0,221563000.0,378727000.0,187327000.0,6.209,0.156,2850000.0,0.0,2850000.0,2850000.0,0.0,28466000.0,0.0,0.0,0.0,267397000.0,295863000.0,0.364,295863000.0,267397000.0,267354000.0,0.46,0.45,0.46,2479411000.0,,2479411000.0,19206213842.0,21.0,18.63,6905000.0,0.017,1.0,433384000.0,0.534,269170000.0,43000.0,2023926000.0,,365362000.0,905584000.0,905584000.0,0.0,386755000.0,354357000.0,32398000.0,19582963842.0,-158037000.0,0.0,4665000.0,0.0,0.0,4665000.0,-222802000.0,-157128000.0,72579000.0,-12479000.0,187327000.0,187327000.0,187327000.0,0.0,0.0,0.231,202105000.0,231279000.0,171286000.0,0.0,7.898,31.53,30.031,396696000.0,0.0,47.75,6.65,6.654,691303000.0,2201025000.0,812111000.0,812111000.0,104262000.0,,,,,5260000.0,94809000.0,1.0,410114426.0,410354000,419160000.0,1.979,2596996000.0,0.0,80027000.0,64223000.0,6.329,1845943000.0
53,TLAB,MRQ,2000-06-30,2000-06-30,2000-06-30,2019-09-04,-95938000.0,2663266000.0,,2051571000.0,611695000.0,,5.633,-39740000.0,379600000.0,379600000.0,363423000.0,157128000.0,6.348,0.154,2850000.0,0.0,2850000.0,2850000.0,0.0,27928000.0,0.0,0.0,0.0,230568000.0,258496000.0,0.329,258496000.0,230568000.0,230228000.0,0.38,0.38,0.38,2308304000.0,,2308304000.0,27587045103.0,32.0,28.714,26241000.0,0.064,1.0,422037000.0,0.537,254686000.0,340000.0,1708636000.0,,263120000.0,762594000.0,762594000.0,0.0,354962000.0,323194000.0,31768000.0,28024697103.0,-60902000.0,0.0,9091000.0,0.0,0.0,9091000.0,-131628000.0,-91888000.0,65981000.0,-4346000.0,157128000.0,157128000.0,157128000.0,0.0,0.0,0.2,206384000.0,215653000.0,160116000.0,0.0,12.141,48.739,46.242,357009000.0,0.0,68.438,10.273,10.28,636528000.0,1990649000.0,785460000.0,785460000.0,103284000.0,,,,,4431000.0,100326000.0,1.0,409493291.0,409779000,418770000.0,1.917,2408580000.0,0.0,73100000.0,57470000.0,5.878,1728377000.0
54,TLAB,MRQ,2000-03-31,2000-03-31,2000-03-31,2019-09-04,-77656000.0,2482158000.0,,1898495000.0,583663000.0,,5.26,-24455000.0,440502000.0,440502000.0,299094000.0,91350000.0,6.233,0.154,2850000.0,0.0,2850000.0,2850000.0,0.0,26861000.0,0.0,0.0,0.0,152097000.0,178958000.0,0.283,178958000.0,152097000.0,152040000.0,0.29,0.29,0.29,2150074000.0,,2150074000.0,25189676265.0,31.0,27.975,157359000.0,0.385,1.0,332191000.0,0.526,246164000.0,57000.0,1493754000.0,,212293000.0,686216000.0,686216000.0,0.0,332084000.0,304588000.0,27496000.0,25495259265.0,129949000.0,-535000.0,9217000.0,-6500000.0,0.0,2717000.0,-46925000.0,-21935000.0,181814000.0,-7657000.0,91350000.0,91350000.0,91350000.0,0.0,0.0,0.145,188761000.0,143430000.0,142018000.0,0.0,11.858,47.212,45.0,337499000.0,0.0,63.0,10.264,10.369,552168000.0,1827908000.0,631285000.0,631285000.0,93020000.0,,,,,4285000.0,86966000.0,1.0,404686655.0,408794000,418909000.0,1.544,2235994000.0,0.0,60690000.0,66976000.0,5.47,1593907000.0
55,TLAB,MRQ,1999-12-31,1999-12-31,1999-12-31,2019-09-04,-41043000.0,2354625000.0,,1786928000.0,567697000.0,,5.028,-34489000.0,310553000.0,310553000.0,289934000.0,185276000.0,6.485,0.15,9350000.0,0.0,9350000.0,9350000.0,0.0,27006000.0,0.0,0.0,0.0,270618000.0,297624000.0,0.416,297624000.0,270618000.0,270554000.0,0.46,0.45,0.46,2047505000.0,,2047505000.0,25574371060.0,32.0,28.814,26766000.0,0.066,1.0,425990000.0,0.595,87275000.0,64000.0,1690612000.0,,185796000.0,657449000.0,657449000.0,0.0,307120000.0,275535000.0,31585000.0,25821112060.0,57442000.0,-33156000.0,16357000.0,2001000.0,0.0,18358000.0,-14577000.0,53068000.0,61255000.0,-7594000.0,185276000.0,185276000.0,185276000.0,0.0,0.0,0.259,196109000.0,229881000.0,111597000.0,0.0,12.611,46.976,47.197,336186000.0,0.0,64.188,11.118,11.19,611227000.0,1707820000.0,715924000.0,715924000.0,94566000.0,,,,,99257000.0,99239000.0,1.0,402276332.0,407194000,418718000.0,1.758,2267350000.0,0.0,85278000.0,56202000.0,5.568,1511393000.0
56,TLAB,MRQ,1999-09-30,1999-10-01,1999-10-01,2019-09-04,-20154000.0,2107498000.0,,1610619000.0,496879000.0,,4.491,-36266000.0,250060000.0,250060000.0,244262000.0,141247000.0,6.128,0.157,3319000.0,0.0,3319000.0,3319000.0,0.0,21439000.0,0.0,0.0,0.0,204227000.0,225666000.0,0.379,225666000.0,204227000.0,204125000.0,0.35,0.34,0.35,1821110000.0,,1821110000.0,21666618125.0,31.0,27.802,115182000.0,0.284,1.0,351096000.0,0.59,173175000.0,102000.0,1424767000.0,,164670000.0,673946000.0,673946000.0,0.0,286388000.0,262815000.0,23573000.0,21918385125.0,-12909000.0,-110264000.0,7164000.0,3890000.0,0.0,11054000.0,-175102000.0,-28572000.0,151448000.0,-309000.0,141247000.0,141247000.0,141247000.0,0.0,0.0,0.237,160813000.0,190283000.0,96548000.0,0.0,12.036,45.593,47.352,323704000.0,0.0,55.875,10.292,10.64,515368000.0,1529838000.0,595358000.0,595358000.0,79333000.0,,,,,0.0,77649000.0,1.0,392275349.0,405546000,417935000.0,1.468,1934323000.0,0.0,62878000.0,45952000.0,4.77,1347804000.0
57,TLAB,MRQ,1999-06-30,1999-07-02,1999-07-02,2019-09-04,-36099000.0,1852439000.0,,1466530000.0,385909000.0,,3.999,-19228000.0,254617000.0,254617000.0,211459000.0,122139000.0,7.233,0.145,2850000.0,0.0,2850000.0,2850000.0,0.0,19664000.0,0.0,0.0,0.0,178531000.0,198195000.0,0.366,198195000.0,178531000.0,178299000.0,0.3,0.29,0.3,1617474000.0,,1617474000.0,54566779001.0,88.0,78.882,36835000.0,0.091,1.0,329829000.0,0.609,138997000.0,232000.0,1258928000.0,,132819000.0,617595000.0,617595000.0,0.0,234965000.0,202747000.0,32218000.0,54864700001.0,-42850000.0,0.0,5204000.0,-267000.0,0.0,4937000.0,-99401000.0,-80173000.0,56063000.0,-4449000.0,122139000.0,122139000.0,122139000.0,0.0,0.0,0.226,159041000.0,170788000.0,69129000.0,0.0,33.92,129.833,67.368,246912000.0,0.0,70.063,27.954,14.439,458752000.0,1400354000.0,541288000.0,541288000.0,73786000.0,,,,,0.0,83828000.0,1.0,783082248.0,404490000,416993000.0,1.338,1713442000.0,0.0,56160000.0,58492000.0,4.236,1263783000.0
58,TLAB,MRQ,1999-03-31,1999-04-02,1999-04-02,2019-09-04,-31274000.0,1713743000.0,,1336633000.0,377110000.0,,3.668,-9472000.0,300771000.0,300771000.0,194428000.0,101001000.0,6.489,0.162,2850000.0,0.0,2850000.0,2850000.0,0.0,16754000.0,0.0,0.0,0.0,149323000.0,166077000.0,0.354,166077000.0,149323000.0,149142000.0,0.25,0.24,0.25,1475430000.0,,1475430000.0,18977880359.0,31.0,27.794,173977000.0,0.433,1.0,275372000.0,0.586,133091000.0,181000.0,1076762000.0,,135105000.0,510464000.0,510464000.0,0.0,238313000.0,205969000.0,32344000.0,19209748359.0,63409000.0,0.0,16479000.0,377000.0,0.0,16856000.0,-129045000.0,-119573000.0,183449000.0,-7851000.0,101001000.0,101001000.0,101001000.0,0.0,0.0,0.215,134486000.0,140886000.0,59360000.0,0.0,13.02,45.794,46.057,244019000.0,0.0,49.281,10.618,10.958,381354000.0,1272585000.0,469800000.0,469800000.0,64602000.0,,,,,0.0,68411000.0,1.0,389798318.0,402258000,414517000.0,1.168,1580652000.0,0.0,48141000.0,68024000.0,3.929,1130664000.0
59,TLAB,MRQ,1998-12-31,1999-01-01,1999-01-01,2019-09-04,11216000.0,1645125000.0,,1268873000.0,376252000.0,,3.407,-20136000.0,239292000.0,239292000.0,210869000.0,116357000.0,5.771,0.177,3349000.0,0.0,3349000.0,3349000.0,0.0,17346000.0,0.0,0.0,0.0,172022000.0,189368000.0,0.362,189368000.0,172022000.0,171946000.0,0.28,0.28,0.28,1397613000.0,,1397613000.0,13098604445.0,23.0,20.55,12893000.0,0.031,1.0,312331000.0,0.597,55559000.0,76000.0,1133734000.0,,122424000.0,419394000.0,419394000.0,0.0,247512000.0,219889000.0,27623000.0,13318466445.0,10145000.0,-3950000.0,27446000.0,-87000.0,0.0,27359000.0,-48657000.0,-24571000.0,33029000.0,-1586000.0,116357000.0,116357000.0,116357000.0,0.0,0.0,0.222,146464000.0,165867000.0,63953000.0,0.0,9.529,34.023,34.981,256087000.0,0.0,34.281,7.806,8.0,480620000.0,1161331000.0,523200000.0,523200000.0,66108000.0,,,,,32848000.0,78827000.0,1.0,388505858.0,410160000,422481000.0,1.276,1589566000.0,0.0,55589000.0,79227000.0,3.875,1048984000.0
60,TLAB,MRQ,1998-09-30,1998-10-02,1998-10-02,2019-09-04,-8781000.0,1441503000.0,,1080927000.0,360576000.0,,3.12,-23296000.0,233455000.0,233455000.0,180392000.0,83081000.0,6.064,0.169,13593000.0,0.0,13593000.0,13593000.0,0.0,16415000.0,0.0,0.0,0.0,121694000.0,138109000.0,0.322,138109000.0,121694000.0,121593000.0,0.21,0.21,0.21,1233529000.0,,1233529000.0,6978669508.0,13.0,11.766,27058000.0,0.068,1.0,247995000.0,0.579,113327000.0,101000.0,930053000.0,,139693000.0,376350000.0,376350000.0,0.0,207974000.0,178261000.0,29713000.0,7209907508.0,-60099000.0,-12991000.0,7025000.0,605000.0,0.0,7630000.0,-123494000.0,-87207000.0,50354000.0,5411000.0,83081000.0,83081000.0,83081000.0,0.0,0.0,0.194,129748000.0,118247000.0,59472000.0,0.0,5.845,20.055,23.795,247249000.0,0.0,19.75,4.588,4.968,322303000.0,1047545000.0,428387000.0,428387000.0,57566000.0,,,,,0.0,57828000.0,1.0,365058608.0,395300000,404912000.0,1.084,1328176000.0,0.0,38512000.0,56177000.0,3.36,902666000.0
61,TLAB,MRQ,1998-06-30,1998-07-03,1998-07-03,2019-09-04,-36639000.0,1295979000.0,,976189000.0,319790000.0,,2.939,-16213000.0,267489000.0,267489000.0,161596000.0,119042000.0,5.051,0.209,36251000.0,0.0,36251000.0,36251000.0,0.0,12825000.0,0.0,0.0,0.0,176435000.0,189260000.0,0.488,189260000.0,176435000.0,176359000.0,0.33,0.32,0.33,1072120000.0,,1072120000.0,12978229985.0,25.0,23.041,51806000.0,0.142,1.0,226123000.0,0.583,96583000.0,76000.0,774879000.0,,100223000.0,310311000.0,310311000.0,0.0,223859000.0,193279000.0,30580000.0,13027784985.0,89460000.0,0.0,2102000.0,0.0,0.0,2102000.0,17595000.0,33808000.0,68019000.0,1744000.0,119042000.0,119042000.0,119042000.0,0.0,0.0,0.307,126793000.0,99330000.0,57185000.0,0.0,12.151,38.234,44.969,223207000.0,0.0,35.75,8.968,8.977,293628000.0,920112000.0,387719000.0,387719000.0,47919000.0,,,,,0.0,52707000.0,1.0,364413566.0,364781000,374963000.0,1.063,1199396000.0,0.0,57317000.0,82968000.0,3.288,782910000.0
62,TLAB,MRQ,1998-03-31,1998-04-03,1998-04-03,2019-09-04,-43150000.0,1286717000.0,,955924000.0,330793000.0,,1.42,-21078000.0,178029000.0,178029000.0,138346000.0,68244000.0,4.172,0.246,128474000.0,0.0,128474000.0,128474000.0,0.0,12820000.0,0.0,0.0,0.0,101187000.0,114007000.0,0.348,114007000.0,101187000.0,101102000.0,0.095,0.09,0.095,1033050000.0,,1033050000.0,11822568631.0,28.0,24.888,66862000.0,0.092,1.0,189156000.0,0.578,58482000.0,85000.0,949545000.0,,94467000.0,422457000.0,422457000.0,0.0,253667000.0,229135000.0,24532000.0,11928766631.0,68981000.0,0.0,4199000.0,0.0,0.0,4199000.0,-19639000.0,1439000.0,87940000.0,-3519000.0,68244000.0,68244000.0,68244000.0,0.0,0.0,0.208,93256000.0,95900000.0,48098000.0,0.0,11.547,42.533,52.083,217938000.0,0.0,32.813,8.787,17.583,259595000.0,801070000.0,327502000.0,327502000.0,43306000.0,,,,,0.0,48474000.0,1.0,363543364.0,727490000,747788000.0,0.45,1228235000.0,0.0,32858000.0,63605000.0,1.688,726789000.0
63,TLAB,MRQ,1997-12-31,1998-01-02,1998-01-02,2019-09-04,-27901000.0,1183379000.0,,862934000.0,320445000.0,,2.404,-24957000.0,109048000.0,109048000.0,195189000.0,89147000.0,3.821,0.268,98840000.0,0.0,98840000.0,98840000.0,0.0,16858000.0,0.0,0.0,0.0,134894000.0,151752000.0,0.355,151752000.0,134894000.0,134774000.0,0.195,0.19,0.195,933109000.0,,933109000.0,,,,50153000.0,0.129,1.0,232820000.0,0.544,111116000.0,120000.0,836235000.0,,89614000.0,377986000.0,377986000.0,0.0,250270000.0,225820000.0,24450000.0,9951999590.0,-5688000.0,0.0,-10510000.0,373000.0,0.0,-10137000.0,-71823000.0,-46866000.0,75110000.0,1162000.0,89147000.0,89147000.0,89147000.0,0.0,0.0,0.208,104491000.0,128329000.0,50422000.0,0.0,10.665,36.149,38.556,209329000.0,0.0,27.375,7.792,8.319,284084000.0,732826000.0,428009000.0,428009000.0,60382000.0,,,,,0.0,42407000.0,1.0,363543364.0,388155000,399234000.0,1.103,1072263000.0,0.0,45627000.0,66211000.0,2.762,637114000.0
64,TLAB,MRQ,1997-09-30,1997-09-26,1997-09-26,2019-09-04,,,,,,,,-28377000.0,,,115829000.0,64307000.0,,,,,,,,10789000.0,,0.0,0.0,97448000.0,108237000.0,0.35,108237000.0,97448000.0,97434000.0,0.175,0.17,0.175,,,,,,,23050000.0,0.064,1.0,193579000.0,0.626,,14000.0,,,,,,,,,,,41696000.0,0.0,11080000.0,0.0,0.0,11080000.0,-18240000.0,10137000.0,51427000.0,-2571000.0,64307000.0,64307000.0,64307000.0,0.0,0.0,0.208,100266000.0,93313000.0,,0.0,,,,,0.0,26.531,,,,,309408000.0,309408000.0,40039000.0,,,,,0.0,58734000.0,1.0,,362548000,373152000.0,0.853,,,33127000.0,,,
65,TLAB,MRQ,1997-06-30,1997-06-27,1997-06-27,2019-09-04,,,,,,,,-21525000.0,,,111445000.0,58761000.0,,,,,,,,10957000.0,,0.0,0.0,90076000.0,101033000.0,0.345,101033000.0,90076000.0,89894000.0,0.165,0.16,0.165,,,,,,,25845000.0,0.071,1.0,181256000.0,0.619,,182000.0,,,,,,,,,,,-24639000.0,0.0,8652000.0,0.0,0.0,8652000.0,-80348000.0,-58823000.0,47370000.0,-313000.0,58761000.0,58761000.0,58761000.0,0.0,0.0,0.201,94899000.0,86357000.0,,0.0,,,,,0.0,27.5,,,,,292701000.0,292701000.0,37532000.0,,,,,0.0,55850000.0,1.0,,361498000,372110000.0,0.81,,,31133000.0,,,
66,TLAB,MRQ,1997-03-31,1997-03-28,1997-03-28,2019-09-04,,,,,,,,-15360000.0,,,95420000.0,63087000.0,,,,,,,,10478000.0,,0.0,0.0,94841000.0,105319000.0,0.426,105319000.0,94841000.0,94725000.0,0.175,0.17,0.175,,,,,,,29618000.0,0.082,1.0,151703000.0,0.614,,116000.0,,,,,,,,,,,20350000.0,-7821000.0,11196000.0,0.0,0.0,11196000.0,-32326000.0,-9145000.0,44978000.0,-3498000.0,63087000.0,63087000.0,63087000.0,0.0,0.0,0.255,80316000.0,71387000.0,,0.0,,,,,0.0,19.188,,,,,247123000.0,247123000.0,33236000.0,,,,,0.0,45574000.0,1.0,,360250000,371422000.0,0.686,,,31638000.0,,,
0,TLAB,MRT,2013-09-30,2013-09-27,2013-09-27,2019-09-04,91600000.0,1518600000.0,1560250000.0,1121900000.0,396700000.0,0.553,2.798,-27400000.0,316500000.0,316500000.0,542500000.0,-96800000.0,2.444,0.526,234000000.0,234000000.0,0.0,234000000.0,21400000.0,41000000.0,0.0,0.447,1.02,-85000000.0,-44000000.0,-0.051,-44000000.0,-85000000.0,-85000000.0,-0.28,-0.28,-0.28,995400000.0,1026775000.0,995400000.0,787796510.0,-9.0,-17.904,5600000.0,0.016,1.0,319700000.0,0.371,123400000.0,0.0,853600000.0,893625000.0,116300000.0,468600000.0,468600000.0,0.0,523200000.0,459100000.0,64100000.0,810896510.0,181600000.0,0.0,-32000000.0,0.0,-374900000.0,-406900000.0,552500000.0,579900000.0,33000000.0,3000000.0,-96800000.0,-96800000.0,-96800000.0,0.0,0.0,-0.112,410100000.0,-90400000.0,54800000.0,-3.643,0.815,-8.377,-8.143,201500000.0,0.0,2.28,0.94,0.941,187100000.0,562500000.0,862200000.0,862200000.0,193900000.0,-0.062,-0.094,-0.095,-0.099,10800000.0,167800000.0,1.0,355656364.0,355700000,355700000.0,2.424,1395200000.0,10800000.0,11800000.0,64100000.0,3.922,662800000.0
1,TLAB,MRT,2013-06-30,2013-06-28,2013-06-28,2019-09-04,87200000.0,1539100000.0,1686525000.0,1139500000.0,399600000.0,0.55,2.806,-29100000.0,267200000.0,267200000.0,578600000.0,-90900000.0,2.395,0.54,244100000.0,244100000.0,0.0,244100000.0,25500000.0,42900000.0,0.0,0.525,1.04,-78300000.0,-35400000.0,-0.038,-35400000.0,-78300000.0,-78300000.0,-0.26,-0.26,-0.26,999200000.0,1149250000.0,999200000.0,543351273.0,-7.0,-15.349,-600000.0,-0.002,1.0,349500000.0,0.377,124400000.0,0.0,915800000.0,1053975000.0,113700000.0,518600000.0,518600000.0,0.0,539900000.0,475800000.0,64100000.0,704051273.0,100700000.0,0.0,-32500000.0,0.0,-382300000.0,-414800000.0,481400000.0,510500000.0,28500000.0,5600000.0,-90900000.0,-90900000.0,-90900000.0,0.0,0.0,-0.098,435800000.0,-86300000.0,57300000.0,-4.0,0.705,-7.745,-7.615,204700000.0,0.0,1.98,0.759,0.76,200200000.0,572300000.0,928100000.0,928100000.0,207600000.0,-0.054,-0.079,-0.074,-0.084,14500000.0,176600000.0,1.0,355581451.0,356100000,356100000.0,2.606,1414700000.0,14500000.0,12600000.0,62400000.0,3.973,663700000.0
2,TLAB,MRT,2013-03-31,2013-03-29,2013-03-29,2019-09-04,88600000.0,1545200000.0,1810050000.0,1130200000.0,415000000.0,0.555,2.814,-29500000.0,370300000.0,370300000.0,620600000.0,-87800000.0,2.418,0.528,209600000.0,209600000.0,0.0,209600000.0,26700000.0,46300000.0,0.0,0.507,1.06,-71400000.0,-25100000.0,-0.025,-25100000.0,-71400000.0,-71400000.0,-0.25,-0.25,-0.25,1011200000.0,1268075000.0,1011200000.0,715828677.0,-10.0,-28.519,47700000.0,0.133,1.0,383500000.0,0.382,125300000.0,0.0,791700000.0,1183500000.0,112600000.0,410900000.0,410900000.0,0.0,534000000.0,467500000.0,66500000.0,744428677.0,257500000.0,0.0,-28900000.0,0.0,-389600000.0,-418500000.0,598800000.0,628300000.0,77200000.0,0.0,-87800000.0,-87800000.0,-87800000.0,0.0,0.0,-0.087,464100000.0,-80600000.0,60700000.0,-4.24,0.736,-8.479,-8.36,210200000.0,0.0,2.09,0.741,0.748,199600000.0,580100000.0,1004100000.0,1004100000.0,224500000.0,-0.049,-0.069,-0.06,-0.071,17400000.0,187600000.0,1.0,356185970.0,359400000,359400000.0,2.794,1419900000.0,14900000.0,16400000.0,67800000.0,3.951,662700000.0
3,TLAB,MRT,2012-12-31,2012-12-28,2012-12-28,2019-09-04,99000000.0,1638100000.0,1955300000.0,1189700000.0,448400000.0,0.538,3.001,-31400000.0,223700000.0,223700000.0,645700000.0,-171700000.0,2.533,0.487,195100000.0,195100000.0,0.0,195100000.0,20300000.0,50000000.0,0.0,0.462,1.08,-148600000.0,-98600000.0,-0.094,-98600000.0,-148600000.0,-148600000.0,-0.47,-0.47,-0.47,1101300000.0,1393750000.0,1101300000.0,926717593.0,-6.0,-9.399,13700000.0,0.037,1.0,406900000.0,0.387,126500000.0,0.0,1013400000.0,1378150000.0,101000000.0,575800000.0,575800000.0,0.0,536800000.0,469600000.0,67200000.0,860017593.0,91000000.0,0.0,-3700000.0,0.0,-396900000.0,-400600000.0,443000000.0,474400000.0,45100000.0,3500000.0,-171700000.0,-171700000.0,-171700000.0,0.0,0.0,-0.163,563600000.0,-156700000.0,57400000.0,-2.298,0.781,-5.009,-4.979,230400000.0,0.0,2.34,0.817,0.816,246800000.0,636000000.0,1052600000.0,1052600000.0,238700000.0,-0.088,-0.123,-0.108,-0.141,19800000.0,200500000.0,1.0,367528886.0,367000000,367000000.0,2.868,1511600000.0,7300000.0,23100000.0,83400000.0,4.119,720100000.0
4,TLAB,MRT,2012-09-30,2012-09-28,2012-09-28,2019-09-04,88700000.0,2023700000.0,2107775000.0,1580300000.0,443400000.0,0.535,4.039,-35900000.0,134900000.0,134900000.0,679200000.0,-153300000.0,3.377,0.362,201600000.0,201600000.0,0.0,201600000.0,21500000.0,56800000.0,0.0,0.023,0.08,-136500000.0,-79700000.0,-0.071,-79700000.0,-136500000.0,-136500000.0,-0.42,-0.42,-0.42,1485300000.0,1529600000.0,1485300000.0,1311584778.0,-10.0,-16.457,-48700000.0,-0.132,1.0,448000000.0,0.397,127500000.0,0.0,1495000000.0,1524075000.0,101400000.0,1008500000.0,1008500000.0,0.0,538400000.0,467900000.0,70500000.0,1296784778.0,-59300000.0,0.0,-3700000.0,0.0,-29300000.0,-33000000.0,-10500000.0,25400000.0,-12800000.0,-3000000.0,-153300000.0,-153300000.0,-153300000.0,0.0,0.0,-0.136,588800000.0,-140800000.0,57400000.0,-0.19,0.873,-8.459,-8.405,226300000.0,0.0,3.53,1.15,1.152,284800000.0,1034200000.0,1127200000.0,1127200000.0,258900000.0,-0.073,-0.1,-0.09,-0.121,18500000.0,210700000.0,1.0,367361127.0,367700000,367700000.0,3.066,1896200000.0,22500000.0,16800000.0,72000000.0,5.157,1112400000.0
5,TLAB,MRT,2012-06-30,2012-06-29,2012-06-29,2019-09-04,71400000.0,2033200000.0,2171775000.0,1580800000.0,452400000.0,0.549,4.017,-42700000.0,166500000.0,166500000.0,711900000.0,-279500000.0,3.255,0.379,181300000.0,181300000.0,0.0,181300000.0,34000000.0,64200000.0,0.0,0.024,0.08,-265900000.0,-201700000.0,-0.169,-201700000.0,-265900000.0,-265900000.0,-0.77,-0.77,-0.77,1474500000.0,1577625000.0,1474500000.0,1329982081.0,-5.0,-6.594,-44100000.0,-0.12,1.0,480700000.0,0.403,128400000.0,0.0,1433900000.0,1534425000.0,123600000.0,952500000.0,952500000.0,0.0,558700000.0,485700000.0,73000000.0,1219482081.0,-47100000.0,0.0,-3200000.0,0.0,-29200000.0,-32400000.0,5000000.0,47700000.0,-1400000.0,-18300000.0,-279500000.0,-279500000.0,-279500000.0,0.0,0.0,-0.234,751100000.0,-270400000.0,73000000.0,-0.104,0.827,-4.363,-4.325,229600000.0,0.0,3.33,1.023,1.025,277400000.0,1045500000.0,1192600000.0,1192600000.0,286000000.0,-0.129,-0.177,-0.173,-0.223,19400000.0,223100000.0,1.0,366210835.0,367100000,367100000.0,3.249,1904800000.0,25500000.0,13600000.0,81100000.0,5.189,1095100000.0
6,TLAB,MRT,2012-03-31,2012-03-30,2012-03-30,2019-09-04,102500000.0,2126200000.0,2283050000.0,1652800000.0,473400000.0,0.535,4.14,-59500000.0,112800000.0,112800000.0,739500000.0,-304100000.0,3.08,0.404,223300000.0,223300000.0,0.0,223300000.0,49700000.0,71100000.0,0.0,0.02,0.08,-301200000.0,-230100000.0,-0.188,-230100000.0,-301200000.0,-301200000.0,-0.84,-0.84,-0.84,1513900000.0,1669775000.0,1513900000.0,1536932007.0,-5.0,-6.679,-64600000.0,-0.177,1.0,481700000.0,0.394,129700000.0,0.0,1570300000.0,1571100000.0,132600000.0,1044500000.0,1044500000.0,0.0,612300000.0,536700000.0,75600000.0,1478732007.0,-77900000.0,0.0,-4700000.0,0.0,-29200000.0,-33900000.0,-30200000.0,29300000.0,-5100000.0,-8700000.0,-304100000.0,-304100000.0,-304100000.0,0.0,0.0,-0.249,788900000.0,-307200000.0,54300000.0,-0.095,0.977,-4.863,-4.821,242600000.0,0.0,4.05,1.211,1.213,299500000.0,1057500000.0,1221200000.0,1221200000.0,310700000.0,-0.133,-0.182,-0.192,-0.247,22500000.0,233000000.0,1.0,365119014.0,365700000,365700000.0,3.339,1996500000.0,23700000.0,2900000.0,82100000.0,5.459,1116100000.0
7,TLAB,MRT,2011-12-31,2011-12-30,2011-12-30,2019-09-04,89800000.0,2248000000.0,2377975000.0,1696800000.0,551200000.0,0.541,4.512,-64900000.0,132700000.0,132700000.0,777400000.0,-188400000.0,3.202,0.367,190900000.0,190900000.0,0.0,190900000.0,40800000.0,76200000.0,0.0,0.02,0.08,-195000000.0,-118800000.0,-0.092,-118800000.0,-195000000.0,-195000000.0,-0.52,-0.52,-0.52,1644700000.0,1756600000.0,1644700000.0,1443895136.0,-7.0,-12.154,-114000000.0,-0.313,1.0,508300000.0,0.395,179100000.0,0.0,1597100000.0,1586250000.0,144000000.0,1034800000.0,1034800000.0,0.0,603300000.0,530000000.0,73300000.0,1474395136.0,-76100000.0,0.0,-4500000.0,0.0,-29100000.0,-33400000.0,11800000.0,76700000.0,-49100000.0,-5400000.0,-188400000.0,-188400000.0,-188400000.0,0.0,0.0,-0.147,711200000.0,-202900000.0,97100000.0,-0.154,0.896,-7.826,-7.769,273500000.0,0.0,4.04,1.147,1.145,317600000.0,1204600000.0,1285700000.0,1285700000.0,324100000.0,-0.079,-0.107,-0.123,-0.152,24400000.0,243900000.0,1.0,364949291.0,364500000,364500000.0,3.527,2068900000.0,27900000.0,-6600000.0,84700000.0,5.676,1166800000.0
8,TLAB,MRT,2011-09-30,2011-09-30,2011-09-30,2019-09-04,112200000.0,2279700000.0,2466700000.0,1721300000.0,558400000.0,0.559,4.593,-70200000.0,194200000.0,194200000.0,849800000.0,-194400000.0,3.256,0.359,163700000.0,163700000.0,0.0,163700000.0,35800000.0,77400000.0,0.0,0.019,0.08,-200500000.0,-123100000.0,-0.089,-123100000.0,-200500000.0,-200500000.0,-0.54,-0.53,-0.54,1677400000.0,1810800000.0,1677400000.0,1519254943.0,-8.0,-12.342,-48900000.0,-0.134,1.0,529600000.0,0.384,184200000.0,0.0,1536400000.0,1597725000.0,155800000.0,999600000.0,999600000.0,0.0,602300000.0,528600000.0,73700000.0,1565354943.0,-92000000.0,0.0,-55100000.0,0.0,-29200000.0,-82500000.0,-25400000.0,44800000.0,21300000.0,-5400000.0,-194400000.0,-194400000.0,-194400000.0,0.0,0.0,-0.141,735800000.0,-206200000.0,105900000.0,-0.148,0.933,-8.052,-7.944,272100000.0,0.0,4.29,1.135,1.136,297300000.0,1216800000.0,1379400000.0,1379400000.0,327500000.0,-0.079,-0.107,-0.125,-0.145,26400000.0,263700000.0,1.0,364884602.0,365200000,365200000.0,3.777,2095500000.0,36800000.0,-6100000.0,101700000.0,5.738,1192700000.0
9,TLAB,MRT,2011-06-30,2011-07-01,2011-07-01,2019-09-04,146700000.0,2478300000.0,2558775000.0,1796900000.0,681400000.0,0.578,5.055,-73500000.0,213600000.0,213600000.0,870400000.0,-7500000.0,3.209,0.345,167500000.0,167500000.0,0.0,167500000.0,83300000.0,76800000.0,0.0,0.017,0.08,2000000.0,78800000.0,0.053,78800000.0,2000000.0,2000000.0,-0.03,-0.02,-0.03,1843100000.0,1875900000.0,1843100000.0,1671257225.0,836.0,21.209,-3900000.0,-0.011,1.0,609000000.0,0.412,291700000.0,0.0,1580600000.0,1627750000.0,163600000.0,1011900000.0,1011900000.0,0.0,635200000.0,559900000.0,75300000.0,1682057225.0,-137300000.0,0.0,-165900000.0,0.0,-29400000.0,-192900000.0,-32500000.0,41000000.0,69600000.0,18500000.0,-7500000.0,-7500000.0,-7500000.0,0.0,0.0,-0.005,617800000.0,-8800000.0,106400000.0,-2.667,0.913,-224.274,-154.333,278800000.0,0.0,4.63,1.137,1.141,342200000.0,1354200000.0,1479400000.0,1479400000.0,323000000.0,-0.003,-0.004,0.001,0.001,27000000.0,271300000.0,1.0,363295297.0,364600000,364600000.0,4.058,2186600000.0,20300000.0,9500000.0,92300000.0,5.997,1237000000.0
10,TLAB,MRT,2011-03-31,2011-04-01,2011-04-01,2019-09-04,134000000.0,2505900000.0,2600800000.0,1821200000.0,684700000.0,0.61,5.127,-61900000.0,190700000.0,190700000.0,865500000.0,85900000.0,3.209,0.346,179900000.0,179900000.0,0.0,179900000.0,52600000.0,77000000.0,0.0,0.015,0.08,119600000.0,196600000.0,0.124,196600000.0,119600000.0,119600000.0,0.22,0.22,0.22,1861200000.0,1901475000.0,1861200000.0,1883211750.0,16.0,9.579,85100000.0,0.234,1.0,720000000.0,0.454,296700000.0,0.0,1630900000.0,1628975000.0,189900000.0,1046400000.0,1046400000.0,0.0,644700000.0,567500000.0,77200000.0,1878411750.0,-38600000.0,0.0,-176600000.0,0.0,-29800000.0,-203900000.0,10300000.0,72200000.0,147000000.0,8000000.0,85900000.0,85900000.0,85900000.0,0.0,0.0,0.054,614300000.0,105700000.0,94200000.0,0.364,1.009,21.867,23.545,269500000.0,0.0,5.18,1.185,1.186,318900000.0,1390800000.0,1585500000.0,1585500000.0,310800000.0,0.033,0.045,0.073,0.075,26300000.0,278200000.0,1.0,362627751.0,363000000,363000000.0,4.368,2209200000.0,30400000.0,33700000.0,118700000.0,6.086,1253700000.0
11,TLAB,MRT,2010-12-31,2010-12-31,2010-12-31,2019-09-04,108600000.0,2602900000.0,2628950000.0,1912800000.0,690100000.0,0.625,4.923,-55500000.0,208800000.0,208800000.0,852700000.0,155600000.0,2.885,0.398,213600000.0,213600000.0,0.0,213600000.0,43000000.0,77300000.0,0.0,0.012,0.08,191500000.0,268800000.0,0.164,268800000.0,191500000.0,191500000.0,0.41,0.41,0.41,1861500000.0,1919825000.0,1861500000.0,2446547529.0,13.0,9.102,233300000.0,0.617,1.0,789600000.0,0.481,301600000.0,0.0,1643000000.0,1655975000.0,162300000.0,1139300000.0,1139300000.0,0.0,741400000.0,663100000.0,78300000.0,2501347529.0,54800000.0,0.0,-176200000.0,0.0,-30300000.0,-204900000.0,-28100000.0,27400000.0,288800000.0,-1000000.0,155600000.0,155600000.0,155600000.0,0.0,0.0,0.095,615900000.0,173700000.0,123400000.0,0.195,1.344,16.075,16.537,269300000.0,0.0,6.78,1.523,1.561,342600000.0,1422100000.0,1642300000.0,1642300000.0,299700000.0,0.059,0.081,0.116,0.117,25400000.0,279700000.0,1.0,368930314.0,378100000,382700000.0,4.344,2301300000.0,14800000.0,35900000.0,116500000.0,6.086,1249700000.0
12,TLAB,MRT,2010-09-30,2010-10-01,2010-10-01,2019-09-04,122500000.0,2648000000.0,2633925000.0,1953000000.0,695000000.0,0.615,5.15,-51600000.0,286200000.0,286200000.0,811100000.0,228600000.0,3.103,0.366,231400000.0,231400000.0,0.0,231400000.0,51700000.0,77200000.0,0.0,0.008,0.06,238000000.0,315200000.0,0.194,315200000.0,238000000.0,238000000.0,0.6,0.59,0.6,1937800000.0,1933175000.0,1937800000.0,2641171710.0,11.0,8.379,239800000.0,0.637,1.0,810000000.0,0.5,307300000.0,0.0,1656500000.0,1690675000.0,142100000.0,1115100000.0,1115100000.0,0.0,710200000.0,629400000.0,80800000.0,2768971710.0,-36500000.0,-164700000.0,-147300000.0,0.0,-22900000.0,-169900000.0,-157300000.0,59000000.0,291400000.0,-700000.0,228600000.0,228600000.0,228600000.0,0.0,0.0,0.141,594500000.0,215500000.0,74800000.0,0.1,1.429,12.113,12.1,260000000.0,0.0,7.26,1.708,1.685,341900000.0,1440400000.0,1621100000.0,1621100000.0,283900000.0,0.087,0.118,0.141,0.147,25300000.0,273000000.0,1.0,381401062.0,376300000,379800000.0,4.308,2340700000.0,24200000.0,9400000.0,124000000.0,6.22,1323600000.0
13,TLAB,MRT,2010-06-30,2010-07-02,2010-07-02,2019-09-04,77900000.0,2646400000.0,2615125000.0,1962100000.0,684300000.0,0.604,5.048,-45200000.0,350900000.0,350900000.0,824000000.0,201100000.0,3.174,0.36,223100000.0,223100000.0,0.0,223100000.0,62100000.0,77200000.0,0.0,0.006,0.04,195400000.0,272600000.0,0.172,272600000.0,195400000.0,195400000.0,0.52,0.51,0.52,1945400000.0,1917650000.0,1945400000.0,2539957849.0,13.0,9.318,242400000.0,0.629,1.0,756600000.0,0.479,315000000.0,0.0,1585500000.0,1713175000.0,135700000.0,1066600000.0,1066600000.0,0.0,701000000.0,618100000.0,82900000.0,2496557849.0,146600000.0,-164700000.0,-97400000.0,0.0,-15400000.0,-113100000.0,-22100000.0,187800000.0,287600000.0,-5800000.0,201100000.0,201100000.0,201100000.0,0.0,0.0,0.127,581700000.0,174900000.0,76400000.0,0.077,1.283,12.415,12.462,249700000.0,0.0,6.48,1.58,1.58,339400000.0,1391400000.0,1580600000.0,1580600000.0,273400000.0,0.077,0.105,0.114,0.124,23000000.0,270500000.0,1.0,385271273.0,385400000,389900000.0,4.101,2331400000.0,25500000.0,-5700000.0,129900000.0,6.049,1344000000.0
14,TLAB,MRT,2010-03-31,2010-04-02,2010-04-02,2019-09-04,116600000.0,2618500000.0,2590875000.0,1922000000.0,696500000.0,0.596,5.029,-41500000.0,229300000.0,229300000.0,845300000.0,152700000.0,3.202,0.354,272700000.0,272700000.0,0.0,272700000.0,46600000.0,76300000.0,0.0,0.003,0.02,141700000.0,218000000.0,0.141,218000000.0,141700000.0,141700000.0,0.39,0.39,0.39,1934600000.0,1902225000.0,1934600000.0,3054540504.0,22.0,14.012,204400000.0,0.531,1.0,697900000.0,0.452,322800000.0,0.0,1738900000.0,1775900000.0,128500000.0,1190200000.0,1190200000.0,0.0,683900000.0,600200000.0,83700000.0,2955740504.0,3100000.0,-164700000.0,-84800000.0,0.0,-7700000.0,-92900000.0,-158500000.0,47700000.0,245900000.0,8600000.0,152700000.0,152700000.0,152700000.0,0.0,0.0,0.099,577800000.0,120100000.0,43100000.0,0.051,1.528,19.357,19.718,256500000.0,0.0,7.69,1.915,1.917,303300000.0,1335000000.0,1543200000.0,1543200000.0,268400000.0,0.059,0.08,0.08,0.092,21400000.0,268400000.0,1.0,384361574.0,384700000,388600000.0,4.011,2295700000.0,23200000.0,-11000000.0,114100000.0,5.968,1321800000.0
15,TLAB,MRT,2009-12-31,2010-01-01,2010-01-01,2019-09-04,139800000.0,2622800000.0,2563125000.0,1898100000.0,724700000.0,0.595,4.879,-44900000.0,154000000.0,154000000.0,859900000.0,113600000.0,3.115,0.37,252800000.0,252800000.0,0.0,252800000.0,31300000.0,75300000.0,0.0,0.0,0.0,113200000.0,188500000.0,0.124,188500000.0,113200000.0,113200000.0,0.29,0.29,0.29,1914900000.0,1880550000.0,1914900000.0,2110220553.0,19.0,11.195,184800000.0,0.471,1.0,665800000.0,0.436,330400000.0,0.0,1781800000.0,1784025000.0,127700000.0,1203600000.0,1203600000.0,0.0,707900000.0,609400000.0,98500000.0,2193520553.0,-222100000.0,-164700000.0,-83800000.0,0.0,0.0,-83500000.0,-375600000.0,-166000000.0,229700000.0,7300000.0,113600000.0,113600000.0,113600000.0,0.0,0.0,0.074,572300000.0,93500000.0,71500000.0,0.0,1.146,19.309,19.586,270600000.0,0.0,5.68,1.438,1.461,334200000.0,1296800000.0,1525700000.0,1525700000.0,268700000.0,0.044,0.06,0.063,0.074,20400000.0,267300000.0,1.0,386183196.0,392500000,394200000.0,3.887,2292400000.0,24200000.0,-400000.0,122700000.0,5.841,1288700000.0
16,TLAB,MRT,2009-09-30,2009-10-02,2009-10-02,2019-09-04,148200000.0,2572800000.0,2535225000.0,2033400000.0,539400000.0,0.609,4.781,-41300000.0,322700000.0,322700000.0,885300000.0,64300000.0,3.423,0.372,239400000.0,239400000.0,0.0,239400000.0,42300000.0,76400000.0,0.0,0.0,0.0,74700000.0,151100000.0,0.098,151100000.0,74700000.0,74700000.0,0.16,0.16,0.16,1875700000.0,1863450000.0,1875700000.0,2593870433.0,35.0,17.167,136600000.0,0.348,1.0,659400000.0,0.427,148900000.0,0.0,1746500000.0,1735575000.0,127300000.0,1171400000.0,1171400000.0,0.0,697100000.0,594100000.0,103000000.0,2602870433.0,-284200000.0,0.0,-72800000.0,0.0,0.0,-72700000.0,-399900000.0,-358600000.0,177900000.0,10500000.0,64300000.0,64300000.0,64300000.0,0.0,0.0,0.042,594600000.0,64800000.0,62500000.0,0.0,1.388,40.48,41.063,263200000.0,0.0,6.57,1.685,1.669,324000000.0,1234700000.0,1544700000.0,1544700000.0,273500000.0,0.025,0.035,0.043,0.048,21200000.0,267800000.0,1.0,396175104.0,392300000,394200000.0,3.938,2423900000.0,35400000.0,10400000.0,125300000.0,6.179,1439300000.0
17,TLAB,MRT,2009-06-30,2009-07-03,2009-07-03,2019-09-04,129600000.0,2549400000.0,2532350000.0,2009500000.0,539900000.0,0.624,4.754,-45900000.0,204300000.0,204300000.0,920200000.0,-963500000.0,3.658,0.353,195300000.0,195300000.0,0.0,195300000.0,43500000.0,78600000.0,0.0,0.0,0.0,-936600000.0,-858000000.0,-0.543,-858000000.0,-936600000.0,-936600000.0,-2.42,-2.42,-2.42,1883700000.0,1856600000.0,1883700000.0,2181893274.0,-2.0,-2.543,50200000.0,0.127,1.0,659300000.0,0.417,154600000.0,0.0,1836400000.0,1661900000.0,147800000.0,1233700000.0,1233700000.0,0.0,665700000.0,549400000.0,116300000.0,2216293274.0,-4300000.0,0.0,-13000000.0,0.0,0.0,-12900000.0,-89800000.0,-43900000.0,96100000.0,2300000.0,-963500000.0,-963500000.0,-963500000.0,0.0,0.0,-0.61,1601600000.0,-942300000.0,67500000.0,0.0,1.177,-2.3,-2.314,262400000.0,0.0,5.6,1.403,1.405,311400000.0,1205400000.0,1579500000.0,1579500000.0,281700000.0,-0.38,-0.519,-0.564,-0.593,21600000.0,269300000.0,1.0,395766656.0,396200000,397600000.0,3.987,2394800000.0,31400000.0,26900000.0,123000000.0,6.044,1460100000.0
18,TLAB,MRT,2009-03-31,2009-04-03,2009-04-03,2019-09-04,114400000.0,2507500000.0,2802425000.0,1959100000.0,548400000.0,0.58,4.669,-50200000.0,226200000.0,226200000.0,984600000.0,-940200000.0,3.619,0.357,191800000.0,191800000.0,0.0,191800000.0,43700000.0,81500000.0,0.0,0.0,0.0,-962900000.0,-881400000.0,-0.542,-881400000.0,-962900000.0,-962900000.0,-2.36,-2.36,-2.36,1847900000.0,2103650000.0,1847900000.0,1725962304.0,-2.0,-1.958,44600000.0,0.113,1.0,642000000.0,0.395,160400000.0,0.0,1771400000.0,1675400000.0,170800000.0,1149900000.0,1149900000.0,0.0,659600000.0,541300000.0,118300000.0,1922962304.0,54100000.0,0.0,-13400000.0,0.0,0.0,-13300000.0,-24600000.0,25600000.0,94800000.0,-2800000.0,-940200000.0,-940200000.0,-940200000.0,0.0,0.0,-0.578,1616600000.0,-974600000.0,72900000.0,0.0,1.041,-2.045,-2.059,265900000.0,0.0,4.86,1.182,1.183,320100000.0,1189700000.0,1626600000.0,1626600000.0,294000000.0,-0.335,-0.447,-0.575,-0.592,23800000.0,271100000.0,1.0,395671256.0,395800000,396600000.0,4.11,2347100000.0,38700000.0,-22700000.0,131000000.0,5.93,1417800000.0
19,TLAB,MRT,2008-12-31,2009-01-02,2009-01-02,2019-09-04,124800000.0,2511200000.0,3084675000.0,1935800000.0,575400000.0,0.561,4.615,-49800000.0,376100000.0,376100000.0,1068900000.0,-930100000.0,3.459,0.36,179100000.0,179100000.0,0.0,179100000.0,34600000.0,84500000.0,0.0,0.0,0.0,-952500000.0,-868000000.0,-0.502,-868000000.0,-952500000.0,-952500000.0,-2.32,-2.32,-2.32,1846500000.0,2349500000.0,1846500000.0,1316295470.0,-1.0,-1.516,83800000.0,0.209,1.0,660100000.0,0.382,166600000.0,0.0,1588000000.0,1710375000.0,176900000.0,955100000.0,955100000.0,0.0,664700000.0,559600000.0,105100000.0,1671695470.0,163100000.0,0.0,-154900000.0,0.0,0.0,-154800000.0,182600000.0,232400000.0,133600000.0,1700000.0,-930100000.0,-930100000.0,-930100000.0,0.0,0.0,-0.538,1630100000.0,-970000000.0,84100000.0,0.0,0.905,-1.797,-1.81,278300000.0,0.0,4.2,0.967,0.972,332700000.0,1183200000.0,1729000000.0,1729000000.0,305200000.0,-0.302,-0.396,-0.557,-0.551,26300000.0,271800000.0,1.0,398022731.0,400100000,400100000.0,4.321,2344600000.0,38700000.0,-22400000.0,135700000.0,5.86,1376200000.0
20,TLAB,MRT,2008-09-30,2008-09-26,2008-09-26,2019-09-04,133600000.0,2561300000.0,3393525000.0,1973800000.0,587500000.0,0.527,4.644,-53100000.0,606900000.0,606900000.0,1143000000.0,-936600000.0,3.398,0.386,251500000.0,251500000.0,0.0,251500000.0,26900000.0,85800000.0,0.0,0.0,0.0,-951100000.0,-865300000.0,-0.483,-865300000.0,-951100000.0,-951100000.0,-2.35,-2.35,-2.35,1848300000.0,2616200000.0,1848300000.0,1674716021.0,-2.0,-1.935,84000000.0,0.211,1.0,646800000.0,0.361,173300000.0,0.0,1451800000.0,1806900000.0,161500000.0,811700000.0,811700000.0,0.0,713000000.0,580800000.0,132200000.0,1634016021.0,362900000.0,0.0,-290100000.0,0.0,0.0,-288900000.0,508700000.0,561800000.0,137100000.0,6000000.0,-936600000.0,-936600000.0,-936600000.0,0.0,0.0,-0.523,1628100000.0,-981300000.0,69300000.0,0.0,0.884,-1.745,-1.749,280600000.0,0.0,4.11,0.913,0.914,325800000.0,1170400000.0,1789800000.0,1789800000.0,320000000.0,-0.276,-0.358,-0.526,-0.531,28100000.0,273400000.0,1.0,397570808.0,398000000,398000000.0,4.497,2388000000.0,12300000.0,-14500000.0,123100000.0,6.0,1393000000.0
21,TLAB,MRT,2008-06-30,2008-06-27,2008-06-27,2019-09-04,162400000.0,3629700000.0,3741925000.0,2018300000.0,1611400000.0,0.487,7.225,-50900000.0,208600000.0,208600000.0,1194700000.0,65500000.0,3.304,0.264,249300000.0,249300000.0,0.0,249300000.0,41500000.0,87200000.0,0.0,0.0,0.0,21800000.0,109000000.0,0.06,109000000.0,21800000.0,21800000.0,0.17,0.17,0.17,2871900000.0,2912650000.0,2871900000.0,1934175564.0,89.0,17.745,168200000.0,0.423,1.0,628900000.0,0.345,1169100000.0,0.0,1890400000.0,1987450000.0,181600000.0,1237000000.0,1237000000.0,0.0,757800000.0,610900000.0,146900000.0,1851975564.0,-54100000.0,0.0,-288400000.0,0.0,0.0,-288400000.0,7400000.0,58300000.0,219100000.0,7800000.0,65500000.0,65500000.0,65500000.0,0.0,0.0,0.036,647000000.0,-18100000.0,84000000.0,0.0,0.645,28.274,27.412,288200000.0,0.0,4.66,1.016,1.016,321800000.0,2168900000.0,1823600000.0,1823600000.0,332600000.0,0.018,0.022,0.011,0.012,30900000.0,272100000.0,1.0,397419649.0,397500000,398500000.0,4.588,2460600000.0,11500000.0,-43700000.0,129400000.0,6.19,1407400000.0
22,TLAB,MRT,2008-03-31,2008-03-28,2008-03-28,2019-09-04,167600000.0,3636500000.0,3809925000.0,2009700000.0,1626800000.0,0.505,6.941,-54600000.0,172100000.0,172100000.0,1259300000.0,56100000.0,3.175,0.284,254300000.0,254300000.0,0.0,254300000.0,35800000.0,89200000.0,0.0,0.0,0.0,58600000.0,147800000.0,0.077,147800000.0,58600000.0,58600000.0,0.14,0.14,0.14,2831300000.0,2945550000.0,2831300000.0,2299980992.0,39.0,15.561,134200000.0,0.329,1.0,666300000.0,0.346,1174400000.0,0.0,1911300000.0,2030625000.0,165800000.0,1236000000.0,1236000000.0,0.0,805200000.0,633000000.0,172200000.0,2221980992.0,22700000.0,0.0,-287500000.0,0.0,0.0,-285400000.0,113000000.0,167600000.0,188800000.0,6300000.0,56100000.0,56100000.0,56100000.0,0.0,0.0,0.029,649100000.0,17200000.0,81000000.0,0.0,0.785,39.608,38.357,297700000.0,0.0,5.37,1.154,1.138,367200000.0,2129900000.0,1925600000.0,1925600000.0,339300000.0,0.015,0.019,0.029,0.03,29100000.0,272800000.0,1.0,413776721.0,407900000,408900000.0,4.721,2462100000.0,11000000.0,2500000.0,176500000.0,6.036,1376700000.0
23,TLAB,MRT,2007-12-31,2007-12-28,2007-12-28,2019-09-04,132300000.0,3746600000.0,3873900000.0,2111700000.0,1634900000.0,0.494,6.673,-57600000.0,213000000.0,213000000.0,1239100000.0,65000000.0,3.138,0.286,291000000.0,291000000.0,0.0,291000000.0,30000000.0,90700000.0,0.0,0.0,0.0,70200000.0,160900000.0,0.084,160900000.0,70200000.0,70200000.0,0.15,0.15,0.15,2913300000.0,2978250000.0,2913300000.0,3048207456.0,43.0,18.945,75800000.0,0.174,1.0,674300000.0,0.352,1177500000.0,0.0,1974100000.0,2079500000.0,171200000.0,1296500000.0,1296500000.0,0.0,833300000.0,673000000.0,160300000.0,2942407456.0,59400000.0,0.0,-166600000.0,0.0,0.0,-164500000.0,82900000.0,140500000.0,133400000.0,7600000.0,65000000.0,65000000.0,65000000.0,0.0,0.0,0.034,647100000.0,27200000.0,91300000.0,0.0,1.01,45.268,44.667,302400000.0,0.0,6.7,1.538,1.529,363800000.0,2113300000.0,1913400000.0,1913400000.0,343100000.0,0.017,0.022,0.034,0.037,30000000.0,275700000.0,1.0,439165292.0,436600000,441100000.0,4.383,2569100000.0,10600000.0,5200000.0,162700000.0,5.884,1438700000.0
24,TLAB,MRT,2007-09-30,2007-09-28,2007-09-28,2019-09-04,122700000.0,3954900000.0,3917850000.0,2312000000.0,1642900000.0,0.485,6.908,-55800000.0,244000000.0,244000000.0,1197800000.0,87800000.0,3.284,0.303,349800000.0,349800000.0,0.0,349800000.0,34500000.0,95200000.0,0.0,0.0,0.0,91400000.0,186600000.0,0.098,186600000.0,91400000.0,91400000.0,0.21,0.21,0.21,3034100000.0,2984500000.0,3034100000.0,4213927405.0,46.0,22.583,187700000.0,0.427,1.0,701200000.0,0.369,1182700000.0,0.0,2174000000.0,2110525000.0,166700000.0,1477700000.0,1477700000.0,0.0,920800000.0,704000000.0,216800000.0,4182527405.0,119400000.0,0.0,-52200000.0,0.0,0.0,-52200000.0,-74700000.0,-18900000.0,243500000.0,2800000.0,87800000.0,87800000.0,87800000.0,0.0,0.0,0.046,658000000.0,43200000.0,84000000.0,0.0,1.379,47.637,45.333,297700000.0,0.0,9.52,2.202,2.202,352300000.0,2107000000.0,1899000000.0,1899000000.0,339100000.0,0.022,0.029,0.043,0.048,32200000.0,282300000.0,1.0,439341114.0,439200000,444500000.0,4.324,2772200000.0,15400000.0,3600000.0,174200000.0,6.312,1608000000.0
25,TLAB,MRT,2007-06-30,2007-06-29,2007-06-29,2019-09-04,99600000.0,3901700000.0,3860625000.0,2247000000.0,1654700000.0,0.509,6.856,-56900000.0,262700000.0,262700000.0,1153000000.0,143300000.0,3.289,0.299,294100000.0,294100000.0,0.0,294100000.0,45900000.0,98500000.0,0.0,0.0,0.0,196300000.0,294800000.0,0.15,294800000.0,196300000.0,196300000.0,0.33,0.33,0.33,3003500000.0,2955575000.0,3003500000.0,4830612764.0,25.0,16.386,206100000.0,0.47,1.0,810600000.0,0.413,1186900000.0,0.0,2063100000.0,2071050000.0,175100000.0,1350400000.0,1350400000.0,0.0,898200000.0,683100000.0,215100000.0,4710412764.0,-32500000.0,0.0,-121700000.0,0.0,0.0,-119500000.0,-181400000.0,-124500000.0,263000000.0,5400000.0,143300000.0,143300000.0,143300000.0,0.0,0.0,0.073,662100000.0,148500000.0,87500000.0,0.0,1.568,32.871,32.606,299600000.0,0.0,10.76,2.399,2.401,386700000.0,2103400000.0,1963600000.0,1963600000.0,342100000.0,0.037,0.048,0.095,0.1,33300000.0,288200000.0,1.0,437770703.0,438100000,443300000.0,4.482,2714800000.0,19200000.0,53000000.0,195400000.0,6.197,1563900000.0
26,TLAB,MRT,2007-03-31,2007-03-30,2007-03-30,2019-09-04,99400000.0,3892400000.0,3796700000.0,2217900000.0,1674500000.0,0.521,6.76,-63700000.0,149400000.0,149400000.0,1101200000.0,167200000.0,3.108,0.314,269600000.0,269600000.0,0.0,269600000.0,80000000.0,101200000.0,0.0,0.0,0.0,239000000.0,340200000.0,0.172,340200000.0,239000000.0,239000000.0,0.38,0.38,0.38,2962100000.0,2932175000.0,2962100000.0,4464478405.0,19.0,13.123,273800000.0,0.625,1.0,877200000.0,0.443,1192200000.0,0.0,2106800000.0,2001800000.0,210400000.0,1421900000.0,1421900000.0,0.0,930300000.0,713600000.0,216700000.0,4329478405.0,-344200000.0,0.0,-142500000.0,0.0,0.0,-127200000.0,-567000000.0,-503300000.0,337500000.0,12500000.0,167200000.0,167200000.0,167200000.0,0.0,0.0,0.085,676300000.0,200900000.0,99600000.0,0.0,1.462,25.894,26.053,301500000.0,0.0,9.9,2.188,2.193,368000000.0,2073800000.0,1978400000.0,1978400000.0,348500000.0,0.044,0.057,0.119,0.121,30500000.0,292600000.0,1.0,437321051.0,438200000,443200000.0,4.515,2700200000.0,14400000.0,71800000.0,208000000.0,6.162,1504300000.0
27,TLAB,MRT,2006-12-31,2006-12-29,2006-12-29,2019-09-04,94800000.0,3922400000.0,3713325000.0,2232600000.0,1689800000.0,0.55,6.59,-66400000.0,153600000.0,153600000.0,1107600000.0,194100000.0,2.929,0.335,288600000.0,288600000.0,0.0,288600000.0,55400000.0,103500000.0,0.0,0.0,0.0,284700000.0,388200000.0,0.19,388200000.0,284700000.0,284700000.0,0.44,0.43,0.44,2938300000.0,2901150000.0,2938300000.0,4650802014.0,16.0,11.98,253700000.0,0.569,1.0,933600000.0,0.457,1197000000.0,0.0,2098200000.0,1857200000.0,167000000.0,1435100000.0,1435100000.0,0.0,984100000.0,762200000.0,221900000.0,4532702014.0,-727200000.0,0.0,-176300000.0,0.0,0.0,-161000000.0,-898700000.0,-832300000.0,320100000.0,12400000.0,194100000.0,194100000.0,194100000.0,0.0,0.0,0.095,686800000.0,246800000.0,119500000.0,0.0,1.543,23.352,23.318,307900000.0,0.0,10.26,2.221,2.241,411000000.0,2042000000.0,2041200000.0,2041200000.0,356900000.0,0.052,0.067,0.153,0.139,36900000.0,293300000.0,1.0,441783822.0,445900000,454100000.0,4.578,2725400000.0,10700000.0,90600000.0,226100000.0,6.112,1470400000.0
28,TLAB,MRT,2006-09-30,2006-09-29,2006-09-29,2019-09-04,82900000.0,3726000000.0,3611450000.0,2086000000.0,1640000000.0,0.584,6.551,-74900000.0,124600000.0,124600000.0,1109500000.0,257100000.0,3.376,0.277,242700000.0,242700000.0,0.0,242700000.0,0.0,106500000.0,0.0,0.0,0.0,355300000.0,461800000.0,0.219,461800000.0,355300000.0,355300000.0,0.57,0.57,0.57,2918400000.0,2870250000.0,2918400000.0,4817792000.0,14.0,10.433,244800000.0,0.549,1.0,998400000.0,0.474,1210200000.0,0.0,2016100000.0,1597800000.0,155500000.0,1349100000.0,1349100000.0,0.0,807600000.0,617800000.0,189800000.0,4906792000.0,-515600000.0,0.0,-141600000.0,0.0,0.0,-125400000.0,-729300000.0,-654400000.0,319700000.0,19400000.0,257100000.0,257100000.0,257100000.0,0.0,0.0,0.122,678300000.0,320100000.0,84900000.0,0.0,1.681,19.085,19.228,296300000.0,0.0,10.96,2.328,2.316,378500000.0,2012900000.0,2107900000.0,2107900000.0,361800000.0,0.071,0.09,0.222,0.169,46100000.0,285200000.0,1.0,447700000.0,445500000,451200000.0,4.732,2515800000.0,27900000.0,98200000.0,199200000.0,5.647,1468200000.0
29,TLAB,MRT,2006-06-30,2006-06-30,2006-06-30,2019-09-04,72900000.0,3646000000.0,3537700000.0,1995300000.0,1650700000.0,0.579,6.5,-73600000.0,295200000.0,295200000.0,1086900000.0,239900000.0,3.6,0.253,206200000.0,206200000.0,0.0,206200000.0,0.0,110400000.0,0.0,0.0,0.0,324000000.0,434400000.0,0.212,434400000.0,324000000.0,324000000.0,0.53,0.53,0.53,2909900000.0,2816825000.0,2909900000.0,5699411000.0,18.0,13.12,196200000.0,0.438,1.0,962400000.0,0.47,1216700000.0,0.0,1786100000.0,1398625000.0,140300000.0,1128500000.0,1128500000.0,0.0,736100000.0,554200000.0,181900000.0,5964211000.0,18600000.0,0.0,-72400000.0,0.0,0.0,-57200000.0,-201500000.0,-127900000.0,269800000.0,7500000.0,239900000.0,239900000.0,239900000.0,0.0,0.0,0.117,670900000.0,291500000.0,103800000.0,0.0,2.05,24.861,25.113,300400000.0,0.0,13.31,2.91,2.908,374100000.0,1953800000.0,2049300000.0,2049300000.0,356900000.0,0.068,0.085,0.232,0.158,41800000.0,281400000.0,1.0,448100000.0,447700000,458500000.0,4.577,2429300000.0,8600000.0,84100000.0,144800000.0,5.426,1441100000.0
30,TLAB,MRT,2006-03-31,2006-03-31,2006-03-31,2019-09-04,67500000.0,3558900000.0,3479950000.0,1917500000.0,1641400000.0,0.564,6.312,-50000000.0,493600000.0,493600000.0,1047100000.0,227500000.0,3.532,0.254,228800000.0,228800000.0,0.0,228800000.0,0.0,119600000.0,0.0,0.0,0.0,290900000.0,410500000.0,0.209,410500000.0,290900000.0,290900000.0,0.5,0.5,0.5,2838000000.0,2754350000.0,2838000000.0,6461245949.0,22.0,15.74,211500000.0,0.47,1.0,915400000.0,0.466,1222800000.0,0.0,1528400000.0,1340975000.0,124000000.0,879800000.0,879800000.0,0.0,720900000.0,542900000.0,178000000.0,7161245949.0,308700000.0,0.0,-58900000.0,0.0,0.0,-58900000.0,116200000.0,166200000.0,261500000.0,-10100000.0,227500000.0,227500000.0,227500000.0,0.0,0.0,0.116,657700000.0,257700000.0,94200000.0,0.0,2.523,31.478,31.8,295500000.0,0.0,15.9,3.649,3.643,360800000.0,1900300000.0,1962500000.0,1962500000.0,348100000.0,0.065,0.083,0.217,0.148,42100000.0,275700000.0,1.0,450392827.0,449600000,460000000.0,4.365,2336100000.0,7400000.0,63400000.0,133600000.0,5.196,1374600000.0
31,TLAB,MRT,2005-12-31,2005-12-30,2005-12-30,2019-09-04,57000000.0,3514900000.0,3438575000.0,1873000000.0,1641900000.0,0.548,6.256,-46200000.0,880800000.0,880800000.0,1028400000.0,175800000.0,3.566,0.249,180800000.0,180800000.0,0.0,180800000.0,9300000.0,126100000.0,0.0,0.0,0.0,213100000.0,339200000.0,0.18,339200000.0,213100000.0,213100000.0,0.39,0.39,0.39,2814700000.0,2708300000.0,2814700000.0,4437650000.0,21.0,13.083,212200000.0,0.472,1.0,855000000.0,0.454,1229100000.0,0.0,1060600000.0,1362325000.0,109100000.0,489700000.0,489700000.0,0.0,700200000.0,525200000.0,175000000.0,4888650000.0,587900000.0,0.0,-121600000.0,0.0,0.0,-121600000.0,472300000.0,518500000.0,258400000.0,-21200000.0,175800000.0,175800000.0,175800000.0,0.0,0.0,0.093,666200000.0,188800000.0,97100000.0,0.0,1.737,27.808,27.949,300100000.0,0.0,10.9,2.596,2.604,319400000.0,1847900000.0,1883400000.0,1883400000.0,344000000.0,0.051,0.065,0.156,0.113,30300000.0,271100000.0,1.0,448500000.0,449900000,454500000.0,4.186,2285800000.0,15900000.0,37300000.0,124800000.0,5.081,1347800000.0
32,TLAB,MRT,2005-09-30,2005-09-30,2005-09-30,2019-09-04,61200000.0,3431000000.0,3446125000.0,1775300000.0,1655700000.0,0.505,6.04,-31500000.0,640200000.0,640200000.0,956000000.0,-55000000.0,3.469,0.269,189200000.0,189200000.0,0.0,189200000.0,0.0,120000000.0,0.0,0.0,0.0,-8300000.0,111700000.0,0.064,111700000.0,-8300000.0,-8300000.0,-0.15,-0.15,-0.15,2704700000.0,2703925000.0,2704700000.0,4631600000.0,-558.0,41.465,110200000.0,0.246,1.0,785400000.0,0.451,1248800000.0,0.0,1219400000.0,1515150000.0,113400000.0,637300000.0,637300000.0,0.0,726300000.0,511800000.0,214500000.0,4707700000.0,133900000.0,-244300000.0,-123900000.0,0.0,0.0,-123900000.0,126900000.0,402700000.0,141700000.0,-10800000.0,-55000000.0,-55000000.0,-55000000.0,0.0,0.0,-0.032,811000000.0,-25600000.0,80700000.0,0.0,1.741,-85.595,-70.133,296700000.0,0.0,10.52,2.703,2.705,312300000.0,1755800000.0,1741400000.0,1741400000.0,324200000.0,-0.016,-0.02,-0.005,-0.005,10300000.0,268400000.0,1.0,447500000.0,447800000,453200000.0,3.889,2182200000.0,23600000.0,46700000.0,156300000.0,4.873,1263500000.0
33,TLAB,MRT,2005-06-30,2005-07-01,2005-07-01,2019-09-04,62700000.0,3415000000.0,3258525000.0,1735800000.0,1679200000.0,0.479,5.941,-12200000.0,276600000.0,276600000.0,841000000.0,-51000000.0,3.28,0.284,200500000.0,200500000.0,0.0,200500000.0,0.0,109600000.0,0.0,0.0,0.0,-31600000.0,78000000.0,0.05,78000000.0,-31600000.0,-31600000.0,-0.13,-0.13,-0.13,2660000000.0,2610650000.0,2660000000.0,3897558058.0,-123.0,49.969,177800000.0,0.397,1.0,720800000.0,0.462,1254200000.0,0.0,1555500000.0,1546675000.0,145900000.0,971200000.0,971200000.0,0.0,755000000.0,529200000.0,225800000.0,3895558058.0,3000000.0,-244300000.0,-119800000.0,0.0,0.0,-119800000.0,-68100000.0,188400000.0,190000000.0,900000.0,-51000000.0,-51000000.0,-51000000.0,0.0,0.0,-0.033,771400000.0,-50600000.0,78900000.0,0.0,1.464,-76.383,-66.846,304000000.0,0.0,8.69,2.494,2.491,261900000.0,1713900000.0,1561800000.0,1561800000.0,299000000.0,-0.016,-0.02,-0.02,-0.02,8000000.0,258000000.0,1.0,448280559.0,447700000,451400000.0,3.488,2160800000.0,34800000.0,19400000.0,154600000.0,4.826,1206600000.0
34,TLAB,MRT,2005-03-31,2005-04-01,2005-04-01,2019-09-04,95500000.0,3393400000.0,3061100000.0,1720100000.0,1673300000.0,0.459,5.822,-24400000.0,184900000.0,184900000.0,715200000.0,-42500000.0,3.181,0.279,186900000.0,186900000.0,0.0,186900000.0,0.0,90400000.0,0.0,0.0,0.0,-22500000.0,67900000.0,0.048,67900000.0,-22500000.0,-22500000.0,-0.1,-0.1,-0.1,2653800000.0,2512525000.0,2653800000.0,3156696705.0,-140.0,46.49,137900000.0,0.303,1.0,688400000.0,0.49,1240800000.0,0.0,1613800000.0,1537625000.0,155200000.0,997700000.0,997700000.0,0.0,739600000.0,540800000.0,198800000.0,3245596705.0,-78400000.0,-244300000.0,-111000000.0,0.0,0.0,-111000000.0,-141300000.0,127400000.0,162300000.0,11600000.0,-42500000.0,-42500000.0,-42500000.0,0.0,0.0,-0.03,730500000.0,-42100000.0,110100000.0,0.0,1.223,-76.367,-72.5,316800000.0,0.0,7.25,2.312,2.354,267700000.0,1672600000.0,1403600000.0,1403600000.0,277200000.0,-0.014,-0.017,-0.015,-0.016,10000000.0,247400000.0,1.0,447668511.0,455800000,458800000.0,3.079,2152600000.0,64300000.0,20000000.0,160800000.0,4.723,1179300000.0
35,TLAB,MRT,2004-12-31,2004-12-31,2004-12-31,2019-09-04,125900000.0,3545100000.0,2855725000.0,1834900000.0,1710200000.0,0.431,6.657,-9900000.0,292900000.0,292900000.0,574800000.0,-29800000.0,3.423,0.267,204000000.0,204000000.0,0.0,204000000.0,0.0,82300000.0,0.0,0.0,0.0,-10200000.0,72100000.0,0.059,72100000.0,-10200000.0,-10200000.0,-0.07,-0.07,-0.07,2797200000.0,2405325000.0,2797200000.0,3077323436.0,-302.0,42.681,204800000.0,0.487,1.0,657000000.0,0.533,1248300000.0,0.0,1671900000.0,1504550000.0,116400000.0,1027300000.0,1027300000.0,0.0,747900000.0,536000000.0,211900000.0,3583623436.0,47000000.0,-244300000.0,8900000.0,0.0,0.0,8900000.0,-193900000.0,60300000.0,214700000.0,17300000.0,-29800000.0,-29800000.0,-29800000.0,0.0,0.0,-0.024,688700000.0,-31700000.0,96300000.0,0.0,1.281,-120.256,-122.714,328800000.0,0.0,8.59,2.909,2.93,309400000.0,1672100000.0,1231800000.0,1231800000.0,250300000.0,-0.01,-0.012,-0.007,-0.008,6500000.0,236600000.0,1.0,417185499.0,420200000,420200000.0,2.931,2296800000.0,38900000.0,19600000.0,143800000.0,5.466,1298900000.0
36,TLAB,MRT,2004-09-30,2004-10-01,2004-10-01,2019-09-04,85000000.0,2680600000.0,2621325000.0,1634400000.0,1046200000.0,0.432,5.595,-1200000.0,506300000.0,506300000.0,530500000.0,85700000.0,9.0,0.15,0.0,0.0,0.0,0.0,0.0,84000000.0,0.0,0.0,0.0,91200000.0,175200000.0,0.155,175200000.0,91200000.0,91200000.0,0.21,0.21,0.21,2331600000.0,2260850000.0,2331600000.0,3588858023.0,39.0,20.484,241400000.0,0.579,1.0,601200000.0,0.531,647200000.0,0.0,1345500000.0,1460000000.0,64300000.0,836700000.0,836700000.0,0.0,349000000.0,181600000.0,167400000.0,3862458023.0,264400000.0,800000.0,10300000.0,0.0,0.0,10300000.0,-3400000.0,-3000000.0,242600000.0,14900000.0,85700000.0,85700000.0,85700000.0,0.0,0.0,0.076,533100000.0,68100000.0,50600000.0,0.0,1.657,45.07,44.19,278000000.0,0.0,9.28,3.413,3.417,173100000.0,1810900000.0,1131700000.0,1131700000.0,248700000.0,0.033,0.038,0.062,0.081,20700000.0,232200000.0,1.0,416213149.0,416700000,420700000.0,2.716,2033400000.0,13900000.0,5500000.0,94800000.0,4.88,1452800000.0
37,TLAB,MRT,2004-06-30,2004-07-02,2004-07-02,2019-09-04,72900000.0,2625300000.0,2588650000.0,1570200000.0,1055100000.0,0.422,5.449,-6200000.0,273600000.0,273600000.0,550600000.0,-25000000.0,8.599,0.158,0.0,0.0,0.0,0.0,0.0,89600000.0,0.0,0.0,0.0,-15400000.0,74200000.0,0.068,74200000.0,-15400000.0,-15400000.0,-0.06,-0.06,-0.06,2267500000.0,2220800000.0,2267500000.0,3275089307.0,-213.0,44.139,149700000.0,0.36,1.0,541300000.0,0.496,649800000.0,0.0,1519300000.0,1485700000.0,55900000.0,968000000.0,968000000.0,0.0,357800000.0,182600000.0,175200000.0,3538389307.0,26200000.0,14000000.0,8500000.0,0.0,0.0,8500000.0,-145500000.0,-153300000.0,155900000.0,7300000.0,-25000000.0,-25000000.0,-25000000.0,0.0,0.0,-0.023,572500000.0,-31200000.0,52100000.0,0.0,1.56,-141.536,-141.833,279400000.0,0.0,8.51,3.241,3.243,180800000.0,1764900000.0,1091900000.0,1091900000.0,257600000.0,-0.01,-0.011,-0.01,-0.014,18400000.0,234100000.0,1.0,415791928.0,416100000,420300000.0,2.624,1975500000.0,14700000.0,9600000.0,101800000.0,4.748,1387600000.0
38,TLAB,MRT,2004-03-31,2004-04-02,2004-04-02,2019-09-04,83500000.0,2571900000.0,2588550000.0,1492000000.0,1079900000.0,0.395,5.359,-6700000.0,263300000.0,263300000.0,610700000.0,-185300000.0,8.609,0.156,0.0,0.0,0.0,0.0,0.0,102800000.0,0.0,0.0,0.0,-185600000.0,-82800000.0,-0.081,-82800000.0,-185600000.0,-185600000.0,-0.45,-0.45,-0.45,2225000000.0,2213275000.0,2225000000.0,3550533970.0,-19.0,-42.881,213800000.0,0.515,1.0,411000000.0,0.402,653800000.0,0.0,1481500000.0,1481025000.0,42400000.0,916900000.0,916900000.0,0.0,346900000.0,173300000.0,173600000.0,3796433970.0,5800000.0,-109400000.0,8400000.0,0.0,0.0,8400000.0,-252700000.0,-136600000.0,220500000.0,29600000.0,-185300000.0,-185300000.0,-185300000.0,0.0,0.0,-0.181,614200000.0,-203200000.0,43200000.0,0.0,1.706,-20.488,-20.311,299000000.0,0.0,9.14,3.716,3.714,186400000.0,1715400000.0,1021700000.0,1021700000.0,271100000.0,-0.072,-0.084,-0.125,-0.182,12800000.0,235600000.0,1.0,415364767.0,415200000,420900000.0,2.461,1918100000.0,9100000.0,-300000.0,100000000.0,4.62,1318700000.0
39,TLAB,MRT,2003-12-31,2004-01-02,2004-01-02,2019-09-04,95500000.0,2607500000.0,2584775000.0,1498800000.0,1108700000.0,0.379,5.372,-9500000.0,245900000.0,245900000.0,626400000.0,-241600000.0,7.213,0.175,0.0,0.0,0.0,0.0,0.0,110200000.0,0.0,0.0,0.0,-244700000.0,-134500000.0,-0.137,-134500000.0,-244700000.0,-244700000.0,-0.58,-0.58,-0.58,2219300000.0,2225550000.0,2219300000.0,3246244505.0,-13.0,-24.136,140400000.0,0.34,1.0,354000000.0,0.361,660100000.0,0.0,1493700000.0,1501375000.0,41800000.0,877100000.0,877100000.0,0.0,388200000.0,207800000.0,180400000.0,3488044505.0,-207700000.0,-122600000.0,5900000.0,0.0,0.0,5900000.0,-410100000.0,-278000000.0,149900000.0,46600000.0,-241600000.0,-241600000.0,-241600000.0,0.0,0.0,-0.246,618500000.0,-264500000.0,47800000.0,0.0,1.572,-14.437,-14.414,315800000.0,0.0,8.36,3.558,3.523,196700000.0,1701900000.0,980400000.0,980400000.0,286100000.0,-0.093,-0.109,-0.163,-0.25,12800000.0,242600000.0,1.0,417230204.0,413100000,413100000.0,2.373,1947400000.0,22700000.0,-3100000.0,100100000.0,4.714,1291000000.0
40,TLAB,MRT,2003-09-30,2003-09-26,2003-09-26,2019-09-04,31600000.0,2549900000.0,2609325000.0,1420900000.0,1129000000.0,0.389,5.254,4200000.0,241800000.0,241800000.0,639600000.0,-302900000.0,7.045,0.174,0.0,0.0,0.0,0.0,0.0,119800000.0,0.0,0.0,0.0,-243200000.0,-123400000.0,-0.122,-123400000.0,-243200000.0,-213000000.0,-0.73,-0.73,-0.73,2171400000.0,2243300000.0,2171400000.0,2601680682.0,-11.0,-21.083,108700000.0,0.263,1.0,374300000.0,0.369,658100000.0,-30200000.0,1448300000.0,1495200000.0,74600000.0,824000000.0,824000000.0,0.0,378500000.0,201700000.0,176800000.0,2848980682.0,-281100000.0,-125300000.0,4000000.0,-600000.0,0.0,3400000.0,-433500000.0,-312400000.0,104500000.0,44500000.0,-302900000.0,-302900000.0,-302900000.0,0.0,0.0,-0.299,610600000.0,-236300000.0,59700000.0,0.0,1.312,-9.406,-9.452,351800000.0,0.0,6.9,2.81,2.813,178600000.0,1725100000.0,1013900000.0,1013900000.0,297800000.0,-0.116,-0.135,-0.163,-0.24,12500000.0,254000000.0,1.0,412895751.0,413300000,413300000.0,2.453,1891800000.0,16100000.0,89900000.0,89000000.0,4.577,1219200000.0
41,TLAB,MRT,2003-06-30,2003-06-27,2003-06-27,2019-09-04,38200000.0,2624900000.0,2652650000.0,1435300000.0,1189600000.0,0.399,5.424,-15600000.0,247300000.0,247300000.0,657400000.0,-329200000.0,6.676,0.173,0.0,0.0,0.0,0.0,0.0,131100000.0,0.0,0.0,0.0,-271700000.0,-140600000.0,-0.133,-140600000.0,-271700000.0,-271800000.0,-0.79,-0.79,-0.79,2237400000.0,2284375000.0,2237400000.0,2471831829.0,-9.0,-17.581,120800000.0,0.293,1.0,400100000.0,0.378,662000000.0,100000.0,1500600000.0,1475125000.0,128800000.0,803400000.0,803400000.0,0.0,387500000.0,215000000.0,172500000.0,2729231829.0,-188500000.0,-142200000.0,2300000.0,-600000.0,0.0,1700000.0,-375700000.0,-217900000.0,136400000.0,49100000.0,-329200000.0,-329200000.0,-329200000.0,0.0,0.0,-0.311,671900000.0,-271800000.0,59300000.0,0.0,1.22,-8.29,-8.38,392700000.0,0.0,6.62,2.581,2.582,165900000.0,1790000000.0,1057500000.0,1057500000.0,309800000.0,-0.124,-0.144,-0.184,-0.257,12500000.0,265200000.0,1.0,412270669.0,412500000,412500000.0,2.564,1962900000.0,30600000.0,57400000.0,87400000.0,4.759,1220300000.0
42,TLAB,MRT,2003-03-31,2003-03-28,2003-03-28,2019-09-04,-28300000.0,2556800000.0,2697800000.0,1480600000.0,1076200000.0,0.433,5.516,-21800000.0,257400000.0,257400000.0,763000000.0,-361300000.0,7.04,0.124,0.0,0.0,0.0,0.0,0.0,138200000.0,0.0,0.0,0.0,-379200000.0,-241000000.0,-0.206,-241000000.0,-379200000.0,-379600000.0,-0.87,-0.87,-0.87,2274100000.0,2329825000.0,2274100000.0,1986567251.0,-5.0,-8.243,30000000.0,0.073,1.0,405000000.0,0.347,526200000.0,400000.0,1562900000.0,1485425000.0,177200000.0,749200000.0,749200000.0,0.0,282700000.0,210300000.0,72400000.0,2440167251.0,-271000000.0,-21700000.0,1800000.0,-600000.0,0.0,1200000.0,-398500000.0,-355000000.0,51800000.0,74500000.0,-361300000.0,-361300000.0,-361300000.0,0.0,0.0,-0.309,785300000.0,-380300000.0,60100000.0,0.0,1.073,-6.754,-6.805,407100000.0,0.0,5.92,2.089,2.09,154400000.0,1900600000.0,1168000000.0,1168000000.0,321500000.0,-0.134,-0.155,-0.255,-0.325,12500000.0,285300000.0,1.0,412190414.0,412300000,412300000.0,2.833,2030600000.0,98100000.0,-18300000.0,0.0,4.925,1270300000.0
43,TLAB,MRT,2002-12-31,2002-12-27,2002-12-27,2019-09-04,-52000000.0,2705700000.0,2768350000.0,1616500000.0,1089200000.0,0.476,5.567,-34100000.0,453600000.0,453600000.0,830500000.0,-313100000.0,6.283,0.181,0.0,0.0,0.0,0.0,0.0,142600000.0,0.0,0.0,0.0,-327800000.0,-185200000.0,-0.141,-185200000.0,-327800000.0,-327800000.0,-0.76,-0.76,-0.76,2290300000.0,2382225000.0,2290300000.0,2538670692.0,-8.0,-13.708,143700000.0,0.349,1.0,486500000.0,0.369,525800000.0,0.0,1469000000.0,1467200000.0,174500000.0,565600000.0,565600000.0,0.0,415400000.0,257300000.0,158100000.0,3061170692.0,-248300000.0,-291700000.0,2800000.0,-8800000.0,0.0,-6000000.0,-479300000.0,-153500000.0,177800000.0,59200000.0,-313100000.0,-313100000.0,-313100000.0,0.0,0.0,-0.238,816200000.0,-329700000.0,77400000.0,0.0,1.337,-9.777,-9.776,420900000.0,0.0,7.43,2.324,2.321,216800000.0,1943500000.0,1317000000.0,1317000000.0,335200000.0,-0.113,-0.131,-0.223,-0.249,12500000.0,297800000.0,1.0,412001439.0,411400000,411400000.0,3.201,2179900000.0,174800000.0,-14700000.0,82900000.0,5.299,1359200000.0
44,TLAB,MRT,2002-09-30,2002-09-27,2002-09-27,2019-09-04,-88000000.0,2723200000.0,2808375000.0,1586100000.0,1137100000.0,0.525,5.672,-68200000.0,523000000.0,523000000.0,1009800000.0,-308900000.0,5.252,0.166,500000.0,0.0,500000.0,500000.0,0.0,150700000.0,0.0,0.0,0.0,-418800000.0,-268100000.0,-0.182,-268100000.0,-418800000.0,-450000000.0,-0.75,-0.75,-0.75,2335700000.0,2426050000.0,2335700000.0,1399473815.0,-3.0,-5.22,238000000.0,0.578,1.0,464400000.0,0.315,530700000.0,31200000.0,1368000000.0,1513900000.0,200700000.0,484300000.0,484300000.0,0.0,387500000.0,302000000.0,85500000.0,1834873815.0,2100000.0,-307300000.0,1000000.0,-7700000.0,0.0,-6700000.0,-326400000.0,49200000.0,306200000.0,29100000.0,-308900000.0,-308900000.0,-308900000.0,0.0,0.0,-0.21,916900000.0,-452500000.0,69600000.0,0.0,0.786,-5.94,-5.947,436100000.0,0.0,4.46,1.245,1.246,185400000.0,2028200000.0,1474200000.0,1474200000.0,347600000.0,-0.11,-0.127,-0.277,-0.284,20100000.0,315500000.0,1.0,411406685.0,411800000,411800000.0,3.58,2192500000.0,168900000.0,-141100000.0,0.0,5.324,1284100000.0
45,TLAB,MRT,2002-06-30,2002-06-28,2002-06-28,2019-09-04,-91100000.0,2805500000.0,2854589250.0,1606400000.0,1199100000.0,0.573,5.883,-105900000.0,435900000.0,435900000.0,1099200000.0,-267300000.0,5.412,0.16,500000.0,0.0,500000.0,500000.0,0.0,153900000.0,0.0,0.0,0.0,-385600000.0,-231700000.0,-0.142,-231700000.0,-385600000.0,-386600000.0,-0.65,-0.65,-0.65,2419200000.0,2485209750.0,2419200000.0,2019411329.0,-5.0,-8.716,261400000.0,0.636,1.0,535100000.0,0.327,531500000.0,1000000.0,1541800000.0,1601311250.0,207900000.0,557400000.0,557400000.0,0.0,386300000.0,296800000.0,89500000.0,2547411329.0,17700000.0,-327900000.0,700000.0,-7700000.0,0.0,-7000000.0,-390700000.0,43100000.0,367300000.0,48100000.0,-267300000.0,-267300000.0,-267300000.0,0.0,0.0,-0.164,941500000.0,-406400000.0,56500000.0,0.0,1.053,-9.53,-9.538,474000000.0,0.0,6.2,1.559,1.56,218800000.0,2119100000.0,1634300000.0,1634300000.0,362800000.0,-0.094,-0.108,-0.241,-0.236,20100000.0,337500000.0,1.0,410872795.0,411200000,411200000.0,3.974,2274000000.0,166900000.0,-119300000.0,0.0,5.53,1309600000.0
46,TLAB,MRT,2002-03-31,2002-03-29,2002-03-29,2019-09-04,-164900000.0,2839000000.0,2889490000.0,1603600000.0,1235400000.0,0.623,6.05,-148700000.0,528500000.0,528500000.0,1266800000.0,-299200000.0,5.497,0.143,500000.0,0.0,500000.0,500000.0,0.0,156100000.0,0.0,0.0,0.0,-414400000.0,-258300000.0,-0.144,-258300000.0,-414400000.0,-415200000.0,-0.73,-0.73,-0.73,2483700000.0,2522967250.0,2483700000.0,3601227990.0,-9.0,-13.942,233500000.0,0.569,1.0,532300000.0,0.296,529300000.0,800000.0,1490000000.0,1673816750.0,293500000.0,383100000.0,383100000.0,0.0,355300000.0,291700000.0,63600000.0,4299754990.0,147100000.0,-325000000.0,4600000.0,-7700000.0,0.0,-3100000.0,-223500000.0,250200000.0,382200000.0,-8500000.0,-299200000.0,-299200000.0,-299200000.0,0.0,0.0,-0.166,974200000.0,-441900000.0,52800000.0,0.0,1.731,-14.371,-14.342,509400000.0,0.0,10.47,2.39,2.389,247100000.0,2261900000.0,1799100000.0,1799100000.0,386400000.0,-0.104,-0.119,-0.248,-0.23,20100000.0,366400000.0,1.0,410673829.0,410500000,414800000.0,4.383,2309700000.0,135900000.0,-116000000.0,5700000.0,5.627,1311900000.0
47,TLAB,MRT,2001-12-31,2001-12-28,2001-12-28,2019-09-04,-160100000.0,2865800000.0,2951340000.0,1944600000.0,921200000.0,0.745,6.02,-208200000.0,701900000.0,701900000.0,1436500000.0,-182000000.0,6.086,0.162,0.0,0.0,0.0,0.0,0.0,157500000.0,0.0,0.0,0.0,-244300000.0,-86800000.0,-0.039,-86800000.0,-244300000.0,-244800000.0,-0.44,-0.44,-0.44,2465600000.0,2590157750.0,2465600000.0,5955633071.0,-24.0,-68.613,211100000.0,0.515,1.0,763200000.0,0.347,188600000.0,500000.0,1655800000.0,1807346250.0,329100000.0,399700000.0,399700000.0,0.0,400200000.0,319500000.0,80700000.0,6473657071.0,372600000.0,-130800000.0,17800000.0,500000.0,0.0,18300000.0,-49000000.0,290000000.0,419300000.0,-16000000.0,-182000000.0,-182000000.0,-182000000.0,0.0,0.0,-0.083,1042600000.0,-279400000.0,63500000.0,0.0,2.626,-35.57,-35.886,520500000.0,0.0,15.79,2.943,2.94,330900000.0,2256600000.0,2199700000.0,2199700000.0,422700000.0,-0.062,-0.07,-0.135,-0.111,20100000.0,400300000.0,1.0,409984615.0,409600000,409600000.0,5.37,2677200000.0,164700000.0,-62800000.0,21400000.0,6.536,1625100000.0
48,TLAB,MRT,2001-09-30,2001-09-28,2001-09-28,2019-09-04,-130466000.0,2908057000.0,3003156750.0,1972359000.0,935698000.0,0.962,6.276,-262031000.0,520874000.0,520874000.0,1598256000.0,193295000.0,7.168,0.131,2850000.0,0.0,2850000.0,2850000.0,0.0,147545000.0,0.0,0.0,0.0,303438000.0,450983000.0,0.156,450983000.0,303438000.0,302878000.0,0.48,0.45,0.48,2572339000.0,2630653750.0,2572339000.0,3633259589.0,12.0,8.056,151695000.0,0.37,1.0,1289988000.0,0.447,397230000.0,560000.0,1717645000.0,1958486000.0,415149000.0,531535000.0,531535000.0,0.0,335718000.0,275158000.0,60560000.0,4048560589.0,299290000.0,-113265000.0,-99273000.0,0.0,0.0,-99273000.0,-25645000.0,349551000.0,413726000.0,10382000.0,193295000.0,193295000.0,193295000.0,0.0,0.0,0.067,1039850000.0,250138000.0,58354000.0,0.0,1.574,20.945,20.583,538468000.0,0.0,9.88,1.402,1.402,337536000.0,2336947000.0,2888244000.0,2888244000.0,444234000.0,0.064,0.073,0.155,0.105,13224000.0,436599000.0,1.0,409773339.0,409900000,409900000.0,7.046,2510827000.0,111518000.0,109583000.0,620000.0,6.125,1697201000.0
49,TLAB,MRT,2001-06-30,2001-06-29,2001-06-29,2019-09-04,-177174000.0,2945103000.0,2992684000.0,2056397000.0,888706000.0,1.087,6.277,-271705000.0,418151000.0,418151000.0,1718483000.0,430122000.0,6.453,0.146,2850000.0,0.0,2850000.0,2850000.0,0.0,137111000.0,0.0,0.0,0.0,630535000.0,767646000.0,0.236,767646000.0,630535000.0,630032000.0,1.06,1.02,1.06,2570230000.0,2607421750.0,2570230000.0,7552298722.0,12.0,9.838,124200000.0,0.303,1.0,1533672000.0,0.472,379284000.0,503000.0,1831822000.0,2035056250.0,473578000.0,616174000.0,616174000.0,0.0,374873000.0,318696000.0,56177000.0,7930876722.0,38553000.0,-88965000.0,-95108000.0,0.0,0.0,-95108000.0,-241547000.0,119123000.0,395905000.0,-20697000.0,430122000.0,430122000.0,430122000.0,0.0,0.0,0.132,996455000.0,537217000.0,111757000.0,0.0,3.086,18.439,18.283,509422000.0,0.0,19.38,2.439,2.44,411701000.0,2386421000.0,3252155000.0,3252155000.0,452896000.0,0.144,0.165,0.31,0.194,18484000.0,439308000.0,1.0,409229965.0,409500000,409500000.0,7.942,2565819000.0,104740000.0,199910000.0,0.0,6.266,1737701000.0
50,TLAB,MRT,2001-03-31,2001-03-30,2001-03-30,2019-09-04,-159116000.0,3086400000.0,2922224750.0,2202906000.0,883494000.0,1.207,6.733,-252145000.0,381428000.0,381428000.0,1619106000.0,761950000.0,7.265,0.121,2850000.0,0.0,2850000.0,2850000.0,0.0,126539000.0,0.0,0.0,0.0,1107703000.0,1234242000.0,0.35,1234242000.0,1107703000.0,1106960000.0,1.87,1.83,1.87,2752462000.0,2541940250.0,2752462000.0,16311147371.0,15.0,13.216,144041000.0,0.352,1.0,1909109000.0,0.541,380479000.0,743000.0,2024118000.0,2004259750.0,533941000.0,637636000.0,637636000.0,0.0,333938000.0,303225000.0,30713000.0,16637586371.0,-59149000.0,-88965000.0,-90517000.0,0.0,0.0,-90517000.0,-349275000.0,-8165000.0,396186000.0,-15543000.0,761950000.0,761950000.0,761950000.0,0.0,0.0,0.216,894839000.0,1014270000.0,136503000.0,0.0,6.045,21.836,21.758,503015000.0,0.0,40.688,4.716,4.714,594936000.0,2561123000.0,3528215000.0,3528215000.0,446280000.0,0.261,0.3,0.553,0.314,22915000.0,431934000.0,1.0,408911493.0,408800000,416300000.0,8.631,2705921000.0,0.0,345010000.0,47694000.0,6.619,1899681000.0
51,TLAB,MRT,2000-12-31,2000-12-29,2000-12-29,2019-09-04,-130577000.0,3073067000.0,2771164250.0,2322479000.0,750588000.0,1.222,6.418,-207600000.0,329289000.0,329289000.0,1552000000.0,730800000.0,5.632,0.17,2850000.0,0.0,2850000.0,2850000.0,0.0,116200000.0,0.0,0.0,0.0,1080800000.0,1197000000.0,0.353,1197000000.0,1080800000.0,1080200000.0,1.79,1.75,1.79,2627584000.0,2391343250.0,2627584000.0,22975402637.0,21.0,19.194,218500000.0,0.534,1.0,1835400000.0,0.542,73924000.0,600000.0,2260359000.0,1871668750.0,428255000.0,693058000.0,693058000.0,0.0,445483000.0,412345000.0,33138000.0,23194115637.0,18700000.0,-500000.0,-95600000.0,-6500000.0,0.0,-102100000.0,-291200000.0,-83100000.0,426100000.0,-14100000.0,730800000.0,730800000.0,730800000.0,0.0,0.0,0.216,840400000.0,995000000.0,155006000.0,0.0,8.827,31.738,31.564,460761000.0,0.0,56.5,6.847,6.829,802546000.0,2438616000.0,3387400000.0,3387400000.0,412400000.0,0.264,0.306,0.577,0.319,27200000.0,407800000.0,1.0,410515321.0,409400000,418400000.0,8.274,2999143000.0,29773000.0,349400000.0,99361000.0,7.326,1910134000.0
52,TLAB,MRT,2000-09-30,2000-09-29,2000-09-29,2019-09-04,-146074000.0,2866166000.0,2591553750.0,2200300000.0,665866000.0,1.136,6.042,-164358000.0,221563000.0,221563000.0,1331178000.0,621081000.0,6.209,0.156,2850000.0,0.0,2850000.0,2850000.0,0.0,110261000.0,0.0,0.0,0.0,920680000.0,1030941000.0,0.35,1030941000.0,920680000.0,920176000.0,1.59,1.57,1.59,2479411000.0,2246323500.0,2479411000.0,19206213842.0,21.0,18.63,217271000.0,0.529,1.0,1613602000.0,0.548,269170000.0,504000.0,2023926000.0,1729232000.0,365362000.0,905584000.0,905584000.0,0.0,386755000.0,354357000.0,32398000.0,19582963842.0,-31548000.0,-33691000.0,39330000.0,-4499000.0,0.0,34831000.0,-415932000.0,-217883000.0,381629000.0,-32076000.0,621081000.0,621081000.0,621081000.0,0.0,0.0,0.211,793359000.0,820243000.0,171286000.0,0.0,7.898,31.53,30.031,396696000.0,0.0,47.75,6.65,6.654,691303000.0,2201025000.0,2944780000.0,2944780000.0,395132000.0,0.24,0.276,0.532,0.313,113233000.0,381340000.0,1.0,410114426.0,410354000,419160000.0,7.176,2596996000.0,0.0,299095000.0,64223000.0,6.329,1845943000.0
53,TLAB,MRT,2000-06-30,2000-06-30,2000-06-30,2019-09-04,-95938000.0,2663266000.0,2401886750.0,2051571000.0,611695000.0,1.136,5.633,-134950000.0,379600000.0,379600000.0,1196713000.0,575001000.0,6.348,0.154,2850000.0,0.0,2850000.0,2850000.0,0.0,103234000.0,0.0,0.0,0.0,857510000.0,960744000.0,0.352,960744000.0,857510000.0,856947000.0,1.48,1.46,1.48,2308304000.0,2081748250.0,2308304000.0,27587045103.0,32.0,28.714,325548000.0,0.794,1.0,1531314000.0,0.561,254686000.0,563000.0,1708636000.0,1579442250.0,263120000.0,762594000.0,762594000.0,0.0,354962000.0,323194000.0,31768000.0,28024697103.0,113580000.0,-143955000.0,41829000.0,-609000.0,0.0,41220000.0,-368232000.0,-89327000.0,460498000.0,-19906000.0,575001000.0,575001000.0,575001000.0,0.0,0.0,0.211,752067000.0,779247000.0,160116000.0,0.0,12.141,48.739,46.242,357009000.0,0.0,68.438,10.273,10.28,636528000.0,1990649000.0,2728027000.0,2728027000.0,370203000.0,0.239,0.276,0.543,0.314,107973000.0,364180000.0,1.0,409493291.0,409779000,418770000.0,6.657,2408580000.0,0.0,281946000.0,57470000.0,5.878,1728377000.0
54,TLAB,MRT,2000-03-31,2000-03-31,2000-03-31,2019-09-04,-77656000.0,2482158000.0,2199180000.0,1898495000.0,583663000.0,1.129,5.26,-114438000.0,440502000.0,440502000.0,1044749000.0,540012000.0,6.233,0.154,2850000.0,0.0,2850000.0,2850000.0,0.0,94970000.0,0.0,0.0,0.0,805473000.0,900443000.0,0.363,900443000.0,805473000.0,805018000.0,1.4,1.37,1.4,2150074000.0,1909040750.0,2150074000.0,25189676265.0,31.0,27.975,336142000.0,0.822,1.0,1439106000.0,0.579,246164000.0,455000.0,1493754000.0,1467015250.0,212293000.0,686216000.0,686216000.0,0.0,332084000.0,304588000.0,27496000.0,25495259265.0,131632000.0,-143955000.0,37942000.0,-876000.0,0.0,37066000.0,-336005000.0,-77612000.0,450580000.0,-20009000.0,540012000.0,540012000.0,540012000.0,0.0,0.0,0.217,704724000.0,734382000.0,142018000.0,0.0,11.858,47.212,45.0,337499000.0,0.0,63.0,10.264,10.369,552168000.0,1827908000.0,2483855000.0,2483855000.0,340705000.0,0.246,0.283,0.549,0.324,103542000.0,347682000.0,1.0,404686655.0,408794000,418909000.0,6.076,2235994000.0,0.0,265006000.0,66976000.0,5.47,1593907000.0
55,TLAB,MRT,1999-12-31,1999-12-31,1999-12-31,2019-09-04,-41043000.0,2354625000.0,2007076250.0,1786928000.0,567697000.0,1.157,5.057,-99455000.0,310553000.0,310553000.0,940083000.0,549663000.0,6.485,0.15,9350000.0,0.0,9350000.0,9350000.0,0.0,84863000.0,0.0,0.0,0.0,802699000.0,887562000.0,0.382,887562000.0,802699000.0,802120000.0,1.36,1.32,1.36,2047505000.0,1740379750.0,2047505000.0,25574371060.0,32.0,28.814,352760000.0,0.871,1.0,1382287000.0,0.595,87275000.0,579000.0,1690612000.0,1362767250.0,185796000.0,657449000.0,657449000.0,0.0,307120000.0,275535000.0,31585000.0,25821112060.0,65092000.0,-143420000.0,45204000.0,6001000.0,0.0,51205000.0,-418125000.0,-175250000.0,452215000.0,-20203000.0,549663000.0,549663000.0,549663000.0,0.0,0.0,0.237,650449000.0,731838000.0,111597000.0,0.0,12.611,46.976,47.197,336186000.0,0.0,64.188,11.118,11.19,611227000.0,1707820000.0,2322370000.0,2322370000.0,312287000.0,0.274,0.316,0.589,0.346,99257000.0,329127000.0,1.0,402276332.0,404872000,417041000.0,5.736,2267350000.0,0.0,252457000.0,56202000.0,5.6,1511393000.0
56,TLAB,MRT,1999-09-30,1999-10-01,1999-10-01,2019-09-04,-20154000.0,2107498000.0,1829701250.0,1610619000.0,496879000.0,1.164,4.491,-85102000.0,250060000.0,250060000.0,861018000.0,480744000.0,6.128,0.157,3319000.0,0.0,3319000.0,3319000.0,0.0,75203000.0,0.0,0.0,0.0,704103000.0,779306000.0,0.366,779306000.0,704103000.0,703512000.0,1.18,1.15,1.18,1821110000.0,1577906750.0,1821110000.0,21666618125.0,31.0,27.802,338887000.0,0.836,1.0,1268628000.0,0.596,173175000.0,591000.0,1424767000.0,1223547750.0,164670000.0,673946000.0,673946000.0,0.0,286388000.0,262815000.0,23573000.0,21918385125.0,17795000.0,-114214000.0,56293000.0,3913000.0,0.0,60206000.0,-452205000.0,-252889000.0,423989000.0,-14195000.0,480744000.0,480744000.0,480744000.0,0.0,0.0,0.226,600804000.0,667824000.0,96548000.0,0.0,12.036,45.593,47.352,323704000.0,0.0,55.875,10.292,10.64,515368000.0,1529838000.0,2129646000.0,2129646000.0,283829000.0,0.263,0.305,0.575,0.331,32848000.0,308715000.0,1.0,392275349.0,405546000,417935000.0,5.251,1934323000.0,0.0,222768000.0,45952000.0,4.77,1347804000.0
57,TLAB,MRT,1999-06-30,1999-07-02,1999-07-02,2019-09-04,-36099000.0,1852439000.0,1663202500.0,1466530000.0,385909000.0,1.18,3.999,-72132000.0,254617000.0,254617000.0,797148000.0,422578000.0,7.233,0.145,2850000.0,0.0,2850000.0,2850000.0,0.0,70179000.0,0.0,0.0,0.0,621570000.0,691749000.0,0.352,691749000.0,621570000.0,620980000.0,1.04,1.02,1.04,1617474000.0,1431011500.0,1617474000.0,54566779001.0,88.0,78.882,250763000.0,0.62,1.0,1165527000.0,0.594,138997000.0,590000.0,1258928000.0,1099869250.0,132819000.0,617595000.0,617595000.0,0.0,234965000.0,202747000.0,32218000.0,54864700001.0,-29395000.0,-16941000.0,56154000.0,628000.0,0.0,56782000.0,-400597000.0,-311524000.0,322895000.0,-8475000.0,422578000.0,422578000.0,422578000.0,0.0,0.0,0.215,569739000.0,595788000.0,69129000.0,0.0,33.92,129.833,67.368,246912000.0,0.0,70.063,27.954,14.439,458752000.0,1400354000.0,1962675000.0,1962675000.0,262062000.0,0.254,0.295,0.565,0.317,32848000.0,288894000.0,1.0,783082248.0,404490000,416993000.0,4.852,1713442000.0,0.0,198402000.0,58492000.0,4.236,1263783000.0
58,TLAB,MRT,1999-03-31,1999-04-02,1999-04-02,2019-09-04,-31274000.0,1713743000.0,1524087500.0,1336633000.0,377110000.0,1.187,3.668,-69117000.0,300771000.0,300771000.0,747285000.0,419481000.0,6.489,0.162,2850000.0,0.0,2850000.0,2850000.0,0.0,63340000.0,0.0,0.0,0.0,619474000.0,682814000.0,0.377,682814000.0,619474000.0,619040000.0,1.07,1.05,1.07,1475430000.0,1294673000.0,1475430000.0,18977880359.0,31.0,27.794,265734000.0,0.661,1.0,1061821000.0,0.587,133091000.0,434000.0,1076762000.0,978857000.0,135105000.0,510464000.0,510464000.0,0.0,238313000.0,205969000.0,32344000.0,19209748359.0,102915000.0,-16941000.0,53052000.0,895000.0,0.0,53947000.0,-283601000.0,-197543000.0,334851000.0,-2282000.0,419481000.0,419481000.0,419481000.0,0.0,0.0,0.232,537491000.0,524330000.0,59360000.0,0.0,13.02,45.794,46.057,244019000.0,0.0,49.281,10.618,10.958,381354000.0,1272585000.0,1809106000.0,1809106000.0,236195000.0,0.275,0.324,0.633,0.342,32848000.0,257773000.0,1.0,389798318.0,402258000,414517000.0,4.497,1580652000.0,0.0,199559000.0,68024000.0,3.929,1130664000.0
59,TLAB,MRT,1998-12-31,1999-01-01,1999-01-01,2019-09-04,11216000.0,1645125000.0,1417331000.0,1268873000.0,376252000.0,1.204,3.511,-80723000.0,239292000.0,239292000.0,706099000.0,391460000.0,5.771,0.177,3349000.0,0.0,3349000.0,3349000.0,0.0,59406000.0,0.0,0.0,0.0,578011000.0,637417000.0,0.374,637417000.0,578011000.0,577650000.0,0.98,0.96,0.98,1397613000.0,1184078000.0,1397613000.0,13098604445.0,23.0,20.55,158619000.0,0.398,1.0,999978000.0,0.586,55559000.0,361000.0,1133734000.0,947052750.0,122424000.0,419394000.0,419394000.0,0.0,247512000.0,219889000.0,27623000.0,13318466445.0,108487000.0,-16941000.0,40772000.0,518000.0,0.0,41290000.0,-174195000.0,-76531000.0,239342000.0,2050000.0,391460000.0,391460000.0,391460000.0,0.0,0.0,0.229,515569000.0,484409000.0,63953000.0,0.0,9.529,34.023,34.981,256087000.0,0.0,34.281,7.806,8.0,480620000.0,1161331000.0,1706077000.0,1706077000.0,224111000.0,0.276,0.331,0.61,0.339,32848000.0,247819000.0,1.0,388505858.0,398115000,408882000.0,4.285,1589566000.0,0.0,186190000.0,79227000.0,3.993,1048984000.0
60,TLAB,MRT,1998-09-30,1998-10-02,1998-10-02,2019-09-04,-8781000.0,1441503000.0,1301894500.0,1080927000.0,360576000.0,1.207,3.12,-85544000.0,233455000.0,233455000.0,675523000.0,359514000.0,6.064,0.169,13593000.0,0.0,13593000.0,13593000.0,0.0,58918000.0,0.0,0.0,0.0,534210000.0,593128000.0,0.377,593128000.0,534210000.0,533828000.0,0.83,0.81,0.83,1233529000.0,1067952000.0,1233529000.0,6978669508.0,13.0,11.766,195879000.0,0.496,1.0,896094000.0,0.57,113327000.0,382000.0,930053000.0,872678000.0,139693000.0,376350000.0,376350000.0,0.0,207974000.0,178261000.0,29713000.0,7209907508.0,92654000.0,-12991000.0,2816000.0,978000.0,0.0,3794000.0,-197361000.0,-98826000.0,281423000.0,4798000.0,359514000.0,359514000.0,359514000.0,0.0,0.0,0.229,454288000.0,441806000.0,59472000.0,0.0,5.845,20.055,23.795,247249000.0,0.0,19.75,4.588,4.968,322303000.0,1047545000.0,1571617000.0,1571617000.0,209173000.0,0.276,0.337,0.612,0.34,0.0,201416000.0,1.0,365058608.0,395300000,404912000.0,3.976,1328176000.0,0.0,174314000.0,56177000.0,3.36,902666000.0
61,TLAB,MRT,1998-06-30,1998-07-03,1998-07-03,2019-09-04,-36639000.0,1295979000.0,,976189000.0,319790000.0,,2.939,-90625000.0,267489000.0,267489000.0,610960000.0,340740000.0,5.051,0.209,36251000.0,0.0,36251000.0,36251000.0,0.0,53292000.0,0.0,0.0,0.0,509964000.0,563256000.0,0.388,563256000.0,509964000.0,509669000.0,0.795,0.77,0.795,1072120000.0,,1072120000.0,12978229985.0,25.0,23.041,191871000.0,0.526,1.0,841678000.0,0.579,96583000.0,295000.0,774879000.0,,100223000.0,310311000.0,310311000.0,0.0,223859000.0,193279000.0,30580000.0,13027784985.0,194449000.0,0.0,6871000.0,373000.0,0.0,7244000.0,-92107000.0,-1482000.0,282496000.0,-3184000.0,340740000.0,340740000.0,340740000.0,0.0,0.0,0.235,424806000.0,416872000.0,57185000.0,0.0,12.151,38.234,44.969,223207000.0,0.0,35.75,8.968,8.977,293628000.0,920112000.0,1452638000.0,1452638000.0,191646000.0,,,,0.351,0.0,202322000.0,1.0,364413566.0,364781000,374963000.0,3.982,1199396000.0,0.0,168929000.0,82968000.0,3.288,782910000.0
62,TLAB,MRT,1998-03-31,1998-04-03,1998-04-03,2019-09-04,-43150000.0,1286717000.0,,955924000.0,330793000.0,,1.42,-95937000.0,178029000.0,178029000.0,560809000.0,280459000.0,4.172,0.246,128474000.0,0.0,128474000.0,128474000.0,0.0,51424000.0,0.0,0.0,0.0,423605000.0,475029000.0,0.35,475029000.0,423605000.0,423204000.0,0.63,0.61,0.63,1033050000.0,,1033050000.0,11822568631.0,28.0,24.888,165910000.0,0.228,1.0,796811000.0,0.587,58482000.0,401000.0,949545000.0,,94467000.0,422457000.0,422457000.0,0.0,253667000.0,229135000.0,24532000.0,11928766631.0,80350000.0,0.0,13421000.0,373000.0,0.0,13794000.0,-190050000.0,-94113000.0,261847000.0,-5241000.0,280459000.0,280459000.0,280459000.0,0.0,0.0,0.207,392912000.0,403899000.0,48098000.0,0.0,11.547,42.533,52.083,217938000.0,0.0,32.813,8.787,17.583,259595000.0,801070000.0,1357620000.0,1357620000.0,181259000.0,,,,0.312,0.0,205465000.0,1.0,363543364.0,727490000,747788000.0,1.866,1228235000.0,0.0,142745000.0,63605000.0,1.688,726789000.0
63,TLAB,MRT,1997-12-31,1998-01-02,1998-01-02,2019-09-04,-27901000.0,1183379000.0,,862934000.0,320445000.0,,2.404,-90219000.0,109048000.0,109048000.0,517883000.0,275302000.0,3.821,0.268,98840000.0,0.0,98840000.0,98840000.0,0.0,49082000.0,0.0,0.0,0.0,417259000.0,466341000.0,0.365,466341000.0,417259000.0,416827000.0,0.71,0.69,0.71,933109000.0,,933109000.0,,,,128666000.0,0.331,1.0,759358000.0,0.595,111116000.0,432000.0,836235000.0,,89614000.0,377986000.0,377986000.0,0.0,250270000.0,225820000.0,24450000.0,9951999590.0,31719000.0,-7821000.0,20418000.0,373000.0,0.0,20791000.0,-202737000.0,-104697000.0,218885000.0,-5220000.0,275302000.0,275302000.0,275302000.0,0.0,0.0,0.216,379972000.0,379386000.0,50422000.0,0.0,10.665,36.149,38.556,209329000.0,0.0,27.375,7.792,8.319,284084000.0,732826000.0,1277241000.0,1277241000.0,171189000.0,,,,0.327,0.0,202565000.0,1.0,363543364.0,388155000,399234000.0,3.291,1072263000.0,0.0,141525000.0,66211000.0,2.762,637114000.0
64,TLAB,MRT,1997-09-30,1997-09-26,1997-09-26,2019-09-04,,,,,,,,,,,,,,,,,,,,,,0.0,0.0,,,,,,,,,,,,,,,,,,1.0,,,,,,,,,,,,,,,,,,,,,,,,,,,,,,,,,,,,,,,,26.531,,,,,,,,,,,,,,1.0,,362548000,,,,,,,,
65,TLAB,MRT,1997-06-30,1997-06-27,1997-06-27,2019-09-04,,,,,,,,,,,,,,,,,,,,,,0.0,0.0,,,,,,,,,,,,,,,,,,1.0,,,,,,,,,,,,,,,,,,,,,,,,,,,,,,,,,,,,,,,,27.5,,,,,,,,,,,,,,1.0,,361498000,,,,,,,,
66,TLAB,MRT,1997-03-31,1997-03-28,1997-03-28,2019-09-04,,,,,,,,,,,,,,,,,,,,,,0.0,0.0,,,,,,,,,,,,,,,,,,1.0,,,,,,,,,,,,,,,,,,,,,,,,,,,,,,,,,,,,,,,,19.188,,,,,,,,,,,,,,1.0,,360250000,,,,,,,,
67,TLAB,MRT,1996-12-31,1996-12-27,1996-12-27,2019-09-04,,,,,,,,-64831000.0,,,349732000.0,117965000.0,,,,,,,,32648000.0,,0.0,0.0,176455000.0,209103000.0,0.241,209103000.0,176455000.0,175282000.0,0.33,0.32,0.33,,,,,,,95472000.0,0.267,1.0,519243000.0,0.598,,1173000.0,,,,,,,,,,,-2039000.0,-91732000.0,22480000.0,0.0,0.0,22480000.0,-185422000.0,-28859000.0,160303000.0,600000.0,117965000.0,117965000.0,117965000.0,0.0,0.0,0.136,350300000.0,168943000.0,,0.0,,,59.848,,0.0,19.75,,8.114,,,868975000.0,868975000.0,107258000.0,,,,0.203,0.0,164701000.0,1.0,,357018000,366060000.0,2.434,,,57317000.0,,,
68,TLAB,MRT,1995-12-31,1995-12-29,1995-12-29,2019-09-04,,,,,,,,-35191000.0,,,271394000.0,115606000.0,,,,,,,,23682000.0,,0.0,0.0,162949000.0,186631000.0,0.294,186631000.0,162949000.0,162825000.0,0.33,0.315,0.33,,,,,,,62464000.0,0.177,1.0,363835000.0,0.573,,124000.0,,,,,,,,,,,41025000.0,0.0,18246000.0,0.0,0.0,18246000.0,-78365000.0,-43174000.0,97655000.0,3489000.0,115606000.0,115606000.0,115606000.0,0.0,0.0,0.182,207182000.0,156653000.0,,0.0,,,28.03,,0.0,9.25,,5.137,,,635229000.0,635229000.0,81893000.0,,,,0.257,0.0,122721000.0,1.0,,352776000,366510000.0,1.801,,,47219000.0,,,
