None,ticker,dimension,calendardate,datekey,reportperiod,lastupdated,accoci,assets,assetsavg,assetsc,assetsnc,assetturnover,bvps,capex,cashneq,cashnequsd,cor,consolinc,currentratio,de,debt,debtc,debtnc,debtusd,deferredrev,depamor,deposits,divyield,dps,ebit,ebitda,ebitdamargin,ebitdausd,ebitusd,ebt,eps,epsdil,epsusd,equity,equityavg,equityusd,ev,evebit,evebitda,fcf,fcfps,fxusd,gp,grossmargin,intangibles,intexp,invcap,invcapavg,inventory,investments,investmentsc,investmentsnc,liabilities,liabilitiesc,liabilitiesnc,marketcap,ncf,ncfbus,ncfcommon,ncfdebt,ncfdiv,ncff,ncfi,ncfinv,ncfo,ncfx,netinc,netinccmn,netinccmnusd,netincdis,netincnci,netmargin,opex,opinc,payables,payoutratio,pb,pe,pe1,ppnenet,prefdivis,price,ps,ps1,receivables,retearn,revenue,revenueusd,rnd,roa,roe,roic,ros,sbcomp,sgna,sharefactor,sharesbas,shareswa,shareswadil,sps,tangibles,taxassets,taxexp,taxliabilities,tbvps,workingcapital
0,GEN1,MRY,2011-12-31,2011-12-31,2011-12-31,2019-04-11,-170000000.0,12269000000.0,12458750000.0,4176000000.0,8093000000.0,0.29,6.628,-450000000.0,1668000000.0,1668000000.0,1610000000.0,-189000000.0,2.148,1.398,4132000000.0,10000000.0,4122000000.0,4132000000.0,0.0,390000000.0,0.0,0.0,0.0,191000000.0,581000000.0,0.161,581000000.0,191000000.0,-189000000.0,-0.24,-0.24,-0.24,5117000000.0,5292250000.0,5117000000.0,4343118036.0,23.0,7.475,-185000000.0,-0.24,1.0,2004000000.0,0.555,48000000.0,380000000.0,12741000000.0,12647250000.0,563000000.0,0.0,0.0,0.0,7152000000.0,1944000000.0,5208000000.0,2014118036.0,-734000000.0,0.0,3000000.0,-1973000000.0,0.0,-1970000000.0,971000000.0,0.0,265000000.0,0.0,-189000000.0,-189000000.0,-189000000.0,0.0,0.0,-0.052,1795000000.0,209000000.0,790000000.0,0.0,0.394,-10.657,-10.875,6191000000.0,0.0,2.61,0.557,0.558,357000000.0,-2163000000.0,3614000000.0,3614000000.0,0.0,-0.015,-0.036,0.015,0.053,14000000.0,1293000000.0,1.0,771692734.0,772000000.0,772000000.0,4.681,12221000000.0,294000000.0,0.0,294000000.0,15.83,2232000000.0
1,GEN1,MRY,2010-12-31,2010-12-31,2010-12-31,2019-04-11,-25000000.0,15199000000.0,8894726250.0,6902000000.0,8297000000.0,0.255,12.322,-304000000.0,2402000000.0,2402000000.0,963000000.0,-233000000.0,1.475,1.797,6081000000.0,2061000000.0,4020000000.0,6081000000.0,0.0,229000000.0,0.0,0.0,0.0,19000000.0,248000000.0,0.109,248000000.0,19000000.0,-235000000.0,-0.53,-0.53,-0.53,5434000000.0,4259646000.0,5434000000.0,2508373287.0,132.0,10.114,-99000000.0,-0.224,1.0,1307000000.0,0.576,140000000.0,254000000.0,14058000000.0,8842654750.0,553000000.0,0.0,0.0,0.0,9765000000.0,4680000000.0,5085000000.0,1346603287.0,449000000.0,717000000.0,-10000000.0,1425000000.0,0.0,1415000000.0,-1171000000.0,0.0,205000000.0,0.0,-233000000.0,-233000000.0,-233000000.0,0.0,0.0,-0.103,1631000000.0,-324000000.0,903000000.0,0.0,0.248,-5.779,-7.189,6229000000.0,0.0,3.81,0.593,0.74,538000000.0,-1974000000.0,2270000000.0,2270000000.0,0.0,-0.026,-0.055,0.002,0.008,41000000.0,846000000.0,1.0,353439183.0,441000000.0,441000000.0,5.147,15059000000.0,361000000.0,-2000000.0,361000000.0,34.147,2222000000.0
2,GEN1,MRY,2009-12-31,2009-12-31,2009-12-31,2019-04-11,-53000000.0,9528000000.0,9276091500.0,4347000000.0,5181000000.0,0.249,10.499,-676000000.0,1953000000.0,1953000000.0,710000000.0,493000000.0,1.871,1.208,2631000000.0,75000000.0,2556000000.0,2631000000.0,0.0,156000000.0,0.0,0.0,0.0,643000000.0,799000000.0,0.346,799000000.0,643000000.0,505000000.0,1.2,1.2,1.2,4315000000.0,4213656500.0,4315000000.0,3313560905.0,5.0,4.147,146000000.0,0.355,1.0,1599000000.0,0.693,171000000.0,138000000.0,7712000000.0,7898097250.0,241000000.0,0.0,0.0,0.0,5213000000.0,2323000000.0,2890000000.0,2017891905.0,122000000.0,0.0,-4000000.0,-45000000.0,0.0,-49000000.0,-651000000.0,-5000000.0,822000000.0,0.0,493000000.0,493000000.0,493000000.0,0.0,0.0,0.214,958000000.0,641000000.0,718000000.0,0.0,0.468,4.093,4.767,3633000000.0,0.0,5.72,0.874,1.018,412000000.0,-1728000000.0,2309000000.0,2309000000.0,0.0,0.053,0.117,0.081,0.278,24000000.0,610000000.0,1.0,352778305.0,411000000.0,412000000.0,5.618,9357000000.0,376000000.0,12000000.0,376000000.0,22.766,2024000000.0
3,GEN1,MRY,2008-12-31,2008-12-31,2008-12-31,2019-04-11,-85905000.0,10722395000.0,12031507500.0,4455466000.0,6266929000.0,0.265,7.168,-731000000.0,1007088000.0,1007088000.0,1059000000.0,1265000000.0,1.466,1.838,2623254000.0,12517000.0,2610737000.0,2623254000.0,0.0,148000000.0,0.0,0.0,0.0,1456000000.0,1604000000.0,0.503,1604000000.0,1456000000.0,1267000000.0,2.4,2.24,2.4,3777644000.0,4530966250.0,3777644000.0,4109054500.0,3.0,2.562,16000000.0,0.03,1.0,2129000000.0,0.668,380554000.0,189000000.0,8918759000.0,9889469250.0,314999000.0,298922000.0,220043000.0,78879000.0,6944751000.0,3039248000.0,3905503000.0,2021889500.0,-3130000000.0,0.0,-2743000000.0,-420000000.0,0.0,-3163000000.0,-714000000.0,-20000000.0,747000000.0,0.0,1265000000.0,1265000000.0,1265000000.0,-50000000.0,0.0,0.397,772000000.0,1357000000.0,156604000.0,0.0,0.535,1.598,2.408,4819789000.0,0.0,5.78,0.634,0.955,249871000.0,-2375201000.0,3188000000.0,3188000000.0,0.0,0.105,0.279,0.147,0.457,25000000.0,667000000.0,1.0,349807872.0,527000000.0,565000000.0,6.049,10341841000.0,0.0,2000000.0,0.0,19.624,1416218000.0
4,GEN1,MRY,2007-12-31,2007-12-31,2007-12-31,2019-04-11,-103058000.0,10191800000.0,10030744500.0,3233509000.0,6958291000.0,0.319,13.003,-174589000.0,758213000.0,758213000.0,2040769000.0,365107000.0,1.576,1.276,2954892000.0,52546000.0,2902346000.0,2954892000.0,0.0,398691000.0,0.0,0.0,0.0,467417000.0,866108000.0,0.27,866108000.0,467417000.0,205007000.0,1.07,1.07,1.07,4477034000.0,4251959500.0,4477034000.0,11628820491.0,25.0,13.427,587154000.0,1.705,1.0,1161759000.0,0.363,784982000.0,262410000.0,9551470000.0,9868344000.0,285408000.0,1122837000.0,746302000.0,376535000.0,5714766000.0,2052027000.0,3662739000.0,9034863491.0,383119000.0,82075000.0,41317000.0,-260578000.0,0.0,-292040000.0,-178650000.0,0.0,761743000.0,0.0,365107000.0,365107000.0,365107000.0,-566738000.0,0.0,0.114,1171886000.0,-10127000.0,687046000.0,0.0,2.018,24.746,24.523,5222217000.0,0.0,26.24,2.821,2.821,1082746000.0,-1635526000.0,3202528000.0,3202528000.0,0.0,0.036,0.086,0.047,0.146,0.0,776894000.0,1.0,344316444.0,344316444.0,,9.301,9406818000.0,184969000.0,-160100000.0,0.0,27.32,1181482000.0
5,GEN1,MRY,2006-12-31,2006-12-31,2006-12-31,2019-04-11,-198575000.0,10567133000.0,11289994000.0,3173249000.0,7393884000.0,0.963,12.804,-96793000.0,488889000.0,488889000.0,9435892000.0,-327812000.0,1.178,1.675,3532955000.0,355264000.0,3177691000.0,3532955000.0,0.0,372616000.0,0.0,0.0,0.0,-21874000.0,350742000.0,0.032,350742000.0,-21874000.0,-449741000.0,-1.07,-1.07,-1.07,3949873000.0,3776165750.0,3949873000.0,8885973967.0,-406.0,25.335,1179080000.0,3.822,1.0,1441493000.0,0.133,805339000.0,427867000.0,10112617000.0,12036443000.0,275437000.0,693583000.0,489726000.0,203857000.0,6617260000.0,2693243000.0,3924017000.0,4383624967.0,375512000.0,1417000.0,24842000.0,-1344254000.0,0.0,-1957412000.0,1057051000.0,0.0,1275873000.0,0.0,-327812000.0,-327812000.0,-327812000.0,2088000.0,0.0,-0.03,1465301000.0,-23808000.0,664630000.0,0.0,1.11,-13.372,-13.28,5741995000.0,0.0,14.21,0.403,0.403,1043637000.0,-2026316000.0,10877385000.0,10877385000.0,0.0,-0.029,-0.087,-0.002,-0.002,0.0,1217071000.0,1.0,308488738.0,308488738.0,,35.26,9761794000.0,367337000.0,-121929000.0,0.0,31.644,480006000.0
6,GEN1,MRY,2005-12-31,2005-12-31,2005-12-31,2019-04-11,-284616000.0,13568806000.0,12931127750.0,4730451000.0,8838355000.0,0.751,12.682,-82296000.0,115303000.0,115303000.0,8365921000.0,-330556000.0,1.389,2.512,5106752000.0,789325000.0,4317427000.0,5106752000.0,0.0,445871000.0,0.0,0.0,0.0,-184355000.0,261516000.0,0.027,261516000.0,-184355000.0,-583636000.0,-1.09,-1.09,-1.09,3863693000.0,4129493000.0,3863693000.0,7818394058.0,-42.0,29.896,-999459000.0,-3.281,1.0,1346074000.0,0.139,897176000.0,399281000.0,14256849000.0,14344953250.0,299099000.0,1253763000.0,725964000.0,527799000.0,9705113000.0,3406230000.0,6298883000.0,3144064058.0,-16657000.0,149345000.0,37885000.0,556469000.0,0.0,594354000.0,306152000.0,0.0,-917163000.0,0.0,-330556000.0,-330556000.0,-330556000.0,-110799000.0,0.0,-0.034,1666633000.0,-320559000.0,886965000.0,0.0,0.814,-9.511,-9.468,5934060000.0,0.0,10.32,0.324,0.324,1171673000.0,-1698504000.0,9711995000.0,9711995000.0,0.0,-0.026,-0.08,-0.013,-0.019,0.0,1029440000.0,1.0,304657370.0,304657370.0,,31.878,12671630000.0,394074000.0,-253080000.0,0.0,41.593,1324221000.0
7,GEN1,MRY,2004-12-31,2004-12-31,2004-12-31,2019-04-11,-33557000.0,12194024000.0,12978004000.0,2657851000.0,9536173000.0,0.624,14.686,-159671000.0,146211000.0,146211000.0,6564137000.0,-29370000.0,1.266,1.78,4557711000.0,618854000.0,3938857000.0,4557711000.0,0.0,453042000.0,19040000.0,0.0,0.0,272930000.0,725972000.0,0.09,725972000.0,272930000.0,-144584000.0,-0.1,-0.1,-0.1,4386354000.0,4426820750.0,4386354000.0,9204007057.0,34.0,12.678,-54158000.0,-0.181,1.0,1534085000.0,0.189,981117000.0,417514000.0,13525816000.0,14825078750.0,245682000.0,661997000.0,305924000.0,356073000.0,7807670000.0,2098591000.0,5709079000.0,4076866057.0,-41190000.0,11325000.0,24618000.0,-265802000.0,0.0,-1047913000.0,901210000.0,0.0,105513000.0,0.0,-29370000.0,-29370000.0,-29370000.0,-239800000.0,0.0,-0.004,1541841000.0,-7756000.0,566104000.0,0.0,0.929,-138.811,-136.5,6437761000.0,0.0,13.65,0.503,0.503,1071312000.0,-1367948000.0,8098222000.0,8098222000.0,0.0,-0.002,-0.007,0.018,0.034,0.0,1108633000.0,1.0,298671506.0,298671506.0,,27.114,11212907000.0,118032000.0,-115214000.0,229352000.0,37.543,559260000.0
8,GEN1,MRY,2003-12-31,2003-12-31,2003-12-31,2019-04-11,-41353000.0,13296831000.0,16735619500.0,2677835000.0,10618996000.0,0.603,14.84,-548391000.0,402509000.0,402509000.0,7911615000.0,-1342117000.0,1.338,2.042,5043387000.0,129553000.0,4913834000.0,5043387000.0,0.0,356845000.0,93415000.0,0.0,0.0,-860216000.0,-503371000.0,-0.05,-503371000.0,-860216000.0,-1267025000.0,-4.57,-4.57,-4.57,4371799000.0,4797246750.0,4371799000.0,9013493544.0,-10.0,-17.906,445319000.0,1.512,1.0,2185174000.0,0.216,1102877000.0,406809000.0,14833858000.0,18431445000.0,258706000.0,1181807000.0,886868000.0,294939000.0,8925032000.0,2000974000.0,6924058000.0,2168194544.0,-968571000.0,2591000.0,7531000.0,-2120869000.0,0.0,-2888820000.0,917468000.0,0.0,993710000.0,9071000.0,-1342117000.0,-1342117000.0,-1342117000.0,402241000.0,0.0,-0.133,2576519000.0,-391345000.0,508941000.0,0.0,0.496,-1.616,-1.611,7642828000.0,0.0,7.36,0.215,0.215,567218000.0,-1338578000.0,10096789000.0,10096789000.0,0.0,-0.08,-0.28,-0.047,-0.085,0.0,1237493000.0,1.0,294591650.0,294591650.0,,34.274,12193954000.0,85368000.0,75092000.0,464563000.0,41.393,676861000.0
9,GEN1,MRY,2002-12-31,2002-12-31,2002-12-31,2019-04-11,-29186000.0,17220166000.0,18825904250.0,4788941000.0,12431225000.0,0.568,19.463,-620985000.0,1334445000.0,1334445000.0,8434986000.0,-559812000.0,1.326,2.046,6828200000.0,819690000.0,6008510000.0,6828200000.0,0.0,349484000.0,101953000.0,0.0,0.0,-122781000.0,226703000.0,0.021,226703000.0,-122781000.0,-345706000.0,-1.93,-1.92,-1.93,5652888000.0,6187891500.0,5652888000.0,6780345490.0,-55.0,29.908,-104227000.0,-0.359,1.0,2258434000.0,0.211,2277195000.0,222925000.0,16826421000.0,14590279250.0,274666000.0,271195000.0,167996000.0,103199000.0,11567278000.0,3610305000.0,7956973000.0,929412490.0,1017235000.0,-2963801000.0,13527000.0,4030021000.0,0.0,3984711000.0,-3487243000.0,0.0,516758000.0,3009000.0,-559812000.0,-559812000.0,-559812000.0,444912000.0,0.0,-0.052,1708878000.0,549556000.0,755267000.0,0.0,0.164,-1.66,-1.658,6991379000.0,0.0,3.2,0.087,0.087,1173957000.0,3539000.0,10693420000.0,10693420000.0,0.0,-0.03,-0.09,-0.008,-0.011,0.0,1276640000.0,1.0,290441403.0,290441403.0,,36.818,14942971000.0,61765000.0,214106000.0,411889000.0,51.449,1178636000.0
10,GEN1,MRY,2001-12-31,2001-12-31,2001-12-31,2019-04-11,-180189000.0,11719414000.0,14221243000.0,4200827000.0,7518587000.0,0.413,20.55,-727788000.0,285874000.0,285874000.0,4073908000.0,563351000.0,1.359,0.959,1188250000.0,320538000.0,867712000.0,1188250000.0,0.0,170031000.0,144708000.0,0.0,0.0,853896000.0,1023927000.0,0.174,1023927000.0,853896000.0,837744000.0,2.03,2.03,2.03,5983632000.0,5288403250.0,5983632000.0,5710602458.0,7.0,5.577,-880286000.0,-3.023,1.0,1803410000.0,0.307,1206350000.0,16152000.0,8323892000.0,8922627000.0,174035000.0,417119000.0,0.0,417119000.0,5735782000.0,3091548000.0,2644234000.0,4807312458.0,3221000.0,0.0,1506614000.0,127535000.0,0.0,999540000.0,-838069000.0,0.0,-152498000.0,-5752000.0,563351000.0,563351000.0,563351000.0,-99674000.0,0.0,0.096,1102254000.0,701156000.0,1002326000.0,0.0,0.803,8.533,8.133,4558542000.0,0.0,16.51,0.818,0.818,1597221000.0,563351000.0,5877318000.0,5877318000.0,0.0,0.04,0.107,0.096,0.145,0.0,932223000.0,1.0,291175800.0,291175800.0,,20.185,10513064000.0,92721000.0,274393000.0,83433000.0,36.106,1109279000.0
11,GEN1,MRY,2000-12-31,2000-12-31,2000-12-31,2019-04-11,-4544000.0,13475392000.0,9549494000.0,7068696000.0,6406696000.0,0.364,,-933180000.0,139755000.0,139755000.0,2097320000.0,222665000.0,0.834,4.777,1666001000.0,126766000.0,1539235000.0,1666001000.0,0.0,193682000.0,284603000.0,,0.0,360895000.0,554577000.0,0.16,554577000.0,360895000.0,318558000.0,,,,2332450000.0,1536567500.0,2332450000.0,,,,-605638000.0,,1.0,1377719000.0,0.396,1006782000.0,42337000.0,5514448000.0,4758283000.0,99445000.0,108727000.0,0.0,108727000.0,11142942000.0,8480408000.0,2662534000.0,,40484000.0,-3103197000.0,0.0,1650740000.0,0.0,2721156000.0,-3013302000.0,994245000.0,327542000.0,5088000.0,222665000.0,222665000.0,222665000.0,0.0,0.0,0.064,920057000.0,457662000.0,3404676000.0,,,,,4049495000.0,0.0,,,,1811355000.0,,3475039000.0,3475039000.0,0.0,0.023,0.145,0.076,0.104,0.0,726375000.0,1.0,,,,,12468610000.0,0.0,95893000.0,31181000.0,,-1411712000.0
12,GEN1,MRY,1999-12-31,1999-12-31,1999-12-31,2019-04-11,-17066000.0,5623596000.0,,1622980000.0,4000616000.0,,,-293197000.0,49271000.0,49271000.0,6260030000.0,24046000.0,0.722,6.592,1700113000.0,189839000.0,1510274000.0,1700113000.0,0.0,28583000.0,3800000.0,,0.0,35401000.0,63984000.0,0.01,63984000.0,35401000.0,26606000.0,,,,740685000.0,,740685000.0,,,,-258143000.0,,1.0,279172000.0,0.043,1025971000.0,8795000.0,4002118000.0,,39377000.0,314134000.0,128553000.0,185581000.0,4882911000.0,2246349000.0,2636562000.0,,36603000.0,-1065013000.0,0.0,1349586000.0,0.0,1407561000.0,-1406472000.0,-36582000.0,35054000.0,460000.0,24046000.0,24046000.0,24046000.0,0.0,0.0,0.004,264684000.0,14488000.0,853029000.0,,,,,2407197000.0,0.0,,,,619803000.0,,6539202000.0,6539202000.0,0.0,,,,0.005,0.0,236100000.0,1.0,,,,,4597625000.0,0.0,2560000.0,62946000.0,,-623369000.0
13,GEN1,MRY,1998-12-31,1998-12-31,1998-12-31,2019-04-11,,,,,,,,-31456000.0,,,4176241000.0,21132000.0,,,,,,,,15196000.0,,,0.0,40417000.0,55613000.0,0.013,55613000.0,40417000.0,38609000.0,,,,,,,,,,-33827000.0,,1.0,194515000.0,0.045,,1808000.0,,,,,,,,,,,12022000.0,-292398000.0,0.0,28640000.0,0.0,379004000.0,-364611000.0,-40928000.0,-2371000.0,0.0,21132000.0,21132000.0,21132000.0,0.0,0.0,0.005,157181000.0,37334000.0,,,,,,,0.0,,,,,,4370756000.0,4370756000.0,0.0,,,,0.009,0.0,141985000.0,,,,,,,,17477000.0,,,
0,GEN1,MRQ,2012-09-30,2012-09-30,2012-09-30,2019-04-11,-192000000.0,11575000000.0,,3675000000.0,7900000000.0,,6.152,-144000000.0,1855000000.0,1855000000.0,346000000.0,-85000000.0,2.627,1.431,4371000000.0,10000000.0,4361000000.0,4371000000.0,0.0,83000000.0,0.0,0.0,0.0,5000000.0,88000000.0,0.117,88000000.0,5000000.0,-81000000.0,-0.11,-0.11,-0.11,4762000000.0,,4762000000.0,4555457531.0,45.0,9.432,94000000.0,0.121,1.0,409000000.0,0.542,44000000.0,86000000.0,12648000000.0,,447000000.0,0.0,0.0,0.0,6813000000.0,1399000000.0,5414000000.0,1955457531.0,178000000.0,0.0,0.0,93000000.0,0.0,93000000.0,-153000000.0,0.0,238000000.0,0.0,-85000000.0,-85000000.0,-85000000.0,0.0,0.0,-0.113,405000000.0,4000000.0,690000000.0,0.0,0.411,-7.76,-7.667,6265000000.0,0.0,2.53,0.673,0.674,294000000.0,-2508000000.0,755000000.0,755000000.0,0.0,,,,,6000000.0,268000000.0,1.0,772908115.0,774000000.0,774000000.0,0.975,11531000000.0,196000000.0,4000000.0,196000000.0,14.898,2276000000.0
1,GEN1,MRQ,2012-06-30,2012-06-30,2012-06-30,2019-04-11,-179000000.0,12018000000.0,,3791000000.0,8227000000.0,,6.274,-255000000.0,1677000000.0,1677000000.0,306000000.0,-228000000.0,2.082,1.475,4277000000.0,10000000.0,4267000000.0,4277000000.0,0.0,94000000.0,0.0,0.0,0.0,-139000000.0,-45000000.0,-0.086,-45000000.0,-139000000.0,-224000000.0,-0.3,-0.3,-0.3,4856000000.0,,4856000000.0,3791601166.0,27.0,7.14,-294000000.0,-0.38,1.0,215000000.0,0.413,45000000.0,85000000.0,12752000000.0,,497000000.0,0.0,0.0,0.0,7162000000.0,1821000000.0,5341000000.0,1321601166.0,-28000000.0,0.0,0.0,99000000.0,0.0,99000000.0,-88000000.0,0.0,-39000000.0,0.0,-228000000.0,-228000000.0,-228000000.0,0.0,0.0,-0.438,354000000.0,-139000000.0,846000000.0,0.0,0.272,-6.385,-6.333,6326000000.0,0.0,1.71,0.409,0.41,341000000.0,-2423000000.0,521000000.0,521000000.0,0.0,,,,,6000000.0,264000000.0,1.0,772866179.0,774000000.0,774000000.0,0.673,11973000000.0,263000000.0,4000000.0,263000000.0,15.469,1970000000.0
2,GEN1,MRQ,2012-03-31,2012-03-31,2012-03-31,2019-04-11,-165000000.0,12587000000.0,,4352000000.0,8235000000.0,,6.579,-87000000.0,1705000000.0,1705000000.0,278000000.0,-32000000.0,1.939,1.472,4175000000.0,10000000.0,4165000000.0,4175000000.0,0.0,92000000.0,0.0,0.0,0.0,57000000.0,149000000.0,0.207,149000000.0,57000000.0,-32000000.0,-0.04,-0.04,-0.04,5092000000.0,,5092000000.0,4069121417.0,17.0,6.49,-20000000.0,-0.026,1.0,443000000.0,0.614,46000000.0,89000000.0,12766000000.0,,532000000.0,0.0,0.0,0.0,7495000000.0,2245000000.0,5250000000.0,1605121417.0,37000000.0,0.0,0.0,43000000.0,0.0,43000000.0,-73000000.0,0.0,67000000.0,0.0,-32000000.0,-32000000.0,-32000000.0,0.0,0.0,-0.044,388000000.0,55000000.0,881000000.0,0.0,0.315,-13.719,-13.867,6232000000.0,0.0,2.08,0.456,0.457,299000000.0,-2195000000.0,721000000.0,721000000.0,0.0,,,,,3000000.0,308000000.0,1.0,771692989.0,774000000.0,774000000.0,0.932,12541000000.0,337000000.0,0.0,337000000.0,16.203,2107000000.0
3,GEN1,MRQ,2011-12-31,2011-12-31,2011-12-31,2019-04-11,-170000000.0,12269000000.0,,4176000000.0,8093000000.0,,6.603,-122000000.0,1668000000.0,1668000000.0,293000000.0,93000000.0,2.148,1.398,4132000000.0,10000000.0,4122000000.0,4132000000.0,0.0,113000000.0,0.0,0.0,0.0,178000000.0,291000000.0,0.32,291000000.0,178000000.0,89000000.0,0.12,0.12,0.12,5117000000.0,,5117000000.0,4343118036.0,23.0,7.475,-139000000.0,-0.179,1.0,615000000.0,0.677,48000000.0,89000000.0,12741000000.0,,563000000.0,0.0,0.0,0.0,7152000000.0,1944000000.0,5208000000.0,2014118036.0,-78000000.0,0.0,3000000.0,52000000.0,0.0,54000000.0,-115000000.0,0.0,-17000000.0,0.0,93000000.0,93000000.0,93000000.0,0.0,0.0,0.102,439000000.0,176000000.0,790000000.0,0.0,0.394,-10.657,-10.875,6191000000.0,0.0,2.61,0.557,0.558,357000000.0,-2163000000.0,908000000.0,908000000.0,0.0,,,,,3000000.0,330000000.0,1.0,771692734.0,775000000.0,775000000.0,1.172,12221000000.0,294000000.0,-4000000.0,294000000.0,15.769,2232000000.0
4,GEN1,MRQ,2011-09-30,2011-09-30,2011-09-30,2019-04-11,-76000000.0,11714000000.0,,3865000000.0,7849000000.0,,6.689,-145000000.0,1746000000.0,1746000000.0,526000000.0,-40000000.0,2.457,1.268,4075000000.0,9000000.0,4066000000.0,4075000000.0,0.0,89000000.0,0.0,0.0,0.0,47000000.0,136000000.0,0.126,136000000.0,47000000.0,-39000000.0,-0.05,-0.05,-0.05,5164000000.0,,5164000000.0,4578262004.0,-9.0,-25.018,122000000.0,0.158,1.0,554000000.0,0.513,49000000.0,86000000.0,12421000000.0,,525000000.0,0.0,0.0,0.0,6550000000.0,1573000000.0,4977000000.0,2145262004.0,144000000.0,0.0,0.0,38000000.0,0.0,38000000.0,-161000000.0,0.0,267000000.0,0.0,-40000000.0,-40000000.0,-40000000.0,0.0,0.0,-0.037,509000000.0,45000000.0,680000000.0,0.0,0.415,-2.332,-1.487,6192000000.0,0.0,2.78,0.697,0.697,325000000.0,-2207000000.0,1080000000.0,1080000000.0,0.0,,,,,3000000.0,286000000.0,1.0,771676980.0,772000000.0,772000000.0,1.399,11665000000.0,208000000.0,1000000.0,208000000.0,15.11,2292000000.0
5,GEN1,MRQ,2011-06-30,2011-06-30,2011-06-30,2019-04-11,-37000000.0,12362000000.0,,3953000000.0,8409000000.0,,6.948,-85000000.0,1602000000.0,1602000000.0,390000000.0,-138000000.0,1.891,1.305,4035000000.0,6000000.0,4029000000.0,4035000000.0,0.0,93000000.0,0.0,0.0,0.0,-42000000.0,51000000.0,0.063,51000000.0,-42000000.0,-138000000.0,-0.18,-0.18,-0.18,5364000000.0,,5364000000.0,5533930981.0,-21.0,138.348,-288000000.0,-0.373,1.0,422000000.0,0.52,133000000.0,96000000.0,12572000000.0,,525000000.0,0.0,0.0,0.0,6998000000.0,2090000000.0,4908000000.0,2977930981.0,-788000000.0,0.0,0.0,-910000000.0,0.0,-909000000.0,324000000.0,0.0,-203000000.0,0.0,-138000000.0,-138000000.0,-138000000.0,0.0,0.0,-0.17,464000000.0,-42000000.0,765000000.0,0.0,0.555,-4.757,-3.217,6307000000.0,0.0,3.86,1.074,1.075,382000000.0,-2042000000.0,812000000.0,812000000.0,0.0,,,,,5000000.0,372000000.0,1.0,771484710.0,772000000.0,772000000.0,1.052,12229000000.0,469000000.0,0.0,469000000.0,15.841,1863000000.0
6,GEN1,MRQ,2011-03-31,2011-03-31,2011-03-31,2019-04-11,-23000000.0,13490000000.0,,5155000000.0,8335000000.0,,7.165,-98000000.0,2390000000.0,2390000000.0,401000000.0,-111000000.0,1.687,1.442,4946000000.0,924000000.0,4022000000.0,4946000000.0,0.0,90000000.0,0.0,0.0,0.0,1000000.0,91000000.0,0.112,91000000.0,1000000.0,-108000000.0,-0.14,-0.14,-0.14,5524000000.0,,5524000000.0,6616187049.0,-15.0,-38.919,120000000.0,0.156,1.0,413000000.0,0.507,136000000.0,109000000.0,12855000000.0,,508000000.0,0.0,0.0,0.0,7966000000.0,3055000000.0,4911000000.0,2937187049.0,-12000000.0,0.0,0.0,-1153000000.0,0.0,-1153000000.0,923000000.0,0.0,218000000.0,0.0,-111000000.0,-111000000.0,-111000000.0,0.0,0.0,-0.136,390000000.0,23000000.0,714000000.0,0.0,0.532,-3.911,-2.295,6292000000.0,0.0,3.81,1.333,1.333,293000000.0,-1891000000.0,814000000.0,814000000.0,0.0,,,,,3000000.0,305000000.0,1.0,770915236.0,771000000.0,771000000.0,1.056,13354000000.0,427000000.0,3000000.0,427000000.0,17.32,2100000000.0
7,GEN1,MRQ,2010-12-31,2010-12-31,2010-12-31,2019-04-11,-25000000.0,15199000000.0,,6902000000.0,8297000000.0,,10.292,-90000000.0,2402000000.0,2402000000.0,237000000.0,-631000000.0,1.475,1.797,6081000000.0,2061000000.0,4020000000.0,6081000000.0,0.0,69000000.0,0.0,0.0,0.0,-530000000.0,-461000000.0,-1.243,-461000000.0,-530000000.0,-634000000.0,-1.5,-1.49,-1.5,5434000000.0,,5434000000.0,2508373287.0,132.0,10.114,-234000000.0,-0.443,1.0,134000000.0,0.361,140000000.0,104000000.0,14058000000.0,,553000000.0,0.0,0.0,0.0,9765000000.0,4680000000.0,5085000000.0,1346603287.0,413000000.0,717000000.0,-10000000.0,1496000000.0,0.0,1487000000.0,-930000000.0,0.0,-144000000.0,0.0,-631000000.0,-631000000.0,-631000000.0,0.0,0.0,-1.701,1008000000.0,-874000000.0,903000000.0,0.0,0.248,-5.779,-7.189,6229000000.0,0.0,3.81,0.593,0.74,538000000.0,-1974000000.0,371000000.0,371000000.0,0.0,,,,,28000000.0,376000000.0,1.0,353439183.0,528000000.0,525000000.0,0.703,15059000000.0,361000000.0,-3000000.0,361000000.0,28.521,2222000000.0
8,GEN1,MRQ,2010-09-30,2010-09-30,2010-09-30,2019-04-11,-39416000.0,6572036000.0,,1619837000.0,4952199000.0,,9.276,-54000000.0,788027000.0,788027000.0,247000000.0,254000000.0,3.448,0.716,1949797000.0,108000.0,1949689000.0,1949797000.0,0.0,54000000.0,0.0,0.0,0.0,305000000.0,359000000.0,0.463,359000000.0,305000000.0,254000000.0,0.62,0.62,0.62,3830840000.0,,3830840000.0,2638417615.0,5.0,4.139,141000000.0,0.341,1.0,528000000.0,0.681,290977000.0,51000000.0,6972973000.0,,280612000.0,226634000.0,175146000.0,51488000.0,2741196000.0,469856000.0,2271340000.0,1254674615.0,140000000.0,0.0,0.0,-2000000.0,0.0,-2000000.0,-53000000.0,0.0,195000000.0,0.0,254000000.0,254000000.0,254000000.0,0.0,0.0,0.328,224000000.0,304000000.0,99346000.0,0.0,0.328,4.934,9.861,4122567000.0,0.0,3.55,0.441,0.515,124054000.0,-2398386000.0,775000000.0,775000000.0,0.0,,,,,5000000.0,172000000.0,1.0,353429469.0,413000000.0,413000000.0,1.877,6281059000.0,0.0,0.0,0.0,15.208,1149981000.0
9,GEN1,MRQ,2010-06-30,2010-06-30,2010-06-30,2019-04-11,-44812000.0,6515933000.0,,1427733000.0,5088200000.0,,9.228,-75000000.0,566080000.0,566080000.0,272000000.0,-263000000.0,3.398,0.714,1949823000.0,106000.0,1949717000.0,1949823000.0,0.0,54000000.0,0.0,0.0,0.0,-213000000.0,-159000000.0,-0.652,-159000000.0,-213000000.0,-262000000.0,-0.64,-0.64,-0.64,3801939000.0,,3801939000.0,2537366464.0,10.0,6.593,-225000000.0,-0.546,1.0,-28000000.0,-0.115,293803000.0,49000000.0,7185709000.0,,278382000.0,175212000.0,129973000.0,45239000.0,2713994000.0,420164000.0,2293830000.0,1339436464.0,-256000000.0,0.0,0.0,-2000000.0,0.0,-1000000.0,-105000000.0,0.0,-150000000.0,0.0,-263000000.0,-263000000.0,-263000000.0,0.0,0.0,-1.078,184000000.0,-212000000.0,105053000.0,0.0,0.352,-88.394,-12.633,4281116000.0,0.0,3.79,0.52,0.606,155760000.0,-2421212000.0,244000000.0,244000000.0,0.0,,,,,3000000.0,132000000.0,1.0,353413315.0,412000000.0,412000000.0,0.592,6222130000.0,0.0,1000000.0,0.0,15.102,1007569000.0
10,GEN1,MRQ,2010-03-31,2010-03-31,2010-03-31,2019-04-11,-43532000.0,7291936000.0,,2108075000.0,5183861000.0,,9.64,-85000000.0,1152904000.0,1152904000.0,207000000.0,407000000.0,2.036,0.836,2350834000.0,401090000.0,1949744000.0,2350834000.0,0.0,52000000.0,0.0,0.0,0.0,457000000.0,509000000.0,0.578,509000000.0,457000000.0,407000000.0,0.99,0.99,0.99,3971805000.0,,3971805000.0,2690311215.0,2.0,1.952,219000000.0,0.532,1.0,673000000.0,0.765,300390000.0,50000000.0,7153937000.0,,293066000.0,293282000.0,201626000.0,91656000.0,3320131000.0,1035539000.0,2284592000.0,1303568215.0,152000000.0,0.0,0.0,-67000000.0,0.0,-69000000.0,-83000000.0,0.0,304000000.0,0.0,407000000.0,407000000.0,407000000.0,0.0,0.0,0.463,215000000.0,458000000.0,118251000.0,0.0,0.328,1.24,1.403,4313218000.0,0.0,3.69,0.479,0.558,114453000.0,-2249342000.0,880000000.0,880000000.0,0.0,,,,,5000000.0,166000000.0,1.0,353270519.0,412000000.0,413000000.0,2.136,6991546000.0,0.0,0.0,0.0,16.97,1072536000.0
11,GEN1,MRQ,2009-12-31,2009-12-31,2009-12-31,2019-04-11,-53000000.0,9528000000.0,,4347000000.0,5181000000.0,,10.499,-518250000.0,1953000000.0,1953000000.0,-162373000.0,-143725000.0,1.871,1.208,2631000000.0,75000000.0,2556000000.0,2631000000.0,0.0,-47228000.0,0.0,0.0,0.0,-24337000.0,-71565000.0,-0.076,-71565000.0,-24337000.0,-25737000.0,-0.61,-0.61,-0.61,4315000000.0,,4315000000.0,3313560905.0,5.0,4.147,45218000.0,0.11,1.0,1108233000.0,1.172,171000000.0,1400000.0,7712000000.0,,241000000.0,0.0,0.0,0.0,5213000000.0,2323000000.0,2890000000.0,2017891905.0,72691000.0,-35931000.0,-8584000.0,14413000.0,0.0,266536000.0,-857510000.0,-5000000.0,563468000.0,0.0,-143725000.0,-143725000.0,-143725000.0,864467000.0,0.0,-0.152,267044000.0,841189000.0,718000000.0,0.0,0.468,4.093,4.767,3633000000.0,0.0,5.72,0.874,1.018,412000000.0,-1728000000.0,945860000.0,945860000.0,0.0,,,,,24000000.0,101088000.0,1.0,352778305.0,411000000.0,,2.301,9357000000.0,376000000.0,117988000.0,376000000.0,22.766,2024000000.0
12,GEN1,MRQ,2009-09-30,2009-09-30,2009-09-30,2019-04-11,-68945000.0,8080271000.0,,2336105000.0,5744166000.0,,12.663,-42786000.0,1257543000.0,1257543000.0,267632000.0,-15428000.0,1.891,0.816,2553212000.0,568420000.0,1984792000.0,2553212000.0,0.0,67724000.0,0.0,0.0,0.0,38718000.0,106442000.0,0.21,106442000.0,38718000.0,-5896000.0,-0.04,-0.04,-0.04,4450688000.0,,4450688000.0,3591139544.0,2.0,1.619,-196337000.0,-0.559,1.0,239547000.0,0.472,370014000.0,44614000.0,7770632000.0,,317993000.0,237499000.0,174573000.0,62926000.0,3629583000.0,1235294000.0,2394289000.0,2509582544.0,-226571000.0,0.0,2275000.0,-14633000.0,0.0,-47765000.0,-28417000.0,0.0,-153551000.0,0.0,-15428000.0,-15428000.0,-15428000.0,-2841000.0,0.0,-0.03,204854000.0,34693000.0,134583000.0,0.0,0.564,1.139,1.403,4770728000.0,0.0,7.14,1.478,1.478,145266000.0,-1738476000.0,507179000.0,507179000.0,0.0,,,,,0.0,138143000.0,1.0,351482149.0,351482149.0,,1.443,7710257000.0,0.0,9532000.0,0.0,21.936,1100811000.0
13,GEN1,MRQ,2009-06-30,2009-06-30,2009-06-30,2019-04-11,-74232000.0,8272235000.0,,2497560000.0,5774675000.0,,12.701,-59492000.0,1489743000.0,1489743000.0,280067000.0,803566000.0,2.073,0.859,2571300000.0,410799000.0,2160501000.0,2571300000.0,0.0,67646000.0,0.0,0.0,0.0,766989000.0,834635000.0,2.141,834635000.0,766989000.0,721922000.0,2.29,2.29,2.29,4450892000.0,,4450892000.0,2981702245.0,3.0,2.309,-135646000.0,-0.387,1.0,109710000.0,0.281,373773000.0,45067000.0,7774986000.0,,303984000.0,265596000.0,181592000.0,84004000.0,3821343000.0,1205033000.0,2616310000.0,1755639245.0,-163850000.0,35931000.0,146000.0,-44780000.0,0.0,-269934000.0,302488000.0,0.0,-76154000.0,0.0,803566000.0,803566000.0,803566000.0,-907258000.0,0.0,2.062,251014000.0,-141304000.0,137239000.0,0.0,0.394,1.486,2.319,4788146000.0,0.0,5.01,0.816,0.816,127479000.0,-1723048000.0,389777000.0,389777000.0,0.0,,,,,0.0,184609000.0,1.0,350426995.0,350426995.0,,1.112,7898462000.0,0.0,-81644000.0,0.0,22.54,1292527000.0
14,GEN1,MRQ,2009-03-31,2009-03-31,2009-03-31,2019-04-11,-79420000.0,11223860000.0,,4793035000.0,6430825000.0,,10.384,-55472000.0,1416837000.0,1416837000.0,324674000.0,-151413000.0,1.282,2.085,2642900000.0,12869000.0,2630031000.0,2642900000.0,0.0,67858000.0,0.0,0.0,0.0,-138370000.0,-70512000.0,-0.151,-70512000.0,-138370000.0,-185289000.0,-0.43,-0.43,-0.43,3638046000.0,,3638046000.0,2889754383.0,3.0,2.858,432765000.0,1.235,1.0,141510000.0,0.304,377121000.0,46919000.0,8334771000.0,,295375000.0,237382000.0,237382000.0,0.0,7585814000.0,3738031000.0,3847783000.0,1117655383.0,439730000.0,0.0,2163000.0,0.0,0.0,2163000.0,-67561000.0,0.0,488237000.0,0.0,-151413000.0,-151413000.0,-151413000.0,45632000.0,0.0,-0.325,235088000.0,-93578000.0,154513000.0,0.0,0.307,1.518,3.544,4811822000.0,0.0,3.19,0.403,0.403,171906000.0,-2526614000.0,466184000.0,466184000.0,0.0,,,,,0.0,186160000.0,1.0,350362189.0,350362189.0,,1.331,10846739000.0,0.0,-33876000.0,0.0,30.959,1055004000.0
15,GEN1,MRQ,2008-12-31,2008-12-31,2008-12-31,2019-04-11,-85905000.0,10722395000.0,,4455466000.0,6266929000.0,,7.168,-539941000.0,1007088000.0,1007088000.0,-532516000.0,1567020000.0,1.466,1.838,2623254000.0,12517000.0,2610737000.0,2623254000.0,0.0,-96059000.0,0.0,0.0,0.0,1443409000.0,1347350000.0,4.025,1347350000.0,1443409000.0,1406212000.0,3.27,3.09,3.27,3777644000.0,,3777644000.0,4109054500.0,3.0,2.562,-61042000.0,-0.116,1.0,867289000.0,2.591,380554000.0,37197000.0,8918759000.0,,314999000.0,298922000.0,220043000.0,78879000.0,6944751000.0,3039248000.0,3905503000.0,2021889500.0,-3078299000.0,-18429000.0,-2756542000.0,-362296000.0,0.0,-3117821000.0,-529973000.0,-20000000.0,478899000.0,0.0,1567020000.0,1567020000.0,1567020000.0,-540511000.0,0.0,4.681,-10717000.0,878006000.0,156604000.0,0.0,0.535,1.598,2.408,4819789000.0,0.0,5.78,0.634,0.955,249871000.0,-2375201000.0,334773000.0,334773000.0,0.0,,,,,25000000.0,126325000.0,1.0,349807872.0,527000000.0,,0.635,10341841000.0,0.0,-160808000.0,0.0,19.624,1416218000.0
16,GEN1,MRQ,2008-09-30,2008-09-30,2008-09-30,2019-04-11,-68027000.0,10755384000.0,,4151798000.0,6603586000.0,,12.139,-88129000.0,799813000.0,799813000.0,513801000.0,-1037920000.0,1.539,1.541,2886978000.0,12193000.0,2874785000.0,2886978000.0,0.0,78353000.0,0.0,0.0,0.0,-898759000.0,-820406000.0,-0.855,-820406000.0,-898759000.0,-948052000.0,-2.97,-2.93,-2.97,4232230000.0,,4232230000.0,4660557106.0,252.0,13.821,-10890000.0,-0.031,1.0,446064000.0,0.465,746871000.0,49293000.0,9397932000.0,,325620000.0,1206049000.0,865626000.0,340423000.0,6523154000.0,2697746000.0,3825408000.0,2562551106.0,-93637000.0,18429000.0,7773000.0,-12511000.0,0.0,-5332000.0,-75273000.0,0.0,77239000.0,0.0,-1037920000.0,-1037920000.0,-1037920000.0,1131497000.0,0.0,-1.081,222915000.0,223149000.0,820319000.0,0.0,0.605,-34.143,-40.833,4847941000.0,0.0,7.35,-1.025,-1.025,1257036000.0,-1937546000.0,959865000.0,959865000.0,0.0,,,,,0.0,157656000.0,1.0,348646409.0,348646409.0,,2.753,10008513000.0,364954000.0,89868000.0,0.0,28.707,1454052000.0
17,GEN1,MRQ,2008-06-30,2008-06-30,2008-06-30,2019-04-11,-86814000.0,14867959000.0,,7405385000.0,7462574000.0,,15.149,-58241000.0,804309000.0,804309000.0,568876000.0,358688000.0,1.495,1.836,2902315000.0,24467000.0,2877848000.0,2902315000.0,0.0,82909000.0,0.0,0.0,0.0,471745000.0,554654000.0,0.547,554654000.0,471745000.0,420651000.0,1.03,1.01,1.03,5242183000.0,,5242183000.0,9297653671.0,8.0,5.886,-171433000.0,-0.495,1.0,444688000.0,0.439,745739000.0,51094000.0,11266238000.0,,330799000.0,5386963000.0,3980750000.0,1406213000.0,9625776000.0,4953988000.0,4671788000.0,7360274671.0,-172503000.0,0.0,702000.0,0.0,0.0,702000.0,-55067000.0,0.0,-113192000.0,0.0,358688000.0,358688000.0,358688000.0,-276710000.0,0.0,0.354,258957000.0,185731000.0,1188571000.0,0.0,1.404,6.541,6.525,4815007000.0,0.0,21.27,88.28,88.28,1504054000.0,-899626000.0,1013564000.0,1013564000.0,0.0,,,,,0.0,198360000.0,1.0,346040182.0,346040182.0,,2.929,14122220000.0,0.0,61963000.0,0.0,40.811,2451397000.0
18,GEN1,MRQ,2008-03-31,2008-03-31,2008-03-31,2019-04-11,-92603000.0,11780292000.0,,4661813000.0,7118479000.0,,14.107,-44689000.0,969718000.0,969718000.0,508839000.0,377212000.0,1.57,1.418,2907097000.0,11668000.0,2895429000.0,2907097000.0,0.0,82797000.0,0.0,0.0,0.0,440535000.0,523332000.0,0.595,523332000.0,440535000.0,388189000.0,1.09,1.07,1.09,4871808000.0,,4871808000.0,10364402417.0,25.0,12.962,259365000.0,0.751,1.0,370959000.0,0.422,774099000.0,52346000.0,9974948000.0,,258146000.0,2770443000.0,2185606000.0,584837000.0,6908484000.0,2968624000.0,3939860000.0,8167723417.0,214439000.0,0.0,5067000.0,-45193000.0,0.0,-40549000.0,-53687000.0,0.0,304054000.0,0.0,377212000.0,377212000.0,377212000.0,-364276000.0,0.0,0.429,300845000.0,70114000.0,713323000.0,0.0,1.677,16.889,16.893,5204708000.0,0.0,23.65,4.749,4.749,982690000.0,-1258314000.0,879798000.0,879798000.0,0.0,,,,,0.0,184659000.0,1.0,345358284.0,345358284.0,,2.547,11006193000.0,0.0,10977000.0,0.0,31.869,1693189000.0
19,GEN1,MRQ,2007-12-31,2007-12-31,2007-12-31,2019-04-11,-103058000.0,10191800000.0,,3233509000.0,6958291000.0,,13.003,-39116000.0,758213000.0,758213000.0,-4717388000.0,226966000.0,1.576,1.276,2954892000.0,52546000.0,2902346000.0,2954892000.0,0.0,74670000.0,0.0,0.0,0.0,4968000.0,79638000.0,-0.015,79638000.0,4968000.0,25838000.0,0.67,0.68,0.67,4477034000.0,,4477034000.0,11628820491.0,25.0,13.427,394440000.0,1.146,1.0,-635792000.0,0.119,784982000.0,-20870000.0,9551470000.0,,285408000.0,1122837000.0,746302000.0,376535000.0,5714766000.0,2052027000.0,3662739000.0,9034863491.0,450626000.0,51695000.0,1916000.0,-38000000.0,0.0,-36274000.0,-38722000.0,0.0,433556000.0,0.0,226966000.0,226966000.0,226966000.0,-567800000.0,0.0,-0.042,-120197000.0,-515595000.0,687046000.0,0.0,2.018,24.746,24.523,5222217000.0,0.0,26.24,2.821,2.821,1082746000.0,-1635526000.0,-5353180000.0,-5353180000.0,0.0,,,,,0.0,-187664000.0,1.0,344316444.0,344316444.0,,-15.547,9406818000.0,184969000.0,-201128000.0,0.0,27.32,1181482000.0
20,GEN1,MRQ,2007-09-30,2007-09-30,2007-09-30,2019-04-11,-124560000.0,9800678000.0,,3084150000.0,6716528000.0,,12.319,-36301000.0,401611000.0,401611000.0,2838950000.0,162382000.0,1.526,1.319,2995568000.0,10874000.0,2984694000.0,2995568000.0,0.0,121449000.0,0.0,0.0,0.0,300467000.0,421916000.0,0.119,421916000.0,300467000.0,226232000.0,0.47,0.46,0.47,4225564000.0,,4225564000.0,11978402566.0,28.0,14.177,270341000.0,0.788,1.0,704242000.0,0.199,789707000.0,74235000.0,9584443000.0,,269800000.0,455029000.0,387822000.0,67207000.0,5575114000.0,2020485000.0,3554629000.0,8781278566.0,230408000.0,30380000.0,10444000.0,-33607000.0,0.0,-24483000.0,-51751000.0,0.0,306642000.0,0.0,162382000.0,162382000.0,162382000.0,-2479000.0,0.0,0.046,413850000.0,290392000.0,805930000.0,0.0,2.078,104.0,116.364,5270248000.0,0.0,25.6,0.806,0.806,1427389000.0,-1862492000.0,3543192000.0,3543192000.0,0.0,,,,,0.0,309170000.0,1.0,343018694.0,343018694.0,,10.329,9010971000.0,292637000.0,63850000.0,0.0,26.27,1063665000.0
21,GEN1,MRQ,2007-06-30,2007-06-30,2007-06-30,2019-04-11,-150224000.0,10083173000.0,,2825085000.0,7258088000.0,,11.787,-57005000.0,171328000.0,171328000.0,2475716000.0,-282952000.0,1.141,1.504,3368452000.0,381011000.0,2987441000.0,3368452000.0,0.0,110603000.0,0.0,0.0,0.0,-335861000.0,-225258000.0,-0.085,-225258000.0,-335861000.0,-457836000.0,-0.83,-0.83,-0.83,4026541000.0,,4026541000.0,12241321019.0,-457.0,32.489,-69278000.0,-0.203,1.0,174199000.0,0.066,790139000.0,121975000.0,10015003000.0,,283768000.0,501103000.0,320847000.0,180256000.0,6056632000.0,2475155000.0,3581477000.0,9206709019.0,-322052000.0,0.0,12272000.0,-191619000.0,0.0,-250616000.0,-59163000.0,0.0,-12273000.0,0.0,-282952000.0,-282952000.0,-282952000.0,1889000.0,0.0,-0.107,445926000.0,-271727000.0,845316000.0,0.0,2.287,-39.495,-35.933,5681541000.0,0.0,26.95,0.863,0.863,1288726000.0,-2024874000.0,2649915000.0,2649915000.0,0.0,,,,,0.0,337050000.0,1.0,341621856.0,341621856.0,,7.757,9293034000.0,372437000.0,-174884000.0,0.0,27.203,349930000.0
22,GEN1,MRQ,2007-03-31,2007-03-31,2007-03-31,2019-04-11,-170297000.0,10047327000.0,,2675651000.0,7371676000.0,,12.612,-42167000.0,498884000.0,498884000.0,1443491000.0,258711000.0,1.366,1.348,3533496000.0,359745000.0,3173751000.0,3533496000.0,0.0,91969000.0,0.0,0.0,0.0,497843000.0,589812000.0,0.25,589812000.0,497843000.0,410773000.0,0.76,0.74,0.76,4278699000.0,,4278699000.0,9937930617.0,22.0,12.012,-8349000.0,-0.025,1.0,919110000.0,0.389,800862000.0,87070000.0,10322460000.0,,243043000.0,515297000.0,282841000.0,232456000.0,5768628000.0,1958617000.0,3810011000.0,6893864617.0,24137000.0,0.0,16685000.0,2648000.0,0.0,19333000.0,-29014000.0,0.0,33818000.0,0.0,258711000.0,258711000.0,258711000.0,1652000.0,0.0,0.11,432307000.0,486803000.0,659900000.0,0.0,1.611,107.686,156.308,5706190000.0,0.0,20.32,0.639,0.639,1020345000.0,-1741922000.0,2362601000.0,2362601000.0,0.0,,,,,0.0,318338000.0,1.0,339264991.0,339264991.0,,6.964,9246465000.0,205337000.0,152062000.0,0.0,27.254,717034000.0
23,GEN1,MRQ,2006-12-31,2006-12-31,2006-12-31,2019-04-11,-198575000.0,10567133000.0,,3173249000.0,7393884000.0,,12.804,-32906000.0,488889000.0,488889000.0,1961979000.0,-53706000.0,1.178,1.675,3532955000.0,355264000.0,3177691000.0,3532955000.0,0.0,92763000.0,0.0,0.0,0.0,-34328000.0,58435000.0,0.025,58435000.0,-34328000.0,-149749000.0,-0.18,-0.18,-0.18,3949873000.0,,3949873000.0,8885973967.0,-406.0,25.335,1248335000.0,4.047,1.0,382250000.0,0.163,805339000.0,115421000.0,10112617000.0,,275437000.0,693583000.0,489726000.0,203857000.0,6617260000.0,2693243000.0,3924017000.0,4383624967.0,397239000.0,0.0,2895000.0,-823862000.0,0.0,-820967000.0,-63035000.0,0.0,1281241000.0,0.0,-53706000.0,-53706000.0,-53706000.0,-2823000.0,0.0,-0.023,395350000.0,-13100000.0,664630000.0,0.0,1.11,-13.372,-13.28,5741995000.0,0.0,14.21,0.403,0.403,1043637000.0,-2026316000.0,2344229000.0,2344229000.0,0.0,,,,,0.0,302186000.0,1.0,308488738.0,308488738.0,,7.599,9761794000.0,367337000.0,-96043000.0,0.0,31.644,480006000.0
24,GEN1,MRQ,2006-09-30,2006-09-30,2006-09-30,2019-04-11,-237184000.0,11630881000.0,,4164328000.0,7466553000.0,,12.018,-21968000.0,77079000.0,77079000.0,2989956000.0,-155163000.0,1.432,2.146,4579428000.0,483958000.0,4095470000.0,4579428000.0,0.0,108256000.0,0.0,0.0,0.0,-154458000.0,-46202000.0,-0.014,-46202000.0,-154458000.0,-255298000.0,-0.5,-0.5,-0.5,3696573000.0,,3696573000.0,8427411243.0,-74.0,30.608,124477000.0,0.405,1.0,315612000.0,0.095,820471000.0,100840000.0,12405453000.0,,283620000.0,707627000.0,448755000.0,258872000.0,7934308000.0,2907306000.0,5027002000.0,3786276243.0,-3149000.0,35000.0,11916000.0,-138854000.0,0.0,-126938000.0,-22656000.0,0.0,146445000.0,0.0,-155163000.0,-155163000.0,-155163000.0,1340000.0,0.0,-0.047,476724000.0,-161112000.0,794934000.0,0.0,1.024,-9.276,-9.256,5778343000.0,0.0,12.31,0.34,0.34,1390954000.0,-1972610000.0,3305568000.0,3305568000.0,0.0,,,,,0.0,336925000.0,1.0,307577274.0,307577274.0,,10.747,10810410000.0,333879000.0,-100135000.0,0.0,35.147,1257022000.0
25,GEN1,MRQ,2006-06-30,2006-06-30,2006-06-30,2019-04-11,-323887000.0,11534551000.0,,3826778000.0,7707773000.0,,12.221,-20022000.0,79692000.0,79692000.0,2233908000.0,14176000.0,1.484,2.078,4720827000.0,494390000.0,4226437000.0,4720827000.0,0.0,91092000.0,0.0,0.0,0.0,134223000.0,225315000.0,0.081,225315000.0,134223000.0,30779000.0,0.05,0.05,0.05,3747589000.0,,3747589000.0,8379296577.0,-26.0,107.5,49275000.0,0.161,1.0,540995000.0,0.195,847364000.0,103444000.0,12749460000.0,,290760000.0,769945000.0,322077000.0,447868000.0,7786962000.0,2578862000.0,5208100000.0,3673599577.0,25892000.0,144000.0,5015000.0,-87407000.0,0.0,-82392000.0,38987000.0,0.0,69297000.0,0.0,14176000.0,14176000.0,14176000.0,8551000.0,0.0,0.005,407903000.0,133092000.0,769078000.0,0.0,0.98,-7.02,-6.965,5830813000.0,0.0,11.98,0.34,0.34,1328865000.0,-1817447000.0,2774903000.0,2774903000.0,0.0,,,,,0.0,321665000.0,1.0,306644372.0,306644372.0,,9.049,10687187000.0,254879000.0,16603000.0,0.0,34.852,1247916000.0
26,GEN1,MRQ,2006-03-31,2006-03-31,2006-03-31,2019-04-11,-337740000.0,11427411000.0,,3646711000.0,7780700000.0,,12.149,-21897000.0,104572000.0,104572000.0,2250049000.0,-133119000.0,1.521,2.08,4810269000.0,490761000.0,4319508000.0,4810269000.0,0.0,80505000.0,15000000.0,0.0,0.0,32689000.0,113194000.0,0.046,113194000.0,32689000.0,-75473000.0,-0.44,-0.44,-0.44,3710628000.0,,3710628000.0,8222763420.0,-39.0,39.434,-243007000.0,-0.796,1.0,202636000.0,0.083,856935000.0,108162000.0,12878242000.0,,270988000.0,545704000.0,138855000.0,406849000.0,7716783000.0,2397931000.0,5318852000.0,3231314420.0,-44470000.0,1238000.0,5016000.0,-294131000.0,0.0,-927115000.0,1103755000.0,0.0,-221110000.0,0.0,-133119000.0,-133119000.0,-133119000.0,-4980000.0,0.0,-0.054,185324000.0,17312000.0,658411000.0,0.0,0.871,-7.365,-7.347,5883248000.0,0.0,10.58,0.309,0.309,1115558000.0,-1831623000.0,2452685000.0,2452685000.0,0.0,,,,,0.0,256295000.0,1.0,305417242.0,305417242.0,,8.031,10570476000.0,262879000.0,57646000.0,0.0,34.61,1248780000.0
27,GEN1,MRQ,2005-12-31,2005-12-31,2005-12-31,2019-04-11,-284616000.0,13568806000.0,,4730451000.0,8838355000.0,,12.682,-23179000.0,115303000.0,115303000.0,2488475000.0,-134061000.0,1.389,2.512,5106752000.0,789325000.0,4317427000.0,5106752000.0,0.0,109341000.0,0.0,0.0,0.0,-126312000.0,-16971000.0,-0.007,-16971000.0,-126312000.0,-231913000.0,-0.44,-0.44,-0.44,3863693000.0,,3863693000.0,7818394058.0,-42.0,29.896,-526107000.0,-1.727,1.0,111790000.0,0.043,897176000.0,105601000.0,14256849000.0,,299099000.0,1253763000.0,725964000.0,527799000.0,9705113000.0,3406230000.0,6298883000.0,3144064058.0,37642000.0,0.0,11910000.0,371187000.0,0.0,383097000.0,157473000.0,0.0,-502928000.0,0.0,-134061000.0,-134061000.0,-134061000.0,-49144000.0,0.0,-0.052,297003000.0,-185213000.0,886965000.0,0.0,0.814,-9.511,-9.468,5934060000.0,0.0,10.32,0.324,0.324,1171673000.0,-1698504000.0,2600265000.0,2600265000.0,0.0,,,,,0.0,231352000.0,1.0,304657370.0,304657370.0,,8.535,12671630000.0,394074000.0,-97852000.0,0.0,41.593,1324221000.0
28,GEN1,MRQ,2005-09-30,2005-09-30,2005-09-30,2019-04-11,-232398000.0,13712843000.0,,4382224000.0,9330619000.0,,13.327,-26052000.0,62319000.0,62319000.0,2697009000.0,-270297000.0,1.397,2.4,4736649000.0,489580000.0,4247069000.0,4736649000.0,0.0,124158000.0,86034000.0,0.0,0.0,-367749000.0,-243591000.0,-0.082,-243591000.0,-367749000.0,-467523000.0,-0.89,-0.89,-0.89,4032726000.0,,4032726000.0,9714465785.0,-34.0,61.603,-412359000.0,-1.363,1.0,266012000.0,0.09,950814000.0,99774000.0,14298976000.0,,276567000.0,1206865000.0,615010000.0,591855000.0,9680117000.0,3137383000.0,6542734000.0,4671959785.0,-74617000.0,104413000.0,11534000.0,197659000.0,0.0,209193000.0,102497000.0,0.0,-386307000.0,0.0,-270297000.0,-270297000.0,-270297000.0,3512000.0,0.0,-0.091,660568000.0,-394556000.0,1021477000.0,0.0,1.159,-10.138,-10.092,5992526000.0,0.0,15.44,0.515,0.515,1430241000.0,-1564443000.0,2963021000.0,2963021000.0,0.0,,,,,0.0,277478000.0,1.0,302588069.0,302588069.0,,9.792,12762029000.0,192102000.0,-197226000.0,53402000.0,42.176,1244841000.0
29,GEN1,MRQ,2005-06-30,2005-06-30,2005-06-30,2019-04-11,-178461000.0,12407320000.0,,3003360000.0,9403960000.0,,14.413,-22934000.0,136571000.0,136571000.0,1838353000.0,98724000.0,1.498,1.861,5179077000.0,392985000.0,4786092000.0,5179077000.0,0.0,103921000.0,17594000.0,0.0,0.0,251965000.0,355886000.0,0.146,355886000.0,251965000.0,153405000.0,0.33,0.3,0.33,4337168000.0,,4337168000.0,8819499469.0,15.0,8.631,-27748000.0,-0.092,1.0,593039000.0,0.244,1055688000.0,98560000.0,14389111000.0,,309675000.0,795962000.0,288411000.0,507551000.0,8070152000.0,2005027000.0,6065125000.0,3725315469.0,10113000.0,44372000.0,8059000.0,-39886000.0,0.0,-31827000.0,46754000.0,0.0,-4814000.0,0.0,98724000.0,98724000.0,98724000.0,-48632000.0,0.0,0.041,370050000.0,222989000.0,764006000.0,0.0,0.859,24.115,23.808,7134229000.0,0.0,12.38,0.43,0.43,1232701000.0,-1294146000.0,2431392000.0,2431392000.0,0.0,,,,,0.0,290802000.0,1.0,300914012.0,300914012.0,,8.08,11351632000.0,92019000.0,54681000.0,327847000.0,37.724,998333000.0
30,GEN1,MRQ,2005-03-31,2005-03-31,2005-03-31,2019-04-11,-122617000.0,12035542000.0,,2533358000.0,9502184000.0,,14.264,-10131000.0,126889000.0,126889000.0,1342084000.0,-24922000.0,1.55,1.809,5221073000.0,310952000.0,4910121000.0,5221073000.0,0.0,108451000.0,88595000.0,0.0,0.0,57740000.0,166191000.0,0.097,166191000.0,57740000.0,-37605000.0,-0.08,-0.08,-0.08,4284385000.0,,4284385000.0,8466001600.0,26.0,10.78,-33245000.0,-0.111,1.0,375233000.0,0.218,1060630000.0,95345000.0,14434877000.0,,282246000.0,621853000.0,190881000.0,430972000.0,7751157000.0,1634219000.0,6116938000.0,3418060600.0,10205000.0,560000.0,6382000.0,27509000.0,0.0,33891000.0,-572000.0,0.0,-23114000.0,0.0,-24922000.0,-24922000.0,-24922000.0,-16534000.0,0.0,-0.015,339012000.0,36221000.0,552627000.0,0.0,0.798,-214.689,-227.6,7292131000.0,0.0,11.38,0.405,0.405,919977000.0,-1392870000.0,1717317000.0,1717317000.0,0.0,,,,,0.0,229807000.0,1.0,300356819.0,300356819.0,,5.718,10974912000.0,106472000.0,-12683000.0,391200000.0,36.54,899139000.0
31,GEN1,MRQ,2004-12-31,2004-12-31,2004-12-31,2019-04-11,-33557000.0,12194024000.0,,2657851000.0,9536173000.0,,14.686,-20029000.0,146211000.0,146211000.0,1772243000.0,-264359000.0,1.266,1.78,4557711000.0,618854000.0,3938857000.0,4557711000.0,0.0,104511000.0,19040000.0,0.0,0.0,-225303000.0,-120792000.0,-0.062,-120792000.0,-225303000.0,-375273000.0,-0.89,-0.89,-0.89,4386354000.0,,4386354000.0,9204007057.0,34.0,12.678,-71822000.0,-0.24,1.0,181583000.0,0.093,981117000.0,149970000.0,13525816000.0,,245682000.0,661997000.0,305924000.0,356073000.0,7807670000.0,2098591000.0,5709079000.0,4076866057.0,11551000.0,2031000.0,7977000.0,-123161000.0,0.0,-124923000.0,188267000.0,0.0,-51793000.0,0.0,-264359000.0,-264359000.0,-264359000.0,51373000.0,0.0,-0.135,370252000.0,-188669000.0,566104000.0,0.0,0.929,-138.811,-136.5,6437761000.0,0.0,13.65,0.503,0.503,1071312000.0,-1367948000.0,1953826000.0,1953826000.0,0.0,,,,,0.0,270695000.0,1.0,298671506.0,298671506.0,,6.542,11212907000.0,118032000.0,-110914000.0,229352000.0,37.543,559260000.0
32,GEN1,MRQ,2004-09-30,2004-09-30,2004-09-30,2019-04-11,-41251000.0,13083391000.0,,3068458000.0,10014933000.0,,15.532,-31038000.0,401521000.0,401521000.0,1968361000.0,345036000.0,1.307,1.823,5528662000.0,688976000.0,4839686000.0,5528662000.0,0.0,110304000.0,79961000.0,0.0,0.0,510234000.0,620538000.0,0.242,620538000.0,510234000.0,413874000.0,1.16,1.04,1.16,4633776000.0,,4633776000.0,7774355540.0,14.0,8.139,147042000.0,0.493,1.0,596630000.0,0.233,1100229000.0,96360000.0,14763296000.0,,258403000.0,84406000.0,0.0,84406000.0,8449615000.0,2347007000.0,6102608000.0,2783504540.0,-61782000.0,0.0,8089000.0,-215312000.0,0.0,-1008961000.0,769099000.0,0.0,178080000.0,0.0,345036000.0,345036000.0,345036000.0,-269962000.0,0.0,0.135,390203000.0,206427000.0,628433000.0,0.0,0.601,10.405,10.141,7796531000.0,0.0,9.33,0.361,0.361,1358083000.0,-1103589000.0,2564991000.0,2564991000.0,0.0,,,,,0.0,274356000.0,1.0,298339179.0,298339179.0,,8.598,11983162000.0,0.0,68838000.0,547696000.0,40.166,721451000.0
33,GEN1,MRQ,2004-06-30,2004-06-30,2004-06-30,2019-04-11,-5113000.0,13430230000.0,,2698184000.0,10732046000.0,,14.552,-39579000.0,377380000.0,377380000.0,1752778000.0,-71676000.0,1.316,2.114,5368231000.0,365379000.0,5002852000.0,5368231000.0,0.0,131416000.0,66511000.0,0.0,0.0,-11982000.0,119434000.0,0.054,119434000.0,-11982000.0,-109586000.0,-0.24,-0.24,-0.24,4312739000.0,,4312739000.0,8887979042.0,-15.0,-57.508,-138755000.0,-0.468,1.0,449842000.0,0.204,1103509000.0,97604000.0,15266800000.0,,251004000.0,499506000.0,414867000.0,84639000.0,9117491000.0,2050772000.0,7066719000.0,3209560042.0,38977000.0,9294000.0,8552000.0,144960000.0,0.0,143316000.0,-5163000.0,0.0,-99176000.0,0.0,-71676000.0,-71676000.0,-71676000.0,8048000.0,0.0,-0.033,436649000.0,13193000.0,642819000.0,0.0,0.744,-3.229,-3.233,7866133000.0,0.0,10.83,0.363,0.363,532567000.0,-1448625000.0,2202620000.0,2202620000.0,0.0,,,,,0.0,293669000.0,1.0,296358268.0,296358268.0,,7.432,12326721000.0,0.0,-37910000.0,389029000.0,41.594,647412000.0
34,GEN1,MRQ,2004-03-31,2004-03-31,2004-03-31,2019-04-11,-7789000.0,13204371000.0,,2345239000.0,10859132000.0,,14.801,-69025000.0,382619000.0,382619000.0,1213535000.0,-38371000.0,1.229,2.019,6061038000.0,401240000.0,5659798000.0,6061038000.0,0.0,106811000.0,97673000.0,0.0,0.0,26730000.0,133541000.0,0.08,133541000.0,26730000.0,-65137000.0,-0.13,-0.13,-0.13,4374414000.0,,4374414000.0,8131984873.0,-18.0,-100.916,9377000.0,0.032,1.0,451179000.0,0.271,1230482000.0,91867000.0,15744403000.0,,242431000.0,382186000.0,289439000.0,92747000.0,8829957000.0,1907905000.0,6922052000.0,2426376873.0,-29936000.0,0.0,0.0,-72289000.0,0.0,-57345000.0,-50993000.0,0.0,78402000.0,0.0,-38371000.0,-38371000.0,-38371000.0,2900000.0,0.0,-0.023,418973000.0,32206000.0,505316000.0,0.0,0.555,-2.614,-2.623,8492027000.0,0.0,8.21,0.26,0.26,458632000.0,-1376949000.0,1664714000.0,1664714000.0,0.0,,,,,0.0,303418000.0,1.0,295539205.0,295539205.0,,5.633,11973889000.0,0.0,-26766000.0,487480000.0,40.515,437334000.0
35,GEN1,MRQ,2003-12-31,2003-12-31,2003-12-31,2019-04-11,-41353000.0,13296831000.0,,2677835000.0,10618996000.0,,14.84,-82290000.0,402509000.0,402509000.0,973196000.0,32533000.0,1.338,2.042,5043387000.0,129553000.0,4913834000.0,5043387000.0,0.0,52942000.0,93415000.0,0.0,0.0,28794000.0,81736000.0,0.064,81736000.0,28794000.0,-50436000.0,0.13,0.13,0.13,4371799000.0,,4371799000.0,9013493544.0,-10.0,-17.906,374325000.0,1.271,1.0,305338000.0,0.239,1102877000.0,79230000.0,14833858000.0,,258706000.0,1181807000.0,886868000.0,294939000.0,8925032000.0,2000974000.0,6924058000.0,2168194544.0,15574000.0,2591000.0,7531000.0,-1355270000.0,0.0,-2116817000.0,1674690000.0,0.0,456615000.0,1086000.0,32533000.0,32533000.0,32533000.0,-75423000.0,0.0,0.025,285671000.0,19667000.0,508941000.0,0.0,0.496,-1.616,-1.611,7642828000.0,0.0,7.36,0.215,0.215,567218000.0,-1338578000.0,1278534000.0,1278534000.0,0.0,,,,,0.0,287853000.0,1.0,294591650.0,294591650.0,,4.34,12193954000.0,85368000.0,-82969000.0,464563000.0,41.393,676861000.0
36,GEN1,MRQ,2003-09-30,2003-09-30,2003-09-30,2019-04-11,-95333000.0,16624263000.0,,3512868000.0,13111395000.0,,14.559,-116831000.0,679847000.0,679847000.0,2755676000.0,-916339000.0,1.151,2.879,7525146000.0,411838000.0,7113308000.0,7525146000.0,0.0,129678000.0,98086000.0,0.0,0.0,-618942000.0,-489264000.0,-0.133,-489264000.0,-618942000.0,-762368000.0,-3.11,-3.11,-3.11,4285224000.0,,4285224000.0,8585306304.0,-6.0,-7.37,210905000.0,0.717,1.0,930130000.0,0.252,1200306000.0,143426000.0,19218386000.0,,142276000.0,558345000.0,461075000.0,97270000.0,12339039000.0,3050870000.0,9288169000.0,1507007304.0,-34767000.0,0.0,0.0,-178562000.0,0.0,-178502000.0,-186125000.0,0.0,327736000.0,2124000.0,-916339000.0,-916339000.0,-916339000.0,126455000.0,0.0,-0.249,1444674000.0,-514544000.0,567216000.0,0.0,0.352,-0.745,-0.74,8507811000.0,0.0,5.12,0.143,0.143,732436000.0,-1371111000.0,3685806000.0,3685806000.0,0.0,,,,,0.0,314535000.0,1.0,294337364.0,294337364.0,,12.522,15423957000.0,142842000.0,153971000.0,473482000.0,52.402,461998000.0
37,GEN1,MRQ,2003-06-30,2003-06-30,2003-06-30,2019-04-11,-21610000.0,18183308000.0,,4012003000.0,14171305000.0,,18.025,-160360000.0,588592000.0,588592000.0,2190936000.0,-5909000.0,1.195,2.451,7666891000.0,431877000.0,7235014000.0,7666891000.0,0.0,86541000.0,114633000.0,0.0,0.0,106864000.0,193405000.0,0.072,193405000.0,106864000.0,5800000.0,-0.02,-0.02,-0.02,5268546000.0,,5268546000.0,9158041084.0,-14.0,-33.186,276121000.0,0.945,1.0,507672000.0,0.188,2278016000.0,101064000.0,19626882000.0,,142142000.0,277475000.0,183382000.0,94093000.0,12914762000.0,3356709000.0,9558053000.0,1791763084.0,-222956000.0,0.0,0.0,-271915000.0,0.0,-279889000.0,-381191000.0,0.0,436481000.0,1643000.0,-5909000.0,-5909000.0,-5909000.0,-27338000.0,0.0,-0.002,455243000.0,52429000.0,706384000.0,0.0,0.34,-1.696,-1.684,8793332000.0,0.0,6.13,0.149,0.149,963112000.0,-454772000.0,2698608000.0,2698608000.0,0.0,,,,,0.0,346128000.0,1.0,292294141.0,292294141.0,,9.233,15905292000.0,282604000.0,11709000.0,550582000.0,54.415,655294000.0
38,GEN1,MRQ,2003-03-31,2003-03-31,2003-03-31,2019-04-11,-32994000.0,18838076000.0,,5025494000.0,13812582000.0,,18.122,-188910000.0,579020000.0,579020000.0,1992033000.0,-452402000.0,1.296,2.579,7945298000.0,447828000.0,7497470000.0,7945298000.0,0.0,87684000.0,139946000.0,0.0,0.0,-362987000.0,-275303000.0,-0.112,-275303000.0,-362987000.0,-460020000.0,-1.55,-1.55,-1.55,5263418000.0,,5263418000.0,6884904395.0,-16.0,-170.71,-416032000.0,-1.432,1.0,465500000.0,0.189,2281258000.0,97033000.0,20046654000.0,,128418000.0,194163000.0,96430000.0,97733000.0,13574658000.0,3876442000.0,9698216000.0,1033971395.0,-726422000.0,0.0,0.0,-315122000.0,0.0,-313612000.0,-189906000.0,0.0,-227122000.0,4218000.0,-452402000.0,-452402000.0,-452402000.0,375702000.0,0.0,-0.184,408093000.0,57407000.0,704237000.0,0.0,0.196,-1.182,-1.183,8737802000.0,0.0,3.56,0.09,0.09,1127453000.0,-448863000.0,2457533000.0,2457533000.0,0.0,,,,,0.0,303363000.0,1.0,290441403.0,290441403.0,,8.461,16556818000.0,161299000.0,-7618000.0,455689000.0,57.006,1149052000.0
39,GEN1,MRQ,2002-12-31,2002-12-31,2002-12-31,2019-04-11,-29186000.0,17220166000.0,,4788941000.0,12431225000.0,,19.463,-165516000.0,1334445000.0,1334445000.0,1491270000.0,-648577000.0,1.326,2.046,6828200000.0,819690000.0,6008510000.0,6828200000.0,0.0,81063000.0,101953000.0,0.0,0.0,-674744000.0,-593681000.0,-0.349,-593681000.0,-674744000.0,-718816000.0,-2.24,-2.22,-2.24,5652888000.0,,5652888000.0,6780345490.0,-55.0,29.908,79012000.0,0.272,1.0,209640000.0,0.123,2277195000.0,44072000.0,16826421000.0,,274666000.0,271195000.0,167996000.0,103199000.0,11567278000.0,3610305000.0,7956973000.0,929412490.0,-250481000.0,0.0,13527000.0,-64702000.0,0.0,-306899000.0,-185274000.0,0.0,244528000.0,-2836000.0,-648577000.0,-648577000.0,-648577000.0,468120000.0,0.0,-0.381,375874000.0,-166234000.0,755267000.0,0.0,0.164,-1.66,-1.658,6991379000.0,0.0,3.2,0.087,0.087,1173957000.0,3539000.0,1700910000.0,1700910000.0,0.0,,,,,0.0,212057000.0,1.0,290441403.0,290441403.0,,5.856,14942971000.0,61765000.0,-70239000.0,411889000.0,51.449,1178636000.0
40,GEN1,MRQ,2002-09-30,2002-09-30,2002-09-30,2019-04-11,-59005000.0,19679422000.0,,6381338000.0,13298084000.0,,21.49,-130741000.0,1890692000.0,1890692000.0,4252305000.0,50436000.0,0.715,2.153,7741625000.0,5316485000.0,2425140000.0,7741625000.0,0.0,118608000.0,66602000.0,0.0,0.0,281013000.0,399621000.0,0.077,399621000.0,281013000.0,188598000.0,0.17,0.17,0.17,6241596000.0,,6241596000.0,6651109613.0,14.0,8.865,19224000.0,0.066,1.0,928294000.0,0.179,2157244000.0,92415000.0,14447683000.0,,117787000.0,542225000.0,253928000.0,288297000.0,13437826000.0,8925428000.0,4512398000.0,508269613.0,917888000.0,-14980000.0,0.0,915861000.0,0.0,784760000.0,-20903000.0,0.0,149965000.0,4066000.0,50436000.0,50436000.0,50436000.0,57498000.0,0.0,0.01,563915000.0,364379000.0,1315417000.0,0.0,0.081,4.909,5.469,8968361000.0,0.0,1.75,0.054,0.054,1688931000.0,652116000.0,5180599000.0,5180599000.0,0.0,,,,,0.0,439960000.0,1.0,290439779.0,290439779.0,,17.837,17522178000.0,0.0,138162000.0,460444000.0,60.33,-2544090000.0
41,GEN1,MRQ,2002-06-30,2002-06-30,2002-06-30,2019-04-11,101632000.0,19631157000.0,,5912012000.0,13719145000.0,,22.569,-147948000.0,835334000.0,835334000.0,1500115000.0,175753000.0,0.602,2.003,6978174000.0,5847644000.0,1130530000.0,6978174000.0,0.0,92276000.0,162240000.0,0.0,0.0,336756000.0,429032000.0,0.196,429032000.0,336756000.0,279477000.0,0.61,0.6,0.61,6537408000.0,,6537408000.0,8593621524.0,13.0,9.893,-421469000.0,-1.455,1.0,685038000.0,0.313,2383956000.0,57279000.0,13563010000.0,,114907000.0,321876000.0,0.0,321876000.0,13093749000.0,9827031000.0,3266718000.0,2534557524.0,220976000.0,0.0,0.0,287459000.0,0.0,646321000.0,-154269000.0,0.0,-273521000.0,2445000.0,175753000.0,175753000.0,175753000.0,-53590000.0,0.0,0.08,461290000.0,223748000.0,1754256000.0,0.0,0.388,8.055,8.578,8869654000.0,0.0,8.75,0.375,0.375,2519000000.0,832780000.0,2185153000.0,2185153000.0,0.0,,,,,0.0,369014000.0,1.0,289663717.0,289663717.0,,7.544,17247201000.0,0.0,103724000.0,343573000.0,59.542,-3915019000.0
42,GEN1,MRQ,2002-03-31,2002-03-31,2002-03-31,2019-04-11,69194000.0,18772872000.0,,5325933000.0,13446939000.0,,21.704,-176780000.0,603680000.0,603680000.0,1193528000.0,-137424000.0,0.582,1.971,6662744000.0,5536475000.0,1126269000.0,6662744000.0,0.0,57537000.0,214150000.0,0.0,0.0,-65806000.0,-8269000.0,-0.005,-8269000.0,-65806000.0,-94965000.0,-0.48,-0.48,-0.48,6319674000.0,,6319674000.0,5827072778.0,8.0,6.847,219006000.0,0.752,1.0,413264000.0,0.257,2156643000.0,29159000.0,13524003000.0,,100831000.0,414481000.0,0.0,414481000.0,12453198000.0,9151290000.0,3301908000.0,4923782778.0,128852000.0,-2948821000.0,0.0,2891403000.0,0.0,2860529000.0,-3126797000.0,0.0,395786000.0,-666000.0,-137424000.0,-137424000.0,-137424000.0,-15131000.0,0.0,-0.086,316786000.0,96478000.0,1311131000.0,0.0,0.779,13.394,13.637,8670190000.0,0.0,16.91,0.393,0.393,2263918000.0,654327000.0,1606792000.0,1606792000.0,0.0,,,,,0.0,259249000.0,1.0,291175800.0,291175800.0,,5.518,16616229000.0,0.0,42459000.0,342515000.0,57.066,-3825357000.0
43,GEN1,MRQ,2001-12-31,2001-12-31,2001-12-31,2019-04-11,-180189000.0,11719414000.0,,4200827000.0,7518587000.0,,20.55,-8211000.0,285874000.0,285874000.0,138631000.0,14780000.0,1.359,0.959,1188250000.0,320538000.0,867712000.0,1188250000.0,0.0,-9313000.0,144708000.0,0.0,0.0,-60771000.0,-70084000.0,-0.144,-70084000.0,-60771000.0,-24703000.0,0.02,0.02,0.02,5983632000.0,,5983632000.0,5710602458.0,7.0,5.577,-422454000.0,-1.451,1.0,346380000.0,0.714,1206350000.0,-36068000.0,8323892000.0,,174035000.0,417119000.0,0.0,417119000.0,5735782000.0,3091548000.0,2644234000.0,4807312458.0,-178672000.0,0.0,-170814000.0,1179486000.0,0.0,364625000.0,-129167000.0,0.0,-414243000.0,113000.0,14780000.0,14780000.0,14780000.0,-99674000.0,0.0,0.03,130454000.0,215926000.0,1002326000.0,0.0,0.803,8.533,8.133,4558542000.0,0.0,16.51,0.818,0.818,1597221000.0,563351000.0,485011000.0,485011000.0,0.0,,,,,0.0,139767000.0,1.0,291175800.0,291175800.0,,1.666,10513064000.0,92721000.0,-39483000.0,83433000.0,36.106,1109279000.0
44,GEN1,MRQ,2001-09-30,2001-09-30,2001-09-30,2019-04-11,79817000.0,14799383000.0,,6754381000.0,8045002000.0,,21.421,-219999000.0,271648000.0,271648000.0,1784715000.0,261561000.0,1.232,1.311,1174938000.0,212987000.0,961951000.0,1174938000.0,0.0,71868000.0,239350000.0,0.0,0.0,446095000.0,517963000.0,0.209,517963000.0,446095000.0,437740000.0,0.87,0.87,0.87,6404171000.0,,6404171000.0,5842064800.0,6.0,5.067,-285861000.0,-0.956,1.0,688704000.0,0.278,934489000.0,8355000.0,9284654000.0,,48912000.0,171823000.0,0.0,171823000.0,8395212000.0,5483530000.0,2911682000.0,4843216800.0,186499000.0,0.0,-20420000.0,493719000.0,0.0,473303000.0,-219922000.0,-26000.0,-65862000.0,-1020000.0,261561000.0,261561000.0,261561000.0,0.0,0.0,0.106,324889000.0,363815000.0,1117265000.0,0.0,0.756,8.924,,4561011000.0,0.0,16.2,0.497,0.497,2377348000.0,524171000.0,2473419000.0,2473419000.0,0.0,,,,,0.0,253021000.0,1.0,298964000.0,298964000.0,,8.273,13864894000.0,0.0,176179000.0,215471000.0,46.376,1270851000.0
45,GEN1,MRQ,2001-06-30,2001-06-30,2001-06-30,2019-04-11,252083000.0,16250738000.0,,8666650000.0,7584088000.0,,21.29,-230410000.0,85149000.0,85149000.0,7409254000.0,228688000.0,1.235,1.546,1083997000.0,175817000.0,908180000.0,1083997000.0,0.0,43346000.0,380400000.0,0.0,0.0,368100000.0,411446000.0,0.052,411446000.0,368100000.0,348473000.0,0.83,0.82,0.83,6382762000.0,,6382762000.0,10231112000.0,14.0,10.521,37386000.0,0.125,1.0,565894000.0,0.071,915528000.0,19627000.0,9319074000.0,,47582000.0,169121000.0,0.0,169121000.0,9867976000.0,7014984000.0,2852992000.0,7405060000.0,63461000.0,0.0,1697848000.0,-1698131000.0,0.0,9124000.0,-216854000.0,701000.0,267796000.0,3395000.0,228688000.0,228688000.0,228688000.0,0.0,0.0,0.029,272966000.0,292928000.0,1922348000.0,0.0,1.16,16.67,,4272743000.0,0.0,24.7,0.523,0.523,3434007000.0,310310000.0,7975148000.0,7975148000.0,0.0,,,,,0.0,229620000.0,1.0,299800000.0,299800000.0,,26.602,15335210000.0,0.0,119785000.0,263124000.0,51.151,1651666000.0
46,GEN1,MRQ,2001-03-31,2001-03-31,2001-03-31,2019-04-11,-88444000.0,14115437000.0,,6441002000.0,7674435000.0,,,-269168000.0,21688000.0,21688000.0,8151224000.0,81622000.0,0.891,4.923,2847740000.0,635575000.0,2212165000.0,2847740000.0,0.0,64130000.0,339900000.0,,0.0,136772000.0,200902000.0,0.023,200902000.0,136772000.0,112534000.0,0.34,0.34,0.34,2383048000.0,,2383048000.0,,,,-209357000.0,,1.0,488343000.0,0.057,947941000.0,24238000.0,8762888000.0,,45014000.0,107133000.0,0.0,107133000.0,11732389000.0,7230660000.0,4501729000.0,,-68067000.0,0.0,0.0,152461000.0,0.0,152488000.0,-272126000.0,-675000.0,59811000.0,-8240000.0,81622000.0,81622000.0,81622000.0,0.0,0.0,0.009,373947000.0,114396000.0,2086932000.0,0.0,,,,4176859000.0,0.0,,,,1845413000.0,81622000.0,8639567000.0,8639567000.0,0.0,,,,,0.0,309817000.0,1.0,,,,,13167496000.0,0.0,30912000.0,4457000.0,,-789658000.0
47,GEN1,MRQ,2000-12-31,2000-12-31,2000-12-31,2019-04-11,-4544000.0,13475392000.0,,7068696000.0,6406696000.0,,,-256290000.0,139755000.0,139755000.0,-9669074000.0,-29164000.0,0.834,4.777,1666001000.0,126766000.0,1539235000.0,1666001000.0,0.0,63331000.0,284603000.0,,0.0,-40590000.0,22741000.0,-0.002,22741000.0,-40590000.0,-53429000.0,,,,2332450000.0,,2332450000.0,,,,-162780000.0,,1.0,324457000.0,-0.035,1006782000.0,12839000.0,5514448000.0,,99445000.0,108727000.0,0.0,108727000.0,11142942000.0,8480408000.0,2662534000.0,,-164113000.0,6095000.0,0.0,-46378000.0,0.0,-19757000.0,-233273000.0,-559000.0,93510000.0,-4593000.0,-29164000.0,-29164000.0,-29164000.0,0.0,0.0,0.003,342707000.0,-18250000.0,3404676000.0,,,,,4049495000.0,0.0,,,,1811355000.0,,-9344617000.0,-9344617000.0,0.0,,,,,0.0,279376000.0,1.0,,,,,12468610000.0,0.0,-24265000.0,31181000.0,,-1411712000.0
48,GEN1,MRQ,2000-09-30,2000-09-30,2000-09-30,2019-04-11,,,,,,,,-248145000.0,,,6341226000.0,163074000.0,,,,,,,,64552000.0,,,0.0,272837000.0,337389000.0,0.049,337389000.0,272837000.0,262486000.0,,,,,,,,,,20129000.0,,1.0,544568000.0,0.079,,10351000.0,,,,,,,,,,,200791000.0,-7191000.0,0.0,-801742000.0,0.0,-828318000.0,757847000.0,998008000.0,268274000.0,2988000.0,163074000.0,163074000.0,163074000.0,0.0,0.0,0.024,243639000.0,300929000.0,,,,,,,0.0,,,,,,6885794000.0,6885794000.0,0.0,,,,,0.0,179087000.0,1.0,,,,,,,99412000.0,,,
49,GEN1,MRQ,2000-06-30,2000-06-30,2000-06-30,2019-04-11,,,,,,,,-210263000.0,,,3248111000.0,111345000.0,,,,,,,,38223000.0,,,0.0,157980000.0,196203000.0,0.054,196203000.0,157980000.0,149318000.0,,,,,,,,,,-256478000.0,,1.0,365017000.0,0.101,,8662000.0,,,,,,,,,,,9876000.0,-2115562000.0,0.0,1333322000.0,0.0,2382775000.0,-2331130000.0,-568000.0,-46215000.0,4446000.0,111345000.0,111345000.0,111345000.0,0.0,0.0,0.031,191404000.0,173613000.0,,,,,,,0.0,,,,,,3613128000.0,3613128000.0,0.0,,,,,0.0,153181000.0,1.0,,,,,,,37973000.0,,,
50,GEN1,MRQ,2000-03-31,2000-03-31,2000-03-31,2019-04-11,,,,,,,,-218482000.0,,,2177057000.0,-22590000.0,,,,,,,,27576000.0,,,0.0,-7971000.0,19605000.0,0.008,19605000.0,-7971000.0,-39817000.0,,,,,,,,,,-206509000.0,,1.0,143677000.0,0.062,,31846000.0,,,,,,,,,,,-6070000.0,-986539000.0,0.0,1165538000.0,0.0,1186456000.0,-1206746000.0,-2636000.0,11973000.0,2247000.0,-22590000.0,-22590000.0,-22590000.0,0.0,0.0,-0.01,141842000.0,1835000.0,,,,,,,0.0,,,,,,2320734000.0,2320734000.0,0.0,,,,,0.0,114266000.0,1.0,,,,,,,-17227000.0,,,
51,GEN1,MRQ,1999-12-31,1999-12-31,1999-12-31,2019-04-11,-17066000.0,5623596000.0,,1622980000.0,4000616000.0,,,,49271000.0,49271000.0,,,0.722,6.592,1700113000.0,189839000.0,1510274000.0,1700113000.0,0.0,,3800000.0,,0.0,,,,,,,,,,740685000.0,,740685000.0,,,,,,1.0,,,1025971000.0,,4002118000.0,,39377000.0,314134000.0,128553000.0,185581000.0,4882911000.0,2246349000.0,2636562000.0,,,,,,,,,,,,,,,,,,,,853029000.0,,,,,2407197000.0,,,,,619803000.0,,,,,,,,,,,1.0,,,,,4597625000.0,0.0,,62946000.0,,-623369000.0
0,GEN1,MRT,2012-09-30,2012-09-30,2012-09-30,2019-04-11,-192000000.0,11575000000.0,12112250000.0,3675000000.0,7900000000.0,0.24,6.152,-608000000.0,1855000000.0,1855000000.0,1223000000.0,-252000000.0,2.627,1.431,4371000000.0,10000000.0,4361000000.0,4371000000.0,0.0,382000000.0,0.0,0.0,0.0,101000000.0,483000000.0,0.166,483000000.0,101000000.0,-248000000.0,-0.33,-0.33,-0.33,4762000000.0,4956750000.0,4762000000.0,4555457531.0,45.0,9.432,-359000000.0,-0.464,1.0,1682000000.0,0.579,44000000.0,349000000.0,12648000000.0,12726750000.0,447000000.0,0.0,0.0,0.0,6813000000.0,1399000000.0,5414000000.0,1955457531.0,109000000.0,0.0,3000000.0,287000000.0,0.0,289000000.0,-429000000.0,0.0,249000000.0,0.0,-252000000.0,-252000000.0,-252000000.0,0.0,0.0,-0.087,1586000000.0,96000000.0,690000000.0,0.0,0.411,-7.76,-7.667,6265000000.0,0.0,2.53,0.673,0.674,294000000.0,-2508000000.0,2905000000.0,2905000000.0,0.0,-0.021,-0.051,0.008,0.035,18000000.0,1170000000.0,1.0,772908115.0,774000000.0,774000000.0,3.753,11531000000.0,196000000.0,4000000.0,196000000.0,14.898,2276000000.0
1,GEN1,MRT,2012-06-30,2012-06-30,2012-06-30,2019-04-11,-179000000.0,12018000000.0,12147000000.0,3791000000.0,8227000000.0,0.266,6.274,-609000000.0,1677000000.0,1677000000.0,1403000000.0,-207000000.0,2.082,1.475,4277000000.0,10000000.0,4267000000.0,4277000000.0,0.0,388000000.0,0.0,0.0,0.0,143000000.0,531000000.0,0.164,531000000.0,143000000.0,-206000000.0,-0.27,-0.27,-0.27,4856000000.0,5057250000.0,4856000000.0,3791601166.0,27.0,7.14,-331000000.0,-0.428,1.0,1827000000.0,0.566,45000000.0,349000000.0,12752000000.0,12670000000.0,497000000.0,0.0,0.0,0.0,7162000000.0,1821000000.0,5341000000.0,1321601166.0,75000000.0,0.0,3000000.0,232000000.0,0.0,234000000.0,-437000000.0,0.0,278000000.0,0.0,-207000000.0,-207000000.0,-207000000.0,0.0,0.0,-0.064,1690000000.0,137000000.0,846000000.0,0.0,0.272,-6.385,-6.333,6326000000.0,0.0,1.71,0.409,0.41,341000000.0,-2423000000.0,3230000000.0,3230000000.0,0.0,-0.017,-0.041,0.011,0.044,15000000.0,1188000000.0,1.0,772866179.0,774000000.0,774000000.0,4.173,11973000000.0,263000000.0,1000000.0,263000000.0,15.469,1970000000.0
2,GEN1,MRT,2012-03-31,2012-03-31,2012-03-31,2019-04-11,-165000000.0,12587000000.0,12233000000.0,4352000000.0,8235000000.0,0.288,6.579,-439000000.0,1705000000.0,1705000000.0,1487000000.0,-117000000.0,1.939,1.472,4175000000.0,10000000.0,4165000000.0,4175000000.0,0.0,387000000.0,0.0,0.0,0.0,240000000.0,627000000.0,0.178,627000000.0,240000000.0,-120000000.0,-0.15,-0.15,-0.15,5092000000.0,5184250000.0,5092000000.0,4069121417.0,17.0,6.49,-325000000.0,-0.42,1.0,2034000000.0,0.578,46000000.0,360000000.0,12766000000.0,12625000000.0,532000000.0,0.0,0.0,0.0,7495000000.0,2245000000.0,5250000000.0,1605121417.0,-685000000.0,0.0,3000000.0,-777000000.0,0.0,-774000000.0,-25000000.0,0.0,114000000.0,0.0,-117000000.0,-117000000.0,-117000000.0,0.0,0.0,-0.033,1800000000.0,234000000.0,881000000.0,0.0,0.315,-13.719,-13.867,6232000000.0,0.0,2.08,0.456,0.457,299000000.0,-2195000000.0,3521000000.0,3521000000.0,0.0,-0.01,-0.023,0.019,0.068,14000000.0,1296000000.0,1.0,771692989.0,774000000.0,774000000.0,4.549,12541000000.0,337000000.0,-3000000.0,337000000.0,16.203,2107000000.0
3,GEN1,MRT,2011-12-31,2011-12-31,2011-12-31,2019-04-11,-170000000.0,12269000000.0,12458750000.0,4176000000.0,8093000000.0,0.29,6.628,-450000000.0,1668000000.0,1668000000.0,1610000000.0,-189000000.0,2.148,1.398,4132000000.0,10000000.0,4122000000.0,4132000000.0,0.0,390000000.0,0.0,0.0,0.0,191000000.0,581000000.0,0.161,581000000.0,191000000.0,-189000000.0,-0.24,-0.24,-0.24,5117000000.0,5292250000.0,5117000000.0,4343118036.0,23.0,7.475,-185000000.0,-0.24,1.0,2004000000.0,0.555,48000000.0,380000000.0,12741000000.0,12647250000.0,563000000.0,0.0,0.0,0.0,7152000000.0,1944000000.0,5208000000.0,2014118036.0,-734000000.0,0.0,3000000.0,-1973000000.0,0.0,-1970000000.0,971000000.0,0.0,265000000.0,0.0,-189000000.0,-189000000.0,-189000000.0,0.0,0.0,-0.052,1795000000.0,209000000.0,790000000.0,0.0,0.394,-10.657,-10.875,6191000000.0,0.0,2.61,0.557,0.558,357000000.0,-2163000000.0,3614000000.0,3614000000.0,0.0,-0.015,-0.036,0.015,0.053,14000000.0,1293000000.0,1.0,771692734.0,772000000.0,772000000.0,4.681,12221000000.0,294000000.0,0.0,294000000.0,15.83,2232000000.0
4,GEN1,MRT,2011-09-30,2011-09-30,2011-09-30,2019-04-11,-76000000.0,11714000000.0,13191250000.0,3865000000.0,7849000000.0,0.233,6.689,-418000000.0,1746000000.0,1746000000.0,1554000000.0,-920000000.0,2.457,1.268,4075000000.0,9000000.0,4066000000.0,4075000000.0,0.0,341000000.0,0.0,0.0,0.0,-524000000.0,-183000000.0,-0.059,-183000000.0,-524000000.0,-919000000.0,-1.87,-1.86,-1.87,5164000000.0,5371500000.0,5164000000.0,4578262004.0,-9.0,-25.018,-280000000.0,-0.363,1.0,1523000000.0,0.495,49000000.0,395000000.0,12421000000.0,12976500000.0,525000000.0,0.0,0.0,0.0,6550000000.0,1573000000.0,4977000000.0,2145262004.0,-243000000.0,717000000.0,-10000000.0,-529000000.0,0.0,-537000000.0,156000000.0,0.0,138000000.0,0.0,-920000000.0,-920000000.0,-920000000.0,0.0,0.0,-0.299,2371000000.0,-848000000.0,680000000.0,0.0,0.415,-2.332,-1.487,6192000000.0,0.0,2.78,0.697,0.697,325000000.0,-2207000000.0,3077000000.0,3077000000.0,0.0,-0.07,-0.171,-0.04,-0.17,39000000.0,1339000000.0,1.0,771676980.0,772000000.0,772000000.0,3.986,11665000000.0,208000000.0,1000000.0,208000000.0,15.11,2292000000.0
5,GEN1,MRT,2011-06-30,2011-06-30,2011-06-30,2019-04-11,-37000000.0,12362000000.0,11905759000.0,3953000000.0,8409000000.0,0.233,6.948,-327000000.0,1602000000.0,1602000000.0,1275000000.0,-626000000.0,1.891,1.305,4035000000.0,6000000.0,4029000000.0,4035000000.0,0.0,306000000.0,0.0,0.0,0.0,-266000000.0,40000000.0,0.014,40000000.0,-266000000.0,-626000000.0,-1.2,-1.19,-1.2,5364000000.0,5038210000.0,5364000000.0,5533930981.0,-21.0,138.348,-261000000.0,-0.338,1.0,1497000000.0,0.54,133000000.0,360000000.0,12572000000.0,11614493250.0,525000000.0,0.0,0.0,0.0,6998000000.0,2090000000.0,4908000000.0,2977930981.0,-247000000.0,717000000.0,-10000000.0,-569000000.0,0.0,-577000000.0,264000000.0,0.0,66000000.0,0.0,-626000000.0,-626000000.0,-626000000.0,0.0,0.0,-0.226,2086000000.0,-589000000.0,765000000.0,0.0,0.555,-4.757,-3.217,6307000000.0,0.0,3.86,1.074,1.075,382000000.0,-2042000000.0,2772000000.0,2772000000.0,0.0,-0.053,-0.124,-0.023,-0.096,41000000.0,1225000000.0,1.0,771484710.0,772000000.0,772000000.0,3.591,12229000000.0,469000000.0,0.0,469000000.0,15.841,1863000000.0
6,GEN1,MRT,2011-03-31,2011-03-31,2011-03-31,2019-04-11,-23000000.0,13490000000.0,10444242250.0,5155000000.0,8335000000.0,0.211,7.165,-317000000.0,2390000000.0,2390000000.0,1157000000.0,-751000000.0,1.687,1.442,4946000000.0,924000000.0,4022000000.0,4946000000.0,0.0,267000000.0,0.0,0.0,0.0,-437000000.0,-170000000.0,-0.077,-170000000.0,-437000000.0,-750000000.0,-1.66,-1.65,-1.66,5524000000.0,4647694750.0,5524000000.0,6616187049.0,-15.0,-38.919,-198000000.0,-0.257,1.0,1047000000.0,0.475,136000000.0,313000000.0,12855000000.0,10267920500.0,508000000.0,0.0,0.0,0.0,7966000000.0,3055000000.0,4911000000.0,2937187049.0,285000000.0,717000000.0,-10000000.0,339000000.0,0.0,331000000.0,-165000000.0,0.0,119000000.0,0.0,-751000000.0,-751000000.0,-751000000.0,0.0,0.0,-0.341,1806000000.0,-759000000.0,714000000.0,0.0,0.532,-3.911,-2.295,6292000000.0,0.0,3.81,1.333,1.333,293000000.0,-1891000000.0,2204000000.0,2204000000.0,0.0,-0.072,-0.162,-0.043,-0.198,39000000.0,985000000.0,1.0,770915236.0,771000000.0,771000000.0,2.859,13354000000.0,427000000.0,1000000.0,427000000.0,17.32,2100000000.0
7,GEN1,MRT,2010-12-31,2010-12-31,2010-12-31,2019-04-11,-25000000.0,15199000000.0,8894726250.0,6902000000.0,8297000000.0,0.255,12.322,-304000000.0,2402000000.0,2402000000.0,963000000.0,-233000000.0,1.475,1.797,6081000000.0,2061000000.0,4020000000.0,6081000000.0,0.0,229000000.0,0.0,0.0,0.0,19000000.0,248000000.0,0.109,248000000.0,19000000.0,-235000000.0,-0.53,-0.53,-0.53,5434000000.0,4259646000.0,5434000000.0,2508373287.0,132.0,10.114,-99000000.0,-0.224,1.0,1307000000.0,0.576,140000000.0,254000000.0,14058000000.0,8842654750.0,553000000.0,0.0,0.0,0.0,9765000000.0,4680000000.0,5085000000.0,1346603287.0,449000000.0,717000000.0,-10000000.0,1425000000.0,0.0,1415000000.0,-1171000000.0,0.0,205000000.0,0.0,-233000000.0,-233000000.0,-233000000.0,0.0,0.0,-0.103,1631000000.0,-324000000.0,903000000.0,0.0,0.248,-5.779,-7.189,6229000000.0,0.0,3.81,0.593,0.74,538000000.0,-1974000000.0,2270000000.0,2270000000.0,0.0,-0.026,-0.055,0.002,0.008,41000000.0,846000000.0,1.0,353439183.0,441000000.0,441000000.0,5.147,15059000000.0,361000000.0,-2000000.0,361000000.0,34.147,2222000000.0
8,GEN1,MRT,2010-09-30,2010-09-30,2010-09-30,2019-04-11,-39416000.0,6572036000.0,7476976250.0,1619837000.0,4952199000.0,0.38,9.276,-732250000.0,788027000.0,788027000.0,563627000.0,254275000.0,3.448,0.716,1949797000.0,108000.0,1949689000.0,1949797000.0,0.0,112772000.0,0.0,0.0,0.0,524663000.0,637435000.0,0.224,637435000.0,524663000.0,373263000.0,0.36,0.36,0.36,3830840000.0,3979896000.0,3830840000.0,2638417615.0,5.0,4.139,180218000.0,0.436,1.0,2281233000.0,0.802,290977000.0,151400000.0,6972973000.0,7256154750.0,280612000.0,226634000.0,175146000.0,51488000.0,2741196000.0,469856000.0,2271340000.0,1254674615.0,108691000.0,-35931000.0,-8584000.0,-56587000.0,0.0,194536000.0,-1098510000.0,-5000000.0,912468000.0,0.0,254275000.0,254275000.0,254275000.0,864467000.0,0.0,0.089,890044000.0,1391189000.0,99346000.0,0.0,0.328,4.934,9.861,4122567000.0,0.0,3.55,0.441,0.515,124054000.0,-2398386000.0,2844860000.0,2844860000.0,0.0,0.034,0.064,0.072,0.184,37000000.0,571088000.0,1.0,353429469.0,413000000.0,,6.888,6281059000.0,0.0,118988000.0,0.0,15.208,1149981000.0
9,GEN1,MRT,2010-06-30,2010-06-30,2010-06-30,2019-04-11,-44812000.0,6515933000.0,7854035000.0,1427733000.0,5088200000.0,0.328,9.228,-721036000.0,566080000.0,566080000.0,584259000.0,-15153000.0,3.398,0.714,1949823000.0,106000.0,1949717000.0,1949823000.0,0.0,126496000.0,0.0,0.0,0.0,258381000.0,384877000.0,0.149,384877000.0,258381000.0,113367000.0,-0.3,-0.3,-0.3,3801939000.0,4134858000.0,3801939000.0,2537366464.0,10.0,6.593,-157119000.0,-0.381,1.0,1992780000.0,0.773,293803000.0,145014000.0,7185709000.0,7455569500.0,278382000.0,175212000.0,129973000.0,45239000.0,2713994000.0,420164000.0,2293830000.0,1339436464.0,-257880000.0,-35931000.0,-6309000.0,-69220000.0,0.0,148771000.0,-1073927000.0,-5000000.0,563917000.0,0.0,-15153000.0,-15153000.0,-15153000.0,861626000.0,0.0,-0.006,870898000.0,1121882000.0,105053000.0,0.0,0.352,-88.394,-12.633,4281116000.0,0.0,3.79,0.52,0.606,155760000.0,-2421212000.0,2577039000.0,2577039000.0,0.0,-0.002,-0.004,0.035,0.1,32000000.0,537231000.0,1.0,353413315.0,412000000.0,,6.255,6222130000.0,0.0,128520000.0,0.0,15.102,1007569000.0
10,GEN1,MRT,2010-03-31,2010-03-31,2010-03-31,2019-04-11,-43532000.0,7291936000.0,8293110500.0,2108075000.0,5183861000.0,0.328,9.64,-705528000.0,1152904000.0,1152904000.0,592326000.0,1051413000.0,2.036,0.836,2350834000.0,401090000.0,1949744000.0,2350834000.0,0.0,140142000.0,0.0,0.0,0.0,1238370000.0,1378512000.0,0.506,1378512000.0,1238370000.0,1097289000.0,2.63,2.63,2.63,3971805000.0,4297096250.0,3971805000.0,2690311215.0,2.0,1.952,-67765000.0,-0.164,1.0,2130490000.0,0.782,300390000.0,141081000.0,7153937000.0,7602888750.0,293066000.0,293282000.0,201626000.0,91656000.0,3320131000.0,1035539000.0,2284592000.0,1303568215.0,-165730000.0,0.0,-6163000.0,-112000000.0,0.0,-120163000.0,-666439000.0,-5000000.0,637763000.0,0.0,1051413000.0,1051413000.0,1051413000.0,-45632000.0,0.0,0.386,937912000.0,1192578000.0,118251000.0,0.0,0.328,1.24,1.403,4313218000.0,0.0,3.69,0.479,0.558,114453000.0,-2249342000.0,2722816000.0,2722816000.0,0.0,0.127,0.245,0.163,0.455,29000000.0,589840000.0,1.0,353270519.0,412000000.0,,6.609,6991546000.0,0.0,45876000.0,0.0,16.97,1072536000.0
11,GEN1,MRT,2009-12-31,2009-12-31,2009-12-31,2019-04-11,-53000000.0,9528000000.0,9276091500.0,4347000000.0,5181000000.0,0.249,10.499,-676000000.0,1953000000.0,1953000000.0,710000000.0,493000000.0,1.871,1.208,2631000000.0,75000000.0,2556000000.0,2631000000.0,0.0,156000000.0,0.0,0.0,0.0,643000000.0,799000000.0,0.346,799000000.0,643000000.0,505000000.0,1.2,1.2,1.2,4315000000.0,4213656500.0,4315000000.0,3313560905.0,5.0,4.147,146000000.0,0.355,1.0,1599000000.0,0.693,171000000.0,138000000.0,7712000000.0,7898097250.0,241000000.0,0.0,0.0,0.0,5213000000.0,2323000000.0,2890000000.0,2017891905.0,122000000.0,0.0,-4000000.0,-45000000.0,0.0,-49000000.0,-651000000.0,-5000000.0,822000000.0,0.0,493000000.0,493000000.0,493000000.0,0.0,0.0,0.214,958000000.0,641000000.0,718000000.0,0.0,0.468,4.093,4.767,3633000000.0,0.0,5.72,0.874,1.018,412000000.0,-1728000000.0,2309000000.0,2309000000.0,0.0,0.053,0.117,0.081,0.278,24000000.0,610000000.0,1.0,352778305.0,411000000.0,412000000.0,5.618,9357000000.0,376000000.0,12000000.0,376000000.0,22.766,2024000000.0
12,GEN1,MRT,2009-09-30,2009-09-30,2009-09-30,2019-04-11,-68945000.0,8080271000.0,9574690250.0,2336105000.0,5744166000.0,0.177,12.663,-697691000.0,1257543000.0,1257543000.0,339857000.0,2203745000.0,1.891,0.816,2553212000.0,568420000.0,1984792000.0,2553212000.0,0.0,107169000.0,0.0,0.0,0.0,2110746000.0,2217915000.0,1.306,2217915000.0,2110746000.0,1936949000.0,5.09,4.91,5.09,4450688000.0,4079317500.0,4450688000.0,3591139544.0,2.0,1.619,39740000.0,0.113,1.0,1358056000.0,0.8,370014000.0,173797000.0,7770632000.0,8199787000.0,317993000.0,237499000.0,174573000.0,62926000.0,3629583000.0,1235294000.0,2394289000.0,2509582544.0,-3028990000.0,17502000.0,-2751958000.0,-421709000.0,0.0,-3433357000.0,-323463000.0,-20000000.0,737431000.0,0.0,2203745000.0,2203745000.0,2203745000.0,-1404978000.0,0.0,1.298,680239000.0,677817000.0,134583000.0,0.0,0.564,1.139,1.403,4770728000.0,0.0,7.14,1.478,1.478,145266000.0,-1738476000.0,1697913000.0,1697913000.0,0.0,0.23,0.54,0.257,1.243,25000000.0,635237000.0,1.0,351482149.0,351482149.0,,4.831,7710257000.0,0.0,-266796000.0,0.0,21.936,1100811000.0
13,GEN1,MRT,2009-06-30,2009-06-30,2009-06-30,2019-04-11,-74232000.0,8272235000.0,10243468500.0,2497560000.0,5774675000.0,0.21,12.701,-743034000.0,1489743000.0,1489743000.0,586026000.0,1181253000.0,2.073,0.859,2571300000.0,410799000.0,2160501000.0,2571300000.0,0.0,117798000.0,0.0,0.0,0.0,1173269000.0,1291067000.0,0.6,1291067000.0,1173269000.0,994793000.0,2.16,2.02,2.16,4450892000.0,4024703000.0,4450892000.0,2981702245.0,3.0,2.309,225187000.0,0.643,1.0,1564573000.0,0.728,373773000.0,178476000.0,7774986000.0,8606612000.0,303984000.0,265596000.0,181592000.0,84004000.0,3821343000.0,1205033000.0,2616310000.0,1755639245.0,-2896056000.0,35931000.0,-2746460000.0,-419587000.0,0.0,-3390924000.0,-370319000.0,-20000000.0,968221000.0,0.0,1181253000.0,1181253000.0,1181253000.0,-270640000.0,0.0,0.549,698300000.0,866273000.0,137239000.0,0.0,0.394,1.486,2.319,4788146000.0,0.0,5.01,0.816,0.816,127479000.0,-1723048000.0,2150599000.0,2150599000.0,0.0,0.115,0.294,0.136,0.546,25000000.0,654750000.0,1.0,350426995.0,350426995.0,,6.137,7898462000.0,0.0,-186460000.0,0.0,22.54,1292527000.0
14,GEN1,MRT,2009-03-31,2009-03-31,2009-03-31,2019-04-11,-79420000.0,11223860000.0,11892399500.0,4793035000.0,6430825000.0,0.233,10.384,-741783000.0,1416837000.0,1416837000.0,874835000.0,736375000.0,1.282,2.085,2642900000.0,12869000.0,2630031000.0,2642900000.0,0.0,133061000.0,0.0,0.0,0.0,878025000.0,1011086000.0,0.364,1011086000.0,878025000.0,693522000.0,0.9,0.74,0.9,3638046000.0,4222525750.0,3638046000.0,2889754383.0,3.0,2.858,189400000.0,0.541,1.0,1899551000.0,0.685,377121000.0,184503000.0,8334771000.0,9479425000.0,295375000.0,237382000.0,237382000.0,0.0,7585814000.0,3738031000.0,3847783000.0,1117655383.0,-2904709000.0,0.0,-2745904000.0,-374807000.0,0.0,-3120288000.0,-727874000.0,-20000000.0,931183000.0,0.0,736375000.0,736375000.0,736375000.0,359908000.0,0.0,0.265,706243000.0,1193308000.0,154513000.0,0.0,0.307,1.518,3.544,4811822000.0,0.0,3.19,0.403,0.403,171906000.0,-2526614000.0,2774386000.0,2774386000.0,0.0,0.062,0.174,0.093,0.316,25000000.0,668501000.0,1.0,350362189.0,350362189.0,,7.919,10846739000.0,0.0,-42853000.0,0.0,30.959,1055004000.0
15,GEN1,MRT,2008-12-31,2008-12-31,2008-12-31,2019-04-11,-85905000.0,10722395000.0,12031507500.0,4455466000.0,6266929000.0,0.265,7.168,-731000000.0,1007088000.0,1007088000.0,1059000000.0,1265000000.0,1.466,1.838,2623254000.0,12517000.0,2610737000.0,2623254000.0,0.0,148000000.0,0.0,0.0,0.0,1456000000.0,1604000000.0,0.503,1604000000.0,1456000000.0,1267000000.0,2.4,2.24,2.4,3777644000.0,4530966250.0,3777644000.0,4109054500.0,3.0,2.562,16000000.0,0.03,1.0,2129000000.0,0.668,380554000.0,189000000.0,8918759000.0,9889469250.0,314999000.0,298922000.0,220043000.0,78879000.0,6944751000.0,3039248000.0,3905503000.0,2021889500.0,-3130000000.0,0.0,-2743000000.0,-420000000.0,0.0,-3163000000.0,-714000000.0,-20000000.0,747000000.0,0.0,1265000000.0,1265000000.0,1265000000.0,-50000000.0,0.0,0.397,772000000.0,1357000000.0,156604000.0,0.0,0.535,1.598,2.408,4819789000.0,0.0,5.78,0.634,0.955,249871000.0,-2375201000.0,3188000000.0,3188000000.0,0.0,0.105,0.279,0.147,0.457,25000000.0,667000000.0,1.0,349807872.0,527000000.0,565000000.0,6.049,10341841000.0,0.0,2000000.0,0.0,19.624,1416218000.0
16,GEN1,MRT,2008-09-30,2008-09-30,2008-09-30,2019-04-11,-68027000.0,10755384000.0,11898858750.0,4151798000.0,6603586000.0,-0.21,12.139,-230175000.0,799813000.0,799813000.0,-3125872000.0,-75054000.0,1.539,1.541,2886978000.0,12193000.0,2874785000.0,2886978000.0,0.0,318729000.0,0.0,0.0,0.0,18489000.0,337218000.0,-0.135,337218000.0,18489000.0,-113374000.0,-0.18,-0.17,-0.18,4232230000.0,4705813750.0,4232230000.0,4660557106.0,252.0,13.821,471482000.0,1.352,1.0,625919000.0,-0.25,746871000.0,131863000.0,9397932000.0,10047647000.0,325620000.0,1206049000.0,865626000.0,340423000.0,6523154000.0,2697746000.0,3825408000.0,2562551106.0,398925000.0,70124000.0,15458000.0,-95704000.0,0.0,-81453000.0,-222749000.0,0.0,701657000.0,0.0,-75054000.0,-75054000.0,-75054000.0,-77289000.0,0.0,0.03,662520000.0,-36601000.0,820319000.0,0.0,0.605,-34.143,-40.833,4847941000.0,0.0,7.35,-1.025,-1.025,1257036000.0,-1937546000.0,-2499953000.0,-2499953000.0,0.0,-0.006,-0.016,0.002,-0.007,0.0,353011000.0,1.0,348646409.0,348646409.0,,-7.17,10008513000.0,364954000.0,-38320000.0,0.0,28.707,1454052000.0
17,GEN1,MRT,2008-06-30,2008-06-30,2008-06-30,2019-04-11,-86814000.0,14867959000.0,11660182250.0,7405385000.0,7462574000.0,0.007,15.149,-178347000.0,804309000.0,804309000.0,-800723000.0,1125248000.0,1.495,1.836,2902315000.0,24467000.0,2877848000.0,2902315000.0,0.0,361825000.0,0.0,0.0,0.0,1217715000.0,1579540000.0,18.945,1579540000.0,1217715000.0,1060910000.0,3.26,3.22,3.26,5242183000.0,4704147250.0,5242183000.0,9297653671.0,8.0,5.886,752713000.0,2.175,1.0,884097000.0,10.604,745739000.0,156805000.0,11266238000.0,10094274750.0,330799000.0,5386963000.0,3980750000.0,1406213000.0,9625776000.0,4953988000.0,4671788000.0,7360274671.0,722970000.0,82075000.0,18129000.0,-116800000.0,0.0,-100604000.0,-199227000.0,0.0,931060000.0,0.0,1125248000.0,1125248000.0,1125248000.0,-1211265000.0,0.0,13.496,853455000.0,30642000.0,1188571000.0,0.0,1.404,6.541,6.525,4815007000.0,0.0,21.27,88.28,88.28,1504054000.0,-899626000.0,83374000.0,83374000.0,0.0,0.097,0.239,0.121,14.605,0.0,504525000.0,1.0,346040182.0,346040182.0,,0.241,14122220000.0,0.0,-64338000.0,0.0,40.811,2451397000.0
18,GEN1,MRT,2008-03-31,2008-03-31,2008-03-31,2019-04-11,-92603000.0,11780292000.0,10463985750.0,4661813000.0,7118479000.0,0.164,14.107,-177111000.0,969718000.0,969718000.0,1106117000.0,483608000.0,1.57,1.418,2907097000.0,11668000.0,2895429000.0,2907097000.0,0.0,389519000.0,0.0,0.0,0.0,410109000.0,799628000.0,0.465,799628000.0,410109000.0,182423000.0,1.4,1.38,1.4,4871808000.0,4400236750.0,4871808000.0,10364402417.0,25.0,12.962,854868000.0,2.475,1.0,613608000.0,0.357,774099000.0,227686000.0,9974948000.0,9781466000.0,258146000.0,2770443000.0,2185606000.0,584837000.0,6908484000.0,2968624000.0,3939860000.0,8167723417.0,573421000.0,82075000.0,29699000.0,-308419000.0,0.0,-351922000.0,-203323000.0,0.0,1031979000.0,0.0,483608000.0,483608000.0,483608000.0,-932666000.0,0.0,0.281,1040424000.0,-426816000.0,713323000.0,0.0,1.677,16.889,16.893,5204708000.0,0.0,23.65,4.749,4.749,982690000.0,-1258314000.0,1719725000.0,1719725000.0,0.0,0.046,0.11,0.042,0.238,0.0,643215000.0,1.0,345358284.0,345358284.0,,4.98,11006193000.0,0.0,-301185000.0,0.0,31.869,1693189000.0
19,GEN1,MRT,2007-12-31,2007-12-31,2007-12-31,2019-04-11,-103058000.0,10191800000.0,10030744500.0,3233509000.0,6958291000.0,0.319,13.003,-174589000.0,758213000.0,758213000.0,2040769000.0,365107000.0,1.576,1.276,2954892000.0,52546000.0,2902346000.0,2954892000.0,0.0,398691000.0,0.0,0.0,0.0,467417000.0,866108000.0,0.27,866108000.0,467417000.0,205007000.0,1.07,1.07,1.07,4477034000.0,4251959500.0,4477034000.0,11628820491.0,25.0,13.427,587154000.0,1.705,1.0,1161759000.0,0.363,784982000.0,262410000.0,9551470000.0,9868344000.0,285408000.0,1122837000.0,746302000.0,376535000.0,5714766000.0,2052027000.0,3662739000.0,9034863491.0,383119000.0,82075000.0,41317000.0,-260578000.0,0.0,-292040000.0,-178650000.0,0.0,761743000.0,0.0,365107000.0,365107000.0,365107000.0,-566738000.0,0.0,0.114,1171886000.0,-10127000.0,687046000.0,0.0,2.018,24.746,24.523,5222217000.0,0.0,26.24,2.821,2.821,1082746000.0,-1635526000.0,3202528000.0,3202528000.0,0.0,0.036,0.086,0.047,0.146,0.0,776894000.0,1.0,344316444.0,344316444.0,,9.301,9406818000.0,184969000.0,-160100000.0,0.0,27.32,1181482000.0
20,GEN1,MRT,2007-09-30,2007-09-30,2007-09-30,2019-04-11,-124560000.0,9800678000.0,10124577750.0,3084150000.0,6716528000.0,1.077,12.319,-168379000.0,401611000.0,401611000.0,8720136000.0,84435000.0,1.526,1.319,2995568000.0,10874000.0,2984694000.0,2995568000.0,0.0,416784000.0,0.0,0.0,0.0,428121000.0,844905000.0,0.078,844905000.0,428121000.0,29420000.0,0.22,0.19,0.22,4225564000.0,4120169250.0,4225564000.0,11978402566.0,28.0,14.177,1441049000.0,4.201,1.0,2179801000.0,0.2,789707000.0,398701000.0,9584443000.0,10008630750.0,269800000.0,455029000.0,387822000.0,67207000.0,5575114000.0,2020485000.0,3554629000.0,8781278566.0,329732000.0,30380000.0,42296000.0,-1046440000.0,0.0,-1076733000.0,-202963000.0,0.0,1609428000.0,0.0,84435000.0,84435000.0,84435000.0,-1761000.0,0.0,0.008,1687433000.0,492368000.0,805930000.0,0.0,2.078,104.0,116.364,5270248000.0,0.0,25.6,0.806,0.806,1427389000.0,-1862492000.0,10899937000.0,10899937000.0,0.0,0.008,0.02,0.043,0.039,0.0,1266744000.0,1.0,343018694.0,343018694.0,,31.777,9010971000.0,292637000.0,-55015000.0,0.0,26.27,1063665000.0
21,GEN1,MRT,2007-06-30,2007-06-30,2007-06-30,2019-04-11,-150224000.0,10083173000.0,10582128500.0,2825085000.0,7258088000.0,1.008,11.787,-154046000.0,171328000.0,171328000.0,8871142000.0,-233110000.0,1.141,1.504,3368452000.0,381011000.0,2987441000.0,3368452000.0,0.0,403591000.0,0.0,0.0,0.0,-26804000.0,376787000.0,0.035,376787000.0,-26804000.0,-452110000.0,-0.75,-0.77,-0.75,4026541000.0,3987921500.0,4026541000.0,12241321019.0,-457.0,32.489,1295185000.0,3.791,1.0,1791171000.0,0.168,790139000.0,425306000.0,10015003000.0,10713883250.0,283768000.0,501103000.0,320847000.0,180256000.0,6056632000.0,2475155000.0,3581477000.0,9206709019.0,96175000.0,35000.0,43768000.0,-1151687000.0,0.0,-1179188000.0,-173868000.0,0.0,1449231000.0,0.0,-233110000.0,-233110000.0,-233110000.0,2058000.0,0.0,-0.022,1750307000.0,40864000.0,845316000.0,0.0,2.287,-39.495,-35.933,5681541000.0,0.0,26.95,0.863,0.863,1288726000.0,-2024874000.0,10662313000.0,10662313000.0,0.0,-0.022,-0.058,-0.003,-0.003,0.0,1294499000.0,1.0,341621856.0,341621856.0,,31.211,9293034000.0,372437000.0,-219000000.0,0.0,27.203,349930000.0
22,GEN1,MRT,2007-03-31,2007-03-31,2007-03-31,2019-04-11,-170297000.0,10047327000.0,10944973000.0,2675651000.0,7371676000.0,0.986,12.612,-117063000.0,498884000.0,498884000.0,8629334000.0,64018000.0,1.366,1.348,3533496000.0,359745000.0,3173751000.0,3533496000.0,0.0,384080000.0,0.0,0.0,0.0,443280000.0,827360000.0,0.077,827360000.0,443280000.0,36505000.0,0.13,0.11,0.13,4278699000.0,3918183500.0,4278699000.0,9937930617.0,22.0,12.012,1413738000.0,4.167,1.0,2157967000.0,0.2,800862000.0,406775000.0,10322460000.0,11397497500.0,243043000.0,515297000.0,282841000.0,232456000.0,5768628000.0,1958617000.0,3810011000.0,6893864617.0,444119000.0,179000.0,36511000.0,-1047475000.0,0.0,-1010964000.0,-75718000.0,0.0,1530801000.0,0.0,64018000.0,64018000.0,64018000.0,8720000.0,0.0,0.006,1712284000.0,445683000.0,659900000.0,0.0,1.611,107.686,156.308,5706190000.0,0.0,20.32,0.639,0.639,1020345000.0,-1741922000.0,10787301000.0,10787301000.0,0.0,0.006,0.016,0.039,0.041,0.0,1279114000.0,1.0,339264991.0,339264991.0,,31.796,9246465000.0,205337000.0,-27513000.0,0.0,27.254,717034000.0
23,GEN1,MRT,2006-12-31,2006-12-31,2006-12-31,2019-04-11,-198575000.0,10567133000.0,11289994000.0,3173249000.0,7393884000.0,0.963,12.804,-96793000.0,488889000.0,488889000.0,9435892000.0,-327812000.0,1.178,1.675,3532955000.0,355264000.0,3177691000.0,3532955000.0,0.0,372616000.0,0.0,0.0,0.0,-21874000.0,350742000.0,0.032,350742000.0,-21874000.0,-449741000.0,-1.07,-1.07,-1.07,3949873000.0,3776165750.0,3949873000.0,8885973967.0,-406.0,25.335,1179080000.0,3.822,1.0,1441493000.0,0.133,805339000.0,427867000.0,10112617000.0,12036443000.0,275437000.0,693583000.0,489726000.0,203857000.0,6617260000.0,2693243000.0,3924017000.0,4383624967.0,375512000.0,1417000.0,24842000.0,-1344254000.0,0.0,-1957412000.0,1057051000.0,0.0,1275873000.0,0.0,-327812000.0,-327812000.0,-327812000.0,2088000.0,0.0,-0.03,1465301000.0,-23808000.0,664630000.0,0.0,1.11,-13.372,-13.28,5741995000.0,0.0,14.21,0.403,0.403,1043637000.0,-2026316000.0,10877385000.0,10877385000.0,0.0,-0.029,-0.087,-0.002,-0.002,0.0,1217071000.0,1.0,308488738.0,308488738.0,,35.26,9761794000.0,367337000.0,-121929000.0,0.0,31.644,480006000.0
24,GEN1,MRT,2006-09-30,2006-09-30,2006-09-30,2019-04-11,-237184000.0,11630881000.0,12040412250.0,4164328000.0,7466553000.0,0.925,12.018,-87066000.0,77079000.0,77079000.0,9962388000.0,-408167000.0,1.432,2.146,4579428000.0,483958000.0,4095470000.0,4579428000.0,0.0,389194000.0,0.0,0.0,0.0,-113858000.0,275336000.0,0.025,275336000.0,-113858000.0,-531905000.0,-1.33,-1.33,-1.33,3696573000.0,3754620750.0,3696573000.0,8427411243.0,-74.0,30.608,-595362000.0,-1.936,1.0,1171033000.0,0.105,820471000.0,418047000.0,12405453000.0,13072501000.0,283620000.0,707627000.0,448755000.0,258872000.0,7934308000.0,2907306000.0,5027002000.0,3786276243.0,15915000.0,1417000.0,33857000.0,-149205000.0,0.0,-753348000.0,1277559000.0,0.0,-508296000.0,0.0,-408167000.0,-408167000.0,-408167000.0,-44233000.0,0.0,-0.037,1366954000.0,-195921000.0,794934000.0,0.0,1.024,-9.276,-9.256,5778343000.0,0.0,12.31,0.34,0.34,1390954000.0,-1972610000.0,11133421000.0,11133421000.0,0.0,-0.034,-0.109,-0.009,-0.01,0.0,1146237000.0,1.0,307577274.0,307577274.0,,36.197,10810410000.0,333879000.0,-123738000.0,0.0,35.147,1257022000.0
25,GEN1,MRT,2006-06-30,2006-06-30,2006-06-30,2019-04-11,-323887000.0,11534551000.0,12560902750.0,3826778000.0,7707773000.0,0.859,12.221,-91150000.0,79692000.0,79692000.0,9669441000.0,-523301000.0,1.484,2.078,4720827000.0,494390000.0,4226437000.0,4720827000.0,0.0,405096000.0,0.0,0.0,0.0,-327149000.0,77947000.0,0.007,77947000.0,-327149000.0,-744130000.0,-1.72,-1.72,-1.72,3747589000.0,3838659000.0,3747589000.0,8379296577.0,-26.0,107.5,-1132198000.0,-3.692,1.0,1121433000.0,0.104,847364000.0,416981000.0,12749460000.0,13545881750.0,290760000.0,769945000.0,322077000.0,447868000.0,7786962000.0,2578862000.0,5208100000.0,3673599577.0,-55553000.0,105795000.0,33475000.0,187308000.0,0.0,-417217000.0,1402712000.0,0.0,-1041048000.0,0.0,-523301000.0,-523301000.0,-523301000.0,-42061000.0,0.0,-0.048,1550798000.0,-429365000.0,769078000.0,0.0,0.98,-7.02,-6.965,5830813000.0,0.0,11.98,0.34,0.34,1328865000.0,-1817447000.0,10790874000.0,10790874000.0,0.0,-0.042,-0.136,-0.024,-0.03,0.0,1086790000.0,1.0,306644372.0,306644372.0,,35.19,10687187000.0,254879000.0,-220829000.0,0.0,34.852,1247916000.0
26,GEN1,MRT,2006-03-31,2006-03-31,2006-03-31,2019-04-11,-337740000.0,11427411000.0,12779095000.0,3646711000.0,7780700000.0,0.818,12.149,-94062000.0,104572000.0,104572000.0,9273886000.0,-438753000.0,1.521,2.08,4810269000.0,490761000.0,4319508000.0,4810269000.0,0.0,417925000.0,15000000.0,0.0,0.0,-209407000.0,208518000.0,0.02,208518000.0,-209407000.0,-621504000.0,-1.44,-1.47,-1.44,3710628000.0,3986053750.0,3710628000.0,8222763420.0,-39.0,39.434,-1209221000.0,-3.959,1.0,1173477000.0,0.112,856935000.0,412097000.0,12878242000.0,13955794500.0,270988000.0,545704000.0,138855000.0,406849000.0,7716783000.0,2397931000.0,5318852000.0,3231314420.0,-71332000.0,150023000.0,36519000.0,234829000.0,0.0,-366652000.0,1410479000.0,0.0,-1115159000.0,0.0,-438753000.0,-438753000.0,-438753000.0,-99244000.0,0.0,-0.042,1512945000.0,-339468000.0,658411000.0,0.0,0.871,-7.365,-7.347,5883248000.0,0.0,10.58,0.309,0.309,1115558000.0,-1831623000.0,10447363000.0,10447363000.0,0.0,-0.034,-0.11,-0.015,-0.02,0.0,1055927000.0,1.0,305417242.0,305417242.0,,34.207,10570476000.0,262879000.0,-182751000.0,0.0,34.61,1248780000.0
27,GEN1,MRT,2005-12-31,2005-12-31,2005-12-31,2019-04-11,-284616000.0,13568806000.0,12931127750.0,4730451000.0,8838355000.0,0.751,12.682,-82296000.0,115303000.0,115303000.0,8365921000.0,-330556000.0,1.389,2.512,5106752000.0,789325000.0,4317427000.0,5106752000.0,0.0,445871000.0,0.0,0.0,0.0,-184355000.0,261516000.0,0.027,261516000.0,-184355000.0,-583636000.0,-1.09,-1.09,-1.09,3863693000.0,4129493000.0,3863693000.0,7818394058.0,-42.0,29.896,-999459000.0,-3.281,1.0,1346074000.0,0.139,897176000.0,399281000.0,14256849000.0,14344953250.0,299099000.0,1253763000.0,725964000.0,527799000.0,9705113000.0,3406230000.0,6298883000.0,3144064058.0,-16657000.0,149345000.0,37885000.0,556469000.0,0.0,594354000.0,306152000.0,0.0,-917163000.0,0.0,-330556000.0,-330556000.0,-330556000.0,-110799000.0,0.0,-0.034,1666633000.0,-320559000.0,886965000.0,0.0,0.814,-9.511,-9.468,5934060000.0,0.0,10.32,0.324,0.324,1171673000.0,-1698504000.0,9711995000.0,9711995000.0,0.0,-0.026,-0.08,-0.013,-0.019,0.0,1029440000.0,1.0,304657370.0,304657370.0,,31.878,12671630000.0,394074000.0,-253080000.0,0.0,41.593,1324221000.0
28,GEN1,MRT,2005-09-30,2005-09-30,2005-09-30,2019-04-11,-232398000.0,13712843000.0,12587432250.0,4382224000.0,9330619000.0,0.72,13.327,-79146000.0,62319000.0,62319000.0,7649689000.0,-460854000.0,1.397,2.4,4736649000.0,489580000.0,4247069000.0,4736649000.0,0.0,441041000.0,86034000.0,0.0,0.0,-283347000.0,157694000.0,0.017,157694000.0,-283347000.0,-726996000.0,-1.53,-1.56,-1.53,4032726000.0,4260158250.0,4032726000.0,9714465785.0,-34.0,61.603,-545174000.0,-1.802,1.0,1415867000.0,0.156,950814000.0,443649000.0,14298976000.0,14162195000.0,276567000.0,1206865000.0,615010000.0,591855000.0,9680117000.0,3137383000.0,6542734000.0,4671959785.0,-42748000.0,151376000.0,33952000.0,62121000.0,0.0,86334000.0,336946000.0,0.0,-466028000.0,0.0,-460854000.0,-460854000.0,-460854000.0,-10281000.0,0.0,-0.051,1739882000.0,-324015000.0,1021477000.0,0.0,1.159,-10.138,-10.092,5992526000.0,0.0,15.44,0.515,0.515,1430241000.0,-1564443000.0,9065556000.0,9065556000.0,0.0,-0.037,-0.108,-0.02,-0.031,0.0,1068782000.0,1.0,302588069.0,302588069.0,,29.96,12762029000.0,192102000.0,-266142000.0,53402000.0,42.176,1244841000.0
29,GEN1,MRT,2005-06-30,2005-06-30,2005-06-30,2019-04-11,-178461000.0,12407320000.0,12430069250.0,3003360000.0,9403960000.0,0.697,14.413,-84132000.0,136571000.0,136571000.0,6921041000.0,154479000.0,1.498,1.861,5179077000.0,392985000.0,4786092000.0,5179077000.0,0.0,427187000.0,17594000.0,0.0,0.0,594636000.0,1021823000.0,0.118,1021823000.0,594636000.0,154401000.0,0.52,0.37,0.52,4337168000.0,4410420750.0,4337168000.0,8819499469.0,15.0,8.631,14227000.0,0.047,1.0,1746485000.0,0.201,1055688000.0,440235000.0,14389111000.0,14278275000.0,309675000.0,795962000.0,288411000.0,507551000.0,8070152000.0,2005027000.0,6065125000.0,3725315469.0,-29913000.0,46963000.0,30507000.0,-350850000.0,0.0,-1131820000.0,1003548000.0,0.0,98359000.0,0.0,154479000.0,154479000.0,154479000.0,-283755000.0,0.0,0.018,1469517000.0,276968000.0,764006000.0,0.0,0.859,24.115,23.808,7134229000.0,0.0,12.38,0.43,0.43,1232701000.0,-1294146000.0,8667526000.0,8667526000.0,0.0,0.012,0.035,0.042,0.069,0.0,1065660000.0,1.0,300914012.0,300914012.0,,28.804,11351632000.0,92019000.0,-78000.0,327847000.0,37.724,998333000.0
30,GEN1,MRT,2005-03-31,2005-03-31,2005-03-31,2019-04-11,-122617000.0,12035542000.0,12685796750.0,2533358000.0,9502184000.0,0.665,14.264,-100777000.0,126889000.0,126889000.0,6835466000.0,-15921000.0,1.55,1.809,5221073000.0,310952000.0,4910121000.0,5221073000.0,0.0,454682000.0,88595000.0,0.0,0.0,330689000.0,785371000.0,0.093,785371000.0,330689000.0,-108590000.0,-0.05,-0.17,-0.05,4284385000.0,4404313500.0,4284385000.0,8466001600.0,26.0,10.78,-96780000.0,-0.322,1.0,1603288000.0,0.19,1060630000.0,439279000.0,14434877000.0,14497697250.0,282246000.0,621853000.0,190881000.0,430972000.0,7751157000.0,1634219000.0,6116938000.0,3418060600.0,-1049000.0,11885000.0,31000000.0,-166004000.0,0.0,-956677000.0,951631000.0,0.0,3997000.0,0.0,-15921000.0,-15921000.0,-15921000.0,-227075000.0,0.0,-0.002,1536116000.0,67172000.0,552627000.0,0.0,0.798,-214.689,-227.6,7292131000.0,0.0,11.38,0.405,0.405,919977000.0,-1392870000.0,8438754000.0,8438754000.0,0.0,-0.001,-0.004,0.023,0.039,0.0,1068527000.0,1.0,300356819.0,300356819.0,,28.096,10974912000.0,106472000.0,-92669000.0,391200000.0,36.54,899139000.0
31,GEN1,MRT,2004-12-31,2004-12-31,2004-12-31,2019-04-11,-33557000.0,12194024000.0,12978004000.0,2657851000.0,9536173000.0,0.624,14.686,-159671000.0,146211000.0,146211000.0,6564137000.0,-29370000.0,1.266,1.78,4557711000.0,618854000.0,3938857000.0,4557711000.0,0.0,453042000.0,19040000.0,0.0,0.0,272930000.0,725972000.0,0.09,725972000.0,272930000.0,-144584000.0,-0.1,-0.1,-0.1,4386354000.0,4426820750.0,4386354000.0,9204007057.0,34.0,12.678,-54158000.0,-0.181,1.0,1534085000.0,0.189,981117000.0,417514000.0,13525816000.0,14825078750.0,245682000.0,661997000.0,305924000.0,356073000.0,7807670000.0,2098591000.0,5709079000.0,4076866057.0,-41190000.0,11325000.0,24618000.0,-265802000.0,0.0,-1047913000.0,901210000.0,0.0,105513000.0,0.0,-29370000.0,-29370000.0,-29370000.0,-239800000.0,0.0,-0.004,1541841000.0,-7756000.0,566104000.0,0.0,0.929,-138.811,-136.5,6437761000.0,0.0,13.65,0.503,0.503,1071312000.0,-1367948000.0,8098222000.0,8098222000.0,0.0,-0.002,-0.007,0.018,0.034,0.0,1108633000.0,1.0,298671506.0,298671506.0,,27.114,11212907000.0,118032000.0,-115214000.0,229352000.0,37.543,559260000.0
32,GEN1,MRT,2004-09-30,2004-09-30,2004-09-30,2019-04-11,-41251000.0,13083391000.0,13253705750.0,3068458000.0,10014933000.0,0.582,15.532,-221932000.0,401521000.0,401521000.0,5907870000.0,267522000.0,1.307,1.823,5528662000.0,688976000.0,4839686000.0,5528662000.0,0.0,401473000.0,79961000.0,0.0,0.0,553776000.0,955249000.0,0.124,955249000.0,553776000.0,188715000.0,0.92,0.8,0.92,4633776000.0,4423182000.0,4633776000.0,7774355540.0,14.0,8.139,391989000.0,1.314,1.0,1802989000.0,0.234,1100229000.0,365061000.0,14763296000.0,15152089250.0,258403000.0,84406000.0,0.0,84406000.0,8449615000.0,2347007000.0,6102608000.0,2783504540.0,-37167000.0,11885000.0,24172000.0,-1497911000.0,0.0,-3039807000.0,2387633000.0,0.0,613921000.0,1086000.0,267522000.0,267522000.0,267522000.0,-334437000.0,0.0,0.035,1531496000.0,271493000.0,628433000.0,0.0,0.601,10.405,10.141,7796531000.0,0.0,9.33,0.361,0.361,1358083000.0,-1103589000.0,7710859000.0,7710859000.0,0.0,0.02,0.06,0.037,0.072,0.0,1159296000.0,1.0,298339179.0,298339179.0,,25.846,11983162000.0,0.0,-78807000.0,547696000.0,40.166,721451000.0
33,GEN1,MRT,2004-06-30,2004-06-30,2004-06-30,2019-04-11,-5113000.0,13430230000.0,14138923750.0,2698184000.0,10732046000.0,0.625,14.552,-307725000.0,377380000.0,377380000.0,6695185000.0,-993853000.0,1.316,2.114,5368231000.0,365379000.0,5002852000.0,5368231000.0,0.0,420847000.0,66511000.0,0.0,0.0,-575400000.0,-154553000.0,-0.017,-154553000.0,-575400000.0,-987527000.0,-3.35,-3.35,-3.35,4312739000.0,4336044000.0,4312739000.0,8887979042.0,-15.0,-57.508,455852000.0,1.538,1.0,2136489000.0,0.242,1103509000.0,412127000.0,15266800000.0,16265861750.0,251004000.0,499506000.0,414867000.0,84639000.0,9117491000.0,2050772000.0,7066719000.0,3209560042.0,-10152000.0,11885000.0,16083000.0,-1461161000.0,0.0,-2209348000.0,1432409000.0,0.0,763577000.0,3210000.0,-993853000.0,-993853000.0,-993853000.0,61980000.0,0.0,-0.113,2585967000.0,-449478000.0,642819000.0,0.0,0.744,-3.229,-3.233,7866133000.0,0.0,10.83,0.363,0.363,532567000.0,-1448625000.0,8831674000.0,8831674000.0,0.0,-0.07,-0.229,-0.035,-0.065,0.0,1199475000.0,1.0,296358268.0,296358268.0,,29.801,12326721000.0,0.0,6326000.0,389029000.0,41.594,647412000.0
34,GEN1,MRT,2004-03-31,2004-03-31,2004-03-31,2019-04-11,-7789000.0,13204371000.0,15327193250.0,2345239000.0,10859132000.0,0.609,14.801,-428506000.0,382619000.0,382619000.0,7133343000.0,-928086000.0,1.229,2.019,6061038000.0,401240000.0,5659798000.0,6061038000.0,0.0,375972000.0,97673000.0,0.0,0.0,-456554000.0,-80582000.0,-0.009,-80582000.0,-456554000.0,-872141000.0,-3.13,-3.13,-3.13,4374414000.0,4574995750.0,4374414000.0,8131984873.0,-18.0,-100.916,870728000.0,2.946,1.0,2194319000.0,0.235,1230482000.0,415587000.0,15744403000.0,17355882250.0,242431000.0,382186000.0,289439000.0,92747000.0,8829957000.0,1907905000.0,6922052000.0,2426376873.0,-272085000.0,2591000.0,7531000.0,-1878036000.0,0.0,-2632553000.0,1056381000.0,0.0,1299234000.0,4853000.0,-928086000.0,-928086000.0,-928086000.0,26594000.0,0.0,-0.099,2604561000.0,-410242000.0,505316000.0,0.0,0.555,-2.614,-2.623,8492027000.0,0.0,8.21,0.26,0.26,458632000.0,-1376949000.0,9327662000.0,9327662000.0,0.0,-0.061,-0.203,-0.026,-0.049,0.0,1251934000.0,1.0,295539205.0,295539205.0,,31.562,11973889000.0,0.0,55945000.0,487480000.0,40.515,437334000.0
35,GEN1,MRT,2003-12-31,2003-12-31,2003-12-31,2019-04-11,-41353000.0,13296831000.0,16735619500.0,2677835000.0,10618996000.0,0.603,14.84,-548391000.0,402509000.0,402509000.0,7911615000.0,-1342117000.0,1.338,2.042,5043387000.0,129553000.0,4913834000.0,5043387000.0,0.0,356845000.0,93415000.0,0.0,0.0,-860216000.0,-503371000.0,-0.05,-503371000.0,-860216000.0,-1267025000.0,-4.57,-4.57,-4.57,4371799000.0,4797246750.0,4371799000.0,9013493544.0,-10.0,-17.906,445319000.0,1.512,1.0,2185174000.0,0.216,1102877000.0,406809000.0,14833858000.0,18431445000.0,258706000.0,1181807000.0,886868000.0,294939000.0,8925032000.0,2000974000.0,6924058000.0,2168194544.0,-968571000.0,2591000.0,7531000.0,-2120869000.0,0.0,-2888820000.0,917468000.0,0.0,993710000.0,9071000.0,-1342117000.0,-1342117000.0,-1342117000.0,402241000.0,0.0,-0.133,2576519000.0,-391345000.0,508941000.0,0.0,0.496,-1.616,-1.611,7642828000.0,0.0,7.36,0.215,0.215,567218000.0,-1338578000.0,10096789000.0,10096789000.0,0.0,-0.08,-0.28,-0.047,-0.085,0.0,1237493000.0,1.0,294591650.0,294591650.0,,34.274,12193954000.0,85368000.0,75092000.0,464563000.0,41.393,676861000.0
36,GEN1,MRT,2003-09-30,2003-09-30,2003-09-30,2019-04-11,-95333000.0,16624263000.0,17716453250.0,3512868000.0,13111395000.0,0.595,14.559,-631617000.0,679847000.0,679847000.0,8429915000.0,-2023227000.0,1.151,2.879,7525146000.0,411838000.0,7113308000.0,7525146000.0,0.0,384966000.0,98086000.0,0.0,0.0,-1549809000.0,-1164843000.0,-0.11,-1164843000.0,-1549809000.0,-1935404000.0,-6.92,-6.9,-6.92,4285224000.0,5117519000.0,4285224000.0,8585306304.0,-6.0,-7.37,150006000.0,0.51,1.0,2112942000.0,0.2,1200306000.0,385595000.0,19218386000.0,18929585750.0,142276000.0,558345000.0,461075000.0,97270000.0,12339039000.0,3050870000.0,9288169000.0,1507007304.0,-1234626000.0,0.0,13527000.0,-830301000.0,0.0,-1078902000.0,-942496000.0,0.0,781623000.0,5149000.0,-2023227000.0,-2023227000.0,-2023227000.0,942939000.0,0.0,-0.192,2683884000.0,-570942000.0,567216000.0,0.0,0.352,-0.745,-0.74,8507811000.0,0.0,5.12,0.143,0.143,732436000.0,-1371111000.0,10542857000.0,10542857000.0,0.0,-0.114,-0.395,-0.082,-0.147,0.0,1176083000.0,1.0,294337364.0,294337364.0,,35.819,15423957000.0,142842000.0,87823000.0,473482000.0,52.402,461998000.0
37,GEN1,MRT,2003-06-30,2003-06-30,2003-06-30,2019-04-11,-21610000.0,18183308000.0,18480243000.0,4012003000.0,14171305000.0,0.651,18.025,-645527000.0,588592000.0,588592000.0,9926544000.0,-1056452000.0,1.195,2.451,7666891000.0,431877000.0,7235014000.0,7666891000.0,0.0,373896000.0,114633000.0,0.0,0.0,-649854000.0,-275958000.0,-0.023,-275958000.0,-649854000.0,-984438000.0,-3.64,-3.62,-3.64,5268546000.0,5606612000.0,5268546000.0,9158041084.0,-14.0,-33.186,-41675000.0,-0.143,1.0,2111106000.0,0.175,2278016000.0,334584000.0,19626882000.0,17736910000.0,142142000.0,277475000.0,183382000.0,94093000.0,12914762000.0,3356709000.0,9558053000.0,1791763084.0,-281971000.0,-14980000.0,13527000.0,264122000.0,0.0,-115640000.0,-777274000.0,0.0,603852000.0,7091000.0,-1056452000.0,-1056452000.0,-1056452000.0,873982000.0,0.0,-0.088,1803125000.0,307981000.0,706384000.0,0.0,0.34,-1.696,-1.684,8793332000.0,0.0,6.13,0.149,0.149,963112000.0,-454772000.0,12037650000.0,12037650000.0,0.0,-0.057,-0.188,-0.037,-0.054,0.0,1301508000.0,1.0,292294141.0,292294141.0,,41.183,15905292000.0,282604000.0,72014000.0,550582000.0,54.415,655294000.0
38,GEN1,MRT,2003-03-31,2003-03-31,2003-03-31,2019-04-11,-32994000.0,18838076000.0,18842205250.0,5025494000.0,13812582000.0,0.612,18.122,-633115000.0,579020000.0,579020000.0,9235723000.0,-874790000.0,1.296,2.579,7945298000.0,447828000.0,7497470000.0,7945298000.0,0.0,379631000.0,139946000.0,0.0,0.0,-419962000.0,-40331000.0,-0.003,-40331000.0,-419962000.0,-710761000.0,-3.01,-3.0,-3.01,5263418000.0,5923827500.0,5263418000.0,6884904395.0,-16.0,-170.71,-739265000.0,-2.545,1.0,2288472000.0,0.199,2281258000.0,290799000.0,20046654000.0,16220942000.0,128418000.0,194163000.0,96430000.0,97733000.0,13574658000.0,3876442000.0,9698216000.0,1033971395.0,161961000.0,-14980000.0,13527000.0,823496000.0,0.0,810570000.0,-550352000.0,0.0,-106150000.0,7893000.0,-874790000.0,-874790000.0,-874790000.0,847730000.0,0.0,-0.076,1809172000.0,479300000.0,704237000.0,0.0,0.196,-1.182,-1.183,8737802000.0,0.0,3.56,0.09,0.09,1127453000.0,-448863000.0,11524195000.0,11524195000.0,0.0,-0.046,-0.148,-0.026,-0.036,0.0,1324394000.0,1.0,290441403.0,290441403.0,,39.678,16556818000.0,161299000.0,164029000.0,455689000.0,57.006,1149052000.0
39,GEN1,MRT,2002-12-31,2002-12-31,2002-12-31,2019-04-11,-29186000.0,17220166000.0,18825904250.0,4788941000.0,12431225000.0,0.568,19.463,-620985000.0,1334445000.0,1334445000.0,8434986000.0,-559812000.0,1.326,2.046,6828200000.0,819690000.0,6008510000.0,6828200000.0,0.0,349484000.0,101953000.0,0.0,0.0,-122781000.0,226703000.0,0.021,226703000.0,-122781000.0,-345706000.0,-1.93,-1.92,-1.93,5652888000.0,6187891500.0,5652888000.0,6780345490.0,-55.0,29.908,-104227000.0,-0.359,1.0,2258434000.0,0.211,2277195000.0,222925000.0,16826421000.0,14590279250.0,274666000.0,271195000.0,167996000.0,103199000.0,11567278000.0,3610305000.0,7956973000.0,929412490.0,1017235000.0,-2963801000.0,13527000.0,4030021000.0,0.0,3984711000.0,-3487243000.0,0.0,516758000.0,3009000.0,-559812000.0,-559812000.0,-559812000.0,444912000.0,0.0,-0.052,1708878000.0,549556000.0,755267000.0,0.0,0.164,-1.66,-1.658,6991379000.0,0.0,3.2,0.087,0.087,1173957000.0,3539000.0,10693420000.0,10693420000.0,0.0,-0.03,-0.09,-0.008,-0.011,0.0,1276640000.0,1.0,290441403.0,290441403.0,,36.818,14942971000.0,61765000.0,214106000.0,411889000.0,51.449,1178636000.0
40,GEN1,MRT,2002-09-30,2002-09-30,2002-09-30,2019-04-11,-59005000.0,19679422000.0,17450716250.0,6381338000.0,13298084000.0,0.542,21.49,-463680000.0,1890692000.0,1890692000.0,7084579000.0,103545000.0,0.715,2.153,7741625000.0,5316485000.0,2425140000.0,7741625000.0,0.0,259108000.0,66602000.0,0.0,0.0,491192000.0,750300000.0,0.079,750300000.0,491192000.0,348407000.0,0.32,0.31,0.32,6241596000.0,6270577500.0,6241596000.0,6651109613.0,14.0,8.865,-605693000.0,-2.085,1.0,2372976000.0,0.251,2157244000.0,142785000.0,14447683000.0,12464647000.0,117787000.0,542225000.0,253928000.0,288297000.0,13437826000.0,8925428000.0,4512398000.0,508269613.0,1089044000.0,-2963801000.0,-170814000.0,5274209000.0,0.0,4656235000.0,-3431136000.0,0.0,-142013000.0,5958000.0,103545000.0,103545000.0,103545000.0,-110897000.0,0.0,0.011,1472445000.0,900531000.0,1315417000.0,0.0,0.081,4.909,5.469,8968361000.0,0.0,1.75,0.054,0.054,1688931000.0,652116000.0,9457555000.0,9457555000.0,0.0,0.006,0.017,0.039,0.052,0.0,1207990000.0,1.0,290439779.0,290439779.0,,32.563,17522178000.0,0.0,244862000.0,460444000.0,60.33,-2544090000.0
41,GEN1,MRT,2002-06-30,2002-06-30,2002-06-30,2019-04-11,101632000.0,19631157000.0,16230706500.0,5912012000.0,13719145000.0,0.416,22.569,-552938000.0,835334000.0,835334000.0,4616989000.0,314670000.0,0.602,2.003,6978174000.0,5847644000.0,1130530000.0,6978174000.0,0.0,212368000.0,162240000.0,0.0,0.0,656274000.0,868642000.0,0.129,868642000.0,656274000.0,597549000.0,1.02,1.01,1.02,6537408000.0,6311221250.0,6537408000.0,8593621524.0,13.0,9.893,-910778000.0,-3.144,1.0,2133386000.0,0.316,2383956000.0,58725000.0,13563010000.0,11173889750.0,114907000.0,321876000.0,0.0,321876000.0,13093749000.0,9827031000.0,3266718000.0,2534557524.0,357655000.0,-2948821000.0,-191234000.0,4852067000.0,0.0,4344778000.0,-3630155000.0,-26000.0,-357840000.0,872000.0,314670000.0,314670000.0,314670000.0,-168395000.0,0.0,0.047,1233419000.0,899967000.0,1754256000.0,0.0,0.388,8.055,8.578,8869654000.0,0.0,8.75,0.375,0.375,2519000000.0,832780000.0,6750375000.0,6750375000.0,0.0,0.019,0.05,0.059,0.097,0.0,1021051000.0,1.0,289663717.0,289663717.0,,23.304,17247201000.0,0.0,282879000.0,343573000.0,59.542,-3915019000.0
42,GEN1,MRT,2002-03-31,2002-03-31,2002-03-31,2019-04-11,69194000.0,18772872000.0,15385601750.0,5325933000.0,13446939000.0,0.815,21.704,-635400000.0,603680000.0,603680000.0,10526128000.0,367605000.0,0.582,1.971,6662744000.0,5536475000.0,1126269000.0,6662744000.0,0.0,163438000.0,214150000.0,0.0,0.0,687618000.0,851056000.0,0.068,851056000.0,687618000.0,666545000.0,1.24,1.23,1.24,6319674000.0,6272559750.0,6319674000.0,5827072778.0,8.0,6.847,-451923000.0,-1.552,1.0,2014242000.0,0.161,2156643000.0,21073000.0,13524003000.0,10112905750.0,100831000.0,414481000.0,0.0,414481000.0,12453198000.0,9151290000.0,3301908000.0,4923782778.0,200140000.0,-2948821000.0,1506614000.0,2866477000.0,0.0,3707581000.0,-3692740000.0,675000.0,183477000.0,1822000.0,367605000.0,367605000.0,367605000.0,-114805000.0,0.0,0.029,1045095000.0,969147000.0,1311131000.0,0.0,0.779,13.394,13.637,8670190000.0,0.0,16.91,0.393,0.393,2263918000.0,654327000.0,12540370000.0,12540370000.0,0.0,0.024,0.059,0.068,0.055,0.0,881657000.0,1.0,291175800.0,291175800.0,,43.068,16616229000.0,0.0,298940000.0,342515000.0,57.066,-3825357000.0
43,GEN1,MRT,2001-12-31,2001-12-31,2001-12-31,2019-04-11,-180189000.0,11719414000.0,14221243000.0,4200827000.0,7518587000.0,0.413,20.55,-727788000.0,285874000.0,285874000.0,4073908000.0,563351000.0,1.359,0.959,1188250000.0,320538000.0,867712000.0,1188250000.0,0.0,170031000.0,144708000.0,0.0,0.0,853896000.0,1023927000.0,0.174,1023927000.0,853896000.0,837744000.0,2.03,2.03,2.03,5983632000.0,5288403250.0,5983632000.0,5710602458.0,7.0,5.577,-880286000.0,-3.023,1.0,1803410000.0,0.307,1206350000.0,16152000.0,8323892000.0,8922627000.0,174035000.0,417119000.0,0.0,417119000.0,5735782000.0,3091548000.0,2644234000.0,4807312458.0,3221000.0,0.0,1506614000.0,127535000.0,0.0,999540000.0,-838069000.0,0.0,-152498000.0,-5752000.0,563351000.0,563351000.0,563351000.0,-99674000.0,0.0,0.096,1102254000.0,701156000.0,1002326000.0,0.0,0.803,8.533,8.133,4558542000.0,0.0,16.51,0.818,0.818,1597221000.0,563351000.0,5877318000.0,5877318000.0,0.0,0.04,0.107,0.096,0.145,0.0,932223000.0,1.0,291175800.0,291175800.0,,20.185,10513064000.0,92721000.0,274393000.0,83433000.0,36.106,1109279000.0
44,GEN1,MRT,2001-09-30,2001-09-30,2001-09-30,2019-04-11,79817000.0,14799383000.0,14660237500.0,6754381000.0,8045002000.0,0.665,21.421,-975867000.0,271648000.0,271648000.0,7676119000.0,542707000.0,1.232,1.311,1174938000.0,212987000.0,961951000.0,1174938000.0,0.0,242675000.0,239350000.0,0.0,0.0,910377000.0,1153052000.0,0.118,1153052000.0,910377000.0,845318000.0,,,,6404171000.0,4375607750.0,6404171000.0,5842064800.0,6.0,5.067,-620612000.0,-2.076,1.0,2067398000.0,0.212,934489000.0,65059000.0,9284654000.0,8220266000.0,48912000.0,171823000.0,0.0,171823000.0,8395212000.0,5483530000.0,2911682000.0,4843216800.0,17780000.0,6095000.0,1677428000.0,-1098329000.0,0.0,615158000.0,-942175000.0,-559000.0,355255000.0,-10458000.0,542707000.0,542707000.0,542707000.0,0.0,0.0,0.056,1314509000.0,752889000.0,1117265000.0,,0.756,8.924,,4561011000.0,0.0,16.2,0.497,0.497,2377348000.0,524171000.0,9743517000.0,9743517000.0,0.0,0.037,0.124,0.111,0.093,0.0,1071834000.0,1.0,298964000.0,298964000.0,,32.591,13864894000.0,0.0,302611000.0,215471000.0,46.376,1270851000.0
45,GEN1,MRT,2001-06-30,2001-06-30,2001-06-30,2019-04-11,252083000.0,16250738000.0,,8666650000.0,7584088000.0,,21.29,-1004013000.0,85149000.0,85149000.0,12232630000.0,444220000.0,1.235,1.546,1083997000.0,175817000.0,908180000.0,1083997000.0,0.0,235359000.0,380400000.0,0.0,0.0,737119000.0,972478000.0,0.069,972478000.0,737119000.0,670064000.0,,,,6382762000.0,,6382762000.0,10231112000.0,14.0,10.521,-314622000.0,-1.049,1.0,1923262000.0,0.136,915528000.0,67055000.0,9319074000.0,,47582000.0,169121000.0,0.0,169121000.0,9867976000.0,7014984000.0,2852992000.0,7405060000.0,32072000.0,-1096000.0,1697848000.0,-2393790000.0,0.0,-686463000.0,35594000.0,997475000.0,689391000.0,-6450000.0,444220000.0,444220000.0,444220000.0,0.0,0.0,0.031,1233259000.0,690003000.0,1922348000.0,,1.16,16.67,,4272743000.0,0.0,24.7,0.523,0.523,3434007000.0,310310000.0,14155892000.0,14155892000.0,0.0,,,,0.052,0.0,997900000.0,1.0,299800000.0,299800000.0,,47.218,15335210000.0,0.0,225844000.0,263124000.0,51.151,1651666000.0
46,GEN1,MRT,2001-03-31,2001-03-31,2001-03-31,2019-04-11,-88444000.0,14115437000.0,,6441002000.0,7674435000.0,,,-983866000.0,21688000.0,21688000.0,8071487000.0,326877000.0,0.891,4.923,2847740000.0,635575000.0,2212165000.0,2847740000.0,0.0,230236000.0,339900000.0,,0.0,526999000.0,757235000.0,0.077,757235000.0,526999000.0,470909000.0,,,,2383048000.0,,2383048000.0,,,,-608486000.0,,1.0,1722385000.0,0.176,947941000.0,56090000.0,8762888000.0,,45014000.0,107133000.0,0.0,107133000.0,11732389000.0,7230660000.0,4501729000.0,,-21513000.0,-2116658000.0,0.0,637663000.0,0.0,1687188000.0,-2078682000.0,996206000.0,375380000.0,-5399000.0,326877000.0,326877000.0,326877000.0,0.0,0.0,0.033,1151697000.0,570688000.0,2086932000.0,,,,,4176859000.0,0.0,,,,1845413000.0,81622000.0,9793872000.0,9793872000.0,0.0,,,,0.054,0.0,921461000.0,1.0,,,,,13167496000.0,0.0,144032000.0,4457000.0,,-789658000.0
47,GEN1,MRT,2000-12-31,2000-12-31,2000-12-31,2019-04-11,-4544000.0,13475392000.0,9549494000.0,7068696000.0,6406696000.0,0.364,,-933180000.0,139755000.0,139755000.0,2097320000.0,222665000.0,0.834,4.777,1666001000.0,126766000.0,1539235000.0,1666001000.0,0.0,193682000.0,284603000.0,,0.0,360895000.0,554577000.0,0.16,554577000.0,360895000.0,318558000.0,,,,2332450000.0,1536567500.0,2332450000.0,,,,-605638000.0,,1.0,1377719000.0,0.396,1006782000.0,42337000.0,5514448000.0,4758283000.0,99445000.0,108727000.0,0.0,108727000.0,11142942000.0,8480408000.0,2662534000.0,,40484000.0,-3103197000.0,0.0,1650740000.0,0.0,2721156000.0,-3013302000.0,994245000.0,327542000.0,5088000.0,222665000.0,222665000.0,222665000.0,0.0,0.0,0.064,920057000.0,457662000.0,3404676000.0,,,,,4049495000.0,0.0,,,,1811355000.0,,3475039000.0,3475039000.0,0.0,0.023,0.145,0.076,0.104,0.0,726375000.0,1.0,,,,,12468610000.0,0.0,95893000.0,31181000.0,,-1411712000.0
48,GEN1,MRT,2000-09-30,2000-09-30,2000-09-30,2019-04-11,,,,,,,,,,,,,,,,,,,,,,,0.0,,,,,,,,,,,,,,,,,,1.0,,,,,,,,,,,,,,,,,,,,,,,,,,,,,,,,,,,,,,,,,,,,,,,,,,,,,,1.0,,,,,,,,,,
49,GEN1,MRT,2000-06-30,2000-06-30,2000-06-30,2019-04-11,,,,,,,,,,,,,,,,,,,,,,,0.0,,,,,,,,,,,,,,,,,,1.0,,,,,,,,,,,,,,,,,,,,,,,,,,,,,,,,,,,,,,,,,,,,,,,,,,,,,,1.0,,,,,,,,,,
50,GEN1,MRT,2000-03-31,2000-03-31,2000-03-31,2019-04-11,,,,,,,,,,,,,,,,,,,,,,,0.0,,,,,,,,,,,,,,,,,,1.0,,,,,,,,,,,,,,,,,,,,,,,,,,,,,,,,,,,,,,,,,,,,,,,,,,,,,,1.0,,,,,,,,,,
51,GEN1,MRT,1999-12-31,1999-12-31,1999-12-31,2019-04-11,-17066000.0,5623596000.0,,1622980000.0,4000616000.0,,,-293197000.0,49271000.0,49271000.0,6260030000.0,24046000.0,0.722,6.592,1700113000.0,189839000.0,1510274000.0,1700113000.0,0.0,28583000.0,3800000.0,,0.0,35401000.0,63984000.0,0.01,63984000.0,35401000.0,26606000.0,,,,740685000.0,,740685000.0,,,,-258143000.0,,1.0,279172000.0,0.043,1025971000.0,8795000.0,4002118000.0,,39377000.0,314134000.0,128553000.0,185581000.0,4882911000.0,2246349000.0,2636562000.0,,36603000.0,-1065013000.0,0.0,1349586000.0,0.0,1407561000.0,-1406472000.0,-36582000.0,35054000.0,460000.0,24046000.0,24046000.0,24046000.0,0.0,0.0,0.004,264684000.0,14488000.0,853029000.0,,,,,2407197000.0,0.0,,,,619803000.0,,6539202000.0,6539202000.0,0.0,,,,0.005,0.0,236100000.0,1.0,,,,,4597625000.0,0.0,2560000.0,62946000.0,,-623369000.0
52,GEN1,MRT,1998-12-31,1998-12-31,1998-12-31,2019-04-11,,,,,,,,-31456000.0,,,4176241000.0,21132000.0,,,,,,,,15196000.0,,,0.0,40417000.0,55613000.0,0.013,55613000.0,40417000.0,38609000.0,,,,,,,,,,-33827000.0,,1.0,194515000.0,0.045,,1808000.0,,,,,,,,,,,12022000.0,-292398000.0,0.0,28640000.0,0.0,379004000.0,-364611000.0,-40928000.0,-2371000.0,0.0,21132000.0,21132000.0,21132000.0,0.0,0.0,0.005,157181000.0,37334000.0,,,,,,,0.0,,,,,,4370756000.0,4370756000.0,0.0,,,,0.009,0.0,141985000.0,,,,,,,,17477000.0,,,
