None,ticker,dimension,calendardate,datekey,reportperiod,lastupdated,accoci,assets,assetsavg,assetsc,assetsnc,assetturnover,bvps,capex,cashneq,cashnequsd,cor,consolinc,currentratio,de,debt,debtc,debtnc,debtusd,deferredrev,depamor,deposits,divyield,dps,ebit,ebitda,ebitdamargin,ebitdausd,ebitusd,ebt,eps,epsdil,epsusd,equity,equityavg,equityusd,ev,evebit,evebitda,fcf,fcfps,fxusd,gp,grossmargin,intangibles,intexp,invcap,invcapavg,inventory,investments,investmentsc,investmentsnc,liabilities,liabilitiesc,liabilitiesnc,marketcap,ncf,ncfbus,ncfcommon,ncfdebt,ncfdiv,ncff,ncfi,ncfinv,ncfo,ncfx,netinc,netinccmn,netinccmnusd,netincdis,netincnci,netmargin,opex,opinc,payables,payoutratio,pb,pe,pe1,ppnenet,prefdivis,price,ps,ps1,receivables,retearn,revenue,revenueusd,rnd,roa,roe,roic,ros,sbcomp,sgna,sharefactor,sharesbas,shareswa,shareswadil,sps,tangibles,taxassets,taxexp,taxliabilities,tbvps,workingcapital
0,ES,MRY,2020-12-31,2020-12-31,2020-12-31,2021-09-08,-76411000.0,46099598000.0,43323661750.0,3130143000.0,42969455000.0,0.206,41.506,-2942996000.0,106599000.0,106599000.0,5220877000.0,1212686000.0,0.637,2.278,17968509000.0,2345721000.0,15622788000.0,17968509000.0,0.0,981380000.0,0.0,0.026,2.27,2089805000.0,3071185000.0,0.345,3071185000.0,2089805000.0,1551353000.0,3.56,3.55,3.56,14063566000.0,13764699250.0,14063566000.0,45342866007.0,22.0,14.764,-1260424000.0,-3.72,1.0,3683553000.0,0.414,4445988000.0,538452000.0,54600508000.0,51215632500.0,265599000.0,1563760000.0,0.0,1563760000.0,32036032000.0,4915012000.0,27121020000.0,29657741007.0,147887000.0,-1242389000.0,928992000.0,2403509000.0,-744665000.0,2594590000.0,-4129275000.0,32301000.0,1682572000.0,0.0,1205167000.0,1205167000.0,1205167000.0,0.0,7519000.0,0.135,1694819000.0,1988734000.0,1370647000.0,0.638,2.109,24.609,24.301,30882523000.0,0.0,86.51,3.331,3.292,1428950000.0,4613201000.0,8904430000.0,8904430000.0,0.0,0.028,0.088,0.041,0.235,0.0,0.0,1.0,342824425.0,338836147.0,339847062.0,26.279,41653610000.0,0.0,346186000.0,4095339000.0,122.931,-1784869000.0
1,ES,MRY,2019-12-31,2019-12-31,2019-12-31,2021-09-08,-65059000.0,41123915000.0,39696555500.0,2414539000.0,38709376000.0,0.215,39.295,-2911489000.0,15432000.0,15432000.0,5114308000.0,916572000.0,0.67,2.256,15570655000.0,1259705000.0,14310950000.0,15570655000.0,0.0,885278000.0,0.0,0.025,2.14,1715749000.0,2601027000.0,0.305,2601027000.0,1715749000.0,1182552000.0,2.83,2.81,2.83,12629994000.0,12085908750.0,12629994000.0,43108756703.0,25.0,16.574,-901912000.0,-2.806,1.0,3412162000.0,0.4,4427266000.0,533197000.0,48646309000.0,46760524750.0,235471000.0,1320763000.0,0.0,1320763000.0,28493921000.0,3605563000.0,24888358000.0,27542381703.0,-92261000.0,-416337000.0,852254000.0,991960000.0,-663239000.0,1172450000.0,-3274288000.0,29334000.0,2009577000.0,0.0,909053000.0,909053000.0,909053000.0,0.0,7519000.0,0.107,1821671000.0,1590491000.0,1147872000.0,0.756,2.181,30.298,30.06,27585470000.0,0.0,85.07,3.23,3.207,1170389000.0,4177048000.0,8526470000.0,8526470000.0,0.0,0.023,0.075,0.037,0.201,0.0,0.0,1.0,323761393.0,321416086.0,322941636.0,26.528,36696649000.0,0.0,273499000.0,3755777000.0,114.172,-1191024000.0
2,ES,MRY,2018-12-31,2018-12-31,2018-12-31,2021-09-08,-60000000.0,38241256000.0,37510313000.0,2292224000.0,35949032000.0,0.225,36.194,-2376012000.0,108068000.0,108068000.0,5203935000.0,1040519000.0,0.557,2.329,14631725000.0,1799651000.0,12832074000.0,14631725000.0,0.0,819930000.0,0.0,0.031,2.02,1820777000.0,2640707000.0,0.313,2640707000.0,1820777000.0,1321972000.0,3.25,3.25,3.25,11486817000.0,11338133000.0,11486817000.0,34792869952.0,19.0,13.176,-545469000.0,-1.719,1.0,3244266000.0,0.384,4427266000.0,498805000.0,44224765000.0,43421847250.0,238042000.0,881794000.0,0.0,881794000.0,26754439000.0,4112882000.0,22641557000.0,20610252952.0,123434000.0,-205150000.0,0.0,1406023000.0,-640110000.0,729937000.0,-2437046000.0,137362000.0,1830543000.0,0.0,1033000000.0,1033000000.0,1033000000.0,0.0,7519000.0,0.122,1544336000.0,1699930000.0,1119995000.0,0.622,1.794,19.952,20.012,25610428000.0,0.0,65.04,2.44,2.443,1170340000.0,3953974000.0,8448201000.0,8448201000.0,0.0,0.028,0.091,0.042,0.216,0.0,0.0,1.0,316885808.0,317370369.0,317993934.0,26.619,33813990000.0,0.0,288972000.0,3506030000.0,106.544,-1820658000.0
3,ES,MRY,2017-12-31,2017-12-31,2017-12-31,2021-09-08,-66403000.0,36220386000.0,33599505500.0,2487099000.0,33733287000.0,0.231,34.927,-2348105000.0,38165000.0,38165000.0,4519080000.0,995515000.0,0.693,2.267,13413607000.0,1637718000.0,11775889000.0,13413607000.0,0.0,773802000.0,0.0,0.03,1.9,1988643000.0,2762445000.0,0.356,2762445000.0,1988643000.0,1566888000.0,3.11,3.11,3.11,11086242000.0,10943499500.0,11086242000.0,31339212349.0,16.0,11.345,-351903000.0,-1.109,1.0,3232872000.0,0.417,4427266000.0,421755000.0,41579517000.0,38261172250.0,223063000.0,585419000.0,0.0,585419000.0,25134144000.0,3589045000.0,21545099000.0,20020845349.0,-20860000.0,-910286000.0,0.0,1827810000.0,-602083000.0,1213454000.0,-3230516000.0,22396000.0,1996202000.0,0.0,987996000.0,987996000.0,987996000.0,0.0,7519000.0,0.127,1344623000.0,1888249000.0,1085034000.0,0.611,1.806,20.264,20.315,23617463000.0,0.0,63.18,2.583,2.587,1126444000.0,3561084000.0,7751952000.0,7751952000.0,0.0,0.029,0.09,0.052,0.257,0.0,0.0,1.0,316885808.0,317411097.0,318031580.0,24.422,31793120000.0,0.0,578892000.0,3297518000.0,100.164,-1101946000.0
4,ES,MRY,2016-12-31,2016-12-31,2016-12-31,2021-09-08,-65282000.0,32053173000.0,31182662000.0,2477672000.0,29575501000.0,0.245,33.722,-1976867000.0,30251000.0,30251000.0,4477034000.0,949821000.0,0.681,1.992,10751737000.0,1922383000.0,8829354000.0,10751737000.0,0.0,715466000.0,0.0,0.032,1.78,1898260000.0,2613726000.0,0.342,2613726000.0,1898260000.0,1497299000.0,2.97,2.96,2.97,10711734000.0,10574256250.0,10711734000.0,27805058176.0,15.0,10.638,231375000.0,0.728,1.0,3162095000.0,0.414,3519401000.0,400961000.0,35616653000.0,35271213500.0,328721000.0,544642000.0,0.0,544642000.0,21341439000.0,3638605000.0,17702834000.0,17501603176.0,38754000.0,0.0,0.0,587547000.0,-564486000.0,-17940000.0,-2151548000.0,-210892000.0,2208242000.0,0.0,942302000.0,942302000.0,942302000.0,0.0,7519000.0,0.123,1320821000.0,1841274000.0,884521000.0,0.599,1.634,18.573,18.596,21350510000.0,0.0,55.23,2.291,2.297,1015791000.0,3175171000.0,7639129000.0,7639129000.0,0.0,0.03,0.089,0.054,0.248,0.0,0.0,1.0,316885808.0,317650180.0,318454239.0,24.049,28533772000.0,0.0,554997000.0,5607207000.0,89.828,-1160933000.0
5,ES,MRY,2015-12-31,2015-12-31,2015-12-31,2021-09-08,-66844000.0,30580309000.0,30114509750.0,2618786000.0,27961523000.0,0.264,32.622,-1724139000.0,23947000.0,23947000.0,5006767000.0,886004000.0,0.876,1.954,10195410000.0,1389836000.0,8805574000.0,10195410000.0,0.0,665856000.0,0.0,0.033,1.669,1790872000.0,2456728000.0,0.309,2456728000.0,1790872000.0,1418452000.0,2.77,2.76,2.77,10352215000.0,10235525750.0,10352215000.0,26165057086.0,15.0,10.65,-290388000.0,-0.915,1.0,2948060000.0,0.371,3519401000.0,372420000.0,34242581000.0,33567908000.0,336476000.0,516478000.0,0.0,516478000.0,20228094000.0,2989790000.0,17238304000.0,16198957086.0,-14756000.0,0.0,0.0,766178000.0,-529791000.0,210643000.0,-1659150000.0,58698000.0,1433751000.0,0.0,878485000.0,878485000.0,878485000.0,0.0,7519000.0,0.11,1183896000.0,1764164000.0,813646000.0,0.603,1.565,18.44,18.437,19892441000.0,0.0,51.07,2.036,2.037,978127000.0,2797355000.0,7954827000.0,7954827000.0,0.0,0.029,0.086,0.053,0.225,0.0,0.0,1.0,317191249.0,317336881.0,318432687.0,25.067,27060908000.0,305359000.0,539967000.0,5147678000.0,85.275,-371004000.0
6,ES,MRY,2014-12-31,2014-12-31,2014-12-31,2021-09-08,-74009000.0,29740387000.0,28402503250.0,2692465000.0,27047922000.0,0.273,31.559,-1603744000.0,38703000.0,38703000.0,5010519000.0,827065000.0,0.859,1.981,9770837000.0,1202408000.0,8568429000.0,9770837000.0,0.0,614657000.0,0.0,0.029,1.571,1649949000.0,2264606000.0,0.293,2264606000.0,1649949000.0,1287843000.0,2.59,2.58,2.59,9976815000.0,9836276750.0,9976815000.0,26372925336.0,16.0,11.646,48232000.0,0.153,1.0,2731337000.0,0.353,3519401000.0,362106000.0,32818739000.0,31442458750.0,349664000.0,515025000.0,0.0,515025000.0,19763572000.0,3134381000.0,16629191000.0,16955102336.0,-4661000.0,0.0,0.0,433524000.0,-475227000.0,-64842000.0,-1591795000.0,-12210000.0,1651976000.0,0.0,819546000.0,819546000.0,819546000.0,0.0,7519000.0,0.106,1098488000.0,1632849000.0,868231000.0,0.607,1.699,20.688,20.664,18647041000.0,0.0,53.52,2.19,2.185,1068104000.0,2448661000.0,7741856000.0,7741856000.0,0.0,0.029,0.083,0.052,0.213,0.0,0.0,1.0,316799371.0,316136748.0,317417414.0,24.489,26220986000.0,337307000.0,468297000.0,4627761000.0,82.942,-441916000.0
7,ES,MRY,2013-12-31,2013-12-31,2013-12-31,2021-09-08,-46031000.0,27795537000.0,28191352000.0,2087049000.0,25708488000.0,0.259,30.483,-1456787000.0,43364000.0,43364000.0,4510170000.0,793689000.0,0.637,1.892,9403179000.0,1626346000.0,7776833000.0,9403179000.0,0.0,610777000.0,0.0,0.035,1.47,1551647000.0,2162424000.0,0.296,2162424000.0,1551647000.0,1212948000.0,2.49,2.49,2.49,9611528000.0,9470206000.0,9611528000.0,22694434839.0,15.0,10.495,206752000.0,0.656,1.0,2791034000.0,0.382,3519401000.0,338699000.0,30360300000.0,30578214250.0,303233000.0,488515000.0,0.0,488515000.0,18184009000.0,3275651000.0,14908358000.0,13356837839.0,-2384000.0,0.0,0.0,270976000.0,-462741000.0,-224700000.0,-1441223000.0,-52252000.0,1663539000.0,0.0,786007000.0,786007000.0,786007000.0,0.0,7682000.0,0.108,1219018000.0,1572016000.0,742251000.0,0.59,1.39,16.993,17.024,17576186000.0,0.0,42.39,1.829,1.831,990373000.0,2125980000.0,7301204000.0,7301204000.0,0.0,0.028,0.083,0.051,0.213,0.0,0.0,1.0,315094075.0,315311387.0,316211160.0,23.156,24276136000.0,16629000.0,426941000.0,4029026000.0,76.991,-1188602000.0
8,ES,MRY,2012-12-31,2012-12-31,2012-12-31,2021-09-08,-72854000.0,28302824000.0,24886260000.0,2227295000.0,26075529000.0,0.252,33.322,-1472272000.0,45748000.0,45748000.0,4101641000.0,533077000.0,0.611,2.064,9165829000.0,1883534000.0,7282295000.0,9165829000.0,0.0,519010000.0,0.0,0.034,1.323,1130816000.0,1649826000.0,0.263,1649826000.0,1130816000.0,800871000.0,1.9,1.89,1.9,9237050000.0,7887464000.0,9237050000.0,21268330373.0,19.0,12.891,-311043000.0,-1.122,1.0,2172146000.0,0.346,3519401000.0,329945000.0,30259814000.0,27158329000.0,267713000.0,490941000.0,0.0,490941000.0,19065774000.0,3643690000.0,15422084000.0,12268900373.0,39189000.0,0.0,0.0,721431000.0,-375047000.0,345884000.0,-1467924000.0,-31335000.0,1161229000.0,0.0,525945000.0,525945000.0,525945000.0,0.0,7132000.0,0.084,911921000.0,1260225000.0,764350000.0,0.696,1.328,23.327,20.568,16605010000.0,0.0,39.08,1.956,1.727,1008862000.0,1802714000.0,6273787000.0,6273787000.0,0.0,0.021,0.067,0.042,0.18,0.0,0.0,1.0,313943203.0,277209819.0,277993631.0,22.632,24783423000.0,0.0,274926000.0,3463347000.0,89.403,-1416395000.0
9,ES,MRY,2011-12-31,2011-12-31,2011-12-31,2021-09-08,-70686000.0,15647066000.0,14809165250.0,1357472000.0,14289594000.0,0.302,22.618,-1076730000.0,6559000.0,6559000.0,3076882000.0,400513000.0,0.697,2.899,5375755000.0,648582000.0,4727173000.0,5375755000.0,0.0,302192000.0,0.0,0.03,1.1,816071000.0,1118263000.0,0.25,1118263000.0,816071000.0,565646000.0,2.22,2.22,2.22,4012670000.0,3942327000.0,4012670000.0,11478231845.0,14.0,10.264,-106344000.0,-0.599,1.0,1388775000.0,0.311,287591000.0,250425000.0,18780989000.0,18094877500.0,248958000.0,229638000.0,70970000.0,158668000.0,11631440000.0,1947682000.0,9683758000.0,6385554845.0,-16836000.0,0.0,0.0,238602000.0,-194555000.0,31365000.0,-1018587000.0,-2531000.0,970386000.0,0.0,394693000.0,394693000.0,394693000.0,0.0,5820000.0,0.088,524687000.0,864088000.0,633282000.0,0.495,1.591,16.179,16.248,10403065000.0,0.0,36.07,1.43,1.433,663209000.0,1651875000.0,4465657000.0,4465657000.0,0.0,0.027,0.1,0.045,0.183,0.0,0.0,1.0,177032294.0,177410167.0,177804568.0,25.171,15359475000.0,0.0,170953000.0,1868316000.0,86.576,-590210000.0
10,ES,MRY,2010-12-31,2010-12-31,2010-12-31,2021-09-08,-43370000.0,14472601000.0,14276339500.0,1507000000.0,12965601000.0,0.343,21.576,-954472000.0,23395000.0,23395000.0,3350591000.0,394107000.0,1.12,2.797,5147724000.0,333286000.0,4814438000.0,5147724000.0,0.0,300737000.0,0.0,0.032,1.025,835649000.0,1136386000.0,0.232,1136386000.0,835649000.0,598358000.0,2.2,2.19,2.2,3811176000.0,3704505250.0,3811176000.0,10684788444.0,13.0,9.402,138991000.0,0.787,1.0,1547576000.0,0.316,287591000.0,237291000.0,17964192000.0,18010441500.0,244043000.0,252749000.0,78306000.0,174443000.0,10659968000.0,1345147000.0,9314821000.0,5621010444.0,-3557000.0,0.0,0.0,46537000.0,-180542000.0,-139052000.0,-957968000.0,-2339000.0,1093463000.0,0.0,387949000.0,387949000.0,387949000.0,0.0,6158000.0,0.079,514814000.0,1032762000.0,417285000.0,0.466,1.475,14.489,14.491,9567726000.0,0.0,31.88,1.148,1.15,732478000.0,1452777000.0,4898167000.0,4898167000.0,0.0,0.027,0.105,0.046,0.171,0.0,0.0,1.0,176317768.0,176636086.0,176885387.0,27.73,14185010000.0,89638000.0,210409000.0,1743817000.0,80.306,161853000.0
11,ES,MRY,2009-12-31,2009-12-31,2009-12-31,2021-09-08,-43467000.0,14057679000.0,14116311750.0,1267854000.0,12789825000.0,0.385,20.733,-908146000.0,26952000.0,26952000.0,4147181000.0,335592000.0,1.295,2.929,5101970000.0,166599000.0,4935371000.0,5101970000.0,0.0,309618000.0,0.0,0.037,0.95,783617000.0,1093235000.0,0.201,1093235000.0,783617000.0,509980000.0,1.91,1.91,1.91,3577902000.0,3517308750.0,3577902000.0,9516078826.0,12.0,8.705,80972000.0,0.469,1.0,1292249000.0,0.238,287591000.0,273637000.0,17865694000.0,17650825000.0,277085000.0,342677000.0,98021000.0,244656000.0,10479777000.0,979412000.0,9500365000.0,4525204826.0,-62864000.0,0.0,383295000.0,-354945000.0,-162381000.0,-149503000.0,-902479000.0,-2296000.0,989118000.0,0.0,330033000.0,330033000.0,330033000.0,0.0,5559000.0,0.061,322933000.0,969316000.0,457582000.0,0.497,1.265,13.711,13.503,8839965000.0,0.0,25.79,0.832,0.818,742096000.0,1246543000.0,5439430000.0,5439430000.0,0.0,0.023,0.094,0.044,0.144,0.0,0.0,1.0,175463545.0,172567928.0,172717246.0,31.521,13770088000.0,27600000.0,179947000.0,1430389000.0,79.795,288442000.0
12,ES,MRY,2008-12-31,2008-12-31,2008-12-31,2021-09-08,-37265000.0,13988480000.0,12926310750.0,1505564000.0,12482916000.0,0.449,19.419,-1255407000.0,89816000.0,89816000.0,4539487000.0,266387000.0,0.884,3.631,5462856000.0,673183000.0,4789673000.0,5462856000.0,0.0,278588000.0,0.0,0.034,0.825,635634000.0,914222000.0,0.158,914222000.0,635634000.0,366489000.0,1.68,1.67,1.68,3020312000.0,2975631250.0,3020312000.0,8996555594.0,14.0,9.841,-600430000.0,-3.86,1.0,1260608000.0,0.217,287591000.0,269145000.0,17370467000.0,16366297000.0,300049000.0,382396000.0,109825000.0,272571000.0,10968168000.0,1703462000.0,9264706000.0,3746123594.0,74712000.0,0.0,0.0,807686000.0,-129077000.0,673092000.0,-1253357000.0,-2996000.0,654977000.0,0.0,260828000.0,260828000.0,260828000.0,0.0,5559000.0,0.045,464984000.0,795624000.0,678614000.0,0.491,1.24,14.362,14.321,8207876000.0,0.0,24.06,0.646,0.645,917195000.0,1078594000.0,5800095000.0,5800095000.0,0.0,0.02,0.088,0.039,0.11,0.0,0.0,1.0,155699235.0,155531846.0,155999240.0,37.292,13700889000.0,0.0,105661000.0,1261359000.0,88.091,-197898000.0
13,ES,MRY,2007-12-31,2007-12-31,2007-12-31,2021-09-08,9359000.0,11581822000.0,11270661000.0,1286256000.0,10295566000.0,0.517,18.828,-1114824000.0,15104000.0,15104000.0,4775735000.0,252042000.0,1.066,2.975,4634321000.0,233286000.0,4401035000.0,4634321000.0,0.0,265297000.0,0.0,0.025,0.775,596148000.0,861445000.0,0.148,861445000.0,596148000.0,355903000.0,1.59,1.59,1.59,2913835000.0,2857050500.0,2913835000.0,9288527234.0,16.0,10.782,-860830000.0,-5.562,1.0,1046491000.0,0.18,287591000.0,240245000.0,14707298000.0,14307468250.0,210850000.0,835797000.0,484515000.0,351282000.0,8667987000.0,1206150000.0,7461837000.0,4853139234.0,-466807000.0,0.0,9056000.0,469401000.0,-120988000.0,346665000.0,-1067466000.0,-6945000.0,253994000.0,0.0,246483000.0,246483000.0,246483000.0,-870000.0,5559000.0,0.042,305971000.0,740520000.0,598546000.0,0.487,1.666,19.69,19.692,7229945000.0,0.0,31.31,0.834,0.832,503143000.0,946792000.0,5822226000.0,5822226000.0,0.0,0.022,0.086,0.042,0.102,0.0,0.0,1.0,155002850.0,154759727.0,155304361.0,37.621,11294231000.0,13850000.0,109420000.0,1096335000.0,72.979,80106000.0
14,ES,MRY,2006-12-31,2006-12-31,2006-12-31,2021-09-08,4498000.0,11303236000.0,11597325750.0,1731051000.0,9572185000.0,0.593,18.197,-567151000.0,481911000.0,481911000.0,6196618000.0,470578000.0,1.269,3.039,4142470000.0,4877000.0,4137593000.0,4142470000.0,0.0,147460000.0,0.0,0.026,0.725,632448000.0,779908000.0,0.113,779908000.0,632448000.0,394252000.0,3.06,3.05,3.06,2798179000.0,2500843000.0,2798179000.0,8780243850.0,14.0,11.258,-315784000.0,-2.054,1.0,681069000.0,0.099,287591000.0,238196000.0,13312369000.0,13810269000.0,173882000.0,854498000.0,531900000.0,322598000.0,8505057000.0,1363835000.0,7141222000.0,4337283850.0,1009000.0,0.0,0.0,369520000.0,-63732000.0,356905000.0,-607263000.0,-159000.0,251367000.0,0.0,470578000.0,470578000.0,470578000.0,-337642000.0,0.0,0.068,256851000.0,424218000.0,569940000.0,0.237,1.55,9.217,9.203,6242186000.0,0.0,28.16,0.631,0.63,449371000.0,862660000.0,6877687000.0,6877687000.0,0.0,0.041,0.188,0.046,0.092,0.0,0.0,1.0,154022864.0,153767527.0,154146669.0,44.728,11015645000.0,0.0,-76326000.0,1496519000.0,71.638,367216000.0
15,ES,MRY,2005-12-31,2005-12-31,2005-12-31,2021-09-08,19987000.0,12567875000.0,12381702250.0,2375643000.0,10192232000.0,0.593,18.454,-775355000.0,45782000.0,45782000.0,6958156000.0,-253488000.0,1.203,4.174,4432463000.0,54673000.0,4377790000.0,4432463000.0,0.0,237463000.0,28944000.0,0.034,0.675,-199765000.0,37698000.0,0.005,37698000.0,-199765000.0,-438350000.0,-1.93,-1.93,-1.93,2429244000.0,2183628500.0,2429244000.0,7220774009.0,-36.0,191.543,-334151000.0,-2.538,1.0,388070000.0,0.053,287591000.0,238585000.0,14691735000.0,14561577250.0,206557000.0,1193896000.0,712320000.0,481576000.0,10138631000.0,1975230000.0,8163401000.0,2561079009.0,-1207000.0,31456000.0,450827000.0,-91689000.0,-87554000.0,257134000.0,-699545000.0,-5161000.0,441204000.0,0.0,-253488000.0,-253488000.0,-253488000.0,-4420000.0,0.0,-0.035,463867000.0,-75797000.0,972368000.0,-0.35,1.054,-10.103,-10.202,6417230000.0,0.0,19.69,0.349,0.353,1077369000.0,504301000.0,7346226000.0,7346226000.0,0.0,-0.02,-0.116,-0.014,-0.027,0.0,0.0,1.0,130070036.0,131638953.0,131638953.0,55.806,12280284000.0,0.0,-184862000.0,1496994000.0,93.288,400413000.0
16,ES,MRY,2004-12-31,2004-12-31,2004-12-31,2021-09-08,-1220000.0,11638396000.0,11524265000.0,1719719000.0,9918677000.0,0.568,17.909,-671475000.0,46989000.0,46989000.0,5734385000.0,116588000.0,1.113,4.067,4607223000.0,270759000.0,4336464000.0,4607223000.0,0.0,226906000.0,57650000.0,0.033,0.625,353379000.0,580285000.0,0.089,580285000.0,353379000.0,138353000.0,0.91,0.91,0.91,2296711000.0,2317167250.0,2296711000.0,6843838072.0,19.0,11.794,-210828000.0,-1.644,1.0,807653000.0,0.123,319986000.0,215026000.0,14333025000.0,14012828750.0,185180000.0,524149000.0,273456000.0,250693000.0,9341685000.0,1545619000.0,7796066000.0,2420046072.0,3617000.0,0.0,10937000.0,248760000.0,-80177000.0,178388000.0,-635418000.0,-65294000.0,460647000.0,0.0,116588000.0,116588000.0,116588000.0,-46812000.0,0.0,0.018,353334000.0,454319000.0,825247000.0,0.687,1.054,20.757,20.714,5864161000.0,0.0,18.85,0.37,0.37,915695000.0,845343000.0,6542038000.0,6542038000.0,0.0,0.01,0.05,0.025,0.054,0.0,0.0,1.0,128384407.0,128245860.0,128396076.0,51.012,11318410000.0,61420000.0,21765000.0,1533527000.0,88.256,174100000.0
17,ES,MRY,2003-12-31,2003-12-31,2003-12-31,2021-09-08,25991000.0,11216487000.0,10626943500.0,1680334000.0,9536153000.0,0.559,17.812,-558110000.0,137002000.0,137002000.0,4988973000.0,116411000.0,1.241,3.954,4381227000.0,169936000.0,4211291000.0,4381227000.0,0.0,204388000.0,46496000.0,0.029,0.575,404618000.0,609006000.0,0.102,609006000.0,404618000.0,164039000.0,0.91,0.91,0.91,2264120000.0,2240617500.0,2264120000.0,6782325147.0,17.0,11.137,130840000.0,1.029,1.0,954541000.0,0.161,342942000.0,240579000.0,13763932000.0,13259523000.0,154076000.0,415582000.0,415582000.0,132812000.0,8952367000.0,1353838000.0,7598529000.0,2569037147.0,-6961000.0,-30104000.0,-6883000.0,82416000.0,-73090000.0,-2349000.0,-693562000.0,-15582000.0,688950000.0,0.0,116411000.0,116411000.0,116411000.0,-4718000.0,0.0,0.02,395274000.0,559267000.0,728463000.0,0.632,1.135,22.069,22.165,5429916000.0,0.0,20.17,0.432,0.431,830774000.0,808932000.0,5943514000.0,5943514000.0,0.0,0.011,0.052,0.031,0.068,0.0,0.0,1.0,127369219.0,127114743.0,127240724.0,46.757,10873545000.0,0.0,47628000.0,1441604000.0,85.541,326496000.0
18,ES,MRY,2002-12-31,2002-12-31,2002-12-31,2021-09-08,14927000.0,10764880000.0,10386324250.0,1531215000.0,9233665000.0,0.504,17.116,-143752000.0,67223000.0,67223000.0,4290268000.0,152109000.0,1.139,3.87,4299362000.0,112906000.0,4186456000.0,4299362000.0,0.0,205646000.0,0.0,0.035,0.525,497470000.0,703116000.0,0.134,703116000.0,497470000.0,226959000.0,1.18,1.18,1.18,2210521000.0,2170584000.0,2210521000.0,6454771348.0,13.0,9.18,472027000.0,3.655,1.0,946732000.0,0.181,345867000.0,270511000.0,13307183000.0,13170897250.0,119853000.0,309837000.0,309837000.0,0.0,8554359000.0,1343969000.0,7210390000.0,1949456348.0,-26677000.0,-16351000.0,-50342000.0,-357664000.0,-67793000.0,-482094000.0,-160362000.0,0.0,615779000.0,0.0,152109000.0,152109000.0,152109000.0,0.0,0.0,0.029,338942000.0,607790000.0,776219000.0,0.445,0.882,12.816,12.856,5049369000.0,0.0,15.17,0.372,0.374,893325000.0,765611000.0,5237000000.0,5237000000.0,0.0,0.015,0.07,0.038,0.095,0.0,0.0,1.0,128507340.0,129150549.0,129341360.0,40.55,10419013000.0,0.0,74850000.0,1684645000.0,80.673,187246000.0
19,ES,MRY,2001-12-31,2001-12-31,2001-12-31,2021-09-08,-32470000.0,10331923000.0,10507859500.0,1476168000.0,8855755000.0,0.548,15.613,593880000.0,96658000.0,96658000.0,4679681000.0,243510000.0,1.114,3.879,4651869000.0,340962000.0,4310907000.0,4651869000.0,0.0,201013000.0,0.0,0.026,0.45,697120000.0,898133000.0,0.156,898133000.0,697120000.0,417462000.0,1.8,1.79,1.8,2117640000.0,2173308750.0,2117640000.0,6724693478.0,10.0,7.487,896311000.0,6.608,1.0,1081268000.0,0.188,333123000.0,279658000.0,13228389000.0,12659999000.0,108516000.0,356666000.0,356666000.0,0.0,8214283000.0,1325622000.0,6888661000.0,2327821478.0,-122983000.0,-31699000.0,-290038000.0,807648000.0,-60923000.0,326330000.0,-751744000.0,0.0,302431000.0,0.0,243510000.0,243510000.0,243510000.0,0.0,0.0,0.042,443681000.0,637587000.0,608705000.0,0.25,1.099,9.559,9.794,4472977000.0,0.0,17.63,0.404,0.415,786157000.0,678460000.0,5760949000.0,5760949000.0,0.0,0.023,0.112,0.055,0.121,0.0,0.0,1.0,132037520.0,135632126.0,135917423.0,42.475,9998800000.0,0.0,173952000.0,1638836000.0,73.72,150546000.0
20,ES,MRY,2000-12-31,2000-12-31,2000-12-31,2021-09-08,1769000.0,10217149000.0,10571445000.0,1150355000.0,9066794000.0,0.556,15.674,-414022000.0,200017000.0,200017000.0,4665208000.0,-28586000.0,0.444,3.605,3679611000.0,1650018000.0,2029593000.0,3679611000.0,0.0,239798000.0,0.0,0.008,0.2,432441000.0,672239000.0,0.114,672239000.0,432441000.0,133139000.0,-0.2,-0.2,-0.2,2218583000.0,2340555250.0,2218583000.0,7118943179.0,16.0,10.59,185775000.0,1.312,1.0,1211412000.0,0.206,324389000.0,299302000.0,10783324000.0,11351128750.0,163711000.0,98146000.0,98146000.0,0.0,7998566000.0,2589030000.0,5409536000.0,3483028179.0,-55137000.0,-260347000.0,4269000.0,302899000.0,-57358000.0,87463000.0,-742397000.0,0.0,599797000.0,0.0,-28586000.0,-28586000.0,-28586000.0,0.0,0.0,-0.005,516619000.0,694793000.0,538983000.0,-1.0,1.57,-121.844,-121.25,3547215000.0,0.0,24.25,0.593,0.584,593953000.0,495873000.0,5876620000.0,5876620000.0,0.0,-0.003,-0.012,0.038,0.074,0.0,0.0,1.0,143630028.0,141549860.0,141967216.0,41.516,9892760000.0,0.0,161725000.0,1792737000.0,69.889,-1438675000.0
21,ES,MRY,1999-12-31,1999-12-31,1999-12-31,2021-09-08,1524000.0,9688052000.0,10171555500.0,1070611000.0,8617441000.0,0.44,15.853,212342000.0,255154000.0,255154000.0,3356003000.0,34216000.0,0.682,3.094,3334949000.0,899784000.0,2435165000.0,3334949000.0,0.0,302305000.0,0.0,0.0,0.0,396478000.0,698783000.0,0.156,698783000.0,396478000.0,132827000.0,0.26,0.26,0.26,2083311000.0,2080022250.0,2083311000.0,6168456248.0,16.0,8.827,826560000.0,6.29,1.0,1115248000.0,0.249,23542000.0,263651000.0,11173844000.0,12223600250.0,172973000.0,189123000.0,107620000.0,81503000.0,6446426000.0,1570461000.0,4875965000.0,2704997248.0,118999000.0,0.0,5318000.0,-569559000.0,-13168000.0,-646414000.0,151195000.0,0.0,614218000.0,0.0,34216000.0,34216000.0,34216000.0,0.0,0.0,0.008,589828000.0,525420000.0,347321000.0,0.0,1.298,79.057,79.077,3947434000.0,0.0,20.56,0.605,0.604,385918000.0,581817000.0,4471251000.0,4471251000.0,0.0,0.003,0.016,0.032,0.089,0.0,0.0,1.0,131566014.0,131415126.0,132031573.0,34.024,9664510000.0,0.0,98611000.0,1987205000.0,73.542,-499850000.0
22,ES,MRY,1998-12-31,1998-12-31,1998-12-31,2021-09-08,1405000.0,10387381000.0,10293294500.0,935554000.0,9451827000.0,0.366,15.683,-234035000.0,136155000.0,136155000.0,2924716000.0,-146753000.0,0.83,3.394,3918570000.0,548009000.0,3370561000.0,3918570000.0,0.0,332807000.0,0.0,0.0,0.0,281061000.0,613868000.0,0.163,613868000.0,281061000.0,11972000.0,-1.12,-1.12,-1.12,2047372000.0,2136992250.0,2047372000.0,5949851552.0,21.0,9.692,429233000.0,3.288,1.0,842998000.0,0.224,0.0,269089000.0,13042009000.0,13016412000.0,202661000.0,267909000.0,182118000.0,85791000.0,6949459000.0,1127787000.0,5821672000.0,2190395552.0,-7248000.0,0.0,2659000.0,-289280000.0,0.0,-375272000.0,-295244000.0,0.0,663268000.0,0.0,-146753000.0,-146753000.0,-146753000.0,0.0,0.0,-0.039,535939000.0,307059000.0,338612000.0,0.0,1.07,-14.926,-14.286,6170881000.0,0.0,16.0,0.581,0.554,279352000.0,560769000.0,3767714000.0,3767714000.0,0.0,-0.014,-0.069,0.022,0.075,0.0,0.0,1.0,136899722.0,130549760.0,130549760.0,28.86,10387381000.0,0.0,158725000.0,2042818000.0,79.566,-192233000.0
23,ES,MRY,1997-12-31,1997-12-31,1997-12-31,2021-09-08,-1000.0,10414412000.0,10537564000.0,970683000.0,9443729000.0,0.364,16.749,-240251000.0,143403000.0,143403000.0,3153327000.0,-129962000.0,0.846,3.445,4178200000.0,502114000.0,3676086000.0,4178200000.0,0.0,354329000.0,0.0,0.0,0.0,143967000.0,498296000.0,0.13,498296000.0,143967000.0,-128014000.0,-1.01,-1.01,-1.01,2170085000.0,2201778750.0,2170085000.0,5693860383.0,40.0,11.427,100369000.0,0.775,1.0,681479000.0,0.178,0.0,271981000.0,13301841000.0,13437668000.0,212721000.0,337495000.0,230905000.0,106590000.0,7475489000.0,1147368000.0,6328121000.0,1615772383.0,-50794000.0,0.0,6502000.0,-17543000.0,-32134000.0,-98461000.0,-292953000.0,-61046000.0,340620000.0,0.0,-129962000.0,-129962000.0,-129962000.0,0.0,0.0,-0.034,478047000.0,203432000.0,402870000.0,0.0,0.745,-12.433,-11.693,6463158000.0,0.0,11.81,0.421,0.399,251799000.0,707522000.0,3834806000.0,3834806000.0,0.0,-0.012,-0.059,0.011,0.038,0.0,0.0,1.0,136813919.0,129567708.0,129567708.0,29.597,10414412000.0,0.0,1948000.0,2189366000.0,80.378,-176685000.0
24,ES,MRY,1996-12-31,1996-12-31,1996-12-31,2021-09-08,0.0,6244036000.0,6144833500.0,626349000.0,5617687000.0,0.617,10.493,-237358000.0,404000.0,404000.0,2907035000.0,38929000.0,1.138,3.16,2194229000.0,216477000.0,1977752000.0,2194229000.0,0.0,359507000.0,0.0,0.0,0.0,413032000.0,772539000.0,0.204,772539000.0,413032000.0,135039000.0,0.3,0.3,0.3,1342665000.0,1444175500.0,1342665000.0,,,,578112000.0,4.518,1.0,885113000.0,0.233,0.0,277993000.0,7887305000.0,7797514500.0,79937000.0,56925000.0,0.0,56925000.0,4242173000.0,550556000.0,3691617000.0,1785002896.0,165159000.0,0.0,10622000.0,-86242000.0,-176277000.0,-322173000.0,-328138000.0,-65716000.0,815470000.0,0.0,38929000.0,38929000.0,38929000.0,0.0,0.0,0.01,482080000.0,403033000.0,239426000.0,0.0,1.329,45.853,43.733,3847140000.0,0.0,13.12,0.471,0.443,417094000.0,580779000.0,3792148000.0,3792148000.0,0.0,0.006,0.027,0.053,0.109,0.0,0.0,1.0,136052050.0,127960382.0,127960382.0,29.635,6244036000.0,40134000.0,96110000.0,1550559000.0,48.797,75793000.0
25,ES,MRY,1995-12-31,1995-12-31,1995-12-31,2021-09-08,0.0,6045631000.0,,515621000.0,5530010000.0,,12.259,-133401000.0,337000.0,337000.0,1587984000.0,205216000.0,1.344,2.731,2046032000.0,124978000.0,1921054000.0,2046032000.0,0.0,242496000.0,0.0,0.0,0.0,514770000.0,757266000.0,0.317,757266000.0,514770000.0,386540000.0,2.24,2.24,2.24,1545686000.0,,1545686000.0,,,,395522000.0,3.137,1.0,799085000.0,0.335,0.0,128230000.0,7707724000.0,,68482000.0,54624000.0,0.0,54624000.0,4221542000.0,383602000.0,3837940000.0,,72000.0,0.0,0.0,-137866000.0,-164154000.0,-348205000.0,-180646000.0,-47826000.0,528923000.0,0.0,205216000.0,205216000.0,205216000.0,0.0,0.0,0.086,296713000.0,502372000.0,155475000.0,0.0,,,10.826,3970633000.0,0.0,24.25,,1.281,325800000.0,785476000.0,2387069000.0,2387069000.0,0.0,,,,0.216,0.0,0.0,1.0,,126083645.0,126083645.0,18.932,6045631000.0,0.0,181324000.0,1681588000.0,47.949,132019000.0
26,ES,MRY,1994-12-31,1994-12-31,1994-12-31,2021-09-08,,,,,,,,-170794000.0,,,1542316000.0,198288000.0,,,,,,,,231155000.0,,0.0,0.0,503159000.0,734314000.0,0.315,734314000.0,503159000.0,384289000.0,,,,,,,,,,369202000.0,,1.0,785736000.0,0.338,,118870000.0,,,,,,,,,,,-295000.0,0.0,0.0,-156520000.0,-159388000.0,-339803000.0,-200488000.0,-28129000.0,539996000.0,0.0,198288000.0,198288000.0,198288000.0,0.0,0.0,0.085,308539000.0,477197000.0,,,,,,,0.0,21.63,,,,,2328052000.0,2328052000.0,0.0,,,,0.216,0.0,0.0,1.0,,,,,,,186001000.0,,,
0,ES,MRQ,2021-06-30,2021-06-30,2021-06-30,2021-09-08,-74342000.0,47234640000.0,,3268839000.0,43965801000.0,,41.623,-734240000.0,217397000.0,217397000.0,1261720000.0,266400000.0,0.64,2.3,19172237000.0,2845568000.0,16326669000.0,19172237000.0,0.0,274648000.0,0.0,0.029,0.603,496344000.0,770992000.0,0.363,770992000.0,496344000.0,350909000.0,0.77,0.77,0.77,14311889000.0,,14311889000.0,45910436839.0,21.0,14.211,-338211000.0,-0.984,1.0,860818000.0,0.406,4453618000.0,145435000.0,56631292000.0,,187692000.0,1668256000.0,0.0,1668256000.0,32922751000.0,5104570000.0,27818181000.0,27559724839.0,192407000.0,-66400000.0,0.0,808256000.0,-201198000.0,589837000.0,-793459000.0,1655000.0,396029000.0,0.0,264520000.0,264520000.0,264520000.0,0.0,1880000.0,0.125,409213000.0,451605000.0,1061111000.0,0.783,1.926,22.068,22.044,31878551000.0,0.0,80.24,2.893,2.896,1412448000.0,4830058000.0,2122538000.0,2122538000.0,0.0,,,,,0.0,0.0,1.0,343466162.0,343844626.0,344435696.0,6.173,42781022000.0,0.0,86389000.0,4258986000.0,124.42,-1835731000.0
1,ES,MRQ,2021-03-31,2021-03-31,2021-03-31,2021-09-08,-75223000.0,46518215000.0,,3146879000.0,43371336000.0,,41.415,-688983000.0,34112000.0,34112000.0,1673492000.0,368023000.0,0.568,2.268,18384824000.0,3126845000.0,15257979000.0,18384824000.0,0.0,270704000.0,0.0,0.027,0.603,617889000.0,888593000.0,0.314,888593000.0,617889000.0,480123000.0,1.07,1.06,1.07,14233420000.0,,14233420000.0,47562571462.0,22.0,15.041,-277567000.0,-0.808,1.0,1152348000.0,0.408,4453055000.0,137766000.0,54876928000.0,,308093000.0,1586956000.0,0.0,1586956000.0,32284795000.0,5538944000.0,26745851000.0,29700661462.0,-89346000.0,-34127000.0,0.0,426314000.0,-201013000.0,203755000.0,-704517000.0,11458000.0,411416000.0,0.0,366143000.0,366143000.0,366143000.0,0.0,1880000.0,0.13,566780000.0,585568000.0,1060867000.0,0.564,2.087,24.019,23.92,31265819000.0,0.0,86.59,3.174,3.181,1484873000.0,4772431000.0,2825840000.0,2825840000.0,0.0,,,,,0.0,0.0,1.0,343003366.0,343678243.0,344334689.0,8.222,42065160000.0,0.0,113980000.0,4157932000.0,122.397,-2392065000.0
2,ES,MRQ,2020-12-31,2020-12-31,2020-12-31,2021-09-08,-76411000.0,46099598000.0,,3130143000.0,42969455000.0,,40.975,-841432000.0,106599000.0,106599000.0,1345046000.0,273803000.0,0.637,2.278,17968509000.0,2345721000.0,15622788000.0,17968509000.0,0.0,260201000.0,0.0,0.026,0.568,477873000.0,738074000.0,0.33,738074000.0,477873000.0,342488000.0,0.79,0.79,0.79,14063566000.0,,14063566000.0,45342866007.0,22.0,14.764,-655069000.0,-1.909,1.0,888887000.0,0.398,4445988000.0,135385000.0,54600508000.0,,265599000.0,1563760000.0,0.0,1563760000.0,32036032000.0,4915012000.0,27121020000.0,29657741007.0,-564053000.0,-1321248000.0,-33000.0,1563825000.0,-189010000.0,1369145000.0,-2119561000.0,36957000.0,186363000.0,0.0,271923000.0,271923000.0,271923000.0,0.0,1880000.0,0.122,434159000.0,454728000.0,1370647000.0,0.719,2.109,24.609,24.301,30882523000.0,0.0,86.51,3.331,3.292,1428950000.0,4613201000.0,2233933000.0,2233933000.0,0.0,,,,,0.0,0.0,1.0,342824425.0,343219072.0,344115948.0,6.509,41653610000.0,0.0,70565000.0,4095339000.0,121.362,-1784869000.0
3,ES,MRQ,2020-09-30,2020-09-30,2020-09-30,2021-09-08,-60397000.0,43507345000.0,,3220413000.0,40286932000.0,,40.749,-701366000.0,729993000.0,729993000.0,1335397000.0,348140000.0,0.886,2.112,16415118000.0,1181896000.0,15233222000.0,16415118000.0,0.0,244452000.0,0.0,0.027,0.568,588568000.0,833020000.0,0.355,833020000.0,588568000.0,454502000.0,1.01,1.01,1.01,13980017000.0,,13980017000.0,44018956698.0,21.0,14.555,-210532000.0,-0.614,1.0,1008245000.0,0.43,4403666000.0,134066000.0,51154734000.0,,214300000.0,1342016000.0,0.0,1342016000.0,29527328000.0,3634070000.0,25893258000.0,28629897698.0,652083000.0,91183000.0,0.0,933615000.0,-188838000.0,780461000.0,-619212000.0,-15547000.0,490834000.0,0.0,346260000.0,346260000.0,346260000.0,0.0,1880000.0,0.148,447015000.0,561230000.0,1222058000.0,0.562,2.048,24.195,23.602,29092981000.0,0.0,83.55,3.283,3.287,1269456000.0,4535860000.0,2343642000.0,2343642000.0,0.0,,,,,0.0,0.0,1.0,342667836.0,343076614.0,343773602.0,6.831,39103679000.0,0.0,108242000.0,3960672000.0,113.979,-413657000.0
4,ES,MRQ,2020-06-30,2020-06-30,2020-06-30,2021-09-08,-62558000.0,42038718000.0,,2405413000.0,39633305000.0,,40.85,-674678000.0,64890000.0,64890000.0,1140206000.0,254112000.0,0.723,2.045,15453949000.0,1237670000.0,14216279000.0,15453949000.0,0.0,240516000.0,0.0,0.026,0.568,462018000.0,702534000.0,0.36,702534000.0,462018000.0,327733000.0,0.75,0.75,0.75,13805258000.0,,13805258000.0,43622313389.0,22.0,14.796,-89609000.0,-0.265,1.0,812922000.0,0.416,4427266000.0,134285000.0,49674453000.0,,176138000.0,1311274000.0,0.0,1311274000.0,28233460000.0,3326058000.0,24907402000.0,28015570389.0,43231000.0,-6211000.0,509239000.0,-193123000.0,-185209000.0,131054000.0,-672892000.0,2987000.0,585069000.0,0.0,252232000.0,252232000.0,252232000.0,0.0,1880000.0,0.129,379267000.0,433655000.0,952132000.0,0.757,2.029,24.237,23.724,28610776000.0,0.0,83.27,3.276,3.29,1167765000.0,4384093000.0,1953128000.0,1953128000.0,0.0,,,,,0.0,0.0,1.0,336442541.0,337946663.0,338561649.0,5.779,37611452000.0,0.0,75501000.0,3882293000.0,111.294,-920645000.0
5,ES,MRQ,2020-03-31,2020-03-31,2020-03-31,2021-09-08,-63111000.0,41648986000.0,,2562670000.0,39086316000.0,,39.897,-725520000.0,47425000.0,47425000.0,1400226000.0,336633000.0,0.755,2.153,15654168000.0,1237070000.0,14417098000.0,15654168000.0,0.0,236211000.0,0.0,0.028,0.568,561344000.0,797555000.0,0.336,797555000.0,561344000.0,426629000.0,1.01,1.01,1.01,13209956000.0,,13209956000.0,41360820773.0,24.0,15.55,-305214000.0,-0.922,1.0,973500000.0,0.41,4427266000.0,134715000.0,49432835000.0,,286498000.0,1295043000.0,0.0,1295043000.0,28439030000.0,3395628000.0,25043402000.0,25805597773.0,16626000.0,-6113000.0,419786000.0,99192000.0,-181608000.0,313930000.0,-717610000.0,7904000.0,420306000.0,0.0,334753000.0,334753000.0,334753000.0,0.0,1880000.0,0.141,434380000.0,539120000.0,914333000.0,0.562,1.953,27.596,27.346,28041356000.0,0.0,78.21,3.042,3.052,1174165000.0,4322825000.0,2373726000.0,2373726000.0,0.0,,,,,0.0,0.0,1.0,329952663.0,331102237.0,332937153.0,7.169,37221720000.0,0.0,91876000.0,3816988000.0,112.418,-832958000.0
6,ES,MRQ,2019-12-31,2019-12-31,2019-12-31,2021-09-08,-65059000.0,41123915000.0,,2414539000.0,38709376000.0,,38.941,-782452000.0,15432000.0,15432000.0,1255971000.0,251917000.0,0.67,2.256,15570655000.0,1259705000.0,14310950000.0,15570655000.0,0.0,228646000.0,0.0,0.025,0.535,462644000.0,691290000.0,0.337,691290000.0,462644000.0,329101000.0,0.77,0.76,0.77,12629994000.0,,12629994000.0,43108756703.0,25.0,16.574,-267725000.0,-0.825,1.0,794415000.0,0.387,4427266000.0,133543000.0,48646309000.0,,235471000.0,1320763000.0,0.0,1320763000.0,28493921000.0,3605563000.0,24888358000.0,27542381703.0,-34817000.0,-41424000.0,425352000.0,17647000.0,-167668000.0,272895000.0,-822439000.0,-23893000.0,514727000.0,0.0,250037000.0,250037000.0,250037000.0,0.0,1880000.0,0.122,358850000.0,435565000.0,1147872000.0,0.695,2.181,30.298,30.06,27585470000.0,0.0,85.07,3.23,3.207,1170389000.0,4177048000.0,2050386000.0,2050386000.0,0.0,,,,,0.0,0.0,1.0,323761393.0,324337585.0,327053766.0,6.322,36696649000.0,0.0,79064000.0,3755777000.0,113.143,-1191024000.0
7,ES,MRQ,2019-09-30,2019-09-30,2019-09-30,2021-09-08,-52017000.0,39725394000.0,,2220905000.0,37504489000.0,,37.408,-751284000.0,22688000.0,22688000.0,1233274000.0,320764000.0,0.592,2.277,15589063000.0,1608776000.0,13980287000.0,15589063000.0,0.0,222600000.0,0.0,0.025,0.535,534326000.0,756926000.0,0.348,756926000.0,534326000.0,399110000.0,0.98,0.98,0.98,12121614000.0,,12121614000.0,42790094786.0,25.0,16.824,-181021000.0,-0.559,1.0,942523000.0,0.433,4427266000.0,135216000.0,47115593000.0,,204012000.0,1266491000.0,0.0,1266491000.0,27603780000.0,3748910000.0,23854870000.0,27658266786.0,-15283000.0,-108958000.0,0.0,436477000.0,-172225000.0,272604000.0,-858150000.0,7273000.0,570263000.0,0.0,318884000.0,318884000.0,318884000.0,0.0,1880000.0,0.147,433285000.0,509238000.0,892106000.0,0.546,2.282,31.065,30.856,26911877000.0,0.0,85.47,3.25,3.254,1143790000.0,4100220000.0,2175797000.0,2175797000.0,0.0,,,,,0.0,0.0,1.0,323602045.0,324037169.0,326008342.0,6.715,35298128000.0,0.0,80226000.0,3604791000.0,108.932,-1528005000.0
8,ES,MRQ,2019-06-30,2019-06-30,2019-06-30,2021-09-08,-53641000.0,38995906000.0,,2131697000.0,36864209000.0,,37.397,-749624000.0,20578000.0,20578000.0,1129997000.0,33334000.0,0.607,2.262,15152406000.0,1551499000.0,13600907000.0,15152406000.0,0.0,219084000.0,0.0,0.027,0.535,194974000.0,414058000.0,0.22,414058000.0,194974000.0,62269000.0,0.1,0.1,0.1,11954593000.0,,11954593000.0,39188323709.0,24.0,15.827,-206472000.0,-0.646,1.0,754498000.0,0.4,4427266000.0,132705000.0,46188347000.0,,174124000.0,1149936000.0,0.0,1149936000.0,27041313000.0,3512121000.0,23529192000.0,24050852709.0,58791000.0,-16817000.0,426902000.0,-10652000.0,-153589000.0,233667000.0,-718028000.0,49251000.0,543152000.0,0.0,31454000.0,31454000.0,31454000.0,0.0,1880000.0,0.017,603510000.0,150988000.0,903431000.0,5.35,2.012,27.94,28.059,26304446000.0,0.0,75.76,2.794,2.814,1119234000.0,3954492000.0,1884495000.0,1884495000.0,0.0,,,,,0.0,0.0,1.0,317461097.0,319664998.0,320388490.0,5.895,34568640000.0,0.0,30815000.0,3549922000.0,108.14,-1380424000.0
9,ES,MRQ,2019-03-31,2019-03-31,2019-03-31,2021-09-08,-57804000.0,38941007000.0,,2300864000.0,36640143000.0,,36.639,-628129000.0,35145000.0,35145000.0,1495067000.0,310558000.0,0.505,2.346,15172616000.0,2326559000.0,12846057000.0,15172616000.0,0.0,214948000.0,0.0,0.029,0.535,523805000.0,738753000.0,0.306,738753000.0,523805000.0,392071000.0,0.97,0.97,0.97,11637434000.0,,11637434000.0,37013465194.0,20.0,13.705,-246694000.0,-0.777,1.0,920725000.0,0.381,4427266000.0,131734000.0,45091850000.0,,277104000.0,1126881000.0,0.0,1126881000.0,27303573000.0,4559362000.0,22744211000.0,22489808194.0,-100952000.0,-249138000.0,0.0,548488000.0,-169757000.0,393284000.0,-875671000.0,-3297000.0,381435000.0,0.0,308678000.0,308678000.0,308678000.0,0.0,1880000.0,0.128,426025000.0,494700000.0,1006774000.0,0.552,1.933,20.977,21.116,26032781000.0,0.0,70.95,2.622,2.628,1299636000.0,4092895000.0,2415792000.0,2415792000.0,0.0,,,,,0.0,0.0,1.0,316981088.0,317624593.0,318316082.0,7.606,34513741000.0,0.0,83393000.0,3543052000.0,108.662,-2258498000.0
10,ES,MRQ,2018-12-31,2018-12-31,2018-12-31,2021-09-08,-60000000.0,38241256000.0,,2292224000.0,35949032000.0,,36.193,-684855000.0,108068000.0,108068000.0,1242946000.0,233187000.0,0.557,2.329,14631725000.0,1799651000.0,12832074000.0,14631725000.0,0.0,207853000.0,0.0,0.031,0.505,425853000.0,633706000.0,0.311,633706000.0,425853000.0,299782000.0,0.72,0.73,0.72,11486817000.0,,11486817000.0,34792869952.0,19.0,13.176,-261974000.0,-0.825,1.0,792012000.0,0.389,4427266000.0,126071000.0,44224765000.0,,238042000.0,881794000.0,0.0,881794000.0,26754439000.0,4112882000.0,22641557000.0,20610252952.0,74719000.0,-177808000.0,0.0,553325000.0,-160028000.0,383321000.0,-731483000.0,128363000.0,422881000.0,0.0,231307000.0,231307000.0,231307000.0,0.0,1880000.0,0.114,391989000.0,400023000.0,1119995000.0,0.701,1.794,19.952,20.012,25610428000.0,0.0,65.04,2.44,2.443,1170340000.0,3953974000.0,2034958000.0,2034958000.0,0.0,,,,,0.0,0.0,1.0,316885808.0,317379720.0,318130242.0,6.412,33813990000.0,0.0,68475000.0,3506030000.0,106.541,-1820658000.0
11,ES,MRQ,2018-09-30,2018-09-30,2018-09-30,2021-09-08,-59582000.0,37515669000.0,,2153371000.0,35362298000.0,,35.949,-556288000.0,59092000.0,59092000.0,1374057000.0,291260000.0,0.593,2.288,14241709000.0,1506842000.0,12734867000.0,14241709000.0,0.0,208671000.0,0.0,0.032,0.505,480859000.0,689530000.0,0.304,689530000.0,480859000.0,355658000.0,0.91,0.91,0.91,11408778000.0,,11408778000.0,33628343044.0,18.0,12.546,153239000.0,0.483,1.0,897368000.0,0.395,4427266000.0,125201000.0,43640748000.0,,192508000.0,585960000.0,0.0,585960000.0,26106891000.0,3630272000.0,22476619000.0,19469464044.0,12755000.0,-14122000.0,0.0,25956000.0,-160027000.0,-138354000.0,-558418000.0,7153000.0,709527000.0,0.0,289380000.0,289380000.0,289380000.0,0.0,1880000.0,0.127,431347000.0,466021000.0,962298000.0,0.555,1.707,18.737,18.789,24967702000.0,0.0,61.44,2.343,2.347,1261633000.0,3882695000.0,2271425000.0,2271425000.0,0.0,,,,,0.0,0.0,1.0,316885808.0,317360110.0,317967311.0,7.157,33088403000.0,0.0,66278000.0,3386324000.0,104.261,-1476901000.0
12,ES,MRQ,2018-06-30,2018-06-30,2018-06-30,2021-09-08,-60988000.0,37244344000.0,,2277590000.0,34966754000.0,,35.524,-658176000.0,64154000.0,64154000.0,1125204000.0,244647000.0,0.645,2.304,14223033000.0,1608833000.0,12614200000.0,14223033000.0,0.0,199140000.0,0.0,0.033,0.505,439623000.0,638763000.0,0.345,638763000.0,439623000.0,313219000.0,0.76,0.76,0.76,11273223000.0,,11273223000.0,32431452207.0,17.0,11.98,-137755000.0,-0.434,1.0,728652000.0,0.393,4427266000.0,126404000.0,43446402000.0,,171601000.0,576440000.0,0.0,576440000.0,25971121000.0,3529555000.0,22441566000.0,18572677207.0,-240765000.0,-5880000.0,0.0,66965000.0,-160028000.0,-93760000.0,-667426000.0,-328000.0,520421000.0,0.0,242767000.0,242767000.0,242767000.0,0.0,1880000.0,0.131,337298000.0,391354000.0,1010389000.0,0.664,1.648,18.387,18.431,24476890000.0,0.0,58.61,2.314,2.317,1127891000.0,3753343000.0,1853856000.0,1853856000.0,0.0,,,,,0.0,0.0,1.0,316885808.0,317344596.0,317885187.0,5.842,32817078000.0,156236000.0,70452000.0,3473870000.0,103.411,-1251965000.0
13,ES,MRQ,2018-03-31,2018-03-31,2018-03-31,2021-09-08,-63130000.0,37039983000.0,,2771436000.0,34268547000.0,,35.236,-476693000.0,303810000.0,303810000.0,1461729000.0,271426000.0,0.677,2.312,14162585000.0,2146593000.0,12015992000.0,14162585000.0,0.0,204266000.0,0.0,0.033,0.505,474441000.0,678707000.0,0.297,678707000.0,474441000.0,353312000.0,0.85,0.85,0.85,11183714000.0,,11183714000.0,32046353807.0,16.0,11.723,-298979000.0,-0.942,1.0,826233000.0,0.361,4427266000.0,121129000.0,42375474000.0,,264171000.0,580446000.0,0.0,580446000.0,25856269000.0,4096018000.0,21760251000.0,18670911807.0,276725000.0,-7340000.0,0.0,759777000.0,-160027000.0,578730000.0,-479719000.0,2174000.0,177714000.0,0.0,269546000.0,269546000.0,269546000.0,0.0,1880000.0,0.118,383701000.0,442532000.0,984343000.0,0.594,1.669,18.707,18.764,23958688000.0,0.0,58.92,2.353,2.357,1250364000.0,3670603000.0,2287962000.0,2287962000.0,0.0,,,,,0.0,0.0,1.0,316885808.0,317397052.0,317992999.0,7.209,32612717000.0,0.0,83766000.0,3389606000.0,102.751,-1324582000.0
14,ES,MRQ,2017-12-31,2017-12-31,2017-12-31,2021-09-08,-66403000.0,36220386000.0,,2487099000.0,33733287000.0,,34.929,-705825000.0,38165000.0,38165000.0,1128029000.0,239299000.0,0.693,2.267,13413607000.0,1637718000.0,11775889000.0,13413607000.0,0.0,202650000.0,0.0,0.03,0.475,470668000.0,673318000.0,0.355,673318000.0,470668000.0,368390000.0,0.75,0.75,0.75,11086242000.0,,11086242000.0,31339212349.0,16.0,11.345,-185470000.0,-0.584,1.0,767465000.0,0.405,4427266000.0,102278000.0,41579517000.0,,223063000.0,585419000.0,0.0,585419000.0,25134144000.0,3589045000.0,21545099000.0,20020845349.0,-86086000.0,-910286000.0,0.0,1129310000.0,-150521000.0,971984000.0,-1578425000.0,8034000.0,520355000.0,0.0,237419000.0,237419000.0,237419000.0,0.0,1880000.0,0.125,323652000.0,443813000.0,1085034000.0,0.633,1.806,20.264,20.315,23617463000.0,0.0,63.18,2.583,2.587,1126444000.0,3561084000.0,1895494000.0,1895494000.0,0.0,,,,,0.0,0.0,1.0,316885808.0,317396844.0,318105194.0,5.972,31793120000.0,0.0,130971000.0,3297518000.0,100.168,-1101946000.0
15,ES,MRQ,2017-09-30,2017-09-30,2017-09-30,2021-09-08,-63615000.0,33163620000.0,,2403470000.0,30760150000.0,,34.651,-495328000.0,125761000.0,125761000.0,1127742000.0,262250000.0,0.917,2.015,11444128000.0,975935000.0,10468193000.0,11444128000.0,0.0,194466000.0,0.0,0.031,0.475,521907000.0,716373000.0,0.36,716373000.0,521907000.0,413188000.0,0.82,0.82,0.82,10998037000.0,,10998037000.0,30448344236.0,15.0,11.148,85569000.0,0.27,1.0,860770000.0,0.433,3519401000.0,108719000.0,38342155000.0,,305035000.0,570255000.0,0.0,570255000.0,22165583000.0,2620431000.0,19545152000.0,19152578236.0,93248000.0,0.0,0.0,109500000.0,-150520000.0,-23475000.0,-464174000.0,34888000.0,580897000.0,0.0,260370000.0,260370000.0,260370000.0,0.0,1880000.0,0.131,365519000.0,495251000.0,794195000.0,0.579,1.741,19.548,19.56,22537304000.0,0.0,60.44,2.509,2.513,1066593000.0,3474185000.0,1988512000.0,1988512000.0,0.0,,,,,0.0,0.0,1.0,316885808.0,317393029.0,317949396.0,6.265,29644219000.0,0.0,152818000.0,6001589000.0,93.399,-216961000.0
16,ES,MRQ,2017-06-30,2017-06-30,2017-06-30,2021-09-08,-62935000.0,32658840000.0,,2330814000.0,30328026000.0,,34.297,-623392000.0,24638000.0,24638000.0,1016131000.0,232629000.0,0.616,2.0,11320404000.0,2421383000.0,8899021000.0,11320404000.0,0.0,189881000.0,0.0,0.03,0.475,475350000.0,665231000.0,0.377,665231000.0,475350000.0,368021000.0,0.72,0.72,0.72,10885523000.0,,10885523000.0,30209648404.0,15.0,11.116,-173791000.0,-0.548,1.0,746680000.0,0.424,3519401000.0,107329000.0,36649496000.0,,286296000.0,565460000.0,0.0,565460000.0,21773317000.0,3785709000.0,17987608000.0,19238137404.0,-47557000.0,0.0,0.0,312000000.0,-150521000.0,156178000.0,-653336000.0,-25610000.0,449601000.0,0.0,230749000.0,230749000.0,230749000.0,0.0,1880000.0,0.131,298472000.0,448208000.0,587174000.0,0.66,1.767,19.537,19.584,22071496000.0,0.0,60.71,2.504,2.508,992128000.0,3364336000.0,1762811000.0,1762811000.0,0.0,,,,,0.0,0.0,1.0,316885808.0,317391365.0,317947194.0,5.554,29139439000.0,0.0,137272000.0,5900052000.0,91.809,-1454895000.0
17,ES,MRQ,2017-03-31,2017-03-31,2017-03-31,2021-09-08,-62141000.0,32355176000.0,,2511399000.0,29843777000.0,,34.033,-523560000.0,45763000.0,45763000.0,1247178000.0,261338000.0,0.753,1.995,11017274000.0,1749383000.0,9267891000.0,11017274000.0,0.0,186805000.0,0.0,0.031,0.475,520716000.0,707521000.0,0.336,707521000.0,520716000.0,417287000.0,0.82,0.82,0.82,10804196000.0,,10804196000.0,29348033794.0,15.0,11.039,-78211000.0,-0.246,1.0,857957000.0,0.408,3519401000.0,103429000.0,36473521000.0,,361779000.0,561585000.0,0.0,561585000.0,21550980000.0,3333765000.0,18217215000.0,18626547794.0,19535000.0,0.0,0.0,277000000.0,-150521000.0,108767000.0,-534581000.0,5084000.0,445349000.0,0.0,259458000.0,259458000.0,259458000.0,0.0,1880000.0,0.123,356980000.0,500977000.0,745856000.0,0.579,1.724,19.451,19.464,21641898000.0,0.0,58.78,2.423,2.427,1046161000.0,3284108000.0,2105135000.0,2105135000.0,0.0,,,,,0.0,0.0,1.0,316885808.0,317463151.0,318124536.0,6.631,28835775000.0,0.0,157829000.0,5758603000.0,90.832,-822366000.0
18,ES,MRQ,2016-12-31,2016-12-31,2016-12-31,2021-09-08,-65282000.0,32053173000.0,,2477672000.0,29575501000.0,,33.737,-617696000.0,30251000.0,30251000.0,1030302000.0,231059000.0,0.681,1.992,10751737000.0,1922383000.0,8829354000.0,10751737000.0,0.0,183685000.0,0.0,0.032,0.445,458383000.0,642068000.0,0.361,642068000.0,458383000.0,355990000.0,0.73,0.72,0.73,10711734000.0,,10711734000.0,27805058176.0,15.0,10.638,-59822000.0,-0.188,1.0,746302000.0,0.42,3519401000.0,102393000.0,35616653000.0,,328721000.0,544642000.0,0.0,544642000.0,21341439000.0,3638605000.0,17702834000.0,17501603176.0,22645000.0,0.0,0.0,414000000.0,-141015000.0,254697000.0,-789926000.0,-217904000.0,557874000.0,0.0,229179000.0,229179000.0,229179000.0,0.0,1880000.0,0.129,326855000.0,419447000.0,884521000.0,0.61,1.634,18.573,18.596,21350510000.0,0.0,55.23,2.291,2.297,1015791000.0,3175171000.0,1776604000.0,1776604000.0,0.0,,,,,0.0,0.0,1.0,316885808.0,317510251.0,318282129.0,5.595,28533772000.0,0.0,126811000.0,5607207000.0,89.867,-1160933000.0
19,ES,MRQ,2016-09-30,2016-09-30,2016-09-30,2021-09-08,-65617000.0,31082337000.0,,2414652000.0,28667685000.0,,33.473,-490003000.0,40056000.0,40056000.0,1155486000.0,267199000.0,0.914,1.922,10343511000.0,1108383000.0,9235128000.0,10343511000.0,0.0,181289000.0,0.0,0.032,0.445,521630000.0,702919000.0,0.345,702919000.0,521630000.0,421765000.0,0.83,0.83,0.83,10637384000.0,,10637384000.0,27529358210.0,15.0,10.855,181927000.0,0.572,1.0,884220000.0,0.434,3519401000.0,99865000.0,35224363000.0,,311051000.0,525809000.0,0.0,525809000.0,20444953000.0,2642028000.0,17802925000.0,17186277210.0,1330000.0,0.0,0.0,-32500000.0,-141157000.0,-175800000.0,-494800000.0,1675000.0,671930000.0,0.0,265319000.0,265319000.0,265319000.0,0.0,1880000.0,0.13,374351000.0,509869000.0,679505000.0,0.536,1.616,19.204,19.281,20807943000.0,0.0,54.18,2.275,2.279,1151028000.0,3087006000.0,2039706000.0,2039706000.0,0.0,,,,,0.0,0.0,1.0,317207036.0,317787836.0,318577079.0,6.418,27562936000.0,4527000.0,156446000.0,5442856000.0,86.734,-227376000.0
20,ES,MRQ,2016-06-30,2016-06-30,2016-06-30,2021-09-08,-65364000.0,30882663000.0,,2415284000.0,28467379000.0,,33.071,-437696000.0,38726000.0,38726000.0,1056304000.0,205529000.0,1.048,1.939,10381807000.0,945883000.0,9435924000.0,10381807000.0,0.0,176506000.0,0.0,0.029,0.445,429580000.0,606086000.0,0.343,606086000.0,429580000.0,329088000.0,0.64,0.64,0.64,10509408000.0,,10509408000.0,29242805456.0,16.0,11.822,40778000.0,0.128,1.0,710880000.0,0.402,3519401000.0,100492000.0,35402574000.0,,292547000.0,518750000.0,0.0,518750000.0,20373255000.0,2303769000.0,18069486000.0,19000701456.0,-12240000.0,0.0,0.0,97500000.0,-141157000.0,-48492000.0,-442222000.0,3959000.0,478474000.0,0.0,203649000.0,203649000.0,203649000.0,0.0,1880000.0,0.115,287458000.0,423422000.0,631566000.0,0.695,1.808,21.953,22.022,20448475000.0,0.0,59.9,2.551,2.556,1010164000.0,2962843000.0,1767184000.0,1767184000.0,0.0,,,,,0.0,0.0,1.0,317207036.0,317785495.0,318476699.0,5.561,27363262000.0,103926000.0,125439000.0,5398926000.0,86.106,111515000.0
21,ES,MRQ,2016-03-31,2016-03-31,2016-03-31,2021-09-08,-65175000.0,30712475000.0,,2590547000.0,28121928000.0,,32.875,-431472000.0,50966000.0,50966000.0,1234941000.0,246033000.0,0.999,1.942,10293070000.0,1148383000.0,9144687000.0,10293070000.0,0.0,173986000.0,0.0,0.029,0.445,488667000.0,662653000.0,0.322,662653000.0,488667000.0,390455000.0,0.77,0.77,0.77,10438499000.0,,10438499000.0,28676400467.0,16.0,11.685,68492000.0,0.216,1.0,820694000.0,0.399,3519401000.0,98212000.0,34841264000.0,,359225000.0,502948000.0,0.0,502948000.0,20273976000.0,2593914000.0,17680062000.0,18504937467.0,27019000.0,0.0,0.0,108547000.0,-141157000.0,-48345000.0,-424600000.0,1378000.0,499964000.0,0.0,244153000.0,244153000.0,244153000.0,0.0,1880000.0,0.119,332158000.0,488536000.0,646440000.0,0.578,1.773,21.285,21.37,20096693000.0,0.0,58.34,2.468,2.471,1083061000.0,2900351000.0,2055635000.0,2055635000.0,0.0,,,,,0.0,0.0,1.0,317191249.0,317517141.0,318481050.0,6.474,27193074000.0,44171000.0,146302000.0,5284255000.0,85.643,-3367000.0
22,ES,MRQ,2015-12-31,2015-12-31,2015-12-31,2021-09-08,-66844000.0,30580309000.0,,2618786000.0,27961523000.0,,32.61,-546854000.0,23947000.0,23947000.0,1040433000.0,183685000.0,0.876,1.954,10195410000.0,1389836000.0,8805574000.0,10195410000.0,0.0,170467000.0,0.0,0.033,0.417,393917000.0,564384000.0,0.334,564384000.0,393917000.0,301132000.0,0.57,0.57,0.57,10352215000.0,,10352215000.0,26165057086.0,15.0,10.65,-464420000.0,-1.463,1.0,650797000.0,0.385,3519401000.0,92785000.0,34242581000.0,,336476000.0,516478000.0,0.0,516478000.0,20228094000.0,2989790000.0,17238304000.0,16198957086.0,-11834000.0,0.0,0.0,545453000.0,-132428000.0,406366000.0,-500634000.0,37160000.0,82434000.0,0.0,181805000.0,181805000.0,181805000.0,0.0,1880000.0,0.107,265361000.0,385436000.0,813646000.0,0.732,1.565,18.44,18.437,19892441000.0,0.0,51.07,2.036,2.037,978127000.0,2797355000.0,1691230000.0,1691230000.0,0.0,,,,,0.0,0.0,1.0,317191249.0,317459203.0,318542622.0,5.327,27060908000.0,305359000.0,119327000.0,5147678000.0,85.242,-371004000.0
23,ES,MRQ,2015-09-30,2015-09-30,2015-09-30,2021-09-08,-73546000.0,30046026000.0,,2367688000.0,27678338000.0,,32.428,-436906000.0,35781000.0,35781000.0,1180727000.0,237799000.0,0.797,1.919,10001881000.0,1244383000.0,8757498000.0,10001881000.0,0.0,167884000.0,0.0,0.032,0.417,472600000.0,640484000.0,0.331,640484000.0,472600000.0,380066000.0,0.74,0.74,0.74,10294430000.0,,10294430000.0,25941066562.0,14.0,10.44,49129000.0,0.155,1.0,752378000.0,0.389,3519401000.0,92534000.0,33521032000.0,,302225000.0,596480000.0,119702000.0,476778000.0,19751596000.0,2971693000.0,16779903000.0,16055305562.0,-688000.0,0.0,0.0,86677000.0,-132427000.0,-44017000.0,-442706000.0,1790000.0,486035000.0,0.0,235920000.0,235920000.0,235920000.0,0.0,1879000.0,0.122,283140000.0,469238000.0,610753000.0,0.564,1.56,17.484,17.516,19406025000.0,0.0,50.62,1.971,1.973,1125984000.0,2747977000.0,1933105000.0,1933105000.0,0.0,,,,,0.0,0.0,1.0,317173164.0,317452212.0,318405269.0,6.089,26526625000.0,12247000.0,144146000.0,4782100000.0,83.561,-604005000.0
24,ES,MRQ,2015-06-30,2015-06-30,2015-06-30,2021-09-08,-72033000.0,29879939000.0,,2449929000.0,27430010000.0,,32.067,-377793000.0,36469000.0,36469000.0,1140694000.0,209387000.0,0.863,1.934,9922230000.0,1232583000.0,8689647000.0,9922230000.0,0.0,163668000.0,0.0,0.036,0.417,423034000.0,586702000.0,0.323,586702000.0,423034000.0,330775000.0,0.65,0.65,0.65,10185053000.0,,10185053000.0,24204497791.0,13.0,9.886,-4052000.0,-0.013,1.0,676367000.0,0.372,3519401000.0,92259000.0,33407314000.0,,289561000.0,622749000.0,124830000.0,497919000.0,19694886000.0,2838985000.0,16855901000.0,14424374791.0,-34558000.0,0.0,0.0,83623000.0,-132503000.0,-57014000.0,-351285000.0,21753000.0,373741000.0,0.0,207507000.0,207507000.0,207507000.0,0.0,1880000.0,0.114,264352000.0,412015000.0,598716000.0,0.642,1.416,15.73,15.713,19079189000.0,0.0,45.41,1.78,1.78,1108733000.0,2644485000.0,1817061000.0,1817061000.0,0.0,,,,,0.0,0.0,1.0,317647540.0,317613166.0,318559568.0,5.721,26360538000.0,117792000.0,123268000.0,4809534000.0,82.996,-389056000.0
25,ES,MRQ,2015-03-31,2015-03-31,2015-03-31,2021-09-08,-72414000.0,29951765000.0,,2792691000.0,27159074000.0,,31.885,-362586000.0,71027000.0,71027000.0,1644912000.0,255133000.0,0.897,1.962,9851150000.0,1249083000.0,8602067000.0,9851150000.0,0.0,163837000.0,0.0,0.032,0.417,501323000.0,665160000.0,0.265,665160000.0,501323000.0,406480000.0,0.8,0.8,0.8,10110405000.0,,10110405000.0,25794856208.0,15.0,11.159,128955000.0,0.407,1.0,868519000.0,0.346,3519401000.0,94843000.0,33100705000.0,,281492000.0,518065000.0,0.0,518065000.0,19841360000.0,3111782000.0,16729578000.0,16025134208.0,32324000.0,0.0,0.0,50425000.0,-132433000.0,-94692000.0,-364525000.0,-2005000.0,491541000.0,0.0,253254000.0,253254000.0,253254000.0,0.0,1879000.0,0.101,371044000.0,497475000.0,739324000.0,0.521,1.585,19.149,19.136,18810708000.0,0.0,50.52,2.012,2.011,1361194000.0,2569482000.0,2513431000.0,2513431000.0,0.0,,,,,0.0,0.0,1.0,317203765.0,317090841.0,318491188.0,7.927,26432364000.0,99680000.0,153226000.0,4793212000.0,83.359,-319091000.0
26,ES,MRQ,2014-12-31,2014-12-31,2014-12-31,2021-09-08,-74009000.0,29740387000.0,,2692465000.0,27047922000.0,,31.5,-486251000.0,38703000.0,38703000.0,1200649000.0,223489000.0,0.859,1.981,9770837000.0,1202408000.0,8568429000.0,9770837000.0,0.0,158433000.0,0.0,0.029,0.393,433946000.0,592379000.0,0.315,592379000.0,433946000.0,344048000.0,0.7,0.69,0.7,9976815000.0,,9976815000.0,26372925336.0,16.0,11.646,-238292000.0,-0.752,1.0,680471000.0,0.362,3519401000.0,89898000.0,32818739000.0,,349664000.0,515025000.0,0.0,515025000.0,19763572000.0,3134381000.0,16629191000.0,16955102336.0,-3003000.0,0.0,0.0,354174000.0,-119147000.0,217617000.0,-468579000.0,-11156000.0,247959000.0,0.0,221609000.0,221609000.0,221609000.0,0.0,1880000.0,0.118,250210000.0,430261000.0,868231000.0,0.561,1.699,20.688,20.664,18647041000.0,0.0,53.52,2.19,2.185,1068104000.0,2448661000.0,1881120000.0,1881120000.0,0.0,,,,,0.0,0.0,1.0,316799371.0,316721280.0,318110186.0,5.939,26220986000.0,337307000.0,122439000.0,4627761000.0,82.789,-441916000.0
27,ES,MRQ,2014-09-30,2014-09-30,2014-09-30,2021-09-08,-40172000.0,27982311000.0,,2101550000.0,25880761000.0,,31.266,-393450000.0,41706000.0,41706000.0,1202250000.0,236493000.0,0.717,1.829,9459529000.0,1292544000.0,8166985000.0,9459529000.0,0.0,153210000.0,0.0,0.035,0.393,450891000.0,604101000.0,0.319,604101000.0,450891000.0,361153000.0,0.74,0.74,0.74,9890552000.0,,9890552000.0,23429506497.0,15.0,10.716,113904000.0,0.36,1.0,690282000.0,0.365,3519401000.0,89738000.0,30951057000.0,,333869000.0,632754000.0,114722000.0,518032000.0,18091759000.0,2929676000.0,15162083000.0,14015890497.0,7610000.0,0.0,0.0,19000000.0,-118919000.0,-97957000.0,-401787000.0,-195000.0,507354000.0,0.0,234614000.0,234614000.0,234614000.0,0.0,1879000.0,0.124,249372000.0,440910000.0,608639000.0,0.531,1.417,18.077,18.082,18254610000.0,0.0,44.3,1.835,1.835,1029794000.0,2351421000.0,1892532000.0,1892532000.0,0.0,,,,,0.0,0.0,1.0,316385790.0,316340691.0,317554925.0,5.983,24462910000.0,0.0,126539000.0,4257996000.0,77.331,-828126000.0
28,ES,MRQ,2014-06-30,2014-06-30,2014-06-30,2021-09-08,-41507000.0,27790445000.0,,2068475000.0,25721970000.0,,30.871,-375352000.0,34096000.0,34096000.0,1132248000.0,129247000.0,0.738,1.849,9447712000.0,1300583000.0,8147129000.0,9447712000.0,0.0,152207000.0,0.0,0.032,0.393,297636000.0,449843000.0,0.268,449843000.0,297636000.0,205141000.0,0.4,0.4,0.4,9753807000.0,,9753807000.0,24267485713.0,16.0,11.352,27515000.0,0.087,1.0,545366000.0,0.325,3519401000.0,92495000.0,30881852000.0,,281721000.0,629973000.0,115987000.0,513986000.0,18036638000.0,2802808000.0,15233830000.0,14936623713.0,-55054000.0,0.0,0.0,34850000.0,-118701000.0,-87646000.0,-370275000.0,3241000.0,402867000.0,0.0,127367000.0,127367000.0,127367000.0,0.0,1880000.0,0.076,251376000.0,293990000.0,561699000.0,0.983,1.531,19.91,19.945,17978692000.0,0.0,47.27,1.955,1.955,1001493000.0,2241025000.0,1677614000.0,1677614000.0,0.0,,,,,0.0,0.0,1.0,315985270.0,315950510.0,317112801.0,5.31,24271044000.0,0.0,77774000.0,4270050000.0,76.819,-734333000.0
29,ES,MRQ,2014-03-31,2014-03-31,2014-03-31,2021-09-08,-44321000.0,28096870000.0,,2365809000.0,25731061000.0,,30.817,-348691000.0,89150000.0,89150000.0,1475371000.0,237836000.0,0.848,1.889,9420012000.0,1101680000.0,8318332000.0,9420012000.0,0.0,150807000.0,0.0,0.033,0.393,467477000.0,618284000.0,0.27,618284000.0,467477000.0,377502000.0,0.75,0.74,0.75,9723933000.0,,9723933000.0,23712104770.0,15.0,10.774,145105000.0,0.46,1.0,815219000.0,0.356,3519401000.0,89975000.0,31118187000.0,,228192000.0,507931000.0,0.0,507931000.0,18372937000.0,2790144000.0,15582793000.0,14352289770.0,45786000.0,0.0,0.0,25500000.0,-118460000.0,-96856000.0,-351154000.0,-4100000.0,493796000.0,0.0,235957000.0,235957000.0,235957000.0,0.0,1879000.0,0.103,347530000.0,467689000.0,711594000.0,0.524,1.476,18.079,18.127,17713027000.0,0.0,45.5,1.889,1.89,1182900000.0,2237710000.0,2290590000.0,2290590000.0,0.0,,,,,0.0,0.0,1.0,315434940.0,315534512.0,316892119.0,7.259,24577469000.0,0.0,141545000.0,4209969000.0,77.892,-424335000.0
30,ES,MRQ,2013-12-31,2013-12-31,2013-12-31,2021-09-08,-46031000.0,27795537000.0,,2087049000.0,25708488000.0,,30.448,-383028000.0,43364000.0,43364000.0,1146372000.0,179276000.0,0.637,1.892,9403179000.0,1626346000.0,7776833000.0,9403179000.0,0.0,147142000.0,0.0,0.035,0.367,367012000.0,514154000.0,0.289,514154000.0,367012000.0,278896000.0,0.56,0.56,0.56,9611528000.0,,9611528000.0,22694434839.0,15.0,10.495,103543000.0,0.328,1.0,631357000.0,0.355,3519401000.0,88116000.0,30360300000.0,,303233000.0,488515000.0,0.0,488515000.0,18184009000.0,3275651000.0,14908358000.0,13356837839.0,-14577000.0,0.0,0.0,15715000.0,-121021000.0,-118903000.0,-382245000.0,1089000.0,486571000.0,0.0,177397000.0,177397000.0,177397000.0,0.0,1879000.0,0.1,270705000.0,360652000.0,742251000.0,0.655,1.39,16.993,17.024,17576186000.0,0.0,42.39,1.829,1.831,990373000.0,2125980000.0,1777729000.0,1777729000.0,0.0,,,,,0.0,0.0,1.0,315094075.0,315670292.0,316661247.0,5.632,24276136000.0,16629000.0,101499000.0,4029026000.0,76.903,-1188602000.0
31,ES,MRQ,2013-09-30,2013-09-30,2013-09-30,2021-09-08,-67387000.0,28444318000.0,,2018132000.0,26426186000.0,,30.186,-373507000.0,57941000.0,57941000.0,1168080000.0,211380000.0,0.597,1.989,9395538000.0,1951346000.0,7444192000.0,9395538000.0,0.0,149105000.0,0.0,0.035,0.367,406328000.0,555433000.0,0.293,555433000.0,406328000.0,318852000.0,0.66,0.66,0.66,9517453000.0,,9517453000.0,22281690871.0,15.0,10.452,34437000.0,0.109,1.0,724510000.0,0.383,3519401000.0,87476000.0,30884084000.0,,304698000.0,556981000.0,0.0,556981000.0,18926865000.0,3378430000.0,15548435000.0,12983503871.0,21886000.0,0.0,0.0,68535000.0,-109652000.0,-44899000.0,-341159000.0,28504000.0,407944000.0,0.0,209501000.0,209501000.0,209501000.0,0.0,1879000.0,0.111,325248000.0,399262000.0,554010000.0,0.556,1.364,16.575,16.566,17187896000.0,0.0,41.25,1.801,1.804,958595000.0,2064401000.0,1892590000.0,1892590000.0,0.0,,,,,0.0,0.0,1.0,314751609.0,315291346.0,316218239.0,6.003,24924917000.0,0.0,109351000.0,3954246000.0,79.054,-1360298000.0
32,ES,MRQ,2013-06-30,2013-06-30,2013-06-30,2021-09-08,-69469000.0,28196892000.0,,2051093000.0,26145799000.0,,29.848,-311302000.0,36055000.0,36055000.0,968935000.0,173064000.0,0.666,1.998,9334242000.0,1682846000.0,7651396000.0,9334242000.0,0.0,159553000.0,0.0,0.034,0.367,353477000.0,513030000.0,0.314,513030000.0,353477000.0,266627000.0,0.54,0.54,0.54,9406612000.0,,9406612000.0,22425070917.0,15.0,10.498,-15421000.0,-0.049,1.0,666927000.0,0.408,3519401000.0,86850000.0,30894168000.0,,280600000.0,591185000.0,0.0,591185000.0,18790280000.0,3081510000.0,15708770000.0,13220388917.0,-24762000.0,0.0,0.0,77255000.0,-115637000.0,-49737000.0,-270906000.0,4115000.0,295881000.0,0.0,171021000.0,171021000.0,171021000.0,0.0,2043000.0,0.105,308269000.0,358658000.0,532036000.0,0.68,1.405,16.918,16.876,16931448000.0,0.0,42.02,1.842,1.845,982944000.0,1969755000.0,1635862000.0,1635862000.0,0.0,,,,,0.0,0.0,1.0,314621345.0,315154130.0,315962619.0,5.191,24677491000.0,0.0,95606000.0,3745144000.0,78.303,-1030417000.0
33,ES,MRQ,2013-03-31,2013-03-31,2013-03-31,2021-09-08,-70898000.0,28328661000.0,,2158011000.0,26170650000.0,,29.655,-388950000.0,60817000.0,60817000.0,1226782000.0,229968000.0,0.562,2.031,9265499000.0,2234328000.0,7031171000.0,9265499000.0,0.0,154977000.0,0.0,0.032,0.367,424831000.0,579808000.0,0.291,579808000.0,424831000.0,348576000.0,0.72,0.72,0.72,9345231000.0,,9345231000.0,22781222258.0,17.0,11.821,84193000.0,0.267,1.0,768241000.0,0.385,3519401000.0,76255000.0,30174305000.0,,239226000.0,686088000.0,99115000.0,586973000.0,18983430000.0,3839637000.0,15143793000.0,13661141258.0,15069000.0,0.0,0.0,109471000.0,-116431000.0,-11161000.0,-446913000.0,-85960000.0,473143000.0,0.0,228089000.0,228089000.0,228089000.0,0.0,1879000.0,0.114,314797000.0,453444000.0,633458000.0,0.51,1.462,20.864,20.695,16737549000.0,0.0,43.46,1.906,1.91,1028859000.0,1914371000.0,1995023000.0,1995023000.0,0.0,,,,,0.0,0.0,1.0,314338271.0,315129782.0,316002538.0,6.331,24809260000.0,0.0,120487000.0,3614278000.0,78.727,-1681626000.0
34,ES,MRQ,2012-12-31,2012-12-31,2012-12-31,2021-09-08,-72854000.0,28302824000.0,,2227295000.0,26075529000.0,,29.331,-390522000.0,45748000.0,45748000.0,1054501000.0,176595000.0,0.611,2.064,9165829000.0,1883534000.0,7282295000.0,9165829000.0,0.0,149212000.0,0.0,0.034,0.343,334352000.0,483564000.0,0.287,483564000.0,334352000.0,250263000.0,0.57,0.57,0.57,9237050000.0,,9237050000.0,21268330373.0,19.0,12.891,-25298000.0,-0.08,1.0,629451000.0,0.374,3519401000.0,84089000.0,30259814000.0,,267713000.0,490941000.0,0.0,490941000.0,19065774000.0,3643690000.0,15422084000.0,12268900373.0,-27701000.0,0.0,0.0,129967000.0,-107691000.0,13663000.0,-406588000.0,-11484000.0,365224000.0,0.0,174716000.0,174716000.0,174716000.0,0.0,1879000.0,0.104,258183000.0,371268000.0,764350000.0,0.602,1.328,23.327,20.568,16605010000.0,0.0,39.08,1.956,1.727,1008862000.0,1802714000.0,1683952000.0,1683952000.0,0.0,,,,,0.0,0.0,1.0,313943203.0,314929368.0,315914393.0,5.347,24783423000.0,0.0,75547000.0,3463347000.0,78.695,-1416395000.0
35,ES,MRQ,2012-09-30,2012-09-30,2012-09-30,2021-09-08,-64209000.0,27757562000.0,,2138986000.0,25618576000.0,,29.151,-391374000.0,73449000.0,73449000.0,1118944000.0,209508000.0,0.563,2.025,9072879000.0,2238996000.0,6833883000.0,9072879000.0,0.0,144474000.0,0.0,0.033,0.343,415349000.0,559823000.0,0.301,559823000.0,415349000.0,324988000.0,0.66,0.66,0.66,9176866000.0,,9176866000.0,20996575735.0,21.0,14.604,84228000.0,0.268,1.0,742585000.0,0.399,3518454000.0,90361000.0,29437815000.0,,267281000.0,569081000.0,81618000.0,487463000.0,18580696000.0,3800723000.0,14779973000.0,11996744735.0,44966000.0,0.0,0.0,37102000.0,-107648000.0,-59047000.0,-371589000.0,-9206000.0,475602000.0,0.0,207628000.0,207628000.0,207628000.0,0.0,1880000.0,0.112,286636000.0,455949000.0,542691000.0,0.52,1.307,25.826,19.115,16303805000.0,0.0,38.23,2.12,2.127,956058000.0,1735690000.0,1861529000.0,1861529000.0,0.0,,,,,0.0,0.0,1.0,313804466.0,314806441.0,315805796.0,5.913,24239108000.0,0.0,117360000.0,3429538000.0,76.997,-1661737000.0
36,ES,MRQ,2012-06-30,2012-06-30,2012-06-30,2021-09-08,-66387000.0,27506300000.0,,1954005000.0,25552295000.0,,30.12,-386082000.0,28483000.0,28483000.0,1184853000.0,46219000.0,0.56,2.033,9028314000.0,1931708000.0,7096606000.0,9028314000.0,0.0,144485000.0,0.0,0.031,0.343,159441000.0,303926000.0,0.187,303926000.0,159441000.0,70394000.0,0.15,0.15,0.15,9067639000.0,,9067639000.0,17886369267.0,23.0,15.461,-74495000.0,-0.247,1.0,443831000.0,0.273,3518454000.0,89047000.0,29497210000.0,,262562000.0,545149000.0,79231000.0,465918000.0,18438661000.0,3490467000.0,14948194000.0,12170974267.0,-254896000.0,0.0,0.0,-70735000.0,-107604000.0,-179205000.0,-387278000.0,-10022000.0,311587000.0,0.0,44339000.0,44339000.0,44339000.0,0.0,1880000.0,0.027,243564000.0,200267000.0,600995000.0,2.287,1.342,35.089,20.978,16054913000.0,0.0,38.81,2.478,2.379,864172000.0,1635709000.0,1628684000.0,1628684000.0,0.0,,,,,0.0,0.0,1.0,313604078.0,301047753.0,301816884.0,5.41,23987846000.0,0.0,26055000.0,3249323000.0,79.681,-1536462000.0
37,ES,MRQ,2012-03-31,2012-03-31,2012-03-31,2021-09-08,-68822000.0,15978354000.0,,1523466000.0,14454888000.0,,22.848,-304294000.0,283379000.0,283379000.0,743345000.0,100755000.0,0.774,2.927,5998774000.0,927286000.0,5071488000.0,5998774000.0,0.0,80839000.0,0.0,0.03,0.294,221673000.0,302512000.0,0.275,302512000.0,221673000.0,155226000.0,0.56,0.56,0.56,4068301000.0,,4068301000.0,11946999868.0,15.0,10.757,-295478000.0,-1.659,1.0,356278000.0,0.324,287591000.0,66447000.0,19438477000.0,,219091000.0,231008000.0,62700000.0,168308000.0,11906694000.0,1967681000.0,9939013000.0,6577803868.0,276820000.0,0.0,0.0,625097000.0,-52104000.0,570473000.0,-302469000.0,-623000.0,8816000.0,0.0,99262000.0,99262000.0,99262000.0,0.0,1493000.0,0.09,123538000.0,232740000.0,412884000.0,0.525,1.617,17.319,17.346,10613199000.0,0.0,37.12,1.519,1.526,621657000.0,1698553000.0,1099623000.0,1099623000.0,0.0,,,,,0.0,0.0,1.0,177203768.0,178055716.0,178437453.0,6.176,15690763000.0,0.0,55964000.0,1923266000.0,88.123,-444215000.0
38,ES,MRQ,2011-12-31,2011-12-31,2011-12-31,2021-09-08,-70686000.0,15647066000.0,,1357472000.0,14289594000.0,,22.593,-374511000.0,6559000.0,6559000.0,749707000.0,114779000.0,0.697,2.899,5375755000.0,648582000.0,4727173000.0,5375755000.0,0.0,79408000.0,0.0,0.03,0.275,192027000.0,271435000.0,0.254,271435000.0,192027000.0,126318000.0,0.63,0.64,0.63,4012670000.0,,4012670000.0,11478231845.0,14.0,10.264,-292572000.0,-1.647,1.0,318326000.0,0.298,287591000.0,65709000.0,18780989000.0,,248958000.0,229638000.0,70970000.0,158668000.0,11631440000.0,1947682000.0,9683758000.0,6385554845.0,-10162000.0,0.0,0.0,268886000.0,-48690000.0,216630000.0,-308731000.0,-743000.0,81939000.0,0.0,113299000.0,113299000.0,113299000.0,0.0,1480000.0,0.106,115592000.0,202734000.0,633282000.0,0.437,1.591,16.179,16.248,10403065000.0,0.0,36.07,1.43,1.433,663209000.0,1651875000.0,1068033000.0,1068033000.0,0.0,,,,,0.0,0.0,1.0,177032294.0,177607225.0,178275190.0,6.013,15359475000.0,0.0,13019000.0,1868316000.0,86.48,-590210000.0
39,ES,MRQ,2011-09-30,2011-09-30,2011-09-30,2021-09-08,-55214000.0,14728717000.0,,1327375000.0,13401342000.0,,22.289,-280534000.0,16721000.0,16721000.0,746782000.0,91431000.0,0.865,2.722,5109398000.0,364327000.0,4745071000.0,5109398000.0,0.0,75196000.0,0.0,0.032,0.275,203776000.0,278972000.0,0.25,278972000.0,203776000.0,139844000.0,0.51,0.51,0.51,3956197000.0,,3956197000.0,10914658044.0,13.0,9.622,-78782000.0,-0.444,1.0,368110000.0,0.33,287591000.0,63932000.0,17998496000.0,,237794000.0,218136000.0,74525000.0,143611000.0,10770067000.0,1535307000.0,9234760000.0,5952470044.0,1614000.0,0.0,0.0,136122000.0,-48658000.0,82010000.0,-282148000.0,-593000.0,201752000.0,0.0,89961000.0,89961000.0,89961000.0,0.0,1470000.0,0.081,146614000.0,221496000.0,476214000.0,0.539,1.505,14.495,14.504,10096063000.0,0.0,33.65,1.294,1.298,632662000.0,1587528000.0,1114892000.0,1114892000.0,0.0,,,,,0.0,0.0,1.0,176893612.0,177497862.0,177835348.0,6.281,14441126000.0,203000.0,49883000.0,1930261000.0,81.359,-207932000.0
40,ES,MRQ,2011-06-30,2011-06-30,2011-06-30,2021-09-08,-45791000.0,14442346000.0,,1337862000.0,13104484000.0,,22.076,-184996000.0,15107000.0,15107000.0,731662000.0,78719000.0,0.906,2.688,4977295000.0,473991000.0,4503304000.0,4977295000.0,0.0,73637000.0,0.0,0.03,0.275,184027000.0,257664000.0,0.246,257664000.0,184027000.0,121793000.0,0.44,0.44,0.44,3915106000.0,,3915106000.0,11252589992.0,13.0,9.917,128933000.0,0.727,1.0,315819000.0,0.302,287591000.0,62234000.0,17640916000.0,,230754000.0,219564000.0,74680000.0,144884000.0,10525393000.0,1476027000.0,9049366000.0,6217234992.0,-252000.0,0.0,0.0,-71538000.0,-48619000.0,-123418000.0,-190763000.0,-611000.0,313929000.0,0.0,77278000.0,77278000.0,77278000.0,0.0,1441000.0,0.074,120599000.0,195220000.0,373799000.0,0.625,1.588,14.76,14.777,9863789000.0,0.0,35.17,1.314,1.319,625291000.0,1546493000.0,1047481000.0,1047481000.0,0.0,,,,,0.0,0.0,1.0,176776656.0,177347374.0,177626992.0,5.906,14154755000.0,49130000.0,44515000.0,1881288000.0,79.814,-138165000.0
41,ES,MRQ,2011-03-31,2011-03-31,2011-03-31,2021-09-08,-41267000.0,14418532000.0,,1406965000.0,13011567000.0,,21.928,-236689000.0,15359000.0,15359000.0,882254000.0,115584000.0,1.165,2.711,5050714000.0,255286000.0,4795428000.0,5050714000.0,0.0,73951000.0,0.0,0.03,0.275,236241000.0,310192000.0,0.251,310192000.0,236241000.0,177692000.0,0.64,0.64,0.64,3885335000.0,,3885335000.0,11231380894.0,13.0,9.899,136077000.0,0.768,1.0,352997000.0,0.286,287591000.0,58549000.0,17959109000.0,,202561000.0,220745000.0,79337000.0,141408000.0,10531700000.0,1207187000.0,9324513000.0,6107051894.0,-8036000.0,0.0,0.0,-94868000.0,-48588000.0,-143857000.0,-236945000.0,-584000.0,372766000.0,0.0,114155000.0,114155000.0,114155000.0,0.0,1429000.0,0.092,108358000.0,244639000.0,352606000.0,0.43,1.572,14.684,14.723,9716414000.0,0.0,34.6,1.274,1.279,706632000.0,1518099000.0,1235251000.0,1235251000.0,0.0,,,,,0.0,0.0,1.0,176504390.0,177188207.0,177480996.0,6.971,14130941000.0,86695000.0,63537000.0,1825238000.0,79.751,199778000.0
42,ES,MRQ,2010-12-31,2010-12-31,2010-12-31,2021-09-08,-43370000.0,14472601000.0,,1507000000.0,12965601000.0,,21.548,-276893000.0,23395000.0,23395000.0,715643000.0,131223000.0,1.12,2.797,5147724000.0,333286000.0,4814438000.0,5147724000.0,0.0,72052000.0,0.0,0.032,0.256,215486000.0,287538000.0,0.239,287538000.0,215486000.0,178552000.0,0.73,0.73,0.73,3811176000.0,,3811176000.0,10684788444.0,13.0,9.402,-27077000.0,-0.153,1.0,488342000.0,0.406,287591000.0,36934000.0,17964192000.0,,244043000.0,252749000.0,78306000.0,174443000.0,10659968000.0,1345147000.0,9314821000.0,5621010444.0,-17784000.0,0.0,0.0,45860000.0,-45193000.0,607000.0,-268207000.0,-569000.0,249816000.0,0.0,129269000.0,129269000.0,129269000.0,0.0,1954000.0,0.107,235221000.0,253121000.0,417285000.0,0.351,1.475,14.489,14.491,9567726000.0,0.0,31.88,1.148,1.15,732478000.0,1452777000.0,1203985000.0,1203985000.0,0.0,,,,,0.0,0.0,1.0,176317768.0,176870677.0,177255284.0,6.807,14185010000.0,89638000.0,49283000.0,1743817000.0,80.2,161853000.0
43,ES,MRQ,2010-09-30,2010-09-30,2010-09-30,2021-09-08,-40979000.0,14297588000.0,,1235995000.0,13061593000.0,,21.061,-235175000.0,41179000.0,41179000.0,861975000.0,101935000.0,1.169,2.84,5104957000.0,222286000.0,4882671000.0,5104957000.0,0.0,70954000.0,0.0,0.034,0.256,208340000.0,279294000.0,0.225,279294000.0,208340000.0,142442000.0,0.57,0.57,0.57,3722663000.0,,3722663000.0,10293284307.0,13.0,9.115,74693000.0,0.423,1.0,381362000.0,0.307,287591000.0,65898000.0,18016627000.0,,247254000.0,271051000.0,90620000.0,180431000.0,10573490000.0,1057148000.0,9516342000.0,5208774307.0,-47596000.0,0.0,0.0,-68437000.0,-45155000.0,-115570000.0,-241894000.0,-676000.0,309868000.0,0.0,100524000.0,100524000.0,100524000.0,0.0,1411000.0,0.081,121295000.0,260067000.0,379184000.0,0.449,1.399,15.168,15.164,9318017000.0,0.0,29.57,1.04,1.043,678203000.0,1368956000.0,1243337000.0,1243337000.0,0.0,,,,,0.0,0.0,1.0,176150636.0,176752714.0,177012278.0,7.034,14009997000.0,0.0,41918000.0,1616125000.0,79.263,178847000.0
44,ES,MRQ,2010-06-30,2010-06-30,2010-06-30,2021-09-08,-41805000.0,14229723000.0,,1212859000.0,13016864000.0,,20.722,-239917000.0,88775000.0,88775000.0,790117000.0,73348000.0,1.256,2.889,5173285000.0,223599000.0,4949686000.0,5173285000.0,0.0,79075000.0,0.0,0.039,0.256,178494000.0,257569000.0,0.232,257569000.0,178494000.0,111297000.0,0.41,0.41,0.41,3658984000.0,,3658984000.0,9585682888.0,12.0,8.732,68159000.0,0.386,1.0,321309000.0,0.289,287591000.0,67197000.0,18061018000.0,,226200000.0,309946000.0,101571000.0,208375000.0,10569674000.0,965624000.0,9604050000.0,4484367888.0,58763000.0,0.0,0.0,40683000.0,-45106000.0,-4905000.0,-244408000.0,-600000.0,308076000.0,0.0,71946000.0,71946000.0,71946000.0,0.0,1402000.0,0.065,87968000.0,233341000.0,390046000.0,0.624,1.226,14.576,14.56,9142320000.0,0.0,25.48,0.884,0.887,674478000.0,1313848000.0,1111426000.0,1111426000.0,0.0,,,,,0.0,0.0,1.0,175995600.0,176571189.0,176736532.0,6.294,13942132000.0,0.0,39351000.0,1532274000.0,78.96,247235000.0
45,ES,MRQ,2010-03-31,2010-03-31,2010-03-31,2021-09-08,-42740000.0,14105446000.0,,1243571000.0,12861875000.0,,20.557,-202487000.0,30012000.0,30012000.0,982858000.0,87601000.0,1.353,2.891,5131327000.0,166599000.0,4964728000.0,5131327000.0,0.0,78656000.0,0.0,0.035,0.256,233330000.0,311986000.0,0.233,311986000.0,233330000.0,166068000.0,0.49,0.49,0.49,3625198000.0,,3625198000.0,9931172078.0,12.0,8.962,23216000.0,0.132,1.0,356562000.0,0.266,287591000.0,67262000.0,17999929000.0,,229837000.0,294753000.0,99339000.0,195414000.0,10480248000.0,919241000.0,9561007000.0,4856154078.0,3060000.0,0.0,0.0,28431000.0,-45088000.0,-19184000.0,-203459000.0,-494000.0,225703000.0,0.0,86211000.0,86211000.0,86211000.0,0.0,1390000.0,0.064,70329000.0,286233000.0,385181000.0,0.522,1.34,15.244,15.271,8957713000.0,0.0,27.64,0.937,0.94,732742000.0,1287271000.0,1339420000.0,1339420000.0,0.0,,,,,0.0,0.0,1.0,175692984.0,176349762.0,176537472.0,7.595,13817855000.0,0.0,79857000.0,1536633000.0,78.355,324330000.0
46,ES,MRQ,2009-12-31,2009-12-31,2009-12-31,2021-09-08,-43467000.0,14057679000.0,,1267854000.0,12789825000.0,,20.169,-273700000.0,26952000.0,26952000.0,997005000.0,86107000.0,1.295,2.929,5101970000.0,166599000.0,4935371000.0,5101970000.0,0.0,77793000.0,0.0,0.037,0.237,202684000.0,280477000.0,0.213,280477000.0,202684000.0,134617000.0,0.48,0.48,0.48,3577902000.0,,3577902000.0,9516078826.0,12.0,8.705,-45712000.0,-0.258,1.0,318338000.0,0.242,287591000.0,68067000.0,17865694000.0,,277085000.0,342677000.0,98021000.0,244656000.0,10479777000.0,979412000.0,9500365000.0,4525204826.0,-222025000.0,0.0,-5234000.0,-135788000.0,-41734000.0,-179365000.0,-270648000.0,-613000.0,227988000.0,0.0,84717000.0,84717000.0,84717000.0,0.0,1390000.0,0.064,71914000.0,246424000.0,457582000.0,0.494,1.265,13.711,13.503,8839965000.0,0.0,25.79,0.832,0.818,742096000.0,1246543000.0,1315343000.0,1315343000.0,0.0,,,,,0.0,0.0,1.0,175463545.0,177396524.0,176270245.0,7.415,13770088000.0,27600000.0,49900000.0,1430389000.0,77.623,288442000.0
47,ES,MRQ,2009-09-30,2009-09-30,2009-09-30,2021-09-08,-37767000.0,14006334000.0,,1479605000.0,12526729000.0,,20.15,-213552000.0,248977000.0,248977000.0,999335000.0,66178000.0,1.239,2.964,5239851000.0,391520000.0,4848331000.0,5239851000.0,0.0,77074000.0,0.0,0.039,0.237,170653000.0,247727000.0,0.19,247727000.0,170653000.0,101018000.0,0.37,0.37,0.37,3533418000.0,,3533418000.0,9149759570.0,12.0,8.597,39241000.0,0.224,1.0,306838000.0,0.235,287591000.0,69635000.0,17515027000.0,,281409000.0,356288000.0,83157000.0,273131000.0,10472916000.0,1194590000.0,9278326000.0,4161183570.0,-232171000.0,0.0,1118000.0,-231637000.0,-41726000.0,-272868000.0,-212096000.0,97000.0,252793000.0,0.0,64788000.0,64788000.0,64788000.0,0.0,1390000.0,0.05,87616000.0,219222000.0,410125000.0,0.641,1.178,13.118,12.495,8623061000.0,0.0,23.74,0.747,0.747,755941000.0,1203603000.0,1306173000.0,1306173000.0,0.0,,,,,0.0,0.0,1.0,175281532.0,175358776.0,175995506.0,7.449,13718743000.0,0.0,36230000.0,1435733000.0,78.232,285015000.0
48,ES,MRQ,2009-06-30,2009-06-30,2009-06-30,2021-09-08,-38956000.0,14127648000.0,,1625799000.0,12501849000.0,,19.99,-211998000.0,481148000.0,481148000.0,929211000.0,84243000.0,1.232,3.034,5469724000.0,560275000.0,4909449000.0,5469724000.0,0.0,77768000.0,0.0,0.04,0.237,190206000.0,267974000.0,0.219,267974000.0,190206000.0,125248000.0,0.47,0.47,0.47,3501843000.0,,3501843000.0,9015819568.0,12.0,8.573,156386000.0,0.893,1.0,295220000.0,0.241,287591000.0,64958000.0,17509144000.0,,258731000.0,356017000.0,79978000.0,276039000.0,10625805000.0,1319489000.0,9306316000.0,3907133568.0,64320000.0,0.0,61000.0,-50160000.0,-41714000.0,-93476000.0,-210588000.0,-156000.0,368384000.0,0.0,82854000.0,82854000.0,82854000.0,0.0,1389000.0,0.068,64729000.0,230491000.0,440520000.0,0.504,1.116,12.018,11.155,8469393000.0,0.0,22.31,0.677,0.677,728564000.0,1180706000.0,1224431000.0,1224431000.0,0.0,,,,,0.0,0.0,1.0,175129250.0,175175936.0,175675388.0,6.99,13840057000.0,0.0,42394000.0,1350409000.0,79.007,306310000.0
49,ES,MRQ,2009-03-31,2009-03-31,2009-03-31,2021-09-08,-37096000.0,14273586000.0,,1747168000.0,12526418000.0,,21.289,-208896000.0,416828000.0,416828000.0,1221630000.0,99064000.0,1.265,3.13,5525514000.0,548274000.0,4977240000.0,5525514000.0,0.0,76983000.0,0.0,0.04,0.237,220074000.0,297057000.0,0.186,297057000.0,220074000.0,149097000.0,0.6,0.6,0.6,3456072000.0,,3456072000.0,8738465386.0,12.0,8.746,-68943000.0,-0.425,1.0,371853000.0,0.233,287591000.0,70977000.0,17713435000.0,,235717000.0,344629000.0,85523000.0,259106000.0,10817514000.0,1381246000.0,9436268000.0,3365425386.0,327012000.0,0.0,387350000.0,62640000.0,-37207000.0,396206000.0,-209147000.0,-1624000.0,139953000.0,0.0,97674000.0,97674000.0,97674000.0,0.0,1390000.0,0.061,98674000.0,273179000.0,466286000.0,0.395,0.974,11.214,11.363,8313536000.0,0.0,21.59,0.573,0.597,893708000.0,1138969000.0,1593483000.0,1593483000.0,0.0,,,,,0.0,0.0,1.0,155878897.0,162340475.0,162925167.0,9.816,13985995000.0,0.0,51423000.0,1334037000.0,86.152,365922000.0
50,ES,MRQ,2008-12-31,2008-12-31,2008-12-31,2021-09-08,-37265000.0,13988480000.0,,1505564000.0,12482916000.0,,19.391,-303576000.0,89816000.0,89816000.0,1099090000.0,73288000.0,0.884,3.631,5462856000.0,673183000.0,4789673000.0,5462856000.0,0.0,72796000.0,0.0,0.034,0.212,178725000.0,251521000.0,0.174,251521000.0,178725000.0,109178000.0,0.46,0.46,0.46,3020312000.0,,3020312000.0,8996555594.0,14.0,9.841,-74874000.0,-0.481,1.0,348796000.0,0.241,287591000.0,69547000.0,17370467000.0,,300049000.0,382396000.0,109825000.0,272571000.0,10968168000.0,1703462000.0,9264706000.0,3746123594.0,6998000.0,0.0,-5002000.0,112876000.0,-33253000.0,81044000.0,-302748000.0,-988000.0,228702000.0,0.0,71898000.0,71898000.0,71898000.0,0.0,1390000.0,0.05,127006000.0,221790000.0,678614000.0,0.461,1.24,14.362,14.321,8207876000.0,0.0,24.06,0.646,0.645,917195000.0,1078594000.0,1447886000.0,1447886000.0,0.0,,,,,0.0,0.0,1.0,155699235.0,155757566.0,156282347.0,9.296,13700889000.0,0.0,37280000.0,1261359000.0,87.963,-197898000.0
51,ES,MRQ,2008-09-30,2008-09-30,2008-09-30,2021-09-08,2877000.0,12663733000.0,,1374247000.0,11289486000.0,,19.382,-326698000.0,82818000.0,82818000.0,1173585000.0,74079000.0,1.029,3.199,5333250000.0,558473000.0,4774777000.0,5333250000.0,0.0,69717000.0,0.0,0.032,0.212,165369000.0,235086000.0,0.156,235086000.0,165369000.0,94472000.0,0.47,0.47,0.47,3015981000.0,,3015981000.0,9011829722.0,14.0,9.978,-182227000.0,-1.171,1.0,333312000.0,0.221,287591000.0,70897000.0,16290672000.0,,270375000.0,426043000.0,124677000.0,301366000.0,9647752000.0,1335902000.0,8311850000.0,3990124722.0,70690000.0,0.0,440000.0,296273000.0,-33250000.0,261763000.0,-335544000.0,-681000.0,144471000.0,0.0,72689000.0,72689000.0,72689000.0,0.0,1390000.0,0.048,131103000.0,202209000.0,463966000.0,0.451,1.323,15.25,15.178,7941027000.0,0.0,25.65,0.709,0.709,817519000.0,1039984000.0,1506897000.0,1506897000.0,0.0,,,,,0.0,0.0,1.0,155560418.0,155607201.0,156097641.0,9.684,12376142000.0,1102000.0,21783000.0,1202227000.0,79.535,38345000.0
52,ES,MRQ,2008-06-30,2008-06-30,2008-06-30,2021-09-08,4819000.0,12709252000.0,,1393686000.0,11315566000.0,,18.906,-336998000.0,12128000.0,12128000.0,1029076000.0,59237000.0,1.253,3.324,5033833000.0,141286000.0,4892547000.0,5033833000.0,0.0,68321000.0,0.0,0.031,0.2,147100000.0,215421000.0,0.163,215421000.0,147100000.0,81040000.0,0.37,0.37,0.37,2939456000.0,,2939456000.0,8806145941.0,15.0,10.178,-152920000.0,-0.984,1.0,296269000.0,0.224,287591000.0,66060000.0,16330827000.0,,228767000.0,745537000.0,260281000.0,485256000.0,9769796000.0,1112539000.0,8657257000.0,3968371941.0,-12846000.0,0.0,521000.0,180673000.0,-31291000.0,140185000.0,-337109000.0,-272000.0,184078000.0,0.0,57848000.0,57848000.0,57848000.0,0.0,1389000.0,0.044,110266000.0,186003000.0,568774000.0,0.541,1.35,16.599,16.578,7721748000.0,0.0,25.53,0.712,0.712,779908000.0,967329000.0,1325345000.0,1325345000.0,0.0,,,,,0.0,0.0,1.0,155439559.0,155476492.0,155895348.0,8.524,12421661000.0,75574000.0,23192000.0,1136891000.0,79.894,281147000.0
53,ES,MRQ,2008-03-31,2008-03-31,2008-03-31,2021-09-08,-8847000.0,12343778000.0,,1301184000.0,11042594000.0,,18.848,-288135000.0,24974000.0,24974000.0,1237736000.0,59783000.0,0.916,3.218,4862748000.0,512286000.0,4350462000.0,4862748000.0,0.0,67754000.0,0.0,0.032,0.2,144440000.0,212194000.0,0.14,212194000.0,144440000.0,81799000.0,0.38,0.38,0.38,2926776000.0,,2926776000.0,8426687473.0,15.0,9.995,-190409000.0,-1.226,1.0,282231000.0,0.186,287591000.0,62641000.0,15473222000.0,,155687000.0,838203000.0,462370000.0,375833000.0,9417002000.0,1420739000.0,7996263000.0,3807470473.0,9870000.0,0.0,4041000.0,217864000.0,-31283000.0,190100000.0,-277956000.0,-1055000.0,97726000.0,0.0,58393000.0,58393000.0,58393000.0,0.0,1390000.0,0.038,96609000.0,185622000.0,574627000.0,0.526,1.301,16.57,16.581,7452579000.0,0.0,24.54,0.675,0.676,532688000.0,973971000.0,1519967000.0,1519967000.0,0.0,,,,,0.0,0.0,1.0,155153646.0,155286111.0,155721610.0,9.788,12056187000.0,65951000.0,23406000.0,1118840000.0,77.639,-119555000.0
54,ES,MRQ,2007-12-31,2007-12-31,2007-12-31,2021-09-08,9359000.0,11581822000.0,,1286256000.0,10295566000.0,,18.796,-364593000.0,15104000.0,15104000.0,987873000.0,78271000.0,1.066,2.975,4634321000.0,233286000.0,4401035000.0,4634321000.0,0.0,73904000.0,0.0,0.025,0.2,166570000.0,240474000.0,0.188,240474000.0,166570000.0,106950000.0,0.47,0.47,0.47,2913835000.0,,2913835000.0,9288527234.0,16.0,10.782,-178750000.0,-1.153,1.0,288086000.0,0.226,287591000.0,59620000.0,14707298000.0,,210850000.0,835797000.0,484515000.0,351282000.0,8667987000.0,1206150000.0,7461837000.0,4853139234.0,-192549000.0,0.0,68000.0,-18796000.0,-31243000.0,-55606000.0,-322786000.0,-3064000.0,185843000.0,0.0,72712000.0,72712000.0,72712000.0,300000.0,5559000.0,0.057,94783000.0,193303000.0,598546000.0,0.426,1.666,19.69,19.692,7229945000.0,0.0,31.31,0.834,0.832,503143000.0,946792000.0,1275959000.0,1275959000.0,0.0,,,,,0.0,0.0,1.0,155002850.0,155022098.0,155585332.0,8.231,11294231000.0,13850000.0,34238000.0,1096335000.0,72.856,80106000.0
55,ES,MRQ,2007-09-30,2007-09-30,2007-09-30,2021-09-08,6305000.0,11338984000.0,,1415631000.0,9923353000.0,,18.55,-259094000.0,207653000.0,207653000.0,1193685000.0,50124000.0,1.35,2.945,4643041000.0,154286000.0,4488755000.0,4643041000.0,0.0,64504000.0,0.0,0.027,0.2,132646000.0,197150000.0,0.136,197150000.0,132646000.0,70880000.0,0.32,0.32,0.32,2874023000.0,,2874023000.0,8661087858.0,10.0,8.668,-153443000.0,-0.99,1.0,257292000.0,0.177,287591000.0,61766000.0,14438325000.0,,231163000.0,821664000.0,500208000.0,321456000.0,8464961000.0,1048456000.0,7416505000.0,4425468858.0,68830000.0,0.0,468000.0,257829000.0,-31243000.0,222542000.0,-259363000.0,-1092000.0,105651000.0,0.0,50124000.0,50124000.0,50124000.0,58000.0,0.0,0.035,81529000.0,175763000.0,506990000.0,0.625,1.54,8.498,8.453,6877041000.0,0.0,28.57,0.735,0.735,397415000.0,914622000.0,1450977000.0,1450977000.0,0.0,,,,,0.0,0.0,1.0,154899155.0,154930930.0,155420239.0,9.365,11051393000.0,0.0,20756000.0,1080686000.0,71.331,367175000.0
56,ES,MRQ,2007-06-30,2007-06-30,2007-06-30,2021-09-08,10549000.0,11125750000.0,,1305622000.0,9820128000.0,,18.245,-263434000.0,138823000.0,138823000.0,1167883000.0,48553000.0,1.224,2.941,4374442000.0,154286000.0,4220156000.0,4374442000.0,0.0,63420000.0,2600000.0,0.026,0.188,129833000.0,193253000.0,0.139,193253000.0,129833000.0,70256000.0,0.31,0.31,0.31,2823102000.0,,2823102000.0,8520551881.0,11.0,8.883,-34323000.0,-0.222,1.0,223889000.0,0.161,287591000.0,59577000.0,14007437000.0,,186017000.0,859499000.0,517957000.0,341542000.0,8302648000.0,1066341000.0,7236307000.0,4383145881.0,-75907000.0,1908000.0,4403000.0,24200000.0,-29284000.0,1243000.0,-306261000.0,-1449000.0,229111000.0,0.0,48553000.0,48553000.0,48553000.0,-2541000.0,0.0,0.035,59967000.0,163922000.0,505242000.0,0.606,1.553,7.53,7.503,6645544000.0,0.0,28.36,0.711,0.712,386719000.0,864598000.0,1391772000.0,1391772000.0,0.0,,,,,0.0,0.0,1.0,154553804.0,154729676.0,155213094.0,8.995,10838159000.0,7815000.0,21703000.0,1081750000.0,70.046,239281000.0
57,ES,MRQ,2007-03-31,2007-03-31,2007-03-31,2021-09-08,3516000.0,11036088000.0,,1458143000.0,9577945000.0,,18.252,-227703000.0,214730000.0,214730000.0,1426294000.0,75094000.0,1.802,2.917,4352136000.0,4435000.0,4347701000.0,4352136000.0,0.0,63469000.0,1400000.0,0.023,0.188,167099000.0,230568000.0,0.135,230568000.0,167099000.0,107817000.0,0.49,0.49,0.49,2817242000.0,,2817242000.0,8716494180.0,11.0,9.498,-494314000.0,-3.203,1.0,277224000.0,0.163,287591000.0,59282000.0,14076813000.0,,139317000.0,923032000.0,579348000.0,343684000.0,8218846000.0,809090000.0,7409756000.0,5055935180.0,-267181000.0,-1908000.0,4117000.0,206168000.0,-29218000.0,178486000.0,-179056000.0,-1340000.0,-266611000.0,0.0,75094000.0,75094000.0,75094000.0,1313000.0,0.0,0.044,69692000.0,207532000.0,503887000.0,0.384,1.795,9.097,9.078,6396606000.0,0.0,32.77,0.786,0.786,443449000.0,876214000.0,1703518000.0,1703518000.0,0.0,,,,,0.0,0.0,1.0,154285480.0,154349473.0,154992044.0,11.037,10748497000.0,5494000.0,32723000.0,1141955000.0,69.637,649053000.0
58,ES,MRQ,2006-12-31,2006-12-31,2006-12-31,2021-09-08,4498000.0,11303236000.0,,1731051000.0,9572185000.0,,18.156,33151000.0,481911000.0,481911000.0,1332870000.0,346993000.0,1.269,3.039,4142470000.0,4877000.0,4137593000.0,4142470000.0,0.0,-35292000.0,0.0,0.026,0.188,413516000.0,378224000.0,0.256,378224000.0,413516000.0,355754000.0,2.26,2.25,2.26,2798179000.0,,2798179000.0,8780243850.0,14.0,11.258,-95748000.0,-0.621,1.0,143584000.0,0.097,287591000.0,57762000.0,13312369000.0,,173882000.0,854498000.0,531900000.0,322598000.0,8505057000.0,1363835000.0,7141222000.0,4337283850.0,-3664000.0,19429000.0,-6310000.0,2520000.0,19828000.0,65975000.0,59260000.0,-3850000.0,-128899000.0,0.0,346993000.0,346993000.0,346993000.0,-310334000.0,0.0,0.235,18544000.0,125040000.0,569940000.0,0.083,1.55,9.217,9.203,6242186000.0,0.0,28.16,0.631,0.63,449371000.0,862660000.0,1476454000.0,1476454000.0,0.0,,,,,0.0,0.0,1.0,154022864.0,154115278.0,154476366.0,9.58,11015645000.0,0.0,8761000.0,1496519000.0,71.477,367216000.0
59,ES,MRQ,2006-09-30,2006-09-30,2006-09-30,2021-09-08,5463000.0,11492539000.0,,2190376000.0,9302163000.0,,16.072,-219599000.0,50455000.0,50455000.0,1413237000.0,111449000.0,1.356,3.647,4493415000.0,304309000.0,4189106000.0,4493415000.0,0.0,61307000.0,220000.0,0.031,0.188,95871000.0,157178000.0,0.099,157178000.0,95871000.0,35747000.0,0.72,0.72,0.72,2473200000.0,,2473200000.0,7880081167.0,37.0,17.256,-52480000.0,-0.341,1.0,179547000.0,0.113,287591000.0,60124000.0,14032173000.0,,175886000.0,765664000.0,439845000.0,325819000.0,9019339000.0,1615735000.0,7403604000.0,3578895167.0,1711000.0,0.0,2242000.0,131958000.0,-29535000.0,104786000.0,-270194000.0,-1101000.0,167119000.0,0.0,111449000.0,111449000.0,111449000.0,-8797000.0,0.0,0.07,54003000.0,125544000.0,511614000.0,0.261,1.447,32.532,32.775,6046284000.0,0.0,23.27,0.495,0.495,394820000.0,544700000.0,1592784000.0,1592784000.0,0.0,,,,,0.0,0.0,1.0,153798675.0,153883480.0,154320675.0,10.351,11204948000.0,152047000.0,-75702000.0,1525019000.0,72.814,574641000.0
60,ES,MRQ,2006-06-30,2006-06-30,2006-06-30,2021-09-08,4604000.0,11458952000.0,,2322443000.0,9136509000.0,,15.322,-176878000.0,48744000.0,48744000.0,1481896000.0,22242000.0,1.438,3.868,4349930000.0,157731000.0,4192199000.0,4349930000.0,0.0,59725000.0,6663000.0,0.034,0.175,92020000.0,151745000.0,0.091,151745000.0,92020000.0,31162000.0,0.14,0.14,0.14,2353864000.0,,2353864000.0,7431578512.0,162.0,25.759,-6457000.0,-0.042,1.0,179165000.0,0.108,287591000.0,60858000.0,13857066000.0,,159120000.0,872538000.0,502678000.0,369860000.0,9105088000.0,1615481000.0,7489607000.0,3174177512.0,12476000.0,-19429000.0,866000.0,53500000.0,-26784000.0,28240000.0,-186185000.0,5610000.0,170421000.0,0.0,22242000.0,22242000.0,22242000.0,-7942000.0,0.0,0.013,61860000.0,117305000.0,563332000.0,1.25,1.348,-33.089,-27.932,5887024000.0,0.0,20.67,0.43,0.43,518646000.0,433273000.0,1661061000.0,1661061000.0,0.0,,,,,0.0,0.0,1.0,153564466.0,153628709.0,153922635.0,10.812,11171361000.0,125665000.0,8920000.0,1494155000.0,72.717,706962000.0
61,ES,MRQ,2006-03-31,2006-03-31,2006-03-31,2021-09-08,621000.0,12134576000.0,,2675209000.0,9459367000.0,,15.498,-203825000.0,36268000.0,36268000.0,1968608000.0,-10106000.0,1.296,4.103,4293669000.0,296995000.0,3996674000.0,4293669000.0,0.0,61720000.0,12906000.0,0.035,0.175,31041000.0,92761000.0,0.043,92761000.0,31041000.0,-28411000.0,-0.07,-0.07,-0.07,2378129000.0,,2378129000.0,7383170130.0,-173.0,37.175,-161099000.0,-1.05,1.0,178780000.0,0.083,287591000.0,59452000.0,14039468000.0,,134738000.0,908687000.0,505453000.0,403234000.0,9756447000.0,2064918000.0,7691529000.0,2996489130.0,-9514000.0,0.0,3202000.0,181542000.0,-27241000.0,157904000.0,-210144000.0,-818000.0,42726000.0,0.0,-10106000.0,-10106000.0,-10106000.0,-10569000.0,0.0,-0.005,122444000.0,56336000.0,691103000.0,-2.5,1.26,-20.541,-17.917,5728474000.0,0.0,19.53,0.413,0.413,716735000.0,466954000.0,2147388000.0,2147388000.0,0.0,,,,,0.0,0.0,1.0,153430063.0,153442640.0,153442640.0,13.995,11846985000.0,146703000.0,-18305000.0,1517682000.0,77.208,610291000.0
62,ES,MRQ,2005-12-31,2005-12-31,2005-12-31,2021-09-08,19987000.0,12567875000.0,,2375643000.0,10192232000.0,,17.629,-278467000.0,45782000.0,45782000.0,2025125000.0,-13573000.0,1.203,4.174,4432463000.0,54673000.0,4377790000.0,4432463000.0,0.0,62020000.0,28944000.0,0.034,0.175,-7058000.0,54962000.0,0.03,54962000.0,-7058000.0,-66706000.0,-0.08,-0.08,-0.08,2429244000.0,,2429244000.0,7220774009.0,-36.0,191.543,-190019000.0,-1.379,1.0,-198418000.0,-0.109,287591000.0,59648000.0,14691735000.0,,206557000.0,1193896000.0,712320000.0,481576000.0,10138631000.0,1975230000.0,8163401000.0,2561079009.0,-40412000.0,31456000.0,442666000.0,-320281000.0,-22769000.0,68546000.0,-197406000.0,7312000.0,88448000.0,0.0,-13573000.0,-13573000.0,-13573000.0,7080000.0,0.0,-0.007,142092000.0,-340510000.0,972368000.0,-2.188,1.054,-10.103,-10.202,6417230000.0,0.0,19.69,0.349,0.353,1077369000.0,504301000.0,1826707000.0,1826707000.0,0.0,,,,,0.0,0.0,1.0,130070036.0,137799255.0,137799255.0,13.256,12280284000.0,0.0,-53133000.0,1496994000.0,89.117,400413000.0
63,ES,MRQ,2005-09-30,2005-09-30,2005-09-30,2021-09-08,18075000.0,12929392000.0,,2748646000.0,10180746000.0,,15.632,-188610000.0,86194000.0,86194000.0,1552529000.0,-94492000.0,1.021,5.364,4745889000.0,348387000.0,4397502000.0,4745889000.0,0.0,59094000.0,209477000.0,0.033,0.175,-70054000.0,-10960000.0,-0.006,-10960000.0,-70054000.0,-129348000.0,-0.73,-0.73,-0.73,2031524000.0,,2031524000.0,7202512945.0,-49.0,81.715,-114253000.0,-0.879,1.0,202413000.0,0.115,290791000.0,59294000.0,14606539000.0,,204789000.0,1759832000.0,1150016000.0,609816000.0,10897868000.0,2691757000.0,8206111000.0,2591502945.0,30711000.0,0.0,596000.0,176624000.0,-23156000.0,154287000.0,-197933000.0,-11002000.0,74357000.0,0.0,-94492000.0,-94492000.0,-94492000.0,-5240000.0,0.0,-0.054,140744000.0,61669000.0,887689000.0,-0.24,1.276,-12.528,-12.547,6227880000.0,0.0,19.95,0.362,0.362,874631000.0,540642000.0,1754942000.0,1754942000.0,0.0,,,,,0.0,0.0,1.0,129899897.0,129957408.0,129957408.0,13.504,12638601000.0,31631000.0,-34856000.0,1455233000.0,97.252,56889000.0
64,ES,MRQ,2005-06-30,2005-06-30,2005-06-30,2021-09-08,1111000.0,11950556000.0,,1801447000.0,10149109000.0,,16.232,-141458000.0,55483000.0,55483000.0,1355744000.0,-27704000.0,1.052,4.684,4666493000.0,222242000.0,4444251000.0,4666493000.0,0.0,58351000.0,102172000.0,0.031,0.163,3490000.0,61841000.0,0.04,61841000.0,3490000.0,-59808000.0,-0.21,-0.21,-0.21,2102369000.0,,2102369000.0,7255712224.0,-194.0,37.064,-52166000.0,-0.403,1.0,175869000.0,0.115,290791000.0,63298000.0,14558524000.0,,177039000.0,950239000.0,523083000.0,427156000.0,9848187000.0,1712251000.0,8135936000.0,2699280224.0,-18538000.0,0.0,3581000.0,24427000.0,-20624000.0,22867000.0,-130697000.0,-818000.0,89292000.0,0.0,-27704000.0,-27704000.0,-27704000.0,-10682000.0,0.0,-0.018,81270000.0,94599000.0,809423000.0,-0.776,1.284,-22.444,-22.674,6075216000.0,0.0,20.86,0.384,0.385,814810000.0,635221000.0,1531613000.0,1531613000.0,0.0,,,,,0.0,0.0,1.0,129399819.0,129520644.0,129520644.0,11.825,11659765000.0,35534000.0,-32104000.0,1466276000.0,90.022,89196000.0
65,ES,MRQ,2005-03-31,2005-03-31,2005-03-31,2021-09-08,5494000.0,12078986000.0,,1978129000.0,10100857000.0,,16.796,-166820000.0,74021000.0,74021000.0,2024758000.0,-117719000.0,1.013,4.563,4630453000.0,351157000.0,4279296000.0,4630453000.0,0.0,57998000.0,95648000.0,0.033,0.163,-126144000.0,-68146000.0,-0.031,-68146000.0,-126144000.0,-182489000.0,-0.91,-0.91,-0.91,2171377000.0,,2171377000.0,7028688626.0,124.0,24.477,22287000.0,0.172,1.0,208206000.0,0.093,293608000.0,56345000.0,14389511000.0,,143239000.0,957900000.0,580402000.0,377498000.0,9907609000.0,1952299000.0,7955310000.0,2468454626.0,27032000.0,0.0,3984000.0,27541000.0,-21005000.0,11434000.0,-173509000.0,-653000.0,189107000.0,0.0,-117719000.0,-117719000.0,-117719000.0,4423000.0,0.0,-0.053,99761000.0,108445000.0,873600000.0,-0.179,1.137,-35.997,-36.358,5954271000.0,0.0,19.27,0.352,0.355,978861000.0,706619000.0,2232964000.0,2232964000.0,0.0,,,,,0.0,0.0,1.0,128098320.0,129278505.0,129278505.0,17.273,11785378000.0,21871000.0,-64770000.0,1450074000.0,91.163,25830000.0
66,ES,MRQ,2004-12-31,2004-12-31,2004-12-31,2021-09-08,-1220000.0,11638396000.0,,1719719000.0,9918677000.0,,17.833,-221404000.0,46989000.0,46989000.0,1521503000.0,33062000.0,1.113,4.067,4607223000.0,270759000.0,4336464000.0,4607223000.0,0.0,59540000.0,57650000.0,0.033,0.163,45867000.0,105407000.0,0.065,105407000.0,45867000.0,14522000.0,0.26,0.26,0.26,2296711000.0,,2296711000.0,6843838072.0,19.0,11.794,-189335000.0,-1.47,1.0,111698000.0,0.068,319986000.0,31345000.0,14333025000.0,,185180000.0,524149000.0,273456000.0,250693000.0,9341685000.0,1545619000.0,7796066000.0,2420046072.0,-50863000.0,0.0,6467000.0,114248000.0,-20956000.0,99570000.0,-182502000.0,-1662000.0,32069000.0,0.0,33062000.0,33062000.0,33062000.0,-47237000.0,0.0,0.02,86490000.0,25208000.0,825247000.0,0.627,1.054,20.757,20.714,5864161000.0,0.0,18.85,0.37,0.37,915695000.0,845343000.0,1633201000.0,1633201000.0,0.0,,,,,0.0,0.0,1.0,128384407.0,128790348.0,128890503.0,12.681,11318410000.0,61420000.0,-18540000.0,1533527000.0,87.882,174100000.0
67,ES,MRQ,2004-09-30,2004-09-30,2004-09-30,2021-09-08,40754000.0,11537689000.0,,1801362000.0,9736327000.0,,18.052,-147325000.0,97852000.0,97852000.0,1448037000.0,-7908000.0,1.346,3.982,4521644000.0,90006000.0,4431638000.0,4521644000.0,0.0,57232000.0,67356000.0,0.032,0.163,39428000.0,96660000.0,0.06,96660000.0,39428000.0,-22032000.0,-0.06,-0.06,-0.06,2315670000.0,,2315670000.0,6427490876.0,20.0,11.762,-212679000.0,-1.658,1.0,176450000.0,0.109,340237000.0,61460000.0,14283217000.0,,202760000.0,577228000.0,577228000.0,0.0,9222019000.0,1338027000.0,7883992000.0,2486426876.0,49172000.0,0.0,1684000.0,265504000.0,-20842000.0,245889000.0,-131363000.0,-63632000.0,-65354000.0,0.0,-7908000.0,-7908000.0,-7908000.0,-1389000.0,0.0,-0.005,99712000.0,76738000.0,704559000.0,-2.717,1.074,33.771,34.018,5739485000.0,0.0,19.39,0.39,0.39,755792000.0,833237000.0,1624487000.0,1624487000.0,0.0,,,,,0.0,0.0,1.0,128232433.0,128279814.0,128279814.0,12.664,11197452000.0,0.0,-14124000.0,1507564000.0,87.289,463335000.0
68,ES,MRQ,2004-06-30,2004-06-30,2004-06-30,2021-09-08,45010000.0,11382225000.0,,1731911000.0,9650314000.0,,18.143,-154130000.0,172567000.0,172567000.0,1306523000.0,23992000.0,1.219,3.9,4245192000.0,94921000.0,4150271000.0,4245192000.0,0.0,55561000.0,104976000.0,0.031,0.15,97674000.0,153235000.0,0.101,153235000.0,97674000.0,34536000.0,0.18,0.18,0.18,2322932000.0,,2322932000.0,6546078402.0,16.0,10.448,12505000.0,0.098,1.0,218143000.0,0.143,341139000.0,63138000.0,13693427000.0,,154459000.0,556376000.0,556376000.0,0.0,9059293000.0,1420284000.0,7639009000.0,2491801402.0,-95225000.0,0.0,264000.0,-64565000.0,-19202000.0,-82836000.0,-179024000.0,0.0,166635000.0,0.0,23992000.0,23992000.0,23992000.0,0.0,0.0,0.016,83648000.0,134495000.0,771561000.0,0.833,1.073,20.632,20.713,5641750000.0,0.0,19.47,0.39,0.39,751256000.0,841191000.0,1524666000.0,1524666000.0,0.0,,,,,0.0,0.0,1.0,127981582.0,128033514.0,128182416.0,11.908,11041086000.0,0.0,10544000.0,1474333000.0,86.236,311627000.0
69,ES,MRQ,2004-03-31,2004-03-31,2004-03-31,2021-09-08,42857000.0,11538750000.0,,1943993000.0,9594757000.0,,18.246,-148616000.0,270636000.0,270636000.0,1538636000.0,67442000.0,1.288,3.945,4324913000.0,77676000.0,4247237000.0,4324913000.0,0.0,54573000.0,0.0,0.031,0.15,173085000.0,227658000.0,0.124,227658000.0,173085000.0,110305000.0,0.53,0.53,0.53,2333356000.0,,2333356000.0,6571238143.0,16.0,10.479,178681000.0,1.397,1.0,299651000.0,0.163,342040000.0,62780000.0,13741646000.0,,122487000.0,613481000.0,613481000.0,0.0,9205394000.0,1509341000.0,7696053000.0,2367333143.0,100533000.0,0.0,2522000.0,-66427000.0,-19177000.0,-84235000.0,-142529000.0,0.0,327297000.0,0.0,67442000.0,67442000.0,67442000.0,0.0,0.0,0.037,83864000.0,215787000.0,839865000.0,0.283,1.015,19.146,19.227,5519398000.0,0.0,18.65,0.382,0.385,844499000.0,857197000.0,1838287000.0,1838287000.0,0.0,,,,,0.0,0.0,1.0,126934753.0,127879766.0,128061086.0,14.375,11196710000.0,0.0,42863000.0,1481331000.0,87.557,434652000.0
70,ES,MRQ,2003-12-31,2003-12-31,2003-12-31,2021-09-08,25991000.0,11216487000.0,,1680334000.0,9536153000.0,,17.754,-176229000.0,137002000.0,137002000.0,1232557000.0,-9900000.0,1.241,3.954,4381227000.0,169936000.0,4211291000.0,4381227000.0,0.0,53344000.0,46496000.0,0.029,0.15,15584000.0,68928000.0,0.05,68928000.0,15584000.0,-38576000.0,-0.08,-0.08,-0.08,2264120000.0,,2264120000.0,6782325147.0,17.0,11.137,51967000.0,0.407,1.0,156619000.0,0.113,342942000.0,54160000.0,13763932000.0,,154076000.0,415582000.0,415582000.0,132812000.0,8952367000.0,1353838000.0,7598529000.0,2569037147.0,-70421000.0,-30104000.0,6386000.0,8013000.0,-19131000.0,-791000.0,-297826000.0,-15582000.0,228196000.0,0.0,-9900000.0,-9900000.0,-9900000.0,-4718000.0,0.0,-0.007,104520000.0,52099000.0,728463000.0,-1.875,1.135,22.069,22.165,5429916000.0,0.0,20.17,0.432,0.431,830774000.0,808932000.0,1389176000.0,1389176000.0,0.0,,,,,0.0,0.0,1.0,127369219.0,127530489.0,127703654.0,10.893,10873545000.0,0.0,-28676000.0,1441604000.0,85.262,326496000.0
71,ES,MRQ,2003-09-30,2003-09-30,2003-09-30,2021-09-08,-2862000.0,10598368000.0,,1533408000.0,9064960000.0,,17.727,-147832000.0,163898000.0,163898000.0,1364787000.0,39238000.0,1.194,3.701,4377186000.0,99327000.0,4277859000.0,4377186000.0,0.0,50879000.0,0.0,0.031,0.15,125862000.0,176741000.0,0.108,176741000.0,125862000.0,62515000.0,0.31,0.31,0.31,2254292000.0,,2254292000.0,6624384196.0,12.0,8.861,101265000.0,0.796,1.0,275330000.0,0.168,343904000.0,63347000.0,13183398000.0,,160400000.0,319360000.0,319360000.0,0.0,8344076000.0,1284354000.0,7059722000.0,2277586196.0,61110000.0,0.0,2477000.0,-16446000.0,-19073000.0,-34653000.0,-153334000.0,0.0,249097000.0,0.0,39238000.0,39238000.0,39238000.0,0.0,0.0,0.024,107286000.0,168044000.0,787024000.0,0.484,1.01,12.49,12.531,4975300000.0,0.0,17.92,0.383,0.383,732537000.0,837963000.0,1640117000.0,1640117000.0,0.0,,,,,0.0,0.0,1.0,127097444.0,127167690.0,127303973.0,12.897,10254464000.0,0.0,23277000.0,1535136000.0,80.637,249054000.0
72,ES,MRQ,2003-06-30,2003-06-30,2003-06-30,2021-09-08,1789000.0,10419716000.0,,1427675000.0,8992041000.0,,17.472,-137257000.0,57028000.0,57028000.0,1117450000.0,26869000.0,1.207,3.705,4403826000.0,121345000.0,4282481000.0,4403826000.0,0.0,50692000.0,0.0,0.033,0.138,103068000.0,153760000.0,0.116,153760000.0,103068000.0,43541000.0,0.21,0.21,0.21,2214494000.0,,2214494000.0,6352563047.0,11.0,8.244,-51346000.0,-0.405,1.0,212588000.0,0.16,344063000.0,59527000.0,13239552000.0,,124060000.0,320782000.0,320782000.0,0.0,8205222000.0,1182899000.0,7022323000.0,2119930047.0,-23995000.0,0.0,484000.0,64736000.0,-17417000.0,42275000.0,-152181000.0,0.0,85911000.0,0.0,26869000.0,26869000.0,26869000.0,0.0,0.0,0.02,73582000.0,139006000.0,652984000.0,0.657,0.957,11.06,11.16,4871344000.0,0.0,16.74,0.37,0.371,719729000.0,798796000.0,1330038000.0,1330038000.0,0.0,,,,,0.0,0.0,1.0,126638593.0,126747117.0,126860208.0,10.494,10075653000.0,0.0,16672000.0,1543436000.0,79.494,244776000.0
73,ES,MRQ,2003-03-31,2003-03-31,2003-03-31,2021-09-08,11077000.0,10273203000.0,,1562272000.0,8710931000.0,,17.554,-96792000.0,98959000.0,98959000.0,1274179000.0,60204000.0,1.193,3.608,4331592000.0,150749000.0,4180843000.0,4331592000.0,0.0,49473000.0,0.0,0.039,0.138,163218000.0,212691000.0,0.134,212691000.0,163218000.0,99673000.0,0.47,0.47,0.47,2229564000.0,,2229564000.0,5982418585.0,11.0,7.823,28954000.0,0.228,1.0,310004000.0,0.196,344965000.0,63545000.0,12851210000.0,,111230000.0,354207000.0,354207000.0,0.0,8043639000.0,1309661000.0,6733978000.0,1768449585.0,26345000.0,0.0,-16230000.0,26113000.0,-17469000.0,-9180000.0,-90221000.0,0.0,125746000.0,0.0,60204000.0,60204000.0,60204000.0,0.0,0.0,0.038,106772000.0,203232000.0,687735000.0,0.294,0.793,9.131,9.219,4778934000.0,0.0,13.92,0.319,0.319,818761000.0,808352000.0,1584183000.0,1584183000.0,0.0,,,,,0.0,0.0,1.0,127043792.0,127013678.0,127111272.0,12.473,9928238000.0,0.0,39469000.0,1605269000.0,78.167,252611000.0
74,ES,MRQ,2002-12-31,2002-12-31,2002-12-31,2021-09-08,14927000.0,10764880000.0,,1531215000.0,9233665000.0,,17.259,183567000.0,67223000.0,67223000.0,1133894000.0,56035000.0,1.139,3.87,4299362000.0,112906000.0,4186456000.0,4299362000.0,0.0,48889000.0,0.0,0.035,0.138,155492000.0,204381000.0,0.146,204381000.0,155492000.0,88589000.0,0.44,0.44,0.44,2210521000.0,,2210521000.0,6454771348.0,13.0,9.18,327096000.0,2.554,1.0,262413000.0,0.188,345867000.0,66903000.0,13307183000.0,,119853000.0,309837000.0,309837000.0,0.0,8554359000.0,1343969000.0,7210390000.0,1949456348.0,-745000.0,-1051000.0,-27651000.0,-277868000.0,-17629000.0,-324726000.0,180452000.0,0.0,143529000.0,0.0,56035000.0,56035000.0,56035000.0,0.0,0.0,0.04,97071000.0,165342000.0,776219000.0,0.314,0.882,12.816,12.856,5049369000.0,0.0,15.17,0.372,0.374,893325000.0,765611000.0,1396307000.0,1396307000.0,0.0,,,,,0.0,0.0,1.0,128507340.0,128075676.0,128153693.0,10.902,10419013000.0,0.0,32554000.0,1684645000.0,81.35,187246000.0
75,ES,MRQ,2002-09-30,2002-09-30,2002-09-30,2021-09-08,6095000.0,10316201000.0,,1411949000.0,8904252000.0,,16.926,-114831000.0,70726000.0,70726000.0,1150723000.0,48575000.0,1.076,3.712,4576041000.0,368172000.0,4207869000.0,4576041000.0,0.0,50946000.0,0.0,0.03,0.138,148764000.0,199710000.0,0.141,199710000.0,148764000.0,81051000.0,0.38,0.38,0.38,2189251000.0,,2189251000.0,6709035733.0,14.0,9.95,10192000.0,0.079,1.0,263581000.0,0.186,343871000.0,67713000.0,13165403000.0,,131937000.0,156797000.0,156797000.0,0.0,8126950000.0,1312242000.0,6814708000.0,2185943733.0,-23297000.0,-15300000.0,-10406000.0,-42370000.0,-17785000.0,-72141000.0,-76179000.0,0.0,125023000.0,0.0,48575000.0,48575000.0,48575000.0,0.0,0.0,0.034,110106000.0,153475000.0,571550000.0,0.363,0.998,14.966,14.956,4643903000.0,0.0,16.9,0.443,0.443,761924000.0,727204000.0,1414304000.0,1414304000.0,0.0,,,,,0.0,0.0,1.0,129345783.0,129344724.0,129508794.0,10.934,9972330000.0,0.0,32476000.0,1649773000.0,77.099,99707000.0
76,ES,MRQ,2002-06-30,2002-06-30,2002-06-30,2021-09-08,1383000.0,10314659000.0,,1384919000.0,8929740000.0,,16.531,-115123000.0,94023000.0,94023000.0,954095000.0,28857000.0,1.078,3.812,4617115000.0,342063000.0,4275052000.0,4617115000.0,0.0,53596000.0,0.0,0.027,0.125,94315000.0,147911000.0,0.13,147911000.0,94315000.0,25307000.0,0.22,0.22,0.22,2143719000.0,,2143719000.0,6948985459.0,15.0,10.72,11121000.0,0.086,1.0,187833000.0,0.164,332312000.0,69008000.0,13220702000.0,,120732000.0,28885000.0,28885000.0,0.0,8170940000.0,1284737000.0,6886203000.0,2437020459.0,-12787000.0,0.0,4835000.0,-2972000.0,-16208000.0,-15915000.0,-123116000.0,0.0,126244000.0,0.0,28857000.0,28857000.0,28857000.0,0.0,0.0,0.025,59306000.0,128527000.0,654575000.0,0.568,1.137,18.446,18.624,4581294000.0,0.0,18.81,0.483,0.483,950503000.0,678593000.0,1141928000.0,1141928000.0,0.0,,,,,0.0,0.0,1.0,129559833.0,129677793.0,129993412.0,8.806,9982347000.0,0.0,-3550000.0,1627794000.0,76.978,100182000.0
77,ES,MRQ,2002-03-31,2002-03-31,2002-03-31,2021-09-08,-3458000.0,10149557000.0,,1290421000.0,8859136000.0,,16.516,-97365000.0,106810000.0,106810000.0,1051556000.0,18642000.0,0.966,3.745,4618775000.0,543536000.0,4075239000.0,4618775000.0,0.0,52215000.0,0.0,0.024,0.125,98899000.0,151114000.0,0.118,151114000.0,98899000.0,32012000.0,0.14,0.14,0.14,2138845000.0,,2138845000.0,7212858531.0,14.0,10.349,123618000.0,0.955,1.0,232905000.0,0.181,334995000.0,66887000.0,12990301000.0,,108884000.0,40334000.0,40334000.0,0.0,8010712000.0,1336226000.0,6674486000.0,2657647531.0,10152000.0,0.0,-17120000.0,-34454000.0,-16171000.0,-69312000.0,-141519000.0,0.0,220983000.0,0.0,18642000.0,18642000.0,18642000.0,0.0,0.0,0.015,72459000.0,160446000.0,502199000.0,0.893,1.243,17.719,17.43,4517688000.0,0.0,19.87,0.484,0.469,855383000.0,680934000.0,1284461000.0,1284461000.0,0.0,,,,,0.0,0.0,1.0,133751763.0,129504005.0,129754946.0,9.918,9814562000.0,0.0,13370000.0,1654128000.0,75.786,-45805000.0
78,ES,MRQ,2001-12-31,2001-12-31,2001-12-31,2021-09-08,-32470000.0,10331923000.0,,1476168000.0,8855755000.0,,16.145,-115808000.0,96658000.0,96658000.0,827095000.0,49984000.0,1.114,3.879,4651869000.0,340962000.0,4310907000.0,4651869000.0,0.0,46931000.0,0.0,0.026,0.125,128608000.0,175539000.0,0.161,175539000.0,128608000.0,57972000.0,0.39,0.38,0.39,2117640000.0,,2117640000.0,6724693478.0,10.0,7.487,-212552000.0,-1.62,1.0,264191000.0,0.242,333123000.0,70636000.0,13228389000.0,,108516000.0,356666000.0,356666000.0,0.0,8214283000.0,1325622000.0,6888661000.0,2327821478.0,-53879000.0,-31699000.0,-50200000.0,140110000.0,-16409000.0,110057000.0,-67192000.0,0.0,-96744000.0,0.0,49984000.0,49984000.0,49984000.0,0.0,0.0,0.046,33049000.0,231142000.0,608705000.0,0.321,1.099,9.559,9.794,4472977000.0,0.0,17.63,0.404,0.415,786157000.0,678460000.0,1091286000.0,1091286000.0,0.0,,,,,0.0,0.0,1.0,132037520.0,131166437.0,131296610.0,8.32,9998800000.0,0.0,7988000.0,1638836000.0,76.23,150546000.0
79,ES,MRQ,2001-09-30,2001-09-30,2001-09-30,2021-09-08,-32986000.0,10292872000.0,,1265743000.0,9027129000.0,,15.979,-110128000.0,130913000.0,130913000.0,1279224000.0,34631000.0,0.875,3.638,4527785000.0,461775000.0,4066010000.0,4527785000.0,0.0,43562000.0,0.0,0.023,0.125,130098000.0,173660000.0,0.113,173660000.0,130098000.0,59816000.0,0.26,0.26,0.26,2133851000.0,,2133851000.0,6856572625.0,14.0,9.594,84108000.0,0.63,1.0,251445000.0,0.164,323476000.0,70282000.0,12920118000.0,,103566000.0,35592000.0,35592000.0,0.0,7762211000.0,1446150000.0,6316061000.0,2507800625.0,-66733000.0,0.0,-22326000.0,-20828000.0,-15726000.0,-59784000.0,-201185000.0,0.0,194236000.0,0.0,34631000.0,34631000.0,34631000.0,0.0,0.0,0.023,138067000.0,113378000.0,634824000.0,0.481,1.175,198.969,170.273,3724403000.0,0.0,18.73,0.391,0.39,778020000.0,644886000.0,1530669000.0,1530669000.0,0.0,,,,,0.0,0.0,1.0,133892185.0,133540631.0,133869227.0,11.462,9969396000.0,0.0,25185000.0,1645199000.0,74.654,-180407000.0
80,ES,MRQ,2001-06-30,2001-06-30,2001-06-30,2021-09-08,-26470000.0,10160708000.0,,1389059000.0,8771649000.0,,15.852,-114213000.0,197646000.0,197646000.0,1313834000.0,46732000.0,0.974,3.642,4546418000.0,480696000.0,4065722000.0,4546418000.0,0.0,49891000.0,0.0,0.019,0.1,146756000.0,196647000.0,0.124,196647000.0,146756000.0,75211000.0,0.35,0.35,0.35,2122662000.0,,2122662000.0,6410213458.0,12.0,8.138,-139227000.0,-1.04,1.0,269460000.0,0.17,325846000.0,71545000.0,12758113000.0,,102583000.0,100041000.0,40599000.0,59442000.0,7730105000.0,1425521000.0,6304584000.0,2778492458.0,-1274808000.0,0.0,-217923000.0,-575230000.0,-14398000.0,-936680000.0,-313114000.0,0.0,-25014000.0,0.0,46732000.0,46732000.0,46732000.0,0.0,0.0,0.03,135989000.0,133471000.0,685485000.0,0.286,1.309,63.85,66.935,3666250000.0,0.0,20.75,0.43,0.43,869962000.0,610248000.0,1583294000.0,1583294000.0,0.0,,,,,0.0,0.0,1.0,133903251.0,133908739.0,134149873.0,11.824,9834862000.0,0.0,28479000.0,1656990000.0,73.445,-36462000.0
81,ES,MRQ,2001-03-31,2001-03-31,2001-03-31,2021-09-08,5745000.0,11245935000.0,,2614215000.0,8631720000.0,,16.115,934029000.0,1472454000.0,1472454000.0,1514335000.0,112163000.0,0.93,3.859,5104175000.0,1500115000.0,3604060000.0,5104175000.0,0.0,60629000.0,0.0,0.017,0.1,291658000.0,352287000.0,0.196,352287000.0,291658000.0,224463000.0,0.78,0.78,0.78,2319082000.0,,2319082000.0,6225283304.0,12.0,8.098,1163982000.0,8.088,1.0,286209000.0,0.159,334512000.0,67195000.0,11733376000.0,,94195000.0,148911000.0,86431000.0,62480000.0,8949110000.0,2809768000.0,6139342000.0,2585810304.0,1272437000.0,0.0,411000.0,1263596000.0,-14390000.0,1212737000.0,-170253000.0,0.0,229953000.0,0.0,112163000.0,112163000.0,112163000.0,0.0,0.0,0.062,126613000.0,159596000.0,737793000.0,0.128,1.115,287.632,347.6,3618574000.0,0.0,17.38,0.411,0.397,821500000.0,593646000.0,1800544000.0,1800544000.0,0.0,,,,,0.0,0.0,1.0,148780800.0,143912698.0,144314339.0,12.511,10911423000.0,0.0,112300000.0,1867364000.0,75.82,-195553000.0
82,ES,MRQ,2000-12-31,2000-12-31,2000-12-31,2021-09-08,1769000.0,10217149000.0,,1150355000.0,9066794000.0,,15.438,-157033000.0,200017000.0,200017000.0,1174484000.0,-180922000.0,0.444,3.605,3679611000.0,1650018000.0,2029593000.0,3679611000.0,0.0,62307000.0,0.0,0.008,0.1,-70215000.0,-7908000.0,-0.005,-7908000.0,-70215000.0,-145665000.0,-1.28,-1.28,-1.28,2218583000.0,,2218583000.0,7118943179.0,16.0,10.59,26336000.0,0.183,1.0,322895000.0,0.216,324389000.0,75450000.0,10783324000.0,,163711000.0,98146000.0,98146000.0,0.0,7998566000.0,2589030000.0,5409536000.0,3483028179.0,-37955000.0,0.0,1570000.0,-33821000.0,-14368000.0,-71504000.0,-149820000.0,0.0,183369000.0,0.0,-180922000.0,-180922000.0,-180922000.0,0.0,0.0,-0.121,149816000.0,173079000.0,538983000.0,-0.078,1.57,-121.844,-121.25,3547215000.0,0.0,24.25,0.593,0.584,593953000.0,495873000.0,1497379000.0,1497379000.0,0.0,,,,,0.0,0.0,1.0,143630028.0,143711429.0,143520658.0,10.419,9892760000.0,0.0,35257000.0,1792737000.0,68.838,-1438675000.0
83,ES,MRQ,2000-09-30,2000-09-30,2000-09-30,2021-09-08,2699000.0,10565380000.0,,1360565000.0,9204815000.0,,16.817,-90863000.0,237972000.0,237972000.0,1270589000.0,65543000.0,0.529,3.038,3873887000.0,1780339000.0,2093548000.0,3873887000.0,0.0,58153000.0,0.0,0.005,0.1,188542000.0,246695000.0,0.156,246695000.0,188542000.0,111096000.0,0.46,0.45,0.46,2413785000.0,,2413785000.0,6892559482.0,14.0,9.377,58361000.0,0.407,1.0,311358000.0,0.197,336221000.0,77446000.0,11291023000.0,,171253000.0,145919000.0,62635000.0,83284000.0,7332584000.0,2574051000.0,4758533000.0,3227626482.0,-63664000.0,0.0,243000.0,-88530000.0,-14352000.0,-105391000.0,-107497000.0,0.0,149224000.0,0.0,65543000.0,65543000.0,65543000.0,0.0,0.0,0.041,134015000.0,177343000.0,481411000.0,0.217,1.337,23.618,22.153,4296561000.0,0.0,21.71,0.584,0.564,551960000.0,691164000.0,1581947000.0,1581947000.0,0.0,,,,,0.0,0.0,1.0,148670036.0,143535147.0,144189458.0,11.021,10229159000.0,598942000.0,45553000.0,1974871000.0,71.266,-1213486000.0
84,ES,MRQ,2000-06-30,2000-06-30,2000-06-30,2021-09-08,1524000.0,10762243000.0,,1447711000.0,9314532000.0,,16.512,-98071000.0,301636000.0,301636000.0,1141172000.0,12206000.0,0.572,3.137,3966569000.0,1695330000.0,2271239000.0,3966569000.0,0.0,58946000.0,0.0,0.0,0.0,118690000.0,177636000.0,0.126,177636000.0,118690000.0,38532000.0,0.09,0.08,0.09,2365854000.0,,2365854000.0,6803435366.0,14.0,9.225,55027000.0,0.384,1.0,273801000.0,0.194,336570000.0,80158000.0,11558325000.0,,171566000.0,147778000.0,65929000.0,81849000.0,7420574000.0,2532281000.0,4888293000.0,3230650366.0,-68102000.0,0.0,2332000.0,42928000.0,-14326000.0,-97518000.0,-123682000.0,0.0,153098000.0,0.0,12206000.0,12206000.0,12206000.0,0.0,0.0,0.009,127264000.0,146537000.0,547509000.0,0.0,1.366,31.569,28.618,4311484000.0,0.0,21.75,0.623,0.601,576345000.0,639973000.0,1414973000.0,1414973000.0,0.0,,,,,0.0,0.0,1.0,148535649.0,143284493.0,143907964.0,9.875,10425673000.0,615432000.0,26326000.0,1984418000.0,72.762,-1084570000.0
85,ES,MRQ,2000-03-31,2000-03-31,2000-03-31,2021-09-08,1524000.0,10741008000.0,,1377839000.0,9363169000.0,,17.425,-68055000.0,369738000.0,369738000.0,1078963000.0,74587000.0,0.627,3.136,3942523000.0,1445408000.0,2497115000.0,3942523000.0,0.0,60392000.0,0.0,0.0,0.0,195424000.0,255816000.0,0.185,255816000.0,195424000.0,129176000.0,0.55,0.55,0.55,2363999000.0,,2363999000.0,6033534746.0,13.0,8.313,46051000.0,0.339,1.0,303358000.0,0.219,345372000.0,66248000.0,11771843000.0,,174442000.0,163198000.0,80742000.0,82456000.0,7413681000.0,2196578000.0,5217103000.0,2953739746.0,114584000.0,-260347000.0,124000.0,382322000.0,-14312000.0,361876000.0,-361398000.0,0.0,114106000.0,0.0,74587000.0,74587000.0,74587000.0,0.0,0.0,0.054,105524000.0,197834000.0,437492000.0,0.0,1.249,32.689,32.09,4301035000.0,0.0,21.5,0.614,0.606,537274000.0,642092000.0,1382321000.0,1382321000.0,0.0,,,,,0.0,0.0,1.0,137383244.0,135668372.0,136229530.0,10.189,10395636000.0,626973000.0,54589000.0,1996397000.0,76.625,-818739000.0
86,ES,MRQ,1999-12-31,1999-12-31,1999-12-31,2021-09-08,1524000.0,9688052000.0,,1070611000.0,8617441000.0,,15.818,389956000.0,255154000.0,255154000.0,843506000.0,-15674000.0,0.682,3.094,3334949000.0,899784000.0,2435165000.0,3334949000.0,0.0,57598000.0,0.0,0.0,0.0,-2709000.0,54889000.0,0.048,54889000.0,-2709000.0,-68014000.0,-0.12,-0.12,-0.12,2083311000.0,,2083311000.0,6168456248.0,16.0,8.827,394038000.0,2.992,1.0,305230000.0,0.266,23542000.0,65305000.0,11173844000.0,,172973000.0,189123000.0,107620000.0,81503000.0,6446426000.0,1570461000.0,4875965000.0,2704997248.0,-80264000.0,24002000.0,2356000.0,-459684000.0,-13168000.0,-491706000.0,407360000.0,0.0,4082000.0,0.0,-15674000.0,-15674000.0,-15674000.0,0.0,0.0,-0.014,148440000.0,156790000.0,347321000.0,0.0,1.298,79.057,79.077,3947434000.0,0.0,20.56,0.605,0.604,385918000.0,581817000.0,1148736000.0,1148736000.0,0.0,,,,,0.0,0.0,1.0,131566014.0,131706612.0,134172400.0,8.722,9664510000.0,0.0,-52340000.0,1987205000.0,73.379,-499850000.0
87,ES,MRQ,1999-09-30,1999-09-30,1999-09-30,2021-09-08,1523000.0,10264946000.0,,1176682000.0,9088264000.0,,15.924,-12526000.0,335418000.0,335418000.0,932382000.0,31218000.0,0.815,3.309,3798877000.0,781021000.0,3017856000.0,3798877000.0,0.0,77584000.0,0.0,0.0,0.0,171560000.0,249144000.0,0.201,249144000.0,171560000.0,106183000.0,0.24,0.24,0.24,2094436000.0,,2094436000.0,6007803842.0,15.0,8.289,127849000.0,0.972,1.0,308157000.0,0.248,0.0,65377000.0,12284591000.0,,204709000.0,155111000.0,66486000.0,88625000.0,6929595000.0,1443814000.0,5485781000.0,2415990842.0,115100000.0,-1017000.0,0.0,-7630000.0,0.0,-17044000.0,-8231000.0,0.0,140375000.0,0.0,31218000.0,31218000.0,31218000.0,0.0,0.0,0.025,141204000.0,166953000.0,335391000.0,0.0,1.154,-26.796,-26.638,4041548000.0,0.0,18.38,0.564,0.565,403761000.0,597505000.0,1240539000.0,1240539000.0,0.0,,,,,0.0,0.0,1.0,131446727.0,131525509.0,131525509.0,9.432,10264946000.0,656379000.0,74965000.0,2027478000.0,78.045,-267132000.0
88,ES,MRQ,1999-06-30,1999-06-30,1999-06-30,2021-09-08,1524000.0,10348526000.0,,1067485000.0,9281041000.0,,15.791,-78699000.0,220318000.0,220318000.0,795660000.0,228000.0,0.84,3.353,3812131000.0,581490000.0,3230641000.0,3812131000.0,0.0,82775000.0,0.0,0.0,0.0,83187000.0,165962000.0,0.16,165962000.0,83187000.0,19290000.0,0.0,0.0,0.0,2073662000.0,,2073662000.0,6042925290.0,19.0,9.355,88828000.0,0.676,1.0,242909000.0,0.234,0.0,63897000.0,12669396000.0,,198338000.0,155990000.0,68660000.0,87330000.0,6952485000.0,1270943000.0,5681542000.0,2451714290.0,-115344000.0,-22985000.0,1621000.0,-110745000.0,0.0,-140064000.0,-142807000.0,0.0,167527000.0,0.0,228000.0,228000.0,228000.0,0.0,0.0,0.0,153310000.0,89599000.0,480430000.0,,1.182,-21.062,-20.09,6110287000.0,0.0,17.88,0.61,0.585,418328000.0,579449000.0,1038569000.0,1038569000.0,0.0,,,,,0.0,0.0,1.0,137120486.0,131317892.0,131317892.0,7.909,10348526000.0,701512000.0,19062000.0,2017537000.0,78.805,-203458000.0
89,ES,MRQ,1999-03-31,1999-03-31,1999-03-31,2021-09-08,1524000.0,10384698000.0,,1067855000.0,9316843000.0,,15.778,-86389000.0,335662000.0,335662000.0,784455000.0,18444000.0,0.883,3.372,3926873000.0,630617000.0,3296256000.0,3926873000.0,0.0,84348000.0,0.0,0.0,0.0,103562000.0,187910000.0,0.18,187910000.0,103562000.0,34490000.0,0.14,0.14,0.14,2068680000.0,,2068680000.0,5685647346.0,18.0,8.731,215845000.0,1.646,1.0,258952000.0,0.248,0.0,69072000.0,12766570000.0,,199738000.0,214249000.0,128017000.0,86232000.0,6976514000.0,1209339000.0,5767175000.0,1903232346.0,199507000.0,0.0,1341000.0,8500000.0,0.0,2400000.0,-105127000.0,0.0,302234000.0,0.0,18444000.0,18444000.0,18444000.0,0.0,0.0,0.018,146874000.0,112078000.0,319300000.0,0.0,0.92,-17.246,-16.524,6142035000.0,0.0,13.88,0.494,0.472,273620000.0,579213000.0,1043407000.0,1043407000.0,0.0,,,,,0.0,0.0,1.0,137120486.0,131110491.0,131110491.0,7.958,10384698000.0,737372000.0,16046000.0,2046454000.0,79.206,-141484000.0
90,ES,MRQ,1998-12-31,1998-12-31,1998-12-31,2021-09-08,1405000.0,10387381000.0,,935554000.0,9451827000.0,,15.651,-72561000.0,136155000.0,136155000.0,754729000.0,-140053000.0,0.83,3.394,3918570000.0,548009000.0,3370561000.0,3918570000.0,0.0,78547000.0,0.0,0.0,0.0,43227000.0,121774000.0,0.127,121774000.0,43227000.0,-25672000.0,-1.07,-1.07,-1.07,2047372000.0,,2047372000.0,5949851552.0,21.0,9.692,22081000.0,0.169,1.0,204889000.0,0.214,0.0,68899000.0,13042009000.0,,202661000.0,267909000.0,182118000.0,85791000.0,6949459000.0,1127787000.0,5821672000.0,2190395552.0,-24698000.0,0.0,2257000.0,-21214000.0,0.0,-38649000.0,-80691000.0,0.0,94642000.0,0.0,-140053000.0,-140053000.0,-140053000.0,0.0,0.0,-0.146,161884000.0,43005000.0,338612000.0,0.0,1.07,-14.926,-14.286,6170881000.0,0.0,16.0,0.581,0.554,279352000.0,560769000.0,959618000.0,959618000.0,0.0,,,,,0.0,0.0,1.0,136899722.0,130810916.0,130810916.0,7.336,10387381000.0,0.0,114381000.0,2042818000.0,79.408,-192233000.0
91,ES,MRQ,1998-09-30,1998-09-30,1998-09-30,2021-09-08,0.0,10555633000.0,,864587000.0,9691046000.0,,16.651,-66399000.0,160853000.0,160853000.0,728258000.0,4976000.0,0.889,3.238,3920309000.0,457721000.0,3462588000.0,3920309000.0,0.0,80475000.0,0.0,0.0,0.0,89836000.0,170311000.0,0.175,170311000.0,89836000.0,25260000.0,0.04,0.04,0.04,2175056000.0,,2175056000.0,6122959457.0,25.0,10.428,99756000.0,0.764,1.0,246124000.0,0.253,0.0,64576000.0,13342622000.0,,209305000.0,216757000.0,113510000.0,103247000.0,7043383000.0,972467000.0,6070916000.0,2293086457.0,29768000.0,0.0,3000.0,-40673000.0,0.0,-46818000.0,-89569000.0,0.0,166155000.0,0.0,4976000.0,4976000.0,4976000.0,0.0,0.0,0.005,133242000.0,112882000.0,256821000.0,0.0,1.054,-38.417,-36.413,6223241000.0,0.0,16.75,0.606,0.578,226717000.0,700822000.0,974382000.0,974382000.0,0.0,,,,,0.0,0.0,1.0,136900684.0,130629535.0,130629535.0,7.459,10555633000.0,846552000.0,20284000.0,2167780000.0,80.806,-107880000.0
92,ES,MRQ,1998-06-30,1998-06-30,1998-06-30,2021-09-08,0.0,9958420000.0,,784391000.0,9174029000.0,,16.614,-56237000.0,131085000.0,131085000.0,655533000.0,6273000.0,0.796,3.28,3960958000.0,436450000.0,3524508000.0,3960958000.0,0.0,86556000.0,0.0,0.0,0.0,84622000.0,171178000.0,0.196,171178000.0,84622000.0,16596000.0,0.05,0.05,0.05,2167460000.0,,2167460000.0,6180224084.0,32.0,11.307,66485000.0,0.51,1.0,219276000.0,0.251,0.0,68026000.0,12803302000.0,,210686000.0,196439000.0,90982000.0,105457000.0,7110231000.0,984991000.0,6125240000.0,2318365084.0,-137578000.0,0.0,216000.0,-176016000.0,0.0,-207611000.0,-52689000.0,0.0,122722000.0,0.0,6273000.0,6273000.0,6273000.0,0.0,0.0,0.007,125353000.0,93923000.0,272639000.0,0.0,1.07,-24.277,-22.892,6290148000.0,0.0,16.94,0.612,0.583,200286000.0,695846000.0,874809000.0,874809000.0,0.0,,,,,0.0,0.0,1.0,136857443.0,130459076.0,130459076.0,6.706,9958420000.0,880704000.0,10323000.0,2170774000.0,76.334,-200600000.0
93,ES,MRQ,1998-03-31,1998-03-31,1998-03-31,2021-09-08,0.0,10271744000.0,,959630000.0,9312114000.0,,16.562,-38838000.0,268663000.0,268663000.0,786196000.0,-17949000.0,0.764,3.412,4130522000.0,639196000.0,3491326000.0,4130522000.0,0.0,87229000.0,0.0,0.0,0.0,63376000.0,150605000.0,0.157,150605000.0,63376000.0,-4212000.0,-0.14,-0.14,-0.14,2158081000.0,,2158081000.0,5993227009.0,49.0,12.606,240911000.0,1.849,1.0,172709000.0,0.18,0.0,67588000.0,12877715000.0,,208690000.0,258989000.0,147992000.0,110997000.0,7363567000.0,1255888000.0,6107679000.0,1958430009.0,125260000.0,0.0,183000.0,-51377000.0,0.0,-82194000.0,-72295000.0,0.0,279749000.0,0.0,-17949000.0,-17949000.0,-17949000.0,0.0,0.0,-0.019,115460000.0,57249000.0,315199000.0,0.0,0.907,-13.163,-12.336,6353106000.0,0.0,14.31,0.513,0.488,220807000.0,689573000.0,958905000.0,958905000.0,0.0,,,,,0.0,0.0,1.0,136857443.0,130299512.0,130299512.0,7.359,10271744000.0,941177000.0,13737000.0,2208700000.0,78.832,-296258000.0
94,ES,MRQ,1997-12-31,1997-12-31,1997-12-31,2021-09-08,-1000.0,10414412000.0,,970683000.0,9443729000.0,,16.677,-59878000.0,143403000.0,143403000.0,808257000.0,-52989000.0,0.846,3.445,4178200000.0,502114000.0,3676086000.0,4178200000.0,0.0,88053000.0,0.0,0.0,0.0,6993000.0,95046000.0,0.097,95046000.0,6993000.0,-58947000.0,-0.41,-0.41,-0.41,2170085000.0,,2170085000.0,5693860383.0,40.0,11.427,6494000.0,0.05,1.0,170731000.0,0.174,0.0,65940000.0,13301841000.0,,212721000.0,337495000.0,230905000.0,106590000.0,7475489000.0,1147368000.0,6328121000.0,1615772383.0,-54748000.0,21229000.0,2759000.0,-115565000.0,0.0,-120046000.0,-1074000.0,-61046000.0,66372000.0,0.0,-52989000.0,-52989000.0,-52989000.0,0.0,0.0,-0.054,119280000.0,51451000.0,402870000.0,0.0,0.745,-12.433,-11.693,6463158000.0,0.0,11.81,0.421,0.399,251799000.0,707522000.0,978988000.0,978988000.0,0.0,,,,,0.0,0.0,1.0,136813919.0,130125309.0,130125309.0,7.523,10414412000.0,0.0,-5958000.0,2189366000.0,80.034,-176685000.0
95,ES,MRQ,1997-09-30,1997-09-30,1997-09-30,2021-09-08,0.0,10612017000.0,,1005865000.0,9606152000.0,,16.636,-61826000.0,213084000.0,213084000.0,806471000.0,-30832000.0,0.853,3.539,4291172000.0,465324000.0,3825848000.0,4291172000.0,0.0,89682000.0,0.0,0.0,0.0,40083000.0,129765000.0,0.133,129765000.0,40083000.0,-29886000.0,-0.24,-0.24,-0.24,2161284000.0,,2161284000.0,5434074559.0,34.0,10.493,77308000.0,0.595,1.0,170656000.0,0.175,0.0,69969000.0,13510255000.0,,213557000.0,190412000.0,0.0,190412000.0,7648787000.0,1179850000.0,6468937000.0,1324985559.0,77942000.0,7521000.0,292000.0,33222000.0,0.0,26274000.0,-87466000.0,0.0,139134000.0,0.0,-30832000.0,-30832000.0,-30832000.0,0.0,0.0,-0.032,119761000.0,50895000.0,322207000.0,0.0,0.613,-11.398,-10.646,6537278000.0,0.0,9.688,0.349,0.332,472291000.0,701707000.0,977127000.0,977127000.0,0.0,,,,,0.0,0.0,1.0,136765644.0,129913835.0,129913835.0,7.521,10612017000.0,948594000.0,946000.0,2161578000.0,81.685,-173985000.0
96,ES,MRQ,1997-06-30,1997-06-30,1997-06-30,2021-09-08,0.0,10454321000.0,,957936000.0,9496385000.0,,17.049,-60046000.0,137569000.0,137569000.0,768391000.0,-47017000.0,0.829,3.453,4246658000.0,466476000.0,3780182000.0,4246658000.0,0.0,87415000.0,0.0,0.0,0.0,12579000.0,99994000.0,0.111,99994000.0,12579000.0,-55733000.0,-0.37,-0.37,-0.37,2209681000.0,,2209681000.0,5388070570.0,26.0,9.624,27900000.0,0.215,1.0,134932000.0,0.149,0.0,68312000.0,13408242000.0,,223396000.0,197650000.0,0.0,197650000.0,7630648000.0,1155168000.0,6475480000.0,1298312570.0,-141200000.0,-690000.0,3448000.0,-101209000.0,1000.0,-130663000.0,-98483000.0,0.0,87946000.0,0.0,-47017000.0,-47017000.0,-47017000.0,0.0,0.0,-0.052,118430000.0,16502000.0,359423000.0,0.0,0.588,-15.386,-14.394,6610224000.0,0.0,9.5,0.344,0.327,479315000.0,753452000.0,903323000.0,903323000.0,0.0,,,,,0.0,0.0,1.0,136664481.0,129603995.0,129603995.0,6.97,10454321000.0,969040000.0,-8716000.0,2192843000.0,80.664,-197232000.0
97,ES,MRQ,1997-03-31,1997-03-31,1997-03-31,2021-09-08,0.0,10669506000.0,,1107231000.0,9562275000.0,,17.617,-58501000.0,261409000.0,261409000.0,770208000.0,876000.0,0.901,3.428,4351167000.0,587920000.0,3763247000.0,4351167000.0,0.0,89179000.0,0.0,0.0,0.0,84312000.0,173491000.0,0.178,173491000.0,84312000.0,16552000.0,0.01,0.01,0.01,2266065000.0,,2266065000.0,3265234894.0,11.0,4.934,-11333000.0,-0.088,1.0,205160000.0,0.21,0.0,67760000.0,13530334000.0,,219036000.0,107741000.0,0.0,107741000.0,7768886000.0,1228930000.0,6539956000.0,1071409894.0,67212000.0,-28060000.0,3000.0,166009000.0,-32135000.0,125974000.0,-105930000.0,0.0,47168000.0,0.0,876000.0,876000.0,876000.0,0.0,0.0,0.001,120576000.0,84584000.0,328008000.0,0.0,0.473,-41.694,-39.375,6672859000.0,0.0,7.875,0.287,0.271,532581000.0,817890000.0,975368000.0,975368000.0,0.0,,,,,0.0,0.0,1.0,136052050.0,128627693.0,128627693.0,7.583,10669506000.0,986477000.0,15676000.0,2225708000.0,82.949,-121699000.0
98,ES,MRQ,1996-12-31,1996-12-31,1996-12-31,2021-09-08,0.0,6244036000.0,,626349000.0,5617687000.0,,10.462,-74201000.0,404000.0,404000.0,781347000.0,-39272000.0,1.138,3.16,2194229000.0,216477000.0,1977752000.0,2194229000.0,0.0,90803000.0,0.0,0.0,0.0,23834000.0,114637000.0,0.122,114637000.0,23834000.0,-43367000.0,-0.31,-0.31,-0.31,1342665000.0,,1342665000.0,,,,72581000.0,0.566,1.0,155177000.0,0.166,0.0,67201000.0,7887305000.0,,79937000.0,56925000.0,0.0,56925000.0,4242173000.0,550556000.0,3691617000.0,1785002896.0,-44746000.0,3482000.0,0.0,-14428000.0,-32077000.0,-89973000.0,-101555000.0,-65716000.0,146782000.0,0.0,-39272000.0,-39272000.0,-39272000.0,0.0,0.0,-0.042,131907000.0,23270000.0,239426000.0,0.0,1.329,45.853,43.733,3847140000.0,0.0,13.12,0.471,0.443,417094000.0,580779000.0,936524000.0,936524000.0,0.0,,,,,0.0,0.0,1.0,136052050.0,128343431.0,128343431.0,7.297,6244036000.0,40134000.0,-4095000.0,1550559000.0,48.651,75793000.0
99,ES,MRQ,1996-09-30,1996-09-30,1996-09-30,2021-09-08,,,,,,,,-56119000.0,,,744278000.0,1033000.0,,,,,,,,88300000.0,,0.0,0.0,83451000.0,171751000.0,0.18,171751000.0,83451000.0,15491000.0,0.01,0.01,0.01,,,,,,,108614000.0,0.848,1.0,211240000.0,0.221,,67960000.0,,,,,,,,,,,-36865000.0,2818000.0,1000.0,-75390000.0,-31985000.0,-116022000.0,-85576000.0,0.0,164733000.0,0.0,1033000.0,1033000.0,1033000.0,0.0,0.0,0.001,130512000.0,80728000.0,,0.0,,,,,0.0,12.38,,,,,955518000.0,955518000.0,0.0,,,,,0.0,0.0,1.0,,128086873.0,128086873.0,7.46,,,14458000.0,,,
100,ES,MRQ,1996-06-30,1996-06-30,1996-06-30,2021-09-08,,,,,,,,-48691000.0,,,651510000.0,11666000.0,,,,,,,,89460000.0,,0.0,0.0,112490000.0,201950000.0,0.232,201950000.0,112490000.0,38171000.0,0.09,0.09,0.09,,,,,,,154418000.0,1.208,1.0,220394000.0,0.253,,74319000.0,,,,,,,,,,,145774000.0,-4300000.0,2000.0,69334000.0,-56133000.0,4913000.0,-62248000.0,0.0,203109000.0,0.0,11666000.0,11666000.0,11666000.0,0.0,0.0,0.013,114376000.0,106018000.0,,0.0,,,,,0.0,12.25,,,,,871904000.0,871904000.0,0.0,,,,,0.0,0.0,1.0,,127808845.0,127808845.0,6.822,,,26505000.0,,,
101,ES,MRQ,1996-03-31,1996-03-31,1996-03-31,2021-09-08,,,,,,,,-58347000.0,,,729900000.0,65502000.0,,,,,,,,90944000.0,,0.0,0.0,193257000.0,284201000.0,0.276,284201000.0,193257000.0,124744000.0,0.51,0.51,0.51,,,,,,,242499000.0,1.9,1.0,298302000.0,0.29,,68513000.0,,,,,,,,,,,100996000.0,-2000000.0,10619000.0,-65758000.0,-56082000.0,-121091000.0,-78759000.0,0.0,300846000.0,0.0,65502000.0,65502000.0,65502000.0,0.0,0.0,0.064,105285000.0,193017000.0,,0.0,,,,,0.0,20.125,,,,,1028202000.0,1028202000.0,0.0,,,,,0.0,0.0,1.0,,127602379.0,127602379.0,8.058,,,59242000.0,,,
102,ES,MRQ,1995-12-31,1995-12-31,1995-12-31,2021-09-08,0.0,6045631000.0,,515621000.0,5530010000.0,,12.259,,337000.0,337000.0,,,1.344,2.731,2046032000.0,124978000.0,1921054000.0,2046032000.0,0.0,,0.0,0.0,0.0,,,,,,,,,,1545686000.0,,1545686000.0,,,,,,1.0,,,0.0,,7707724000.0,,68482000.0,54624000.0,0.0,54624000.0,4221542000.0,383602000.0,3837940000.0,,,,,,,,,,,,,,,,,,,,155475000.0,,,,10.826,3970633000.0,,24.25,,1.281,325800000.0,785476000.0,,,,,,,,,,1.0,,126083645.0,,,6045631000.0,0.0,,1681588000.0,47.949,132019000.0
0,ES,MRT,2021-06-30,2021-06-30,2021-06-30,2021-09-08,-74342000.0,47234640000.0,45839949500.0,3268839000.0,43965801000.0,0.208,41.623,-2966021000.0,217397000.0,217397000.0,5615655000.0,1256366000.0,0.64,2.3,19172237000.0,2845568000.0,16326669000.0,19172237000.0,0.0,1050005000.0,0.0,0.029,2.34,2180674000.0,3230679000.0,0.339,3230679000.0,2180674000.0,1628022000.0,3.64,3.63,3.64,14311889000.0,14147223000.0,14311889000.0,45910436839.0,21.0,14.211,-1481379000.0,-4.308,1.0,3910298000.0,0.41,4453618000.0,552652000.0,56631292000.0,54315865500.0,187692000.0,1668256000.0,0.0,1668256000.0,32922751000.0,5104570000.0,27818181000.0,27559724839.0,191091000.0,-1330592000.0,-33000.0,3732010000.0,-780059000.0,2943198000.0,-4236749000.0,34523000.0,1484642000.0,0.0,1248846000.0,1248846000.0,1248846000.0,0.0,7520000.0,0.131,1857167000.0,2053131000.0,1061111000.0,0.643,1.926,22.068,22.044,31878551000.0,0.0,80.24,2.893,2.896,1412448000.0,4830058000.0,9525953000.0,9525953000.0,0.0,0.027,0.088,0.04,0.229,0.0,0.0,1.0,343466162.0,343844626.0,344435696.0,27.704,42781022000.0,0.0,379176000.0,4258986000.0,124.42,-1835731000.0
1,ES,MRT,2021-03-31,2021-03-31,2021-03-31,2021-09-08,-75223000.0,46518215000.0,44540969000.0,3146879000.0,43371336000.0,0.21,41.415,-2906459000.0,34112000.0,34112000.0,5494141000.0,1244078000.0,0.568,2.268,18384824000.0,3126845000.0,15257979000.0,18384824000.0,0.0,1015873000.0,0.0,0.027,2.305,2146348000.0,3162221000.0,0.338,3162221000.0,2146348000.0,1604846000.0,3.62,3.61,3.62,14233420000.0,14020565250.0,14233420000.0,47562571462.0,22.0,15.041,-1232777000.0,-3.587,1.0,3862402000.0,0.413,4453055000.0,541502000.0,54876928000.0,52576655750.0,308093000.0,1586956000.0,0.0,1586956000.0,32284795000.0,5538944000.0,26745851000.0,29700661462.0,41915000.0,-1270403000.0,509206000.0,2730631000.0,-764070000.0,2484415000.0,-4116182000.0,35855000.0,1673682000.0,0.0,1236558000.0,1236558000.0,1236558000.0,0.0,7520000.0,0.132,1827221000.0,2035181000.0,1060867000.0,0.637,2.087,24.019,23.92,31265819000.0,0.0,86.59,3.174,3.181,1484873000.0,4772431000.0,9356543000.0,9356543000.0,0.0,0.028,0.088,0.041,0.229,0.0,0.0,1.0,343003366.0,343678243.0,344334689.0,27.225,42065160000.0,0.0,368288000.0,4157932000.0,122.397,-2392065000.0
2,ES,MRT,2020-12-31,2020-12-31,2020-12-31,2021-09-08,-76411000.0,46099598000.0,43323661750.0,3130143000.0,42969455000.0,0.206,41.506,-2942996000.0,106599000.0,106599000.0,5220877000.0,1212686000.0,0.637,2.278,17968509000.0,2345721000.0,15622788000.0,17968509000.0,0.0,981380000.0,0.0,0.026,2.27,2089805000.0,3071185000.0,0.345,3071185000.0,2089805000.0,1551353000.0,3.56,3.55,3.56,14063566000.0,13764699250.0,14063566000.0,45342866007.0,22.0,14.764,-1260424000.0,-3.72,1.0,3683553000.0,0.414,4445988000.0,538452000.0,54600508000.0,51215632500.0,265599000.0,1563760000.0,0.0,1563760000.0,32036032000.0,4915012000.0,27121020000.0,29657741007.0,147887000.0,-1242389000.0,928992000.0,2403509000.0,-744665000.0,2594590000.0,-4129275000.0,32301000.0,1682572000.0,0.0,1205167000.0,1205167000.0,1205167000.0,0.0,7519000.0,0.135,1694819000.0,1988734000.0,1370647000.0,0.638,2.109,24.609,24.301,30882523000.0,0.0,86.51,3.331,3.292,1428950000.0,4613201000.0,8904430000.0,8904430000.0,0.0,0.028,0.088,0.041,0.235,0.0,0.0,1.0,342824425.0,338836147.0,339847062.0,26.279,41653610000.0,0.0,346186000.0,4095339000.0,122.931,-1784869000.0
3,ES,MRT,2020-09-30,2020-09-30,2020-09-30,2021-09-08,-60397000.0,43507345000.0,42079741000.0,3220413000.0,40286932000.0,0.207,40.749,-2884016000.0,729993000.0,729993000.0,5131800000.0,1190802000.0,0.886,2.112,16415118000.0,1181896000.0,15233222000.0,16415118000.0,0.0,949825000.0,0.0,0.027,2.238,2074574000.0,3024399000.0,0.347,3024399000.0,2074574000.0,1537965000.0,3.54,3.53,3.54,13980017000.0,13406306250.0,13980017000.0,44018956698.0,21.0,14.555,-873080000.0,-2.545,1.0,3589082000.0,0.412,4403666000.0,536609000.0,51154734000.0,49727082750.0,214300000.0,1342016000.0,0.0,1342016000.0,29527328000.0,3634070000.0,25893258000.0,28629897698.0,677123000.0,37435000.0,1354377000.0,857331000.0,-723323000.0,1498340000.0,-2832153000.0,-28549000.0,2010936000.0,0.0,1183282000.0,1183282000.0,1183282000.0,0.0,7520000.0,0.136,1619512000.0,1969570000.0,1222058000.0,0.632,2.048,24.195,23.602,29092981000.0,0.0,83.55,3.283,3.287,1269456000.0,4535860000.0,8720882000.0,8720882000.0,0.0,0.028,0.088,0.042,0.238,0.0,0.0,1.0,342667836.0,343076614.0,343773602.0,25.42,39103679000.0,0.0,354683000.0,3960672000.0,113.979,-413657000.0
4,ES,MRT,2020-06-30,2020-06-30,2020-06-30,2021-09-08,-62558000.0,42038718000.0,41134253250.0,2405413000.0,39633305000.0,0.208,40.85,-2933934000.0,64890000.0,64890000.0,5029677000.0,1163426000.0,0.723,2.045,15453949000.0,1237670000.0,14216279000.0,15453949000.0,0.0,927973000.0,0.0,0.026,2.205,2020332000.0,2948305000.0,0.345,2948305000.0,2020332000.0,1482573000.0,3.51,3.5,3.51,13805258000.0,12941705500.0,13805258000.0,43622313389.0,22.0,14.796,-843569000.0,-2.496,1.0,3523360000.0,0.412,4427266000.0,537759000.0,49674453000.0,48717297500.0,176138000.0,1311274000.0,0.0,1311274000.0,28233460000.0,3326058000.0,24907402000.0,28015570389.0,9757000.0,-162706000.0,1354377000.0,360193000.0,-706710000.0,990483000.0,-3071091000.0,-5729000.0,2090365000.0,0.0,1155906000.0,1155906000.0,1155906000.0,0.0,7520000.0,0.135,1605782000.0,1917578000.0,952132000.0,0.628,2.029,24.237,23.724,28610776000.0,0.0,83.27,3.276,3.29,1167765000.0,4384093000.0,8553037000.0,8553037000.0,0.0,0.028,0.089,0.041,0.236,0.0,0.0,1.0,336442541.0,337946663.0,338561649.0,25.309,37611452000.0,0.0,326667000.0,3882293000.0,111.294,-920645000.0
5,ES,MRT,2020-03-31,2020-03-31,2020-03-31,2021-09-08,-63111000.0,41648986000.0,40373550250.0,2562670000.0,39086316000.0,0.21,39.897,-3008880000.0,47425000.0,47425000.0,5019468000.0,942648000.0,0.755,2.153,15654168000.0,1237070000.0,14417098000.0,15654168000.0,0.0,906541000.0,0.0,0.028,2.173,1753288000.0,2659829000.0,0.313,2659829000.0,1753288000.0,1217109000.0,2.86,2.85,2.86,13209956000.0,12479039250.0,13209956000.0,41360820773.0,24.0,15.55,-960432000.0,-2.901,1.0,3464936000.0,0.408,4427266000.0,536179000.0,49432835000.0,47845771000.0,286498000.0,1295043000.0,0.0,1295043000.0,28439030000.0,3395628000.0,25043402000.0,25805597773.0,25317000.0,-173312000.0,1272040000.0,542664000.0,-675090000.0,1093096000.0,-3116227000.0,40535000.0,2048448000.0,0.0,935128000.0,935128000.0,935128000.0,0.0,7520000.0,0.11,1830025000.0,1634911000.0,914333000.0,0.76,1.953,27.596,27.346,28041356000.0,0.0,78.21,3.042,3.052,1174165000.0,4322825000.0,8484404000.0,8484404000.0,0.0,0.023,0.075,0.037,0.207,0.0,0.0,1.0,329952663.0,331102237.0,332937153.0,25.625,37221720000.0,0.0,281981000.0,3816988000.0,112.418,-832958000.0
6,ES,MRT,2019-12-31,2019-12-31,2019-12-31,2021-09-08,-65059000.0,41123915000.0,39696555500.0,2414539000.0,38709376000.0,0.215,39.295,-2911489000.0,15432000.0,15432000.0,5114308000.0,916572000.0,0.67,2.256,15570655000.0,1259705000.0,14310950000.0,15570655000.0,0.0,885278000.0,0.0,0.025,2.14,1715749000.0,2601027000.0,0.305,2601027000.0,1715749000.0,1182552000.0,2.83,2.81,2.83,12629994000.0,12085908750.0,12629994000.0,43108756703.0,25.0,16.574,-901912000.0,-2.806,1.0,3412162000.0,0.4,4427266000.0,533197000.0,48646309000.0,46760524750.0,235471000.0,1320763000.0,0.0,1320763000.0,28493921000.0,3605563000.0,24888358000.0,27542381703.0,-92261000.0,-416337000.0,852254000.0,991960000.0,-663239000.0,1172450000.0,-3274288000.0,29334000.0,2009577000.0,0.0,909053000.0,909053000.0,909053000.0,0.0,7519000.0,0.107,1821671000.0,1590491000.0,1147872000.0,0.756,2.181,30.298,30.06,27585470000.0,0.0,85.07,3.23,3.207,1170389000.0,4177048000.0,8526470000.0,8526470000.0,0.0,0.023,0.075,0.037,0.201,0.0,0.0,1.0,323761393.0,321416086.0,322941636.0,26.528,36696649000.0,0.0,273499000.0,3755777000.0,114.172,-1191024000.0
7,ES,MRT,2019-09-30,2019-09-30,2019-09-30,2021-09-08,-52017000.0,39725394000.0,38975890750.0,2220905000.0,37504489000.0,0.218,37.408,-2813892000.0,22688000.0,22688000.0,5101284000.0,897843000.0,0.592,2.277,15589063000.0,1608776000.0,13980287000.0,15589063000.0,0.0,864485000.0,0.0,0.025,2.11,1678958000.0,2543443000.0,0.299,2543443000.0,1678958000.0,1153232000.0,2.77,2.78,2.77,12121614000.0,11800114500.0,12121614000.0,42790094786.0,25.0,16.824,-896161000.0,-2.766,1.0,3409758000.0,0.401,4427266000.0,525726000.0,47115593000.0,45655138750.0,204012000.0,1266491000.0,0.0,1266491000.0,27603780000.0,3748910000.0,23854870000.0,27658266786.0,17275000.0,-552721000.0,426902000.0,1527638000.0,-655599000.0,1282876000.0,-3183332000.0,181590000.0,1917731000.0,0.0,890323000.0,890323000.0,890323000.0,0.0,7520000.0,0.105,1854809000.0,1554949000.0,892106000.0,0.762,2.282,31.065,30.856,26911877000.0,0.0,85.47,3.25,3.254,1143790000.0,4100220000.0,8511042000.0,8511042000.0,0.0,0.023,0.075,0.037,0.197,0.0,0.0,1.0,323602045.0,324037169.0,326008342.0,26.266,35298128000.0,0.0,262909000.0,3604791000.0,108.932,-1528005000.0
8,ES,MRT,2019-06-30,2019-06-30,2019-06-30,2021-09-08,-53641000.0,38995906000.0,38423459500.0,2131697000.0,36864209000.0,0.224,37.397,-2618896000.0,20578000.0,20578000.0,5242067000.0,868339000.0,0.607,2.262,15152406000.0,1551499000.0,13600907000.0,15152406000.0,0.0,850556000.0,0.0,0.027,2.08,1625491000.0,2476047000.0,0.288,2476047000.0,1625491000.0,1109780000.0,2.7,2.71,2.7,11954593000.0,11621905500.0,11954593000.0,39188323709.0,24.0,15.827,-561901000.0,-1.758,1.0,3364603000.0,0.391,4427266000.0,515711000.0,46188347000.0,44786427500.0,174124000.0,1149936000.0,0.0,1149936000.0,27041313000.0,3512121000.0,23529192000.0,24050852709.0,45313000.0,-457885000.0,426902000.0,1117117000.0,-643401000.0,871918000.0,-2883600000.0,181470000.0,2056995000.0,0.0,860819000.0,860819000.0,860819000.0,0.0,7520000.0,0.1,1852871000.0,1511732000.0,903431000.0,0.77,2.012,27.94,28.059,26304446000.0,0.0,75.76,2.794,2.814,1119234000.0,3954492000.0,8606670000.0,8606670000.0,0.0,0.022,0.074,0.036,0.189,0.0,0.0,1.0,317461097.0,319664998.0,320388490.0,26.924,34568640000.0,0.0,248961000.0,3549922000.0,108.14,-1380424000.0
9,ES,MRT,2019-03-31,2019-03-31,2019-03-31,2021-09-08,-57804000.0,38941007000.0,37985569000.0,2300864000.0,36640143000.0,0.226,36.639,-2527448000.0,35145000.0,35145000.0,5237274000.0,1079652000.0,0.505,2.346,15172616000.0,2326559000.0,12846057000.0,15172616000.0,0.0,830612000.0,0.0,0.029,2.05,1870140000.0,2700752000.0,0.315,2700752000.0,1870140000.0,1360730000.0,3.36,3.37,3.36,11637434000.0,11451563000.0,11637434000.0,37013465194.0,20.0,13.705,-493184000.0,-1.553,1.0,3338757000.0,0.389,4427266000.0,509410000.0,45091850000.0,44100941250.0,277104000.0,1126881000.0,0.0,1126881000.0,27303573000.0,4559362000.0,22744211000.0,22489808194.0,-254243000.0,-446948000.0,0.0,1194734000.0,-649840000.0,544491000.0,-2832998000.0,131891000.0,2034264000.0,0.0,1072132000.0,1072132000.0,1072132000.0,0.0,7520000.0,0.125,1586659000.0,1752098000.0,1006774000.0,0.61,1.933,20.977,21.116,26032781000.0,0.0,70.95,2.622,2.628,1299636000.0,4092895000.0,8576031000.0,8576031000.0,0.0,0.028,0.094,0.042,0.218,0.0,0.0,1.0,316981088.0,317624593.0,318316082.0,27.001,34513741000.0,0.0,288598000.0,3543052000.0,108.662,-2258498000.0
10,ES,MRT,2018-12-31,2018-12-31,2018-12-31,2021-09-08,-60000000.0,38241256000.0,37510313000.0,2292224000.0,35949032000.0,0.225,36.194,-2376012000.0,108068000.0,108068000.0,5203935000.0,1040519000.0,0.557,2.329,14631725000.0,1799651000.0,12832074000.0,14631725000.0,0.0,819930000.0,0.0,0.031,2.02,1820777000.0,2640707000.0,0.313,2640707000.0,1820777000.0,1321972000.0,3.25,3.25,3.25,11486817000.0,11338133000.0,11486817000.0,34792869952.0,19.0,13.176,-545469000.0,-1.719,1.0,3244266000.0,0.384,4427266000.0,498805000.0,44224765000.0,43421847250.0,238042000.0,881794000.0,0.0,881794000.0,26754439000.0,4112882000.0,22641557000.0,20610252952.0,123434000.0,-205150000.0,0.0,1406023000.0,-640110000.0,729937000.0,-2437046000.0,137362000.0,1830543000.0,0.0,1033000000.0,1033000000.0,1033000000.0,0.0,7519000.0,0.122,1544336000.0,1699930000.0,1119995000.0,0.622,1.794,19.952,20.012,25610428000.0,0.0,65.04,2.44,2.443,1170340000.0,3953974000.0,8448201000.0,8448201000.0,0.0,0.028,0.091,0.042,0.216,0.0,0.0,1.0,316885808.0,317370369.0,317993934.0,26.619,33813990000.0,0.0,288972000.0,3506030000.0,106.544,-1820658000.0
11,ES,MRT,2018-09-30,2018-09-30,2018-09-30,2021-09-08,-59582000.0,37515669000.0,37005095500.0,2153371000.0,35362298000.0,0.225,35.949,-2396982000.0,59092000.0,59092000.0,5089019000.0,1046632000.0,0.593,2.288,14241709000.0,1506842000.0,12734867000.0,14241709000.0,0.0,814727000.0,0.0,0.032,1.99,1865591000.0,2680318000.0,0.323,2680318000.0,1865591000.0,1390579000.0,3.27,3.27,3.27,11408778000.0,11237989250.0,11408778000.0,33628343044.0,18.0,12.546,-468965000.0,-1.478,1.0,3219718000.0,0.388,4427266000.0,475012000.0,43640748000.0,42760535250.0,192508000.0,585960000.0,0.0,585960000.0,26106891000.0,3630272000.0,22476619000.0,19469464044.0,-37371000.0,-937628000.0,0.0,1982008000.0,-630603000.0,1318600000.0,-3283988000.0,17033000.0,1928017000.0,0.0,1039112000.0,1039112000.0,1039112000.0,0.0,7520000.0,0.125,1475998000.0,1743720000.0,962298000.0,0.609,1.707,18.737,18.789,24967702000.0,0.0,61.44,2.343,2.347,1261633000.0,3882695000.0,8308737000.0,8308737000.0,0.0,0.028,0.092,0.044,0.225,0.0,0.0,1.0,316885808.0,317360110.0,317967311.0,26.181,33088403000.0,0.0,351467000.0,3386324000.0,104.261,-1476901000.0
12,ES,MRT,2018-06-30,2018-06-30,2018-06-30,2021-09-08,-60988000.0,37244344000.0,35917083250.0,2277590000.0,34966754000.0,0.223,35.524,-2336022000.0,64154000.0,64154000.0,4842704000.0,1017622000.0,0.645,2.304,14223033000.0,1608833000.0,12614200000.0,14223033000.0,0.0,800522000.0,0.0,0.033,1.96,1906639000.0,2707161000.0,0.337,2707161000.0,1906639000.0,1448109000.0,3.18,3.18,3.18,11273223000.0,11135304000.0,11273223000.0,32431452207.0,17.0,11.98,-536635000.0,-1.691,1.0,3183120000.0,0.397,4427266000.0,458530000.0,43446402000.0,41435887000.0,171601000.0,576440000.0,0.0,576440000.0,25971121000.0,3529555000.0,22441566000.0,18572677207.0,43122000.0,-923506000.0,0.0,2065552000.0,-621096000.0,1433479000.0,-3189744000.0,44768000.0,1799387000.0,0.0,1010102000.0,1010102000.0,1010102000.0,0.0,7520000.0,0.126,1410170000.0,1772950000.0,1010389000.0,0.616,1.648,18.387,18.431,24476890000.0,0.0,58.61,2.314,2.317,1127891000.0,3753343000.0,8025824000.0,8025824000.0,0.0,0.028,0.091,0.046,0.238,0.0,0.0,1.0,316885808.0,317344596.0,317885187.0,25.291,32817078000.0,156236000.0,438007000.0,3473870000.0,103.411,-1251965000.0
13,ES,MRT,2018-03-31,2018-03-31,2018-03-31,2021-09-08,-63130000.0,37039983000.0,34770707250.0,2771436000.0,34268547000.0,0.228,35.236,-2301238000.0,303810000.0,303810000.0,4733631000.0,1005604000.0,0.677,2.312,14162585000.0,2146593000.0,12015992000.0,14162585000.0,0.0,791263000.0,0.0,0.033,1.93,1942366000.0,2733629000.0,0.345,2733629000.0,1942366000.0,1502911000.0,3.14,3.14,3.14,11183714000.0,11038379000.0,11183714000.0,32046353807.0,16.0,11.723,-572671000.0,-1.804,1.0,3201148000.0,0.403,4427266000.0,439455000.0,42375474000.0,39736660500.0,264171000.0,580446000.0,0.0,580446000.0,25856269000.0,4096018000.0,21760251000.0,18670911807.0,236330000.0,-917626000.0,0.0,2310587000.0,-611589000.0,1683417000.0,-3175654000.0,19486000.0,1728567000.0,0.0,998084000.0,998084000.0,998084000.0,0.0,7520000.0,0.126,1371344000.0,1829804000.0,984343000.0,0.615,1.669,18.707,18.764,23958688000.0,0.0,58.92,2.353,2.357,1250364000.0,3670603000.0,7934779000.0,7934779000.0,0.0,0.029,0.09,0.049,0.245,0.0,0.0,1.0,316885808.0,317397052.0,317992999.0,25.0,32612717000.0,0.0,504827000.0,3389606000.0,102.751,-1324582000.0
14,ES,MRT,2017-12-31,2017-12-31,2017-12-31,2021-09-08,-66403000.0,36220386000.0,33599505500.0,2487099000.0,33733287000.0,0.231,34.927,-2348105000.0,38165000.0,38165000.0,4519080000.0,995515000.0,0.693,2.267,13413607000.0,1637718000.0,11775889000.0,13413607000.0,0.0,773802000.0,0.0,0.03,1.9,1988643000.0,2762445000.0,0.356,2762445000.0,1988643000.0,1566888000.0,3.11,3.11,3.11,11086242000.0,10943499500.0,11086242000.0,31339212349.0,16.0,11.345,-351903000.0,-1.109,1.0,3232872000.0,0.417,4427266000.0,421755000.0,41579517000.0,38261172250.0,223063000.0,585419000.0,0.0,585419000.0,25134144000.0,3589045000.0,21545099000.0,20020845349.0,-20860000.0,-910286000.0,0.0,1827810000.0,-602083000.0,1213454000.0,-3230516000.0,22396000.0,1996202000.0,0.0,987996000.0,987996000.0,987996000.0,0.0,7519000.0,0.127,1344623000.0,1888249000.0,1085034000.0,0.611,1.806,20.264,20.315,23617463000.0,0.0,63.18,2.583,2.587,1126444000.0,3561084000.0,7751952000.0,7751952000.0,0.0,0.029,0.09,0.052,0.257,0.0,0.0,1.0,316885808.0,317411097.0,318031580.0,24.422,31793120000.0,0.0,578892000.0,3297518000.0,100.164,-1101946000.0
15,ES,MRT,2017-09-30,2017-09-30,2017-09-30,2021-09-08,-63615000.0,33163620000.0,32557702250.0,2403470000.0,30760150000.0,0.234,34.651,-2259976000.0,125761000.0,125761000.0,4421353000.0,987276000.0,0.917,2.015,11444128000.0,975935000.0,10468193000.0,11444128000.0,0.0,754837000.0,0.0,0.031,1.87,1976356000.0,2731193000.0,0.358,2731193000.0,1976356000.0,1554486000.0,3.09,3.08,3.09,10998037000.0,10849872500.0,10998037000.0,30448344236.0,15.0,11.148,-226255000.0,-0.713,1.0,3211709000.0,0.421,3519401000.0,421870000.0,38342155000.0,36770456250.0,305035000.0,570255000.0,0.0,570255000.0,22165583000.0,2620431000.0,19545152000.0,19152578236.0,87871000.0,0.0,0.0,1112500000.0,-592577000.0,496167000.0,-2442017000.0,-203542000.0,2033721000.0,0.0,979756000.0,979756000.0,979756000.0,0.0,7520000.0,0.128,1347826000.0,1863883000.0,794195000.0,0.605,1.741,19.548,19.56,22537304000.0,0.0,60.44,2.509,2.513,1066593000.0,3474185000.0,7633062000.0,7633062000.0,0.0,0.03,0.09,0.054,0.259,0.0,0.0,1.0,316885808.0,317393029.0,317949396.0,24.049,29644219000.0,0.0,574730000.0,6001589000.0,93.399,-216961000.0
16,ES,MRT,2017-06-30,2017-06-30,2017-06-30,2021-09-08,-62935000.0,32658840000.0,32037381500.0,2330814000.0,30328026000.0,0.24,34.297,-2254651000.0,24638000.0,24638000.0,4449097000.0,992225000.0,0.616,2.0,11320404000.0,2421383000.0,8899021000.0,11320404000.0,0.0,741660000.0,0.0,0.03,1.84,1976079000.0,2717739000.0,0.354,2717739000.0,1976079000.0,1563063000.0,3.1,3.09,3.1,10885523000.0,10759709250.0,10885523000.0,30209648404.0,15.0,11.116,-129897000.0,-0.409,1.0,3235159000.0,0.421,3519401000.0,413016000.0,36649496000.0,35991008250.0,286296000.0,565460000.0,0.0,565460000.0,21773317000.0,3785709000.0,17987608000.0,19238137404.0,-4047000.0,0.0,0.0,970500000.0,-583214000.0,343842000.0,-2472643000.0,-236755000.0,2124754000.0,0.0,984705000.0,984705000.0,984705000.0,0.0,7520000.0,0.128,1356658000.0,1878501000.0,587174000.0,0.594,1.767,19.537,19.584,22071496000.0,0.0,60.71,2.504,2.508,992128000.0,3364336000.0,7684256000.0,7684256000.0,0.0,0.031,0.092,0.055,0.257,0.0,0.0,1.0,316885808.0,317391365.0,317947194.0,24.211,29139439000.0,0.0,578358000.0,5900052000.0,91.809,-1454895000.0
17,ES,MRT,2017-03-31,2017-03-31,2017-03-31,2021-09-08,-62141000.0,32355176000.0,31593337250.0,2511399000.0,29843777000.0,0.243,34.033,-2068955000.0,45763000.0,45763000.0,4489270000.0,965125000.0,0.753,1.995,11017274000.0,1749383000.0,9267891000.0,11017274000.0,0.0,728285000.0,0.0,0.031,1.81,1930309000.0,2658594000.0,0.346,2658594000.0,1930309000.0,1524130000.0,3.02,3.01,3.02,10804196000.0,10665680500.0,10804196000.0,29348033794.0,15.0,11.039,84672000.0,0.267,1.0,3199359000.0,0.416,3519401000.0,406179000.0,36473521000.0,35679277750.0,361779000.0,561585000.0,0.0,561585000.0,21550980000.0,3333765000.0,18217215000.0,18626547794.0,31270000.0,0.0,0.0,756000000.0,-573850000.0,139172000.0,-2261529000.0,-207186000.0,2153627000.0,0.0,957605000.0,957605000.0,957605000.0,0.0,7520000.0,0.125,1345644000.0,1853715000.0,745856000.0,0.599,1.724,19.451,19.464,21641898000.0,0.0,58.78,2.423,2.427,1046161000.0,3284108000.0,7688629000.0,7688629000.0,0.0,0.03,0.09,0.054,0.251,0.0,0.0,1.0,316885808.0,317463151.0,318124536.0,24.219,28835775000.0,0.0,566525000.0,5758603000.0,90.832,-822366000.0
18,ES,MRT,2016-12-31,2016-12-31,2016-12-31,2021-09-08,-65282000.0,32053173000.0,31182662000.0,2477672000.0,29575501000.0,0.245,33.722,-1976867000.0,30251000.0,30251000.0,4477034000.0,949821000.0,0.681,1.992,10751737000.0,1922383000.0,8829354000.0,10751737000.0,0.0,715466000.0,0.0,0.032,1.78,1898260000.0,2613726000.0,0.342,2613726000.0,1898260000.0,1497299000.0,2.97,2.96,2.97,10711734000.0,10574256250.0,10711734000.0,27805058176.0,15.0,10.638,231375000.0,0.728,1.0,3162095000.0,0.414,3519401000.0,400961000.0,35616653000.0,35271213500.0,328721000.0,544642000.0,0.0,544642000.0,21341439000.0,3638605000.0,17702834000.0,17501603176.0,38754000.0,0.0,0.0,587547000.0,-564486000.0,-17940000.0,-2151548000.0,-210892000.0,2208242000.0,0.0,942302000.0,942302000.0,942302000.0,0.0,7519000.0,0.123,1320821000.0,1841274000.0,884521000.0,0.599,1.634,18.573,18.596,21350510000.0,0.0,55.23,2.291,2.297,1015791000.0,3175171000.0,7639129000.0,7639129000.0,0.0,0.03,0.089,0.054,0.248,0.0,0.0,1.0,316885808.0,317650180.0,318454239.0,24.049,28533772000.0,0.0,554997000.0,5607207000.0,89.828,-1160933000.0
19,ES,MRT,2016-09-30,2016-09-30,2016-09-30,2021-09-08,-65617000.0,31082337000.0,30814446000.0,2414652000.0,28667685000.0,0.245,33.473,-1906025000.0,40056000.0,40056000.0,4487164000.0,902446000.0,0.914,1.922,10343511000.0,1108383000.0,9235128000.0,10343511000.0,0.0,702248000.0,0.0,0.032,1.752,1833794000.0,2536042000.0,0.336,2536042000.0,1833794000.0,1442440000.0,2.81,2.81,2.81,10637384000.0,10484376500.0,10637384000.0,27529358210.0,15.0,10.855,-173223000.0,-0.545,1.0,3066591000.0,0.406,3519401000.0,391354000.0,35224363000.0,34927695500.0,311051000.0,525809000.0,0.0,525809000.0,20444953000.0,2642028000.0,17802925000.0,17186277210.0,4275000.0,0.0,0.0,719000000.0,-555899000.0,133729000.0,-1862256000.0,44172000.0,1732802000.0,0.0,894926000.0,894926000.0,894926000.0,0.0,7520000.0,0.118,1259328000.0,1807263000.0,679505000.0,0.623,1.616,19.204,19.281,20807943000.0,0.0,54.18,2.275,2.279,1151028000.0,3087006000.0,7553755000.0,7553755000.0,0.0,0.029,0.085,0.053,0.243,0.0,0.0,1.0,317207036.0,317787836.0,318577079.0,23.77,27562936000.0,4527000.0,547514000.0,5442856000.0,86.734,-227376000.0
20,ES,MRT,2016-06-30,2016-06-30,2016-06-30,2021-09-08,-65364000.0,30882663000.0,30555368250.0,2415284000.0,28467379000.0,0.244,33.071,-1852928000.0,38726000.0,38726000.0,4512405000.0,873046000.0,1.048,1.939,10381807000.0,945883000.0,9435924000.0,10381807000.0,0.0,688843000.0,0.0,0.029,1.725,1784764000.0,2473607000.0,0.332,2473607000.0,1784764000.0,1400741000.0,2.72,2.72,2.72,10509408000.0,10398638000.0,10509408000.0,29242805456.0,16.0,11.822,-306021000.0,-0.963,1.0,2934749000.0,0.394,3519401000.0,384023000.0,35402574000.0,34501862750.0,292547000.0,518750000.0,0.0,518750000.0,20373255000.0,2303769000.0,18069486000.0,19000701456.0,2257000.0,0.0,0.0,838177000.0,-547169000.0,265512000.0,-1810162000.0,44287000.0,1546907000.0,0.0,865527000.0,865527000.0,865527000.0,0.0,7519000.0,0.116,1168117000.0,1766632000.0,631566000.0,0.634,1.808,21.953,22.022,20448475000.0,0.0,59.9,2.551,2.556,1010164000.0,2962843000.0,7447154000.0,7447154000.0,0.0,0.028,0.083,0.052,0.24,0.0,0.0,1.0,317207036.0,317785495.0,318476699.0,23.435,27363262000.0,103926000.0,535214000.0,5398926000.0,86.106,111515000.0
21,ES,MRT,2016-03-31,2016-03-31,2016-03-31,2021-09-08,-65175000.0,30712475000.0,30304687250.0,2590547000.0,28121928000.0,0.247,32.875,-1793025000.0,50966000.0,50966000.0,4596795000.0,876904000.0,0.999,1.942,10293070000.0,1148383000.0,9144687000.0,10293070000.0,0.0,676005000.0,0.0,0.029,1.697,1778218000.0,2454223000.0,0.327,2454223000.0,1778218000.0,1402428000.0,2.73,2.73,2.73,10438499000.0,10317549250.0,10438499000.0,28676400467.0,16.0,11.685,-350851000.0,-1.105,1.0,2900236000.0,0.387,3519401000.0,375790000.0,34841264000.0,34003047750.0,359225000.0,502948000.0,0.0,502948000.0,20273976000.0,2593914000.0,17680062000.0,18504937467.0,-20061000.0,0.0,0.0,824300000.0,-538515000.0,256990000.0,-1719225000.0,62081000.0,1442174000.0,0.0,869385000.0,869385000.0,869385000.0,0.0,7519000.0,0.116,1145011000.0,1755225000.0,646440000.0,0.622,1.773,21.285,21.37,20096693000.0,0.0,58.34,2.468,2.471,1083061000.0,2900351000.0,7497031000.0,7497031000.0,0.0,0.029,0.084,0.052,0.237,0.0,0.0,1.0,317191249.0,317517141.0,318481050.0,23.611,27193074000.0,44171000.0,533043000.0,5284255000.0,85.643,-3367000.0
22,ES,MRT,2015-12-31,2015-12-31,2015-12-31,2021-09-08,-66844000.0,30580309000.0,30114509750.0,2618786000.0,27961523000.0,0.264,32.622,-1724139000.0,23947000.0,23947000.0,5006767000.0,886004000.0,0.876,1.954,10195410000.0,1389836000.0,8805574000.0,10195410000.0,0.0,665856000.0,0.0,0.033,1.669,1790872000.0,2456728000.0,0.309,2456728000.0,1790872000.0,1418452000.0,2.77,2.76,2.77,10352215000.0,10235525750.0,10352215000.0,26165057086.0,15.0,10.65,-290388000.0,-0.915,1.0,2948060000.0,0.371,3519401000.0,372420000.0,34242581000.0,33567908000.0,336476000.0,516478000.0,0.0,516478000.0,20228094000.0,2989790000.0,17238304000.0,16198957086.0,-14756000.0,0.0,0.0,766178000.0,-529791000.0,210643000.0,-1659150000.0,58698000.0,1433751000.0,0.0,878485000.0,878485000.0,878485000.0,0.0,7519000.0,0.11,1183896000.0,1764164000.0,813646000.0,0.603,1.565,18.44,18.437,19892441000.0,0.0,51.07,2.036,2.037,978127000.0,2797355000.0,7954827000.0,7954827000.0,0.0,0.029,0.086,0.053,0.225,0.0,0.0,1.0,317191249.0,317336881.0,318432687.0,25.067,27060908000.0,305359000.0,539967000.0,5147678000.0,85.275,-371004000.0
23,ES,MRT,2015-09-30,2015-09-30,2015-09-30,2021-09-08,-73546000.0,30046026000.0,29904529250.0,2367688000.0,27678338000.0,0.272,32.428,-1663536000.0,35781000.0,35781000.0,5166982000.0,925808000.0,0.797,1.919,10001881000.0,1244383000.0,8757498000.0,10001881000.0,0.0,653822000.0,0.0,0.032,1.645,1830903000.0,2484725000.0,0.305,2484725000.0,1830903000.0,1461369000.0,2.89,2.88,2.89,10294430000.0,10141675750.0,10294430000.0,25941066562.0,14.0,10.44,-64260000.0,-0.202,1.0,2977735000.0,0.366,3519401000.0,369534000.0,33521032000.0,33211947500.0,302225000.0,596480000.0,119702000.0,476778000.0,19751596000.0,2971693000.0,16779903000.0,16055305562.0,-5925000.0,0.0,0.0,574899000.0,-516510000.0,21894000.0,-1627095000.0,10382000.0,1599276000.0,0.0,918290000.0,918290000.0,918290000.0,0.0,7518000.0,0.113,1168746000.0,1808989000.0,610753000.0,0.569,1.56,17.484,17.516,19406025000.0,0.0,50.62,1.971,1.973,1125984000.0,2747977000.0,8144717000.0,8144717000.0,0.0,0.031,0.091,0.055,0.225,0.0,0.0,1.0,317173164.0,317452212.0,318405269.0,25.657,26526625000.0,12247000.0,543079000.0,4782100000.0,83.561,-604005000.0
24,ES,MRT,2015-06-30,2015-06-30,2015-06-30,2021-09-08,-72033000.0,29879939000.0,29388600500.0,2449929000.0,27430010000.0,0.276,32.067,-1620080000.0,36469000.0,36469000.0,5188505000.0,924502000.0,0.863,1.934,9922230000.0,1232583000.0,8689647000.0,9922230000.0,0.0,639148000.0,0.0,0.036,1.62,1809194000.0,2448342000.0,0.302,2448342000.0,1809194000.0,1442456000.0,2.89,2.88,2.89,10185053000.0,10040706250.0,10185053000.0,24204497791.0,13.0,9.886,515000.0,0.002,1.0,2915639000.0,0.36,3519401000.0,366738000.0,33407314000.0,32569453750.0,289561000.0,622749000.0,124830000.0,497919000.0,19694886000.0,2838985000.0,16855901000.0,14424374791.0,2373000.0,0.0,0.0,507222000.0,-503002000.0,-32046000.0,-1586176000.0,8397000.0,1620595000.0,0.0,916984000.0,916984000.0,916984000.0,0.0,7518000.0,0.113,1134978000.0,1780661000.0,598716000.0,0.561,1.416,15.73,15.713,19079189000.0,0.0,45.41,1.78,1.78,1108733000.0,2644485000.0,8104144000.0,8104144000.0,0.0,0.031,0.091,0.056,0.223,0.0,0.0,1.0,317647540.0,317613166.0,318559568.0,25.516,26360538000.0,117792000.0,525472000.0,4809534000.0,82.996,-389056000.0
25,ES,MRT,2015-03-31,2015-03-31,2015-03-31,2021-09-08,-72414000.0,29951765000.0,28866227000.0,2792691000.0,27159074000.0,0.276,31.885,-1617639000.0,71027000.0,71027000.0,5180059000.0,844362000.0,0.897,1.962,9851150000.0,1249083000.0,8602067000.0,9851150000.0,0.0,627687000.0,0.0,0.032,1.595,1683796000.0,2311483000.0,0.29,2311483000.0,1683796000.0,1316822000.0,2.64,2.63,2.64,10110405000.0,9932894750.0,10110405000.0,25794856208.0,15.0,11.159,32082000.0,0.101,1.0,2784638000.0,0.35,3519401000.0,366974000.0,33100705000.0,31938088250.0,281492000.0,518065000.0,0.0,518065000.0,19841360000.0,3111782000.0,16729578000.0,16025134208.0,-18123000.0,0.0,0.0,458449000.0,-489200000.0,-62678000.0,-1605166000.0,-10115000.0,1649721000.0,0.0,836844000.0,836844000.0,836844000.0,0.0,7518000.0,0.105,1122002000.0,1662636000.0,739324000.0,0.604,1.585,19.149,19.136,18810708000.0,0.0,50.52,2.012,2.011,1361194000.0,2569482000.0,7964697000.0,7964697000.0,0.0,0.029,0.084,0.053,0.211,0.0,0.0,1.0,317203765.0,317090841.0,318491188.0,25.118,26432364000.0,99680000.0,479978000.0,4793212000.0,83.359,-319091000.0
26,ES,MRT,2014-12-31,2014-12-31,2014-12-31,2021-09-08,-74009000.0,29740387000.0,28402503250.0,2692465000.0,27047922000.0,0.273,31.559,-1603744000.0,38703000.0,38703000.0,5010519000.0,827065000.0,0.859,1.981,9770837000.0,1202408000.0,8568429000.0,9770837000.0,0.0,614657000.0,0.0,0.029,1.571,1649949000.0,2264606000.0,0.293,2264606000.0,1649949000.0,1287843000.0,2.59,2.58,2.59,9976815000.0,9836276750.0,9976815000.0,26372925336.0,16.0,11.646,48232000.0,0.153,1.0,2731337000.0,0.353,3519401000.0,362106000.0,32818739000.0,31442458750.0,349664000.0,515025000.0,0.0,515025000.0,19763572000.0,3134381000.0,16629191000.0,16955102336.0,-4661000.0,0.0,0.0,433524000.0,-475227000.0,-64842000.0,-1591795000.0,-12210000.0,1651976000.0,0.0,819546000.0,819546000.0,819546000.0,0.0,7519000.0,0.106,1098488000.0,1632849000.0,868231000.0,0.607,1.699,20.688,20.664,18647041000.0,0.0,53.52,2.19,2.185,1068104000.0,2448661000.0,7741856000.0,7741856000.0,0.0,0.029,0.083,0.052,0.213,0.0,0.0,1.0,316799371.0,316136748.0,317417414.0,24.489,26220986000.0,337307000.0,468297000.0,4627761000.0,82.942,-441916000.0
27,ES,MRT,2014-09-30,2014-09-30,2014-09-30,2021-09-08,-40172000.0,27982311000.0,27916290750.0,2101550000.0,25880761000.0,0.274,31.266,-1500521000.0,41706000.0,41706000.0,4956241000.0,782852000.0,0.717,1.829,9459529000.0,1292544000.0,8166985000.0,9459529000.0,0.0,603366000.0,0.0,0.035,1.545,1583016000.0,2186382000.0,0.286,2186382000.0,1583016000.0,1222692000.0,2.45,2.44,2.45,9890552000.0,9744955000.0,9890552000.0,23429506497.0,15.0,10.716,390067000.0,1.233,1.0,2682224000.0,0.351,3519401000.0,360324000.0,30951057000.0,30827849000.0,333869000.0,632754000.0,114722000.0,518032000.0,18091759000.0,2929676000.0,15162083000.0,14015890497.0,-16235000.0,0.0,0.0,95065000.0,-477101000.0,-401362000.0,-1505461000.0,35000.0,1890588000.0,0.0,775335000.0,775335000.0,775335000.0,0.0,7517000.0,0.102,1118983000.0,1563241000.0,608639000.0,0.631,1.417,18.077,18.082,18254610000.0,0.0,44.3,1.835,1.835,1029794000.0,2351421000.0,7638465000.0,7638465000.0,0.0,0.028,0.08,0.051,0.207,0.0,0.0,1.0,316385790.0,316340691.0,317554925.0,24.146,24462910000.0,0.0,447357000.0,4257996000.0,77.331,-828126000.0
28,ES,MRT,2014-06-30,2014-06-30,2014-06-30,2021-09-08,-41507000.0,27790445000.0,28031792500.0,2068475000.0,25721970000.0,0.272,30.871,-1480578000.0,34096000.0,34096000.0,4922071000.0,757739000.0,0.738,1.849,9447712000.0,1300583000.0,8147129000.0,9447712000.0,0.0,599261000.0,0.0,0.032,1.52,1538453000.0,2137714000.0,0.28,2137714000.0,1538453000.0,1180391000.0,2.37,2.36,2.37,9753807000.0,9651680250.0,9753807000.0,24267485713.0,16.0,11.352,310600000.0,0.983,1.0,2716452000.0,0.356,3519401000.0,358062000.0,30881852000.0,30811105750.0,281721000.0,629973000.0,115987000.0,513986000.0,18036638000.0,2802808000.0,15233830000.0,14936623713.0,-1959000.0,0.0,0.0,144600000.0,-467834000.0,-348304000.0,-1444833000.0,28734000.0,1791178000.0,0.0,750222000.0,750222000.0,750222000.0,0.0,7517000.0,0.098,1194859000.0,1521593000.0,561699000.0,0.641,1.531,19.91,19.945,17978692000.0,0.0,47.27,1.955,1.955,1001493000.0,2241025000.0,7638523000.0,7638523000.0,0.0,0.027,0.078,0.05,0.201,0.0,0.0,1.0,315985270.0,315950510.0,317112801.0,24.176,24271044000.0,0.0,430169000.0,4270050000.0,76.819,-734333000.0
29,ES,MRT,2014-03-31,2014-03-31,2014-03-31,2021-09-08,-44321000.0,28096870000.0,28133404250.0,2365809000.0,25731061000.0,0.27,30.817,-1416528000.0,89150000.0,89150000.0,4758758000.0,801556000.0,0.848,1.889,9420012000.0,1101680000.0,8318332000.0,9420012000.0,0.0,606607000.0,0.0,0.033,1.495,1594294000.0,2200901000.0,0.29,2200901000.0,1594294000.0,1241877000.0,2.51,2.5,2.51,9723933000.0,9564881500.0,9723933000.0,23712104770.0,15.0,10.774,267664000.0,0.848,1.0,2838013000.0,0.374,3519401000.0,352417000.0,31118187000.0,30814184750.0,228192000.0,507931000.0,0.0,507931000.0,18372937000.0,2790144000.0,15582793000.0,14352289770.0,28333000.0,0.0,0.0,187005000.0,-464770000.0,-310395000.0,-1345464000.0,29608000.0,1684192000.0,0.0,793876000.0,793876000.0,793876000.0,0.0,7680000.0,0.105,1251752000.0,1586261000.0,711594000.0,0.596,1.476,18.079,18.127,17713027000.0,0.0,45.5,1.889,1.89,1182900000.0,2237710000.0,7596771000.0,7596771000.0,0.0,0.028,0.083,0.052,0.21,0.0,0.0,1.0,315434940.0,315534512.0,316892119.0,24.076,24577469000.0,0.0,448001000.0,4209969000.0,77.892,-424335000.0
30,ES,MRT,2013-12-31,2013-12-31,2013-12-31,2021-09-08,-46031000.0,27795537000.0,28191352000.0,2087049000.0,25708488000.0,0.259,30.483,-1456787000.0,43364000.0,43364000.0,4510170000.0,793689000.0,0.637,1.892,9403179000.0,1626346000.0,7776833000.0,9403179000.0,0.0,610777000.0,0.0,0.035,1.47,1551647000.0,2162424000.0,0.296,2162424000.0,1551647000.0,1212948000.0,2.49,2.49,2.49,9611528000.0,9470206000.0,9611528000.0,22694434839.0,15.0,10.495,206752000.0,0.656,1.0,2791034000.0,0.382,3519401000.0,338699000.0,30360300000.0,30578214250.0,303233000.0,488515000.0,0.0,488515000.0,18184009000.0,3275651000.0,14908358000.0,13356837839.0,-2384000.0,0.0,0.0,270976000.0,-462741000.0,-224700000.0,-1441223000.0,-52252000.0,1663539000.0,0.0,786007000.0,786007000.0,786007000.0,0.0,7682000.0,0.108,1219018000.0,1572016000.0,742251000.0,0.59,1.39,16.993,17.024,17576186000.0,0.0,42.39,1.829,1.831,990373000.0,2125980000.0,7301204000.0,7301204000.0,0.0,0.028,0.083,0.051,0.213,0.0,0.0,1.0,315094075.0,315311387.0,316211160.0,23.156,24276136000.0,16629000.0,426941000.0,4029026000.0,76.991,-1188602000.0
31,ES,MRT,2013-09-30,2013-09-30,2013-09-30,2021-09-08,-67387000.0,28444318000.0,28318173750.0,2018132000.0,26426186000.0,0.255,30.186,-1464281000.0,57941000.0,57941000.0,4418298000.0,791007000.0,0.597,1.989,9395538000.0,1951346000.0,7444192000.0,9395538000.0,0.0,612847000.0,0.0,0.035,1.446,1518988000.0,2131835000.0,0.296,2131835000.0,1518988000.0,1184318000.0,2.49,2.49,2.49,9517453000.0,9376586500.0,9517453000.0,22281690871.0,15.0,10.452,77911000.0,0.247,1.0,2789129000.0,0.387,3519401000.0,334670000.0,30884084000.0,30553092750.0,304698000.0,556981000.0,0.0,556981000.0,18926865000.0,3378430000.0,15548435000.0,12983503871.0,-15508000.0,0.0,0.0,385228000.0,-449411000.0,-92134000.0,-1465566000.0,-64825000.0,1542192000.0,0.0,783327000.0,783327000.0,783327000.0,0.0,7680000.0,0.109,1206497000.0,1582632000.0,554010000.0,0.581,1.364,16.575,16.566,17187896000.0,0.0,41.25,1.801,1.804,958595000.0,2064401000.0,7207427000.0,7207427000.0,0.0,0.028,0.084,0.05,0.211,0.0,0.0,1.0,314751609.0,315291346.0,316218239.0,22.86,24924917000.0,0.0,400991000.0,3954246000.0,79.054,-1360298000.0
32,ES,MRT,2013-06-30,2013-06-30,2013-06-30,2021-09-08,-69469000.0,28196892000.0,28146484750.0,2051093000.0,26145799000.0,0.255,29.848,-1482148000.0,36055000.0,36055000.0,4369162000.0,789135000.0,0.666,1.998,9334242000.0,1682846000.0,7651396000.0,9334242000.0,0.0,608216000.0,0.0,0.034,1.421,1528009000.0,2136225000.0,0.298,2136225000.0,1528009000.0,1190454000.0,2.49,2.49,2.49,9406612000.0,9291439750.0,9406612000.0,22425070917.0,15.0,10.498,127702000.0,0.405,1.0,2807204000.0,0.391,3519401000.0,337555000.0,30894168000.0,30191525500.0,280600000.0,591185000.0,0.0,591185000.0,18790280000.0,3081510000.0,15708770000.0,13220388917.0,7572000.0,0.0,0.0,353795000.0,-447407000.0,-106282000.0,-1495996000.0,-102535000.0,1609850000.0,0.0,781454000.0,781454000.0,781454000.0,0.0,7681000.0,0.109,1167885000.0,1639319000.0,532036000.0,0.571,1.405,16.918,16.876,16931448000.0,0.0,42.02,1.842,1.845,982944000.0,1969755000.0,7176366000.0,7176366000.0,0.0,0.028,0.084,0.051,0.213,0.0,0.0,1.0,314621345.0,315154130.0,315962619.0,22.771,24677491000.0,0.0,409000000.0,3745144000.0,78.303,-1030417000.0
33,ES,MRT,2013-03-31,2013-03-31,2013-03-31,2021-09-08,-70898000.0,28328661000.0,27973836750.0,2158011000.0,26170650000.0,0.256,29.655,-1556928000.0,60817000.0,60817000.0,4585080000.0,662290000.0,0.562,2.031,9265499000.0,2234328000.0,7031171000.0,9265499000.0,0.0,593148000.0,0.0,0.032,1.397,1333973000.0,1927121000.0,0.269,1927121000.0,1333973000.0,994221000.0,2.1,2.1,2.1,9345231000.0,9206696500.0,9345231000.0,22781222258.0,17.0,11.821,68628000.0,0.218,1.0,2584108000.0,0.36,3519401000.0,339752000.0,30174305000.0,29842286000.0,239226000.0,686088000.0,99115000.0,586973000.0,18983430000.0,3839637000.0,15143793000.0,13661141258.0,-222562000.0,0.0,0.0,205805000.0,-439374000.0,-235750000.0,-1612368000.0,-116672000.0,1625556000.0,0.0,654772000.0,654772000.0,654772000.0,0.0,7518000.0,0.091,1103180000.0,1480928000.0,633458000.0,0.665,1.462,20.864,20.695,16737549000.0,0.0,43.46,1.906,1.91,1028859000.0,1914371000.0,7169188000.0,7169188000.0,0.0,0.023,0.071,0.045,0.186,0.0,0.0,1.0,314338271.0,315129782.0,316002538.0,22.75,24809260000.0,0.0,339449000.0,3614278000.0,78.727,-1681626000.0
34,ES,MRT,2012-12-31,2012-12-31,2012-12-31,2021-09-08,-72854000.0,28302824000.0,24886260000.0,2227295000.0,26075529000.0,0.252,33.322,-1472272000.0,45748000.0,45748000.0,4101641000.0,533077000.0,0.611,2.064,9165829000.0,1883534000.0,7282295000.0,9165829000.0,0.0,519010000.0,0.0,0.034,1.323,1130816000.0,1649826000.0,0.263,1649826000.0,1130816000.0,800871000.0,1.9,1.89,1.9,9237050000.0,7887464000.0,9237050000.0,21268330373.0,19.0,12.891,-311043000.0,-1.122,1.0,2172146000.0,0.346,3519401000.0,329945000.0,30259814000.0,27158329000.0,267713000.0,490941000.0,0.0,490941000.0,19065774000.0,3643690000.0,15422084000.0,12268900373.0,39189000.0,0.0,0.0,721431000.0,-375047000.0,345884000.0,-1467924000.0,-31335000.0,1161229000.0,0.0,525945000.0,525945000.0,525945000.0,0.0,7132000.0,0.084,911921000.0,1260225000.0,764350000.0,0.696,1.328,23.327,20.568,16605010000.0,0.0,39.08,1.956,1.727,1008862000.0,1802714000.0,6273787000.0,6273787000.0,0.0,0.021,0.067,0.042,0.18,0.0,0.0,1.0,313943203.0,277209819.0,277993631.0,22.632,24783423000.0,0.0,274926000.0,3463347000.0,89.403,-1416395000.0
35,ES,MRT,2012-09-30,2012-09-30,2012-09-30,2021-09-08,-64209000.0,27757562000.0,21722320500.0,2138986000.0,25618576000.0,0.26,29.151,-1456261000.0,73449000.0,73449000.0,3796849000.0,471261000.0,0.563,2.025,9072879000.0,2238996000.0,6833883000.0,9072879000.0,0.0,449206000.0,0.0,0.033,1.255,988490000.0,1437696000.0,0.254,1437696000.0,988490000.0,676926000.0,2.0,2.01,2.0,9176866000.0,6581369000.0,9176866000.0,20996575735.0,21.0,14.604,-578317000.0,-1.837,1.0,1861020000.0,0.329,3518454000.0,311564000.0,29437815000.0,24288622750.0,267281000.0,569081000.0,81618000.0,487463000.0,18580696000.0,3800723000.0,14779973000.0,11996744735.0,56728000.0,0.0,0.0,860350000.0,-316046000.0,548851000.0,-1370067000.0,-20594000.0,877944000.0,0.0,464528000.0,464528000.0,464528000.0,0.0,6733000.0,0.082,769330000.0,1091690000.0,542691000.0,0.627,1.307,25.826,19.115,16303805000.0,0.0,38.23,2.12,2.127,956058000.0,1735690000.0,5657869000.0,5657869000.0,0.0,0.021,0.071,0.041,0.175,0.0,0.0,1.0,313804466.0,314806441.0,315805796.0,17.973,24239108000.0,0.0,212398000.0,3429538000.0,76.997,-1661737000.0
36,ES,MRT,2012-06-30,2012-06-30,2012-06-30,2021-09-08,-66387000.0,27506300000.0,18465109250.0,1954005000.0,25552295000.0,0.266,30.12,-1345421000.0,28483000.0,28483000.0,3424687000.0,353184000.0,0.56,2.033,9028314000.0,1931708000.0,7096606000.0,9028314000.0,0.0,379928000.0,0.0,0.031,1.187,776917000.0,1156845000.0,0.236,1156845000.0,776917000.0,491782000.0,1.85,1.86,1.85,9067639000.0,5276201750.0,9067639000.0,17886369267.0,23.0,15.461,-741327000.0,-2.462,1.0,1486545000.0,0.303,3518454000.0,285135000.0,29497210000.0,21428793000.0,262562000.0,545149000.0,79231000.0,465918000.0,18438661000.0,3490467000.0,14948194000.0,12170974267.0,13376000.0,0.0,0.0,959370000.0,-257056000.0,689908000.0,-1280626000.0,-11981000.0,604094000.0,0.0,346861000.0,346861000.0,346861000.0,0.0,6323000.0,0.071,629308000.0,857237000.0,600995000.0,0.642,1.342,35.089,20.978,16054913000.0,0.0,38.81,2.478,2.379,864172000.0,1635709000.0,4911232000.0,4911232000.0,0.0,0.019,0.066,0.036,0.158,0.0,0.0,1.0,313604078.0,301047753.0,301816884.0,16.314,23987846000.0,0.0,144921000.0,3249323000.0,79.681,-1536462000.0
37,ES,MRT,2012-03-31,2012-03-31,2012-03-31,2021-09-08,-68822000.0,15978354000.0,15199120750.0,1523466000.0,14454888000.0,0.285,22.848,-1144335000.0,283379000.0,283379000.0,2971496000.0,385684000.0,0.774,2.927,5998774000.0,927286000.0,5071488000.0,5998774000.0,0.0,309080000.0,0.0,0.03,1.119,801503000.0,1110583000.0,0.256,1110583000.0,801503000.0,543181000.0,2.14,2.15,2.14,4068301000.0,3988068500.0,4068301000.0,11946999868.0,15.0,10.757,-537899000.0,-3.021,1.0,1358533000.0,0.314,287591000.0,258322000.0,19438477000.0,18464719500.0,219091000.0,231008000.0,62700000.0,168308000.0,11906694000.0,1967681000.0,9939013000.0,6577803868.0,268020000.0,0.0,0.0,958567000.0,-198071000.0,745695000.0,-1084111000.0,-2570000.0,606436000.0,0.0,379800000.0,379800000.0,379800000.0,0.0,5884000.0,0.088,506343000.0,852190000.0,412884000.0,0.523,1.617,17.319,17.346,10613199000.0,0.0,37.12,1.519,1.526,621657000.0,1698553000.0,4330029000.0,4330029000.0,0.0,0.025,0.095,0.043,0.185,0.0,0.0,1.0,177203768.0,178055716.0,178437453.0,24.318,15690763000.0,0.0,163381000.0,1923266000.0,88.123,-444215000.0
38,ES,MRT,2011-12-31,2011-12-31,2011-12-31,2021-09-08,-70686000.0,15647066000.0,14809165250.0,1357472000.0,14289594000.0,0.302,22.618,-1076730000.0,6559000.0,6559000.0,3076882000.0,400513000.0,0.697,2.899,5375755000.0,648582000.0,4727173000.0,5375755000.0,0.0,302192000.0,0.0,0.03,1.1,816071000.0,1118263000.0,0.25,1118263000.0,816071000.0,565646000.0,2.22,2.22,2.22,4012670000.0,3942327000.0,4012670000.0,11478231845.0,14.0,10.264,-106344000.0,-0.599,1.0,1388775000.0,0.311,287591000.0,250425000.0,18780989000.0,18094877500.0,248958000.0,229638000.0,70970000.0,158668000.0,11631440000.0,1947682000.0,9683758000.0,6385554845.0,-16836000.0,0.0,0.0,238602000.0,-194555000.0,31365000.0,-1018587000.0,-2531000.0,970386000.0,0.0,394693000.0,394693000.0,394693000.0,0.0,5820000.0,0.088,524687000.0,864088000.0,633282000.0,0.495,1.591,16.179,16.248,10403065000.0,0.0,36.07,1.43,1.433,663209000.0,1651875000.0,4465657000.0,4465657000.0,0.0,0.027,0.1,0.045,0.183,0.0,0.0,1.0,177032294.0,177410167.0,177804568.0,25.171,15359475000.0,0.0,170953000.0,1868316000.0,86.576,-590210000.0
39,ES,MRT,2011-09-30,2011-09-30,2011-09-30,2021-09-08,-55214000.0,14728717000.0,14515549000.0,1327375000.0,13401342000.0,0.317,22.289,-979112000.0,16721000.0,16721000.0,3076341000.0,416957000.0,0.865,2.722,5109398000.0,364327000.0,4745071000.0,5109398000.0,0.0,294836000.0,0.0,0.032,1.081,839530000.0,1134366000.0,0.247,1134366000.0,839530000.0,617881000.0,2.32,2.32,2.32,3956197000.0,3891953500.0,3956197000.0,10914658044.0,13.0,9.622,159151000.0,0.897,1.0,1525268000.0,0.331,287591000.0,221649000.0,17998496000.0,17890678250.0,237794000.0,218136000.0,74525000.0,143611000.0,10770067000.0,1535307000.0,9234760000.0,5952470044.0,-24458000.0,0.0,0.0,15576000.0,-191058000.0,-184658000.0,-978063000.0,-2357000.0,1138263000.0,0.0,410663000.0,410663000.0,410663000.0,0.0,6294000.0,0.089,610792000.0,914476000.0,476214000.0,0.466,1.505,14.495,14.504,10096063000.0,0.0,33.65,1.294,1.298,632662000.0,1587528000.0,4601609000.0,4601609000.0,0.0,0.028,0.106,0.047,0.182,0.0,0.0,1.0,176893612.0,177497862.0,177835348.0,25.925,14441126000.0,203000.0,207218000.0,1930261000.0,81.359,-207932000.0
40,ES,MRT,2011-06-30,2011-06-30,2011-06-30,2021-09-08,-45791000.0,14442346000.0,14407766750.0,1337862000.0,13104484000.0,0.328,22.076,-933753000.0,15107000.0,15107000.0,3191534000.0,427461000.0,0.906,2.688,4977295000.0,473991000.0,4503304000.0,4977295000.0,0.0,290594000.0,0.0,0.03,1.062,844094000.0,1134688000.0,0.24,1134688000.0,844094000.0,620479000.0,2.38,2.38,2.38,3915106000.0,3833570000.0,3915106000.0,11252589992.0,13.0,9.917,312626000.0,1.763,1.0,1538520000.0,0.325,287591000.0,223615000.0,17640916000.0,17895211000.0,230754000.0,219564000.0,74680000.0,144884000.0,10525393000.0,1476027000.0,9049366000.0,6217234992.0,-73668000.0,0.0,0.0,-188983000.0,-187555000.0,-382238000.0,-937809000.0,-2440000.0,1246379000.0,0.0,421226000.0,421226000.0,421226000.0,0.0,6235000.0,0.089,585473000.0,953047000.0,373799000.0,0.446,1.588,14.76,14.777,9863789000.0,0.0,35.17,1.314,1.319,625291000.0,1546493000.0,4730054000.0,4730054000.0,0.0,0.029,0.11,0.047,0.178,0.0,0.0,1.0,176776656.0,177347374.0,177626992.0,26.671,14154755000.0,49130000.0,199253000.0,1881288000.0,79.814,-138165000.0
41,ES,MRT,2011-03-31,2011-03-31,2011-03-31,2021-09-08,-41267000.0,14418532000.0,14354611000.0,1406965000.0,13011567000.0,0.334,21.928,-988674000.0,15359000.0,15359000.0,3249989000.0,422090000.0,1.165,2.711,5050714000.0,255286000.0,4795428000.0,5050714000.0,0.0,296032000.0,0.0,0.03,1.044,838561000.0,1134593000.0,0.237,1134593000.0,838561000.0,609983000.0,2.35,2.35,2.35,3885335000.0,3769539500.0,3885335000.0,11231380894.0,13.0,9.899,251852000.0,1.421,1.0,1544010000.0,0.322,287591000.0,228578000.0,17959109000.0,18000236500.0,202561000.0,220745000.0,79337000.0,141408000.0,10531700000.0,1207187000.0,9324513000.0,6107051894.0,-14653000.0,0.0,0.0,-76762000.0,-184042000.0,-263725000.0,-991454000.0,-2429000.0,1240526000.0,0.0,415894000.0,415894000.0,415894000.0,0.0,6196000.0,0.087,552842000.0,991168000.0,352606000.0,0.444,1.572,14.684,14.723,9716414000.0,0.0,34.6,1.274,1.279,706632000.0,1518099000.0,4793999000.0,4793999000.0,0.0,0.029,0.11,0.047,0.175,0.0,0.0,1.0,176504390.0,177188207.0,177480996.0,27.056,14130941000.0,86695000.0,194089000.0,1825238000.0,79.751,199778000.0
42,ES,MRT,2010-12-31,2010-12-31,2010-12-31,2021-09-08,-43370000.0,14472601000.0,14276339500.0,1507000000.0,12965601000.0,0.343,21.576,-954472000.0,23395000.0,23395000.0,3350591000.0,394107000.0,1.12,2.797,5147724000.0,333286000.0,4814438000.0,5147724000.0,0.0,300737000.0,0.0,0.032,1.025,835649000.0,1136386000.0,0.232,1136386000.0,835649000.0,598358000.0,2.2,2.19,2.2,3811176000.0,3704505250.0,3811176000.0,10684788444.0,13.0,9.402,138991000.0,0.787,1.0,1547576000.0,0.316,287591000.0,237291000.0,17964192000.0,18010441500.0,244043000.0,252749000.0,78306000.0,174443000.0,10659968000.0,1345147000.0,9314821000.0,5621010444.0,-3557000.0,0.0,0.0,46537000.0,-180542000.0,-139052000.0,-957968000.0,-2339000.0,1093463000.0,0.0,387949000.0,387949000.0,387949000.0,0.0,6158000.0,0.079,514814000.0,1032762000.0,417285000.0,0.466,1.475,14.489,14.491,9567726000.0,0.0,31.88,1.148,1.15,732478000.0,1452777000.0,4898167000.0,4898167000.0,0.0,0.027,0.105,0.046,0.171,0.0,0.0,1.0,176317768.0,176636086.0,176885387.0,27.73,14185010000.0,89638000.0,210409000.0,1743817000.0,80.306,161853000.0
43,ES,MRT,2010-09-30,2010-09-30,2010-09-30,2021-09-08,-40979000.0,14297588000.0,14172609000.0,1235995000.0,13061593000.0,0.353,21.061,-951279000.0,41179000.0,41179000.0,3631955000.0,348991000.0,1.169,2.84,5104957000.0,222286000.0,4882671000.0,5104957000.0,0.0,306478000.0,0.0,0.034,1.006,822848000.0,1129326000.0,0.225,1129326000.0,822848000.0,554424000.0,1.95,1.95,1.95,3722663000.0,3646186750.0,3722663000.0,10293284307.0,13.0,9.115,120356000.0,0.681,1.0,1377571000.0,0.275,287591000.0,268424000.0,18016627000.0,17985817000.0,247254000.0,271051000.0,90620000.0,180431000.0,10573490000.0,1057148000.0,9516342000.0,5208774307.0,-207798000.0,0.0,-5234000.0,-135111000.0,-177083000.0,-319024000.0,-960409000.0,-2383000.0,1071635000.0,0.0,343398000.0,343398000.0,343398000.0,0.0,5593000.0,0.069,351506000.0,1026065000.0,379184000.0,0.516,1.399,15.168,15.164,9318017000.0,0.0,29.57,1.04,1.043,678203000.0,1368956000.0,5009526000.0,5009526000.0,0.0,0.024,0.094,0.046,0.164,0.0,0.0,1.0,176150636.0,176752714.0,177012278.0,28.342,14009997000.0,0.0,211026000.0,1616125000.0,79.263,178847000.0
44,ES,MRT,2010-06-30,2010-06-30,2010-06-30,2021-09-08,-41805000.0,14229723000.0,14099795500.0,1212859000.0,13016864000.0,0.36,20.722,-929656000.0,88775000.0,88775000.0,3769315000.0,313234000.0,1.256,2.889,5173285000.0,223599000.0,4949686000.0,5173285000.0,0.0,312598000.0,0.0,0.039,0.988,785161000.0,1097759000.0,0.216,1097759000.0,785161000.0,513000000.0,1.75,1.75,1.75,3658984000.0,3598875500.0,3658984000.0,9585682888.0,12.0,8.732,84904000.0,0.481,1.0,1303047000.0,0.257,287591000.0,272161000.0,18061018000.0,17860417000.0,226200000.0,309946000.0,101571000.0,208375000.0,10569674000.0,965624000.0,9604050000.0,4484367888.0,-392373000.0,0.0,-4116000.0,-298311000.0,-173654000.0,-476322000.0,-930611000.0,-1610000.0,1014560000.0,0.0,307662000.0,307662000.0,307662000.0,0.0,5572000.0,0.061,317827000.0,985220000.0,390046000.0,0.565,1.226,14.576,14.56,9142320000.0,0.0,25.48,0.884,0.887,674478000.0,1313848000.0,5072362000.0,5072362000.0,0.0,0.022,0.085,0.044,0.155,0.0,0.0,1.0,175995600.0,176571189.0,176736532.0,28.727,13942132000.0,0.0,205338000.0,1532274000.0,78.96,247235000.0
45,ES,MRT,2010-03-31,2010-03-31,2010-03-31,2021-09-08,-42740000.0,14105446000.0,14074276750.0,1243571000.0,12861875000.0,0.368,20.557,-901737000.0,30012000.0,30012000.0,3908409000.0,324129000.0,1.353,2.891,5131327000.0,166599000.0,4964728000.0,5131327000.0,0.0,311291000.0,0.0,0.035,0.969,796873000.0,1108164000.0,0.214,1108164000.0,796873000.0,526951000.0,1.81,1.81,1.81,3625198000.0,3559590250.0,3625198000.0,9931172078.0,12.0,8.962,173131000.0,0.982,1.0,1276958000.0,0.246,287591000.0,269922000.0,17999929000.0,17722448500.0,229837000.0,294753000.0,99339000.0,195414000.0,10480248000.0,919241000.0,9561007000.0,4856154078.0,-386816000.0,0.0,-4055000.0,-389154000.0,-170262000.0,-564893000.0,-896791000.0,-1166000.0,1074868000.0,0.0,318570000.0,318570000.0,318570000.0,0.0,5559000.0,0.061,294588000.0,982370000.0,385181000.0,0.535,1.34,15.244,15.271,8957713000.0,0.0,27.64,0.937,0.94,732742000.0,1287271000.0,5185367000.0,5185367000.0,0.0,0.023,0.089,0.045,0.154,0.0,0.0,1.0,175692984.0,176349762.0,176537472.0,29.404,13817855000.0,0.0,208381000.0,1536633000.0,78.355,324330000.0
46,ES,MRT,2009-12-31,2009-12-31,2009-12-31,2021-09-08,-43467000.0,14057679000.0,14116311750.0,1267854000.0,12789825000.0,0.385,20.733,-908146000.0,26952000.0,26952000.0,4147181000.0,335592000.0,1.295,2.929,5101970000.0,166599000.0,4935371000.0,5101970000.0,0.0,309618000.0,0.0,0.037,0.95,783617000.0,1093235000.0,0.201,1093235000.0,783617000.0,509980000.0,1.91,1.91,1.91,3577902000.0,3517308750.0,3577902000.0,9516078826.0,12.0,8.705,80972000.0,0.469,1.0,1292249000.0,0.238,287591000.0,273637000.0,17865694000.0,17650825000.0,277085000.0,342677000.0,98021000.0,244656000.0,10479777000.0,979412000.0,9500365000.0,4525204826.0,-62864000.0,0.0,383295000.0,-354945000.0,-162381000.0,-149503000.0,-902479000.0,-2296000.0,989118000.0,0.0,330033000.0,330033000.0,330033000.0,0.0,5559000.0,0.061,322933000.0,969316000.0,457582000.0,0.497,1.265,13.711,13.503,8839965000.0,0.0,25.79,0.832,0.818,742096000.0,1246543000.0,5439430000.0,5439430000.0,0.0,0.023,0.094,0.044,0.144,0.0,0.0,1.0,175463545.0,172567928.0,172717246.0,31.521,13770088000.0,27600000.0,179947000.0,1430389000.0,79.795,288442000.0
47,ES,MRT,2009-09-30,2009-09-30,2009-09-30,2021-09-08,-37767000.0,14006334000.0,14099012000.0,1479605000.0,12526729000.0,0.395,20.15,-938022000.0,248977000.0,248977000.0,4249266000.0,322773000.0,1.239,2.964,5239851000.0,391520000.0,4848331000.0,5239851000.0,0.0,304621000.0,0.0,0.039,0.925,759658000.0,1064279000.0,0.191,1064279000.0,759658000.0,484541000.0,1.9,1.9,1.9,3533418000.0,3377911250.0,3533418000.0,9149759570.0,12.0,8.597,51810000.0,0.295,1.0,1322707000.0,0.237,287591000.0,275117000.0,17515027000.0,17527018250.0,281409000.0,356288000.0,83157000.0,273131000.0,10472916000.0,1194590000.0,9278326000.0,4161183570.0,166159000.0,0.0,383527000.0,-106281000.0,-153900000.0,110906000.0,-934579000.0,-2671000.0,989832000.0,0.0,317214000.0,317214000.0,317214000.0,0.0,5559000.0,0.057,378025000.0,944682000.0,410125000.0,0.487,1.178,13.118,12.495,8623061000.0,0.0,23.74,0.747,0.747,755941000.0,1203603000.0,5571973000.0,5571973000.0,0.0,0.022,0.094,0.043,0.136,0.0,0.0,1.0,175281532.0,175358776.0,175995506.0,31.775,13718743000.0,0.0,167327000.0,1435733000.0,78.232,285015000.0
48,ES,MRT,2009-06-30,2009-06-30,2009-06-30,2021-09-08,-38956000.0,14127648000.0,13763361750.0,1625799000.0,12501849000.0,0.419,19.99,-1051168000.0,481148000.0,481148000.0,4423516000.0,330674000.0,1.232,3.034,5469724000.0,560275000.0,4909449000.0,5469724000.0,0.0,297264000.0,0.0,0.04,0.9,754374000.0,1051638000.0,0.182,1051638000.0,754374000.0,477995000.0,2.0,2.0,2.0,3501843000.0,3248552000.0,3501843000.0,9015819568.0,12.0,8.573,-169658000.0,-0.969,1.0,1349181000.0,0.234,287591000.0,276379000.0,17509144000.0,17220929500.0,258731000.0,356017000.0,79978000.0,276039000.0,10625805000.0,1319489000.0,9306316000.0,3907133568.0,469020000.0,0.0,382849000.0,421629000.0,-145424000.0,645537000.0,-1058027000.0,-3449000.0,881510000.0,0.0,325115000.0,325115000.0,325115000.0,0.0,5559000.0,0.056,421512000.0,927669000.0,440520000.0,0.45,1.116,12.018,11.155,8469393000.0,0.0,22.31,0.677,0.677,728564000.0,1180706000.0,5772697000.0,5772697000.0,0.0,0.024,0.1,0.044,0.131,0.0,0.0,1.0,175129250.0,175175936.0,175675388.0,32.954,13840057000.0,0.0,152880000.0,1350409000.0,79.007,306310000.0
49,ES,MRT,2009-03-31,2009-03-31,2009-03-31,2021-09-08,-37096000.0,14273586000.0,13408762750.0,1747168000.0,12526418000.0,0.438,21.289,-1176168000.0,416828000.0,416828000.0,4523381000.0,305668000.0,1.265,3.13,5525514000.0,548274000.0,4977240000.0,5525514000.0,0.0,287817000.0,0.0,0.04,0.863,711268000.0,999085000.0,0.17,999085000.0,711268000.0,433787000.0,1.9,1.9,1.9,3456072000.0,3107955250.0,3456072000.0,8738465386.0,12.0,8.746,-478964000.0,-2.95,1.0,1350230000.0,0.23,287591000.0,277481000.0,17713435000.0,16926350250.0,235717000.0,344629000.0,85523000.0,259106000.0,10817514000.0,1381246000.0,9436268000.0,3365425386.0,391854000.0,0.0,383309000.0,652462000.0,-135001000.0,879198000.0,-1184548000.0,-3565000.0,697204000.0,0.0,300109000.0,300109000.0,300109000.0,0.0,5559000.0,0.051,467049000.0,883181000.0,466286000.0,0.454,0.974,11.214,11.363,8313536000.0,0.0,21.59,0.573,0.597,893708000.0,1138969000.0,5873611000.0,5873611000.0,0.0,0.022,0.097,0.042,0.121,0.0,0.0,1.0,155878897.0,162340475.0,162925167.0,36.181,13985995000.0,0.0,133678000.0,1334037000.0,86.152,365922000.0
50,ES,MRT,2008-12-31,2008-12-31,2008-12-31,2021-09-08,-37265000.0,13988480000.0,12926310750.0,1505564000.0,12482916000.0,0.449,19.419,-1255407000.0,89816000.0,89816000.0,4539487000.0,266387000.0,0.884,3.631,5462856000.0,673183000.0,4789673000.0,5462856000.0,0.0,278588000.0,0.0,0.034,0.825,635634000.0,914222000.0,0.158,914222000.0,635634000.0,366489000.0,1.68,1.67,1.68,3020312000.0,2975631250.0,3020312000.0,8996555594.0,14.0,9.841,-600430000.0,-3.86,1.0,1260608000.0,0.217,287591000.0,269145000.0,17370467000.0,16366297000.0,300049000.0,382396000.0,109825000.0,272571000.0,10968168000.0,1703462000.0,9264706000.0,3746123594.0,74712000.0,0.0,0.0,807686000.0,-129077000.0,673092000.0,-1253357000.0,-2996000.0,654977000.0,0.0,260828000.0,260828000.0,260828000.0,0.0,5559000.0,0.045,464984000.0,795624000.0,678614000.0,0.491,1.24,14.362,14.321,8207876000.0,0.0,24.06,0.646,0.645,917195000.0,1078594000.0,5800095000.0,5800095000.0,0.0,0.02,0.088,0.039,0.11,0.0,0.0,1.0,155699235.0,155531846.0,155999240.0,37.292,13700889000.0,0.0,105661000.0,1261359000.0,88.091,-197898000.0
51,ES,MRT,2008-09-30,2008-09-30,2008-09-30,2021-09-08,2877000.0,12663733000.0,12324646250.0,1374247000.0,11289486000.0,0.457,19.382,-1316424000.0,82818000.0,82818000.0,4428270000.0,271370000.0,1.029,3.199,5333250000.0,558473000.0,4774777000.0,5333250000.0,0.0,279696000.0,0.0,0.032,0.812,623479000.0,903175000.0,0.16,903175000.0,623479000.0,364261000.0,1.69,1.69,1.69,3015981000.0,2949012000.0,3015981000.0,9011829722.0,14.0,9.978,-704306000.0,-4.526,1.0,1199898000.0,0.213,287591000.0,259218000.0,16290672000.0,15700504750.0,270375000.0,426043000.0,124677000.0,301366000.0,9647752000.0,1335902000.0,8311850000.0,3990124722.0,-124835000.0,0.0,5070000.0,676014000.0,-127067000.0,536442000.0,-1273395000.0,-5072000.0,612118000.0,0.0,261642000.0,261642000.0,261642000.0,300000.0,9728000.0,0.046,432761000.0,767137000.0,463966000.0,0.48,1.323,15.25,15.178,7941027000.0,0.0,25.65,0.709,0.709,817519000.0,1039984000.0,5628168000.0,5628168000.0,0.0,0.021,0.089,0.04,0.111,0.0,0.0,1.0,155560418.0,155607201.0,156097641.0,36.169,12376142000.0,1102000.0,102619000.0,1202227000.0,79.535,38345000.0
52,ES,MRT,2008-06-30,2008-06-30,2008-06-30,2021-09-08,4819000.0,12709252000.0,11993459000.0,1393686000.0,11315566000.0,0.465,18.906,-1248820000.0,12128000.0,12128000.0,4448370000.0,247415000.0,1.253,3.324,5033833000.0,141286000.0,4892547000.0,5033833000.0,0.0,274483000.0,0.0,0.031,0.8,590756000.0,865239000.0,0.155,865239000.0,590756000.0,340669000.0,1.54,1.54,1.54,2939456000.0,2913522500.0,2939456000.0,8806145941.0,15.0,10.178,-675522000.0,-4.345,1.0,1123878000.0,0.202,287591000.0,250087000.0,16330827000.0,15237418000.0,228767000.0,745537000.0,260281000.0,485256000.0,9769796000.0,1112539000.0,8657257000.0,3968371941.0,-126695000.0,0.0,5098000.0,637570000.0,-125060000.0,497221000.0,-1197214000.0,-5483000.0,573298000.0,0.0,239077000.0,239077000.0,239077000.0,358000.0,8338000.0,0.043,383187000.0,740691000.0,568774000.0,0.519,1.35,16.599,16.578,7721748000.0,0.0,25.53,0.712,0.712,779908000.0,967329000.0,5572248000.0,5572248000.0,0.0,0.02,0.082,0.039,0.106,0.0,0.0,1.0,155439559.0,155476492.0,155895348.0,35.84,12421661000.0,75574000.0,101592000.0,1136891000.0,79.894,281147000.0
53,ES,MRT,2008-03-31,2008-03-31,2008-03-31,2021-09-08,-8847000.0,12343778000.0,11597583500.0,1301184000.0,11042594000.0,0.486,18.848,-1175256000.0,24974000.0,24974000.0,4587177000.0,236731000.0,0.916,3.218,4862748000.0,512286000.0,4350462000.0,4862748000.0,0.0,269582000.0,0.0,0.032,0.788,573489000.0,843071000.0,0.15,843071000.0,573489000.0,329885000.0,1.48,1.48,1.48,2926776000.0,2884434000.0,2926776000.0,8426687473.0,15.0,9.995,-556925000.0,-3.586,1.0,1051498000.0,0.186,287591000.0,243604000.0,15473222000.0,14656570500.0,155687000.0,838203000.0,462370000.0,375833000.0,9417002000.0,1420739000.0,7996263000.0,3807470473.0,-189756000.0,1908000.0,8980000.0,481097000.0,-123053000.0,358279000.0,-1166366000.0,-6660000.0,618331000.0,0.0,229782000.0,229782000.0,229782000.0,-2183000.0,6949000.0,0.041,332888000.0,718610000.0,574627000.0,0.532,1.301,16.57,16.581,7452579000.0,0.0,24.54,0.675,0.676,532688000.0,973971000.0,5638675000.0,5638675000.0,0.0,0.02,0.08,0.039,0.102,0.0,0.0,1.0,155153646.0,155286111.0,155721610.0,36.312,12056187000.0,65951000.0,100103000.0,1118840000.0,77.639,-119555000.0
54,ES,MRT,2007-12-31,2007-12-31,2007-12-31,2021-09-08,9359000.0,11581822000.0,11270661000.0,1286256000.0,10295566000.0,0.517,18.828,-1114824000.0,15104000.0,15104000.0,4775735000.0,252042000.0,1.066,2.975,4634321000.0,233286000.0,4401035000.0,4634321000.0,0.0,265297000.0,0.0,0.025,0.775,596148000.0,861445000.0,0.148,861445000.0,596148000.0,355903000.0,1.59,1.59,1.59,2913835000.0,2857050500.0,2913835000.0,9288527234.0,16.0,10.782,-860830000.0,-5.562,1.0,1046491000.0,0.18,287591000.0,240245000.0,14707298000.0,14307468250.0,210850000.0,835797000.0,484515000.0,351282000.0,8667987000.0,1206150000.0,7461837000.0,4853139234.0,-466807000.0,0.0,9056000.0,469401000.0,-120988000.0,346665000.0,-1067466000.0,-6945000.0,253994000.0,0.0,246483000.0,246483000.0,246483000.0,-870000.0,5559000.0,0.042,305971000.0,740520000.0,598546000.0,0.487,1.666,19.69,19.692,7229945000.0,0.0,31.31,0.834,0.832,503143000.0,946792000.0,5822226000.0,5822226000.0,0.0,0.022,0.086,0.042,0.102,0.0,0.0,1.0,155002850.0,154759727.0,155304361.0,37.621,11294231000.0,13850000.0,109420000.0,1096335000.0,72.979,80106000.0
55,ES,MRT,2007-09-30,2007-09-30,2007-09-30,2021-09-08,6305000.0,11338984000.0,11201014500.0,1415631000.0,9923353000.0,0.538,18.55,-717080000.0,207653000.0,207653000.0,5120732000.0,520764000.0,1.35,2.945,4643041000.0,154286000.0,4488755000.0,4643041000.0,0.0,156101000.0,0.0,0.027,0.762,843094000.0,999195000.0,0.166,999195000.0,843094000.0,604707000.0,3.38,3.37,3.38,2874023000.0,2828136500.0,2874023000.0,8661087858.0,10.0,8.668,-777828000.0,-5.02,1.0,901989000.0,0.15,287591000.0,238387000.0,14438325000.0,13958736000.0,231163000.0,821664000.0,500208000.0,321456000.0,8464961000.0,1048456000.0,7416505000.0,4425468858.0,-277922000.0,19429000.0,2678000.0,490717000.0,-69917000.0,468246000.0,-685420000.0,-7731000.0,-60748000.0,0.0,520764000.0,520764000.0,520764000.0,-311504000.0,0.0,0.086,229732000.0,672257000.0,506990000.0,0.225,1.54,8.498,8.453,6877041000.0,0.0,28.57,0.735,0.735,397415000.0,914622000.0,6022721000.0,6022721000.0,0.0,0.046,0.184,0.06,0.14,0.0,0.0,1.0,154899155.0,154930930.0,155420239.0,38.874,11051393000.0,0.0,83943000.0,1080686000.0,71.331,367175000.0
56,ES,MRT,2007-06-30,2007-06-30,2007-06-30,2021-09-08,10549000.0,11125750000.0,11239403250.0,1305622000.0,9820128000.0,0.548,18.245,-677585000.0,138823000.0,138823000.0,5340284000.0,582089000.0,1.224,2.941,4374442000.0,154286000.0,4220156000.0,4374442000.0,0.0,152904000.0,2600000.0,0.026,0.75,806319000.0,959223000.0,0.156,959223000.0,806319000.0,569574000.0,3.78,3.77,3.78,2823102000.0,2727930750.0,2823102000.0,8520551881.0,11.0,8.883,-676865000.0,-4.375,1.0,824244000.0,0.134,287591000.0,236745000.0,14007437000.0,13857198000.0,186017000.0,859499000.0,517957000.0,341542000.0,8302648000.0,1066341000.0,7236307000.0,4383145881.0,-345041000.0,19429000.0,4452000.0,364846000.0,-68209000.0,350490000.0,-696251000.0,-7740000.0,720000.0,0.0,582089000.0,582089000.0,582089000.0,-320359000.0,0.0,0.094,202206000.0,622038000.0,505242000.0,0.198,1.553,7.53,7.503,6645544000.0,0.0,28.36,0.711,0.712,386719000.0,864598000.0,6164528000.0,6164528000.0,0.0,0.052,0.213,0.058,0.131,0.0,0.0,1.0,154553804.0,154729676.0,155213094.0,39.841,10838159000.0,7815000.0,-12515000.0,1081750000.0,70.046,239281000.0
57,ES,MRT,2007-03-31,2007-03-31,2007-03-31,2021-09-08,3516000.0,11036088000.0,11322703750.0,1458143000.0,9577945000.0,0.568,18.252,-591029000.0,214730000.0,214730000.0,5654297000.0,555778000.0,1.802,2.917,4352136000.0,4435000.0,4347701000.0,4352136000.0,0.0,149209000.0,1400000.0,0.023,0.738,768506000.0,917715000.0,0.143,917715000.0,768506000.0,530480000.0,3.61,3.6,3.61,2817242000.0,2610621250.0,2817242000.0,8716494180.0,11.0,9.498,-648999000.0,-4.205,1.0,779520000.0,0.121,287591000.0,238026000.0,14076813000.0,13819605250.0,139317000.0,923032000.0,579348000.0,343684000.0,8218846000.0,809090000.0,7409756000.0,5055935180.0,-256658000.0,-1908000.0,915000.0,394146000.0,-65709000.0,377487000.0,-576175000.0,-681000.0,-57970000.0,0.0,555778000.0,555778000.0,555778000.0,-325760000.0,0.0,0.086,204099000.0,575421000.0,503887000.0,0.204,1.795,9.097,9.078,6396606000.0,0.0,32.77,0.786,0.786,443449000.0,876214000.0,6433817000.0,6433817000.0,0.0,0.049,0.213,0.056,0.119,0.0,0.0,1.0,154285480.0,154349473.0,154992044.0,41.683,10748497000.0,5494000.0,-25298000.0,1141955000.0,69.637,649053000.0
58,ES,MRT,2006-12-31,2006-12-31,2006-12-31,2021-09-08,4498000.0,11303236000.0,11597325750.0,1731051000.0,9572185000.0,0.593,18.197,-567151000.0,481911000.0,481911000.0,6196618000.0,470578000.0,1.269,3.039,4142470000.0,4877000.0,4137593000.0,4142470000.0,0.0,147460000.0,0.0,0.026,0.725,632448000.0,779908000.0,0.113,779908000.0,632448000.0,394252000.0,3.06,3.05,3.06,2798179000.0,2500843000.0,2798179000.0,8780243850.0,14.0,11.258,-315784000.0,-2.054,1.0,681069000.0,0.099,287591000.0,238196000.0,13312369000.0,13810269000.0,173882000.0,854498000.0,531900000.0,322598000.0,8505057000.0,1363835000.0,7141222000.0,4337283850.0,1009000.0,0.0,0.0,369520000.0,-63732000.0,356905000.0,-607263000.0,-159000.0,251367000.0,0.0,470578000.0,470578000.0,470578000.0,-337642000.0,0.0,0.068,256851000.0,424218000.0,569940000.0,0.237,1.55,9.217,9.203,6242186000.0,0.0,28.16,0.631,0.63,449371000.0,862660000.0,6877687000.0,6877687000.0,0.0,0.041,0.188,0.046,0.092,0.0,0.0,1.0,154022864.0,153767527.0,154146669.0,44.728,11015645000.0,0.0,-76326000.0,1496519000.0,71.638,367216000.0
59,ES,MRT,2006-09-30,2006-09-30,2006-09-30,2021-09-08,5463000.0,11492539000.0,11913485500.0,2190376000.0,9302163000.0,0.607,16.072,-878769000.0,50455000.0,50455000.0,6888866000.0,110012000.0,1.356,3.647,4493415000.0,304309000.0,4189106000.0,4493415000.0,0.0,244772000.0,220000.0,0.031,0.712,211874000.0,456646000.0,0.063,456646000.0,211874000.0,-28208000.0,0.71,0.71,0.71,2473200000.0,2408609250.0,2473200000.0,7880081167.0,37.0,17.256,-410055000.0,-2.665,1.0,339074000.0,0.047,287591000.0,240082000.0,14032173000.0,14155110500.0,175886000.0,765664000.0,439845000.0,325819000.0,9019339000.0,1615735000.0,7403604000.0,3578895167.0,-35739000.0,12027000.0,448976000.0,46719000.0,-106329000.0,359476000.0,-863929000.0,11003000.0,468714000.0,0.0,110012000.0,110012000.0,110012000.0,-20228000.0,0.0,0.015,380399000.0,-41325000.0,511614000.0,1.003,1.447,32.532,32.775,6046284000.0,0.0,23.27,0.495,0.495,394820000.0,544700000.0,7227940000.0,7227940000.0,0.0,0.009,0.046,0.015,0.029,0.0,0.0,1.0,153798675.0,153883480.0,154320675.0,46.97,11204948000.0,152047000.0,-138220000.0,1525019000.0,72.814,574641000.0
60,ES,MRT,2006-06-30,2006-06-30,2006-06-30,2021-09-08,4604000.0,11458952000.0,12272698750.0,2322443000.0,9136509000.0,0.602,15.322,-847780000.0,48744000.0,48744000.0,7028158000.0,-95929000.0,1.438,3.868,4349930000.0,157731000.0,4192199000.0,4349930000.0,0.0,242559000.0,6663000.0,0.034,0.7,45949000.0,288508000.0,0.039,288508000.0,45949000.0,-193303000.0,-0.74,-0.74,-0.74,2353864000.0,2298190250.0,2353864000.0,7431578512.0,162.0,25.759,-471828000.0,-3.071,1.0,361940000.0,0.049,287591000.0,239252000.0,13857066000.0,14298702000.0,159120000.0,872538000.0,502678000.0,369860000.0,9105088000.0,1615481000.0,7489607000.0,3174177512.0,-6739000.0,12027000.0,447330000.0,91385000.0,-99950000.0,408977000.0,-791668000.0,1102000.0,375952000.0,0.0,-95929000.0,-95929000.0,-95929000.0,-16671000.0,0.0,-0.013,467140000.0,-105200000.0,563332000.0,-0.946,1.348,-33.089,-27.932,5887024000.0,0.0,20.67,0.43,0.43,518646000.0,433273000.0,7390098000.0,7390098000.0,0.0,-0.008,-0.042,0.003,0.006,0.0,0.0,1.0,153564466.0,153628709.0,153922635.0,48.104,11171361000.0,125665000.0,-97374000.0,1494155000.0,72.717,706962000.0
61,ES,MRT,2006-03-31,2006-03-31,2006-03-31,2021-09-08,621000.0,12134576000.0,12395599750.0,2675209000.0,9459367000.0,0.586,15.498,-812360000.0,36268000.0,36268000.0,6902006000.0,-145875000.0,1.296,4.103,4293669000.0,296995000.0,3996674000.0,4293669000.0,0.0,241185000.0,12906000.0,0.035,0.687,-42581000.0,198604000.0,0.027,198604000.0,-42581000.0,-284273000.0,-1.09,-1.09,-1.09,2378129000.0,2235316500.0,2378129000.0,7383170130.0,-173.0,37.175,-517537000.0,-3.373,1.0,358644000.0,0.049,287591000.0,241692000.0,14039468000.0,14474066500.0,134738000.0,908687000.0,505453000.0,403234000.0,9756447000.0,2064918000.0,7691529000.0,2996489130.0,-37753000.0,31456000.0,450045000.0,62312000.0,-93790000.0,403604000.0,-736180000.0,-5326000.0,294823000.0,0.0,-145875000.0,-145875000.0,-145875000.0,-19411000.0,0.0,-0.02,486550000.0,-127906000.0,691103000.0,-0.63,1.26,-20.541,-17.917,5728474000.0,0.0,19.53,0.413,0.413,716735000.0,466954000.0,7260650000.0,7260650000.0,0.0,-0.012,-0.065,-0.003,-0.006,0.0,0.0,1.0,153430063.0,153442640.0,153442640.0,47.318,11846985000.0,146703000.0,-138398000.0,1517682000.0,77.208,610291000.0
62,ES,MRT,2005-12-31,2005-12-31,2005-12-31,2021-09-08,19987000.0,12567875000.0,12381702250.0,2375643000.0,10192232000.0,0.593,18.454,-775355000.0,45782000.0,45782000.0,6958156000.0,-253488000.0,1.203,4.174,4432463000.0,54673000.0,4377790000.0,4432463000.0,0.0,237463000.0,28944000.0,0.034,0.675,-199765000.0,37698000.0,0.005,37698000.0,-199765000.0,-438350000.0,-1.93,-1.93,-1.93,2429244000.0,2183628500.0,2429244000.0,7220774009.0,-36.0,191.543,-334151000.0,-2.538,1.0,388070000.0,0.053,287591000.0,238585000.0,14691735000.0,14561577250.0,206557000.0,1193896000.0,712320000.0,481576000.0,10138631000.0,1975230000.0,8163401000.0,2561079009.0,-1207000.0,31456000.0,450827000.0,-91689000.0,-87554000.0,257134000.0,-699545000.0,-5161000.0,441204000.0,0.0,-253488000.0,-253488000.0,-253488000.0,-4420000.0,0.0,-0.035,463867000.0,-75797000.0,972368000.0,-0.35,1.054,-10.103,-10.202,6417230000.0,0.0,19.69,0.349,0.353,1077369000.0,504301000.0,7346226000.0,7346226000.0,0.0,-0.02,-0.116,-0.014,-0.027,0.0,0.0,1.0,130070036.0,131638953.0,131638953.0,55.806,12280284000.0,0.0,-184862000.0,1496994000.0,93.288,400413000.0
63,ES,MRT,2005-09-30,2005-09-30,2005-09-30,2021-09-08,18075000.0,12929392000.0,12149332500.0,2748646000.0,10180746000.0,0.589,15.632,-718292000.0,86194000.0,86194000.0,6454534000.0,-206853000.0,1.021,5.364,4745889000.0,348387000.0,4397502000.0,4745889000.0,0.0,234983000.0,209477000.0,0.033,0.662,-146841000.0,88142000.0,0.012,88142000.0,-146841000.0,-357123000.0,-1.59,-1.59,-1.59,2031524000.0,2150495250.0,2031524000.0,7202512945.0,-49.0,81.715,-333467000.0,-2.566,1.0,698186000.0,0.098,290791000.0,210282000.0,14606539000.0,14471899750.0,204789000.0,1759832000.0,1150016000.0,609816000.0,10897868000.0,2691757000.0,8206111000.0,2591502945.0,-11658000.0,0.0,14628000.0,342840000.0,-85741000.0,288158000.0,-684641000.0,-14135000.0,384825000.0,0.0,-206853000.0,-206853000.0,-206853000.0,-58736000.0,0.0,-0.029,408265000.0,289921000.0,887689000.0,-0.416,1.276,-12.528,-12.547,6227880000.0,0.0,19.95,0.362,0.362,874631000.0,540642000.0,7152720000.0,7152720000.0,0.0,-0.017,-0.096,-0.01,-0.021,0.0,0.0,1.0,129899897.0,129957408.0,129957408.0,55.039,12638601000.0,31631000.0,-150270000.0,1455233000.0,97.252,56889000.0
64,ES,MRT,2005-06-30,2005-06-30,2005-06-30,2021-09-08,1111000.0,11950556000.0,11801406750.0,1801447000.0,10149109000.0,0.595,16.232,-677007000.0,55483000.0,55483000.0,6350042000.0,-120269000.0,1.052,4.684,4666493000.0,222242000.0,4444251000.0,4666493000.0,0.0,233121000.0,102172000.0,0.031,0.65,-37359000.0,195762000.0,0.028,195762000.0,-37359000.0,-249807000.0,-0.92,-0.92,-0.92,2102369000.0,2221531750.0,2102369000.0,7255712224.0,-194.0,37.064,-431893000.0,-3.335,1.0,672223000.0,0.096,290791000.0,212448000.0,14558524000.0,14391069250.0,177039000.0,950239000.0,523083000.0,427156000.0,9848187000.0,1712251000.0,8135936000.0,2699280224.0,6803000.0,0.0,15716000.0,431720000.0,-83427000.0,379760000.0,-618071000.0,-66765000.0,245114000.0,0.0,-120269000.0,-120269000.0,-120269000.0,-54885000.0,0.0,-0.017,367233000.0,304990000.0,809423000.0,-0.707,1.284,-22.444,-22.674,6075216000.0,0.0,20.86,0.384,0.385,814810000.0,635221000.0,7022265000.0,7022265000.0,0.0,-0.01,-0.054,-0.003,-0.005,0.0,0.0,1.0,129399819.0,129520644.0,129520644.0,54.217,11659765000.0,35534000.0,-129538000.0,1466276000.0,90.022,89196000.0
65,ES,MRT,2005-03-31,2005-03-31,2005-03-31,2021-09-08,5494000.0,12078986000.0,11659324000.0,1978129000.0,10100857000.0,0.602,16.796,-689679000.0,74021000.0,74021000.0,6300821000.0,-68573000.0,1.013,4.563,4630453000.0,351157000.0,4279296000.0,4630453000.0,0.0,230331000.0,95648000.0,0.033,0.638,56825000.0,287156000.0,0.041,287156000.0,56825000.0,-155463000.0,-0.53,-0.53,-0.53,2171377000.0,2276672500.0,2171377000.0,7028688626.0,124.0,24.477,-367222000.0,-2.841,1.0,714497000.0,0.102,293608000.0,212288000.0,14389511000.0,14174795000.0,143239000.0,957900000.0,580402000.0,377498000.0,9907609000.0,1952299000.0,7955310000.0,2468454626.0,-69884000.0,0.0,12399000.0,342728000.0,-82005000.0,274057000.0,-666398000.0,-65947000.0,322457000.0,0.0,-68573000.0,-68573000.0,-68573000.0,-44203000.0,0.0,-0.01,369611000.0,344886000.0,873600000.0,-1.204,1.137,-35.997,-36.358,5954271000.0,0.0,19.27,0.352,0.355,978861000.0,706619000.0,7015318000.0,7015318000.0,0.0,-0.006,-0.03,0.004,0.008,0.0,0.0,1.0,128098320.0,129278505.0,129278505.0,54.265,11785378000.0,21871000.0,-86890000.0,1450074000.0,91.163,25830000.0
66,ES,MRT,2004-12-31,2004-12-31,2004-12-31,2021-09-08,-1220000.0,11638396000.0,11524265000.0,1719719000.0,9918677000.0,0.568,17.909,-671475000.0,46989000.0,46989000.0,5734385000.0,116588000.0,1.113,4.067,4607223000.0,270759000.0,4336464000.0,4607223000.0,0.0,226906000.0,57650000.0,0.033,0.625,353379000.0,580285000.0,0.089,580285000.0,353379000.0,138353000.0,0.91,0.91,0.91,2296711000.0,2317167250.0,2296711000.0,6843838072.0,19.0,11.794,-210828000.0,-1.644,1.0,807653000.0,0.123,319986000.0,215026000.0,14333025000.0,14012828750.0,185180000.0,524149000.0,273456000.0,250693000.0,9341685000.0,1545619000.0,7796066000.0,2420046072.0,3617000.0,0.0,10937000.0,248760000.0,-80177000.0,178388000.0,-635418000.0,-65294000.0,460647000.0,0.0,116588000.0,116588000.0,116588000.0,-46812000.0,0.0,0.018,353334000.0,454319000.0,825247000.0,0.687,1.054,20.757,20.714,5864161000.0,0.0,18.85,0.37,0.37,915695000.0,845343000.0,6542038000.0,6542038000.0,0.0,0.01,0.05,0.025,0.054,0.0,0.0,1.0,128384407.0,128245860.0,128396076.0,51.012,11318410000.0,61420000.0,21765000.0,1533527000.0,88.256,174100000.0
67,ES,MRT,2004-09-30,2004-09-30,2004-09-30,2021-09-08,40754000.0,11537689000.0,11418787750.0,1801362000.0,9736327000.0,0.558,18.052,-626300000.0,97852000.0,97852000.0,5525753000.0,73626000.0,1.346,3.982,4521644000.0,90006000.0,4431638000.0,4521644000.0,0.0,220710000.0,67356000.0,0.032,0.613,325771000.0,546481000.0,0.086,546481000.0,325771000.0,84233000.0,0.57,0.57,0.57,2315670000.0,2309019500.0,2315670000.0,6427490876.0,20.0,11.762,30474000.0,0.238,1.0,850863000.0,0.133,340237000.0,241538000.0,14283217000.0,13870555500.0,202760000.0,577228000.0,577228000.0,0.0,9222019000.0,1338027000.0,7883992000.0,2486426876.0,-15941000.0,-30104000.0,10856000.0,142525000.0,-78352000.0,78027000.0,-750742000.0,-79214000.0,656774000.0,0.0,73626000.0,73626000.0,73626000.0,-6107000.0,0.0,0.012,371744000.0,479119000.0,704559000.0,1.075,1.074,33.771,34.018,5739485000.0,0.0,19.39,0.39,0.39,755792000.0,833237000.0,6376616000.0,6376616000.0,0.0,0.006,0.032,0.023,0.051,0.0,0.0,1.0,128232433.0,128279814.0,128279814.0,49.709,11197452000.0,0.0,10607000.0,1507564000.0,87.289,463335000.0
68,ES,MRT,2004-06-30,2004-06-30,2004-06-30,2021-09-08,45010000.0,11382225000.0,11183957500.0,1731911000.0,9650314000.0,0.572,18.143,-626807000.0,172567000.0,172567000.0,5442503000.0,120772000.0,1.219,3.9,4245192000.0,94921000.0,4150271000.0,4245192000.0,0.0,214357000.0,104976000.0,0.031,0.6,412205000.0,626562000.0,0.098,626562000.0,412205000.0,168780000.0,0.94,0.94,0.94,2322932000.0,2293675000.0,2322932000.0,6546078402.0,16.0,10.448,344418000.0,2.69,1.0,949743000.0,0.149,341139000.0,243425000.0,13693427000.0,13595600750.0,154459000.0,556376000.0,556376000.0,0.0,9059293000.0,1420284000.0,7639009000.0,2491801402.0,-4003000.0,-30104000.0,11649000.0,-139425000.0,-76583000.0,-202515000.0,-772713000.0,-15582000.0,971225000.0,0.0,120772000.0,120772000.0,120772000.0,-4718000.0,0.0,0.019,379318000.0,570425000.0,771561000.0,0.638,1.073,20.632,20.713,5641750000.0,0.0,19.47,0.39,0.39,751256000.0,841191000.0,6392246000.0,6392246000.0,0.0,0.011,0.053,0.03,0.064,0.0,0.0,1.0,127981582.0,128033514.0,128182416.0,49.926,11041086000.0,0.0,48008000.0,1474333000.0,86.236,311627000.0
69,ES,MRT,2004-03-31,2004-03-31,2004-03-31,2021-09-08,42857000.0,11538750000.0,10943330250.0,1943993000.0,9594757000.0,0.566,18.246,-609934000.0,270636000.0,270636000.0,5253430000.0,123649000.0,1.288,3.945,4324913000.0,77676000.0,4247237000.0,4324913000.0,0.0,209488000.0,0.0,0.031,0.587,417599000.0,627087000.0,0.101,627087000.0,417599000.0,177785000.0,0.97,0.97,0.97,2333356000.0,2266565500.0,2333356000.0,6571238143.0,16.0,10.479,280567000.0,2.194,1.0,944188000.0,0.152,342040000.0,239814000.0,13741646000.0,13482132000.0,122487000.0,613481000.0,613481000.0,0.0,9205394000.0,1509341000.0,7696053000.0,2367333143.0,67227000.0,-30104000.0,11869000.0,-10124000.0,-74798000.0,-77404000.0,-745870000.0,-15582000.0,890501000.0,0.0,123649000.0,123649000.0,123649000.0,-4718000.0,0.0,0.02,369252000.0,574936000.0,839865000.0,0.605,1.015,19.146,19.227,5519398000.0,0.0,18.65,0.382,0.385,844499000.0,857197000.0,6197618000.0,6197618000.0,0.0,0.011,0.055,0.031,0.067,0.0,0.0,1.0,126934753.0,127879766.0,128061086.0,48.464,11196710000.0,0.0,54136000.0,1481331000.0,87.557,434652000.0
70,ES,MRT,2003-12-31,2003-12-31,2003-12-31,2021-09-08,25991000.0,11216487000.0,10626943500.0,1680334000.0,9536153000.0,0.559,17.812,-558110000.0,137002000.0,137002000.0,4988973000.0,116411000.0,1.241,3.954,4381227000.0,169936000.0,4211291000.0,4381227000.0,0.0,204388000.0,46496000.0,0.029,0.575,404618000.0,609006000.0,0.102,609006000.0,404618000.0,164039000.0,0.91,0.91,0.91,2264120000.0,2240617500.0,2264120000.0,6782325147.0,17.0,11.137,130840000.0,1.029,1.0,954541000.0,0.161,342942000.0,240579000.0,13763932000.0,13259523000.0,154076000.0,415582000.0,415582000.0,132812000.0,8952367000.0,1353838000.0,7598529000.0,2569037147.0,-6961000.0,-30104000.0,-6883000.0,82416000.0,-73090000.0,-2349000.0,-693562000.0,-15582000.0,688950000.0,0.0,116411000.0,116411000.0,116411000.0,-4718000.0,0.0,0.02,395274000.0,559267000.0,728463000.0,0.632,1.135,22.069,22.165,5429916000.0,0.0,20.17,0.432,0.431,830774000.0,808932000.0,5943514000.0,5943514000.0,0.0,0.011,0.052,0.031,0.068,0.0,0.0,1.0,127369219.0,127114743.0,127240724.0,46.757,10873545000.0,0.0,47628000.0,1441604000.0,85.541,326496000.0
71,ES,MRT,2003-09-30,2003-09-30,2003-09-30,2021-09-08,-2862000.0,10598368000.0,10514041750.0,1533408000.0,9064960000.0,0.566,17.727,-198314000.0,163898000.0,163898000.0,4890310000.0,182346000.0,1.194,3.701,4377186000.0,99327000.0,4277859000.0,4377186000.0,0.0,199933000.0,0.0,0.031,0.562,547640000.0,747573000.0,0.126,747573000.0,547640000.0,294318000.0,1.43,1.43,1.43,2254292000.0,2227217750.0,2254292000.0,6624384196.0,12.0,8.861,405969000.0,3.192,1.0,1060335000.0,0.178,343904000.0,253322000.0,13183398000.0,13145335750.0,160400000.0,319360000.0,319360000.0,0.0,8344076000.0,1284354000.0,7059722000.0,2277586196.0,62715000.0,-1051000.0,-40920000.0,-203465000.0,-71588000.0,-326284000.0,-215284000.0,0.0,604283000.0,0.0,182346000.0,182346000.0,182346000.0,0.0,0.0,0.031,384711000.0,675624000.0,787024000.0,0.393,1.01,12.49,12.531,4975300000.0,0.0,17.92,0.383,0.383,732537000.0,837963000.0,5950645000.0,5950645000.0,0.0,0.017,0.082,0.042,0.092,0.0,0.0,1.0,127097444.0,127167690.0,127303973.0,46.794,10254464000.0,0.0,111972000.0,1535136000.0,80.637,249054000.0
72,ES,MRT,2003-06-30,2003-06-30,2003-06-30,2021-09-08,1789000.0,10419716000.0,10443500000.0,1427675000.0,8992041000.0,0.548,17.472,-165313000.0,57028000.0,57028000.0,4676246000.0,191683000.0,1.207,3.705,4403826000.0,121345000.0,4282481000.0,4403826000.0,0.0,200000000.0,0.0,0.033,0.55,570542000.0,770542000.0,0.135,770542000.0,570542000.0,312854000.0,1.5,1.5,1.5,2214494000.0,2210957500.0,2214494000.0,6352563047.0,11.0,8.244,314896000.0,2.484,1.0,1048586000.0,0.183,344063000.0,257688000.0,13239552000.0,13140837000.0,124060000.0,320782000.0,320782000.0,0.0,8205222000.0,1182899000.0,7022323000.0,2119930047.0,-21692000.0,-16351000.0,-53803000.0,-229389000.0,-70300000.0,-363772000.0,-138129000.0,0.0,480209000.0,0.0,191683000.0,191683000.0,191683000.0,0.0,0.0,0.033,387531000.0,661055000.0,652984000.0,0.367,0.957,11.06,11.16,4871344000.0,0.0,16.74,0.37,0.371,719729000.0,798796000.0,5724832000.0,5724832000.0,0.0,0.018,0.087,0.043,0.1,0.0,0.0,1.0,126638593.0,126747117.0,126860208.0,45.167,10075653000.0,0.0,121171000.0,1543436000.0,79.494,244776000.0
73,ES,MRT,2003-03-31,2003-03-31,2003-03-31,2021-09-08,11077000.0,10273203000.0,10417235750.0,1562272000.0,8710931000.0,0.531,17.554,-143179000.0,98959000.0,98959000.0,4512891000.0,193671000.0,1.193,3.608,4331592000.0,150749000.0,4180843000.0,4331592000.0,0.0,202904000.0,0.0,0.039,0.538,561789000.0,764693000.0,0.138,764693000.0,561789000.0,294620000.0,1.51,1.51,1.51,2229564000.0,2193263750.0,2229564000.0,5982418585.0,11.0,7.823,377363000.0,2.971,1.0,1023831000.0,0.185,344965000.0,267169000.0,12851210000.0,13136124500.0,111230000.0,354207000.0,354207000.0,0.0,8043639000.0,1309661000.0,6733978000.0,1768449585.0,-10484000.0,-16351000.0,-49452000.0,-297097000.0,-69091000.0,-421962000.0,-109064000.0,0.0,520542000.0,0.0,193671000.0,193671000.0,193671000.0,0.0,0.0,0.035,373255000.0,650576000.0,687735000.0,0.356,0.793,9.131,9.219,4778934000.0,0.0,13.92,0.319,0.319,818761000.0,808352000.0,5536722000.0,5536722000.0,0.0,0.019,0.088,0.043,0.101,0.0,0.0,1.0,127043792.0,127013678.0,127111272.0,43.592,9928238000.0,0.0,100949000.0,1605269000.0,78.167,252611000.0
74,ES,MRT,2002-12-31,2002-12-31,2002-12-31,2021-09-08,14927000.0,10764880000.0,10386324250.0,1531215000.0,9233665000.0,0.504,17.116,-143752000.0,67223000.0,67223000.0,4290268000.0,152109000.0,1.139,3.87,4299362000.0,112906000.0,4186456000.0,4299362000.0,0.0,205646000.0,0.0,0.035,0.525,497470000.0,703116000.0,0.134,703116000.0,497470000.0,226959000.0,1.18,1.18,1.18,2210521000.0,2170584000.0,2210521000.0,6454771348.0,13.0,9.18,472027000.0,3.655,1.0,946732000.0,0.181,345867000.0,270511000.0,13307183000.0,13170897250.0,119853000.0,309837000.0,309837000.0,0.0,8554359000.0,1343969000.0,7210390000.0,1949456348.0,-26677000.0,-16351000.0,-50342000.0,-357664000.0,-67793000.0,-482094000.0,-160362000.0,0.0,615779000.0,0.0,152109000.0,152109000.0,152109000.0,0.0,0.0,0.029,338942000.0,607790000.0,776219000.0,0.445,0.882,12.816,12.856,5049369000.0,0.0,15.17,0.372,0.374,893325000.0,765611000.0,5237000000.0,5237000000.0,0.0,0.015,0.07,0.038,0.095,0.0,0.0,1.0,128507340.0,129150549.0,129341360.0,40.55,10419013000.0,0.0,74850000.0,1684645000.0,80.673,187246000.0
75,ES,MRT,2002-09-30,2002-09-30,2002-09-30,2021-09-08,6095000.0,10316201000.0,10278085000.0,1411949000.0,8904252000.0,0.48,16.926,-443127000.0,70726000.0,70726000.0,3983469000.0,146058000.0,1.076,3.712,4576041000.0,368172000.0,4207869000.0,4576041000.0,0.0,203688000.0,0.0,0.03,0.512,470586000.0,674274000.0,0.137,674274000.0,470586000.0,196342000.0,1.13,1.12,1.13,2189251000.0,2147363750.0,2189251000.0,6709035733.0,14.0,9.95,-67621000.0,-0.523,1.0,948510000.0,0.192,343871000.0,274244000.0,13165403000.0,13151198750.0,131937000.0,156797000.0,156797000.0,0.0,8126950000.0,1312242000.0,6814708000.0,2185943733.0,-79811000.0,-46999000.0,-72891000.0,60314000.0,-66573000.0,-47311000.0,-408006000.0,0.0,375506000.0,0.0,146058000.0,146058000.0,146058000.0,0.0,0.0,0.03,274920000.0,673590000.0,571550000.0,0.453,0.998,14.966,14.956,4643903000.0,0.0,16.9,0.443,0.443,761924000.0,727204000.0,4931979000.0,4931979000.0,0.0,0.014,0.068,0.036,0.095,0.0,0.0,1.0,129345783.0,129344724.0,129508794.0,38.131,9972330000.0,0.0,50284000.0,1649773000.0,77.099,99707000.0
76,ES,MRT,2002-06-30,2002-06-30,2002-06-30,2021-09-08,1383000.0,10314659000.0,10272252750.0,1384919000.0,8929740000.0,0.491,16.531,-438424000.0,94023000.0,94023000.0,4111970000.0,132114000.0,1.078,3.812,4617115000.0,342063000.0,4275052000.0,4617115000.0,0.0,196304000.0,0.0,0.027,0.5,451920000.0,648224000.0,0.128,648224000.0,451920000.0,175107000.0,1.01,1.0,1.01,2143719000.0,2133513750.0,2143719000.0,6948985459.0,15.0,10.72,6295000.0,0.049,1.0,936374000.0,0.185,332312000.0,276813000.0,13220702000.0,13089877500.0,120732000.0,28885000.0,28885000.0,0.0,8170940000.0,1284737000.0,6886203000.0,2437020459.0,-123247000.0,-31699000.0,-84811000.0,81856000.0,-64514000.0,-34954000.0,-533012000.0,0.0,444719000.0,0.0,132114000.0,132114000.0,132114000.0,0.0,0.0,0.026,302881000.0,633493000.0,654575000.0,0.495,1.137,18.446,18.624,4581294000.0,0.0,18.81,0.483,0.483,950503000.0,678593000.0,5048344000.0,5048344000.0,0.0,0.013,0.062,0.035,0.09,0.0,0.0,1.0,129559833.0,129677793.0,129993412.0,38.93,9982347000.0,0.0,42993000.0,1627794000.0,76.978,100182000.0
77,ES,MRT,2002-03-31,2002-03-31,2002-03-31,2021-09-08,-3458000.0,10149557000.0,10233765000.0,1290421000.0,8859136000.0,0.536,16.516,-437514000.0,106810000.0,106810000.0,4471709000.0,149989000.0,0.966,3.745,4618775000.0,543536000.0,4075239000.0,4618775000.0,0.0,192599000.0,0.0,0.024,0.475,504361000.0,696960000.0,0.127,696960000.0,504361000.0,225011000.0,1.14,1.13,1.14,2138845000.0,2128249500.0,2138845000.0,7212858531.0,14.0,10.349,-144053000.0,-1.112,1.0,1018001000.0,0.185,334995000.0,279350000.0,12990301000.0,12974230250.0,108884000.0,40334000.0,40334000.0,0.0,8010712000.0,1336226000.0,6674486000.0,2657647531.0,-1385268000.0,-31699000.0,-307569000.0,-490402000.0,-62704000.0,-955719000.0,-723010000.0,0.0,293461000.0,0.0,149989000.0,149989000.0,149989000.0,0.0,0.0,0.027,379564000.0,638437000.0,502199000.0,0.417,1.243,17.719,17.43,4517688000.0,0.0,19.87,0.484,0.469,855383000.0,680934000.0,5489710000.0,5489710000.0,0.0,0.015,0.07,0.039,0.092,0.0,0.0,1.0,133751763.0,129504005.0,129754946.0,42.39,9814562000.0,0.0,75022000.0,1654128000.0,75.786,-45805000.0
78,ES,MRT,2001-12-31,2001-12-31,2001-12-31,2021-09-08,-32470000.0,10331923000.0,10507859500.0,1476168000.0,8855755000.0,0.548,15.613,593880000.0,96658000.0,96658000.0,4679681000.0,243510000.0,1.114,3.879,4651869000.0,340962000.0,4310907000.0,4651869000.0,0.0,201013000.0,0.0,0.026,0.45,697120000.0,898133000.0,0.156,898133000.0,697120000.0,417462000.0,1.8,1.79,1.8,2117640000.0,2173308750.0,2117640000.0,6724693478.0,10.0,7.487,896311000.0,6.608,1.0,1081268000.0,0.188,333123000.0,279658000.0,13228389000.0,12659999000.0,108516000.0,356666000.0,356666000.0,0.0,8214283000.0,1325622000.0,6888661000.0,2327821478.0,-122983000.0,-31699000.0,-290038000.0,807648000.0,-60923000.0,326330000.0,-751744000.0,0.0,302431000.0,0.0,243510000.0,243510000.0,243510000.0,0.0,0.0,0.042,443681000.0,637587000.0,608705000.0,0.25,1.099,9.559,9.794,4472977000.0,0.0,17.63,0.404,0.415,786157000.0,678460000.0,5760949000.0,5760949000.0,0.0,0.023,0.112,0.055,0.121,0.0,0.0,1.0,132037520.0,135632126.0,135917423.0,42.475,9998800000.0,0.0,173952000.0,1638836000.0,73.72,150546000.0
79,ES,MRT,2001-09-30,2001-09-30,2001-09-30,2021-09-08,-32986000.0,10292872000.0,10479166000.0,1265743000.0,9027129000.0,0.612,15.979,552655000.0,130913000.0,130913000.0,5281877000.0,12604000.0,0.875,3.638,4527785000.0,461775000.0,4066010000.0,4527785000.0,0.0,216389000.0,0.0,0.023,0.425,498297000.0,714686000.0,0.111,714686000.0,498297000.0,213825000.0,0.11,0.11,0.11,2133851000.0,2198544500.0,2133851000.0,6856572625.0,14.0,9.594,1135199000.0,8.501,1.0,1130009000.0,0.176,323476000.0,284472000.0,12920118000.0,12048732750.0,103566000.0,35592000.0,35592000.0,0.0,7762211000.0,1446150000.0,6316061000.0,2507800625.0,-107059000.0,0.0,-238268000.0,633717000.0,-58882000.0,144769000.0,-834372000.0,0.0,582544000.0,0.0,12604000.0,12604000.0,12604000.0,0.0,0.0,0.002,550485000.0,579524000.0,634824000.0,3.864,1.175,198.969,170.273,3724403000.0,0.0,18.73,0.391,0.39,778020000.0,644886000.0,6411886000.0,6411886000.0,0.0,0.001,0.006,0.041,0.078,0.0,0.0,1.0,133892185.0,133540631.0,133869227.0,48.014,9969396000.0,0.0,201221000.0,1645199000.0,74.654,-180407000.0
80,ES,MRT,2001-06-30,2001-06-30,2001-06-30,2021-09-08,-26470000.0,10160708000.0,10547293000.0,1389059000.0,8771649000.0,0.613,15.852,571920000.0,197646000.0,197646000.0,5273242000.0,43516000.0,0.974,3.642,4546418000.0,480696000.0,4065722000.0,4546418000.0,0.0,230980000.0,0.0,0.019,0.4,556741000.0,787721000.0,0.122,787721000.0,556741000.0,265105000.0,0.31,0.3,0.31,2122662000.0,2268528000.0,2122662000.0,6410213458.0,12.0,8.138,1109452000.0,8.285,1.0,1189922000.0,0.184,325846000.0,291636000.0,12758113000.0,11641459000.0,102583000.0,100041000.0,40599000.0,59442000.0,7730105000.0,1425521000.0,6304584000.0,2778492458.0,-103990000.0,0.0,-215699000.0,566015000.0,-57508000.0,99162000.0,-740684000.0,0.0,537532000.0,0.0,43516000.0,43516000.0,43516000.0,0.0,0.0,0.007,546433000.0,643489000.0,685485000.0,1.29,1.309,63.85,66.935,3666250000.0,0.0,20.75,0.43,0.43,869962000.0,610248000.0,6463164000.0,6463164000.0,0.0,0.004,0.019,0.048,0.086,0.0,0.0,1.0,133903251.0,133908739.0,134149873.0,48.265,9834862000.0,0.0,221589000.0,1656990000.0,73.445,-36462000.0
81,ES,MRT,2001-03-31,2001-03-31,2001-03-31,2021-09-08,5745000.0,11245935000.0,10697676750.0,2614215000.0,8631720000.0,0.588,16.115,588062000.0,1472454000.0,1472454000.0,5100580000.0,8990000.0,0.93,3.859,5104175000.0,1500115000.0,3604060000.0,5104175000.0,0.0,240035000.0,0.0,0.017,0.3,528675000.0,768710000.0,0.122,768710000.0,528675000.0,228426000.0,0.05,0.03,0.05,2319082000.0,2329326000.0,2319082000.0,6225283304.0,12.0,8.098,1303706000.0,9.059,1.0,1194263000.0,0.19,334512000.0,300249000.0,11733376000.0,11341512000.0,94195000.0,148911000.0,86431000.0,62480000.0,8949110000.0,2809768000.0,6139342000.0,2585810304.0,1102716000.0,0.0,4556000.0,1184173000.0,-57436000.0,938324000.0,-551252000.0,0.0,715644000.0,0.0,8990000.0,8990000.0,8990000.0,0.0,0.0,0.001,537708000.0,656555000.0,737793000.0,6.0,1.115,287.632,347.6,3618574000.0,0.0,17.38,0.411,0.397,821500000.0,593646000.0,6294843000.0,6294843000.0,0.0,0.001,0.004,0.047,0.084,0.0,0.0,1.0,148780800.0,143912698.0,144314339.0,43.741,10911423000.0,0.0,219436000.0,1867364000.0,75.82,-195553000.0
82,ES,MRT,2000-12-31,2000-12-31,2000-12-31,2021-09-08,1769000.0,10217149000.0,10571445000.0,1150355000.0,9066794000.0,0.556,15.674,-414022000.0,200017000.0,200017000.0,4665208000.0,-28586000.0,0.444,3.605,3679611000.0,1650018000.0,2029593000.0,3679611000.0,0.0,239798000.0,0.0,0.008,0.2,432441000.0,672239000.0,0.114,672239000.0,432441000.0,133139000.0,-0.2,-0.2,-0.2,2218583000.0,2340555250.0,2218583000.0,7118943179.0,16.0,10.59,185775000.0,1.312,1.0,1211412000.0,0.206,324389000.0,299302000.0,10783324000.0,11351128750.0,163711000.0,98146000.0,98146000.0,0.0,7998566000.0,2589030000.0,5409536000.0,3483028179.0,-55137000.0,-260347000.0,4269000.0,302899000.0,-57358000.0,87463000.0,-742397000.0,0.0,599797000.0,0.0,-28586000.0,-28586000.0,-28586000.0,0.0,0.0,-0.005,516619000.0,694793000.0,538983000.0,-1.0,1.57,-121.844,-121.25,3547215000.0,0.0,24.25,0.593,0.584,593953000.0,495873000.0,5876620000.0,5876620000.0,0.0,-0.003,-0.012,0.038,0.074,0.0,0.0,1.0,143630028.0,141549860.0,141967216.0,41.516,9892760000.0,0.0,161725000.0,1792737000.0,69.889,-1438675000.0
83,ES,MRT,2000-09-30,2000-09-30,2000-09-30,2021-09-08,2699000.0,10565380000.0,10439170750.0,1360565000.0,9204815000.0,0.53,16.817,132967000.0,237972000.0,237972000.0,4334230000.0,136662000.0,0.529,3.038,3873887000.0,1780339000.0,2093548000.0,3873887000.0,0.0,235089000.0,0.0,0.005,0.1,499947000.0,735036000.0,0.133,735036000.0,499947000.0,210790000.0,0.98,0.96,0.98,2413785000.0,2306737250.0,2413785000.0,6892559482.0,14.0,9.377,553477000.0,3.856,1.0,1193747000.0,0.216,336221000.0,289157000.0,11291023000.0,11448758750.0,171253000.0,145919000.0,62635000.0,83284000.0,7332584000.0,2574051000.0,4758533000.0,3227626482.0,-97446000.0,-236345000.0,5055000.0,-122964000.0,-56158000.0,-332739000.0,-185217000.0,0.0,420510000.0,0.0,136662000.0,136662000.0,136662000.0,0.0,0.0,0.025,515243000.0,678504000.0,481411000.0,0.102,1.337,23.618,22.153,4296561000.0,0.0,21.71,0.584,0.564,551960000.0,691164000.0,5527977000.0,5527977000.0,0.0,0.013,0.059,0.044,0.09,0.0,0.0,1.0,148670036.0,143535147.0,144189458.0,38.513,10229159000.0,598942000.0,74128000.0,1974871000.0,71.266,-1213486000.0
84,ES,MRT,2000-06-30,2000-06-30,2000-06-30,2021-09-08,1524000.0,10762243000.0,10364062250.0,1447711000.0,9314532000.0,0.5,16.512,211304000.0,301636000.0,301636000.0,3996023000.0,102337000.0,0.572,3.137,3966569000.0,1695330000.0,2271239000.0,3966569000.0,0.0,254520000.0,0.0,0.0,0.0,482965000.0,737485000.0,0.142,737485000.0,482965000.0,205877000.0,0.76,0.75,0.76,2365854000.0,2226900000.0,2365854000.0,6803435366.0,14.0,9.225,622965000.0,4.348,1.0,1190546000.0,0.23,336570000.0,277088000.0,11558325000.0,11697150750.0,171566000.0,147778000.0,65929000.0,81849000.0,7420574000.0,2532281000.0,4888293000.0,3230650366.0,81318000.0,-237362000.0,4812000.0,-42064000.0,-41806000.0,-244392000.0,-85951000.0,0.0,411661000.0,0.0,102337000.0,102337000.0,102337000.0,0.0,0.0,0.02,522432000.0,668114000.0,547509000.0,0.0,1.366,31.569,28.618,4311484000.0,0.0,21.75,0.623,0.601,576345000.0,639973000.0,5186569000.0,5186569000.0,0.0,0.01,0.046,0.041,0.093,0.0,0.0,1.0,148535649.0,143284493.0,143907964.0,36.198,10425673000.0,615432000.0,103540000.0,1984418000.0,72.762,-1084570000.0
85,ES,MRT,2000-03-31,2000-03-31,2000-03-31,2021-09-08,1524000.0,10741008000.0,10260633000.0,1377839000.0,9363169000.0,0.469,17.425,230676000.0,369738000.0,369738000.0,3650511000.0,90359000.0,0.627,3.136,3942523000.0,1445408000.0,2497115000.0,3942523000.0,0.0,278349000.0,0.0,0.0,0.0,447462000.0,725811000.0,0.151,725811000.0,447462000.0,186635000.0,0.67,0.67,0.67,2363999000.0,2153852000.0,2363999000.0,6033534746.0,13.0,8.313,656766000.0,4.841,1.0,1159654000.0,0.241,345372000.0,260827000.0,11771843000.0,11974918500.0,174442000.0,163198000.0,80742000.0,82456000.0,7413681000.0,2196578000.0,5217103000.0,2953739746.0,34076000.0,-260347000.0,4101000.0,-195737000.0,-27480000.0,-286938000.0,-105076000.0,0.0,426090000.0,0.0,90359000.0,90359000.0,90359000.0,0.0,0.0,0.019,548478000.0,611176000.0,437492000.0,0.0,1.249,32.689,32.09,4301035000.0,0.0,21.5,0.614,0.606,537274000.0,642092000.0,4810165000.0,4810165000.0,0.0,0.009,0.042,0.037,0.093,0.0,0.0,1.0,137383244.0,135668372.0,136229530.0,35.455,10395636000.0,626973000.0,96276000.0,1996397000.0,76.625,-818739000.0
86,ES,MRT,1999-12-31,1999-12-31,1999-12-31,2021-09-08,1524000.0,9688052000.0,10171555500.0,1070611000.0,8617441000.0,0.44,15.853,212342000.0,255154000.0,255154000.0,3356003000.0,34216000.0,0.682,3.094,3334949000.0,899784000.0,2435165000.0,3334949000.0,0.0,302305000.0,0.0,0.0,0.0,396478000.0,698783000.0,0.156,698783000.0,396478000.0,132827000.0,0.26,0.26,0.26,2083311000.0,2080022250.0,2083311000.0,6168456248.0,16.0,8.827,826560000.0,6.29,1.0,1115248000.0,0.249,23542000.0,263651000.0,11173844000.0,12223600250.0,172973000.0,189123000.0,107620000.0,81503000.0,6446426000.0,1570461000.0,4875965000.0,2704997248.0,118999000.0,0.0,5318000.0,-569559000.0,-13168000.0,-646414000.0,151195000.0,0.0,614218000.0,0.0,34216000.0,34216000.0,34216000.0,0.0,0.0,0.008,589828000.0,525420000.0,347321000.0,0.0,1.298,79.057,79.077,3947434000.0,0.0,20.56,0.605,0.604,385918000.0,581817000.0,4471251000.0,4471251000.0,0.0,0.003,0.016,0.032,0.089,0.0,0.0,1.0,131566014.0,131415126.0,132031573.0,34.024,9664510000.0,0.0,98611000.0,1987205000.0,73.542,-499850000.0
87,ES,MRT,1999-09-30,1999-09-30,1999-09-30,2021-09-08,1523000.0,10264946000.0,10346387750.0,1176682000.0,9088264000.0,0.414,15.924,-250175000.0,335418000.0,335418000.0,3267226000.0,-90163000.0,0.815,3.309,3798877000.0,781021000.0,3017856000.0,3798877000.0,0.0,323254000.0,0.0,0.0,0.0,401536000.0,724790000.0,0.169,724790000.0,401536000.0,134291000.0,-0.69,-0.69,-0.69,2094436000.0,2071037500.0,2094436000.0,6007803842.0,15.0,8.289,454603000.0,3.456,1.0,1014907000.0,0.237,0.0,267245000.0,12284591000.0,12690641500.0,204709000.0,155111000.0,66486000.0,88625000.0,6929595000.0,1443814000.0,5485781000.0,2415990842.0,174565000.0,-24002000.0,5219000.0,-131089000.0,0.0,-193357000.0,-336856000.0,0.0,704778000.0,0.0,-90163000.0,-90163000.0,-90163000.0,0.0,0.0,-0.021,603272000.0,411635000.0,335391000.0,0.0,1.154,-26.796,-26.638,4041548000.0,0.0,18.38,0.564,0.565,403761000.0,597505000.0,4282133000.0,4282133000.0,0.0,-0.009,-0.044,0.032,0.094,0.0,0.0,1.0,131446727.0,131525509.0,131525509.0,32.557,10264946000.0,656379000.0,224454000.0,2027478000.0,78.045,-267132000.0
88,ES,MRT,1999-06-30,1999-06-30,1999-06-30,2021-09-08,1524000.0,10348526000.0,10419059500.0,1067485000.0,9281041000.0,0.385,15.791,-304048000.0,220318000.0,220318000.0,3063102000.0,-116405000.0,0.84,3.353,3812131000.0,581490000.0,3230641000.0,3812131000.0,0.0,326145000.0,0.0,0.0,0.0,319812000.0,645957000.0,0.161,645957000.0,319812000.0,53368000.0,-0.89,-0.89,-0.89,2073662000.0,2091192500.0,2073662000.0,6042925290.0,19.0,9.355,426510000.0,3.248,1.0,952874000.0,0.237,0.0,266444000.0,12669396000.0,12955149250.0,198338000.0,155990000.0,68660000.0,87330000.0,6952485000.0,1270943000.0,5681542000.0,2451714290.0,89233000.0,-22985000.0,5222000.0,-164132000.0,0.0,-223131000.0,-418194000.0,0.0,730558000.0,0.0,-116405000.0,-116405000.0,-116405000.0,0.0,0.0,-0.029,595310000.0,357564000.0,480430000.0,0.0,1.182,-21.062,-20.09,6110287000.0,0.0,17.88,0.61,0.585,418328000.0,579449000.0,4015976000.0,4015976000.0,0.0,-0.011,-0.056,0.025,0.08,0.0,0.0,1.0,137120486.0,131317892.0,131317892.0,30.582,10348526000.0,701512000.0,169773000.0,2017537000.0,78.805,-203458000.0
89,ES,MRT,1999-03-31,1999-03-31,1999-03-31,2021-09-08,1524000.0,10384698000.0,10321533000.0,1067855000.0,9316843000.0,0.373,15.778,-281586000.0,335662000.0,335662000.0,2922975000.0,-110360000.0,0.883,3.372,3926873000.0,630617000.0,3296256000.0,3926873000.0,0.0,329926000.0,0.0,0.0,0.0,321247000.0,651173000.0,0.169,651173000.0,321247000.0,50674000.0,-0.84,-0.84,-0.84,2068680000.0,2114642000.0,2068680000.0,5685647346.0,18.0,8.731,404167000.0,3.083,1.0,929241000.0,0.241,0.0,270573000.0,12766570000.0,12988625750.0,199738000.0,214249000.0,128017000.0,86232000.0,6976514000.0,1209339000.0,5767175000.0,1903232346.0,66999000.0,0.0,3817000.0,-229403000.0,0.0,-290678000.0,-328076000.0,0.0,685753000.0,0.0,-110360000.0,-110360000.0,-110360000.0,0.0,0.0,-0.029,567353000.0,361888000.0,319300000.0,0.0,0.92,-17.246,-16.524,6142035000.0,0.0,13.88,0.494,0.472,273620000.0,579213000.0,3852216000.0,3852216000.0,0.0,-0.011,-0.052,0.025,0.083,0.0,0.0,1.0,137120486.0,131110491.0,131110491.0,29.381,10384698000.0,737372000.0,161034000.0,2046454000.0,79.206,-141484000.0
90,ES,MRT,1998-12-31,1998-12-31,1998-12-31,2021-09-08,1405000.0,10387381000.0,10293294500.0,935554000.0,9451827000.0,0.366,15.683,-234035000.0,136155000.0,136155000.0,2924716000.0,-146753000.0,0.83,3.394,3918570000.0,548009000.0,3370561000.0,3918570000.0,0.0,332807000.0,0.0,0.0,0.0,281061000.0,613868000.0,0.163,613868000.0,281061000.0,11972000.0,-1.12,-1.12,-1.12,2047372000.0,2136992250.0,2047372000.0,5949851552.0,21.0,9.692,429233000.0,3.288,1.0,842998000.0,0.224,0.0,269089000.0,13042009000.0,13016412000.0,202661000.0,267909000.0,182118000.0,85791000.0,6949459000.0,1127787000.0,5821672000.0,2190395552.0,-7248000.0,0.0,2659000.0,-289280000.0,0.0,-375272000.0,-295244000.0,0.0,663268000.0,0.0,-146753000.0,-146753000.0,-146753000.0,0.0,0.0,-0.039,535939000.0,307059000.0,338612000.0,0.0,1.07,-14.926,-14.286,6170881000.0,0.0,16.0,0.581,0.554,279352000.0,560769000.0,3767714000.0,3767714000.0,0.0,-0.014,-0.069,0.022,0.075,0.0,0.0,1.0,136899722.0,130549760.0,130549760.0,28.86,10387381000.0,0.0,158725000.0,2042818000.0,79.566,-192233000.0
91,ES,MRT,1998-09-30,1998-09-30,1998-09-30,2021-09-08,0.0,10555633000.0,10300052250.0,864587000.0,9691046000.0,0.368,16.651,-221352000.0,160853000.0,160853000.0,2978244000.0,-59689000.0,0.889,3.238,3920309000.0,457721000.0,3462588000.0,3920309000.0,0.0,342313000.0,0.0,0.0,0.0,244827000.0,587140000.0,0.155,587140000.0,244827000.0,-21303000.0,-0.46,-0.46,-0.46,2175056000.0,2167670500.0,2175056000.0,6122959457.0,25.0,10.428,413646000.0,3.167,1.0,808840000.0,0.214,0.0,266130000.0,13342622000.0,13081370000.0,209305000.0,216757000.0,113510000.0,103247000.0,7043383000.0,972467000.0,6070916000.0,2293086457.0,-37298000.0,21229000.0,3161000.0,-383631000.0,0.0,-456669000.0,-215627000.0,-61046000.0,634998000.0,0.0,-59689000.0,-59689000.0,-59689000.0,0.0,0.0,-0.016,493335000.0,315505000.0,256821000.0,0.0,1.054,-38.417,-36.413,6223241000.0,0.0,16.75,0.606,0.578,226717000.0,700822000.0,3787084000.0,3787084000.0,0.0,-0.006,-0.028,0.019,0.065,0.0,0.0,1.0,136900684.0,130629535.0,130629535.0,28.991,10555633000.0,846552000.0,38386000.0,2167780000.0,80.806,-107880000.0
92,ES,MRT,1998-06-30,1998-06-30,1998-06-30,2021-09-08,0.0,9958420000.0,10314148250.0,784391000.0,9174029000.0,0.367,16.614,-216779000.0,131085000.0,131085000.0,3056457000.0,-95497000.0,0.796,3.28,3960958000.0,436450000.0,3524508000.0,3960958000.0,0.0,351520000.0,0.0,0.0,0.0,195074000.0,546594000.0,0.144,546594000.0,195074000.0,-76449000.0,-0.74,-0.74,-0.74,2167460000.0,2164227500.0,2167460000.0,6180224084.0,32.0,11.307,391198000.0,2.999,1.0,733372000.0,0.194,0.0,271523000.0,12803302000.0,13123278250.0,210686000.0,196439000.0,90982000.0,105457000.0,7110231000.0,984991000.0,6125240000.0,2318365084.0,10876000.0,28750000.0,3450000.0,-309736000.0,0.0,-383577000.0,-213524000.0,-61046000.0,607977000.0,0.0,-95497000.0,-95497000.0,-95497000.0,0.0,0.0,-0.025,479854000.0,253518000.0,272639000.0,0.0,1.07,-24.277,-22.892,6290148000.0,0.0,16.94,0.612,0.583,200286000.0,695846000.0,3789829000.0,3789829000.0,0.0,-0.009,-0.044,0.015,0.051,0.0,0.0,1.0,136857443.0,130459076.0,130459076.0,29.05,9958420000.0,880704000.0,19048000.0,2170774000.0,76.334,-200600000.0
93,ES,MRT,1998-03-31,1998-03-31,1998-03-31,2021-09-08,0.0,10271744000.0,10438123500.0,959630000.0,9312114000.0,0.366,16.562,-220588000.0,268663000.0,268663000.0,3169315000.0,-148787000.0,0.764,3.412,4130522000.0,639196000.0,3491326000.0,4130522000.0,0.0,352379000.0,0.0,0.0,0.0,123031000.0,475410000.0,0.125,475410000.0,123031000.0,-148778000.0,-1.16,-1.16,-1.16,2158081000.0,2174782750.0,2158081000.0,5993227009.0,49.0,12.606,352613000.0,2.706,1.0,649028000.0,0.17,0.0,271809000.0,12877715000.0,13274513250.0,208690000.0,258989000.0,147992000.0,110997000.0,7363567000.0,1255888000.0,6107679000.0,1958430009.0,7254000.0,28060000.0,6682000.0,-234929000.0,1000.0,-306629000.0,-259318000.0,-61046000.0,573201000.0,0.0,-148787000.0,-148787000.0,-148787000.0,0.0,0.0,-0.039,472931000.0,176097000.0,315199000.0,0.0,0.907,-13.163,-12.336,6353106000.0,0.0,14.31,0.513,0.488,220807000.0,689573000.0,3818343000.0,3818343000.0,0.0,-0.014,-0.068,0.009,0.032,0.0,0.0,1.0,136857443.0,130299512.0,130299512.0,29.304,10271744000.0,941177000.0,9000.0,2208700000.0,78.832,-296258000.0
94,ES,MRT,1997-12-31,1997-12-31,1997-12-31,2021-09-08,-1000.0,10414412000.0,10537564000.0,970683000.0,9443729000.0,0.364,16.749,-240251000.0,143403000.0,143403000.0,3153327000.0,-129962000.0,0.846,3.445,4178200000.0,502114000.0,3676086000.0,4178200000.0,0.0,354329000.0,0.0,0.0,0.0,143967000.0,498296000.0,0.13,498296000.0,143967000.0,-128014000.0,-1.01,-1.01,-1.01,2170085000.0,2201778750.0,2170085000.0,5693860383.0,40.0,11.427,100369000.0,0.775,1.0,681479000.0,0.178,0.0,271981000.0,13301841000.0,13437668000.0,212721000.0,337495000.0,230905000.0,106590000.0,7475489000.0,1147368000.0,6328121000.0,1615772383.0,-50794000.0,0.0,6502000.0,-17543000.0,-32134000.0,-98461000.0,-292953000.0,-61046000.0,340620000.0,0.0,-129962000.0,-129962000.0,-129962000.0,0.0,0.0,-0.034,478047000.0,203432000.0,402870000.0,0.0,0.745,-12.433,-11.693,6463158000.0,0.0,11.81,0.421,0.399,251799000.0,707522000.0,3834806000.0,3834806000.0,0.0,-0.012,-0.059,0.011,0.038,0.0,0.0,1.0,136813919.0,129567708.0,129567708.0,29.597,10414412000.0,0.0,1948000.0,2189366000.0,80.378,-176685000.0
95,ES,MRT,1997-09-30,1997-09-30,1997-09-30,2021-09-08,0.0,10612017000.0,9494970000.0,1005865000.0,9606152000.0,0.399,16.636,-254574000.0,213084000.0,213084000.0,3126417000.0,-116245000.0,0.853,3.539,4291172000.0,465324000.0,3825848000.0,4291172000.0,0.0,357079000.0,0.0,0.0,0.0,160808000.0,517887000.0,0.137,517887000.0,160808000.0,-112434000.0,-0.91,-0.91,-0.91,2161284000.0,1994923750.0,2161284000.0,5434074559.0,34.0,10.493,166456000.0,1.281,1.0,665925000.0,0.176,0.0,273242000.0,13510255000.0,12084034000.0,213557000.0,190412000.0,0.0,190412000.0,7648787000.0,1179850000.0,6468937000.0,1324985559.0,-40792000.0,-17747000.0,3743000.0,83594000.0,-64211000.0,-68388000.0,-393434000.0,-65716000.0,421030000.0,0.0,-116245000.0,-116245000.0,-116245000.0,0.0,0.0,-0.031,490674000.0,175251000.0,322207000.0,0.0,0.613,-11.398,-10.646,6537278000.0,0.0,9.688,0.349,0.332,472291000.0,701707000.0,3792342000.0,3792342000.0,0.0,-0.012,-0.058,0.013,0.042,0.0,0.0,1.0,136765644.0,129913835.0,129913835.0,29.191,10612017000.0,948594000.0,3811000.0,2161578000.0,81.685,-173985000.0
96,ES,MRT,1997-06-30,1997-06-30,1997-06-30,2021-09-08,0.0,10454321000.0,,957936000.0,9496385000.0,,17.049,-248867000.0,137569000.0,137569000.0,3064224000.0,-84380000.0,0.829,3.453,4246658000.0,466476000.0,3780182000.0,4246658000.0,0.0,355697000.0,0.0,0.0,0.0,204176000.0,559873000.0,0.148,559873000.0,204176000.0,-67057000.0,-0.66,-0.66,-0.66,2209681000.0,,2209681000.0,5388070570.0,26.0,9.624,197762000.0,1.526,1.0,706509000.0,0.187,0.0,271233000.0,13408242000.0,,223396000.0,197650000.0,0.0,197650000.0,7630648000.0,1155168000.0,6475480000.0,1298312570.0,-155599000.0,-22450000.0,3452000.0,-25018000.0,-96196000.0,-210684000.0,-391544000.0,-65716000.0,446629000.0,0.0,-84380000.0,-84380000.0,-84380000.0,0.0,0.0,-0.022,501425000.0,205084000.0,359423000.0,0.0,0.588,-15.386,-14.394,6610224000.0,0.0,9.5,0.344,0.327,479315000.0,753452000.0,3770733000.0,3770733000.0,0.0,,,,0.054,0.0,0.0,1.0,136664481.0,129603995.0,129603995.0,29.094,10454321000.0,969040000.0,17323000.0,2192843000.0,80.664,-197232000.0
97,ES,MRT,1997-03-31,1997-03-31,1997-03-31,2021-09-08,0.0,10669506000.0,,1107231000.0,9562275000.0,,17.617,-237512000.0,261409000.0,261409000.0,2947343000.0,-25697000.0,0.901,3.428,4351167000.0,587920000.0,3763247000.0,4351167000.0,0.0,357742000.0,0.0,0.0,0.0,304087000.0,661829000.0,0.177,661829000.0,304087000.0,26847000.0,-0.2,-0.2,-0.2,2266065000.0,,2266065000.0,3265234894.0,11.0,4.934,324280000.0,2.521,1.0,791971000.0,0.212,0.0,277240000.0,13530334000.0,,219036000.0,107741000.0,0.0,107741000.0,7768886000.0,1228930000.0,6539956000.0,1071409894.0,131375000.0,-26060000.0,6000.0,145525000.0,-152330000.0,-75108000.0,-355309000.0,-65716000.0,561792000.0,0.0,-25697000.0,-25697000.0,-25697000.0,0.0,0.0,-0.007,497371000.0,294600000.0,328008000.0,0.0,0.473,-41.694,-39.375,6672859000.0,0.0,7.875,0.287,0.271,532581000.0,817890000.0,3739314000.0,3739314000.0,0.0,,,,0.081,0.0,0.0,1.0,136052050.0,128627693.0,128627693.0,29.071,10669506000.0,986477000.0,52544000.0,2225708000.0,82.949,-121699000.0
98,ES,MRT,1996-12-31,1996-12-31,1996-12-31,2021-09-08,0.0,6244036000.0,6144833500.0,626349000.0,5617687000.0,0.617,10.493,-237358000.0,404000.0,404000.0,2907035000.0,38929000.0,1.138,3.16,2194229000.0,216477000.0,1977752000.0,2194229000.0,0.0,359507000.0,0.0,0.0,0.0,413032000.0,772539000.0,0.204,772539000.0,413032000.0,135039000.0,0.3,0.3,0.3,1342665000.0,1444175500.0,1342665000.0,,,,578112000.0,4.518,1.0,885113000.0,0.233,0.0,277993000.0,7887305000.0,7797514500.0,79937000.0,56925000.0,0.0,56925000.0,4242173000.0,550556000.0,3691617000.0,1785002896.0,165159000.0,0.0,10622000.0,-86242000.0,-176277000.0,-322173000.0,-328138000.0,-65716000.0,815470000.0,0.0,38929000.0,38929000.0,38929000.0,0.0,0.0,0.01,482080000.0,403033000.0,239426000.0,0.0,1.329,45.853,43.733,3847140000.0,0.0,13.12,0.471,0.443,417094000.0,580779000.0,3792148000.0,3792148000.0,0.0,0.006,0.027,0.053,0.109,0.0,0.0,1.0,136052050.0,127960382.0,127960382.0,29.635,6244036000.0,40134000.0,96110000.0,1550559000.0,48.797,75793000.0
99,ES,MRT,1996-09-30,1996-09-30,1996-09-30,2021-09-08,,,,,,,,,,,,,,,,,,,,,,0.0,0.0,,,,,,,,,,,,,,,,,,1.0,,,,,,,,,,,,,,,,,,,,,,,,,,,,,,,,,,,,,,,,12.38,,,,,,,,,,,,,,1.0,,128086873.0,,,,,,,,
100,ES,MRT,1996-06-30,1996-06-30,1996-06-30,2021-09-08,,,,,,,,,,,,,,,,,,,,,,0.0,0.0,,,,,,,,,,,,,,,,,,1.0,,,,,,,,,,,,,,,,,,,,,,,,,,,,,,,,,,,,,,,,12.25,,,,,,,,,,,,,,1.0,,127808845.0,,,,,,,,
101,ES,MRT,1996-03-31,1996-03-31,1996-03-31,2021-09-08,,,,,,,,,,,,,,,,,,,,,,0.0,0.0,,,,,,,,,,,,,,,,,,1.0,,,,,,,,,,,,,,,,,,,,,,,,,,,,,,,,,,,,,,,,20.125,,,,,,,,,,,,,,1.0,,127602379.0,,,,,,,,
102,ES,MRT,1995-12-31,1995-12-31,1995-12-31,2021-09-08,0.0,6045631000.0,,515621000.0,5530010000.0,,12.259,-133401000.0,337000.0,337000.0,1587984000.0,205216000.0,1.344,2.731,2046032000.0,124978000.0,1921054000.0,2046032000.0,0.0,242496000.0,0.0,0.0,0.0,514770000.0,757266000.0,0.317,757266000.0,514770000.0,386540000.0,2.24,2.24,2.24,1545686000.0,,1545686000.0,,,,395522000.0,3.137,1.0,799085000.0,0.335,0.0,128230000.0,7707724000.0,,68482000.0,54624000.0,0.0,54624000.0,4221542000.0,383602000.0,3837940000.0,,72000.0,0.0,0.0,-137866000.0,-164154000.0,-348205000.0,-180646000.0,-47826000.0,528923000.0,0.0,205216000.0,205216000.0,205216000.0,0.0,0.0,0.086,296713000.0,502372000.0,155475000.0,0.0,,,10.826,3970633000.0,0.0,24.25,,1.281,325800000.0,785476000.0,2387069000.0,2387069000.0,0.0,,,,0.216,0.0,0.0,1.0,,126083645.0,126083645.0,18.932,6045631000.0,0.0,181324000.0,1681588000.0,47.949,132019000.0
103,ES,MRT,1994-12-31,1994-12-31,1994-12-31,2021-09-08,,,,,,,,-170794000.0,,,1542316000.0,198288000.0,,,,,,,,231155000.0,,0.0,0.0,503159000.0,734314000.0,0.315,734314000.0,503159000.0,384289000.0,,,,,,,,,,369202000.0,,1.0,785736000.0,0.338,,118870000.0,,,,,,,,,,,-295000.0,0.0,0.0,-156520000.0,-159388000.0,-339803000.0,-200488000.0,-28129000.0,539996000.0,0.0,198288000.0,198288000.0,198288000.0,0.0,0.0,0.085,308539000.0,477197000.0,,,,,,,0.0,21.63,,,,,2328052000.0,2328052000.0,0.0,,,,0.216,0.0,0.0,1.0,,,,,,,186001000.0,,,
