None,ticker,dimension,calendardate,datekey,reportperiod,lastupdated,accoci,assets,assetsavg,assetsc,assetsnc,assetturnover,bvps,capex,cashneq,cashnequsd,cor,consolinc,currentratio,de,debt,debtc,debtnc,debtusd,deferredrev,depamor,deposits,divyield,dps,ebit,ebitda,ebitdamargin,ebitdausd,ebitusd,ebt,eps,epsdil,epsusd,equity,equityavg,equityusd,ev,evebit,evebitda,fcf,fcfps,fxusd,gp,grossmargin,intangibles,intexp,invcap,invcapavg,inventory,investments,investmentsc,investmentsnc,liabilities,liabilitiesc,liabilitiesnc,marketcap,ncf,ncfbus,ncfcommon,ncfdebt,ncfdiv,ncff,ncfi,ncfinv,ncfo,ncfx,netinc,netinccmn,netinccmnusd,netincdis,netincnci,netmargin,opex,opinc,payables,payoutratio,pb,pe,pe1,ppnenet,prefdivis,price,ps,ps1,receivables,retearn,revenue,revenueusd,rnd,roa,roe,roic,ros,sbcomp,sgna,sharefactor,sharesbas,shareswa,shareswadil,sps,tangibles,taxassets,taxexp,taxliabilities,tbvps,workingcapital
0,COMS1,ARY,2009-12-31,2009-07-27,2009-05-31,2020-02-04,65736000,1815357000,1808138000,944913000,870444000,0.728,2.837,-16359000.0,545818000,545818000,565514000.0,114725000.0,1.851,0.632,200000000,48000000,152000000,200000000,0,124794000.0,0,0.0,0.0,152892000.0,277686000.0,0.211,277686000.0,152892000.0,147329000.0,0.29,0.29,0.29,1112175000,1079983500,1112175000,1112872641,7.0,4.008,264110000.0,0.674,1.0,751464000.0,0.571,807921000,5563000.0,151165000,158424750,90395000,138947000,138947000,0,703182000,510453000,192729000,1458690641,42174000.0,0.0,-46807000.0,-101000000.0,0.0,-147807000.0,-99394000.0,-98235000.0,280469000.0,8906000.0,114725000.0,114725000.0,114725000.0,0.0,0.0,0.087,650772000.0,100692000.0,68350000,0.0,1.312,12.715,12.862,40012000,0.0,3.73,1.108,1.11,112771000,-1290522000,1316978000.0,1316978000.0,179979000.0,0.063,0.106,0.965,0.116,30080000.0,452301000.0,1.0,391069877,392092000,394207000.0,3.359,1007436000,0,32604000.0,40729000,2.569,434460000
1,COMS1,ARY,2008-12-31,2008-07-25,2008-05-31,2020-02-04,46861000,1775130000,1948291500,809905000,965225000,0.665,2.491,-16797000.0,503644000,503644000,640424000.0,-228841000.0,1.605,0.784,301000000,48000000,253000000,301000000,0,136030000.0,0,0.0,0.0,-218657000.0,-82627000.0,-0.064,-82627000.0,-218657000.0,-231744000.0,-0.57,-0.57,-0.57,995302000,1099756750,995302000,603879144,-3.0,-7.308,38080000.0,0.095,1.0,654455000.0,0.505,887682000,13087000.0,180343000,246480000,90831000,65116000,65116000,0,779828000,504461000,275367000,806523144,-55573000.0,0.0,5125000.0,-129000000.0,0.0,-123875000.0,-16355000.0,442000.0,54877000.0,29780000.0,-228841000.0,-228841000.0,-228841000.0,0.0,0.0,-0.177,917936000.0,-263481000.0,90280000,0.0,0.81,-3.524,-3.491,54314000,0.0,1.99,0.623,0.614,116281000,-1405247000,1294879000.0,1294879000.0,206653000.0,-0.117,-0.208,-0.887,-0.169,25207000.0,445135000.0,1.0,405288012,399524000,399524000.0,3.241,887448000,0,-2903000.0,22367000,2.221,305444000
2,COMS1,ARY,2007-12-31,2007-07-31,2007-05-31,2020-02-04,4349000,2151092000,1929862750,897682000,1253410000,0.657,2.923,8249000.0,559217000,559217000,689027000.0,-88589000.0,1.402,0.868,430000000,94000000,336000000,430000000,0,74990000.0,0,0.0,0.0,-119279000.0,-44289000.0,-0.035,-44289000.0,-119279000.0,-78416000.0,-0.22,-0.22,-0.22,1151299000,1192064500,1151299000,1468792784,-12.0,-33.164,173787000.0,0.441,1.0,578454000.0,0.456,1137733000,-40863000.0,244074000,290241750,107988000,77368000,77368000,0,999793000,640068000,359725000,1598009784,58120000.0,-898529000.0,10125000.0,415811000.0,0.0,387938000.0,-505943000.0,384337000.0,165538000.0,10587000.0,-88589000.0,-88589000.0,-88589000.0,0.0,0.0,-0.07,710975000.0,-132521000.0,110430000,0.0,1.388,-18.038,-18.182,76460000,0.0,4.0,1.261,1.243,102952000,-1176406000,1267481000.0,1267481000.0,215632000.0,-0.046,-0.074,-0.411,-0.094,20095000.0,413571000.0,1.0,399502446,393894000,393894000.0,3.218,1013359000,0,10173000.0,23725000,2.573,257614000
3,COMS1,ARY,2006-12-31,2006-08-11,2006-05-31,2020-02-04,-2957000,1861361000,1608028750,1249345000,612016000,0.494,3.108,-17404000.0,501097000,501097000,466743000.0,-100675000.0,2.651,0.548,0,0,0,0,13788000,44685000.0,0,0.0,0.0,-144593000.0,-99908000.0,-0.126,-99908000.0,-144593000.0,-115508000.0,-0.26,-0.26,-0.26,1202362000,1218691250,1202362000,1177853161,-8.0,-11.789,-103568000.0,-0.268,1.0,328064000.0,0.413,466104000,-29085000.0,422879000,590087750,148819000,426474000,426474000,0,658999000,471281000,187718000,1678950161,232562000.0,110407000.0,15725000.0,0.0,0.0,15725000.0,300760000.0,207757000.0,-86164000.0,2241000.0,-100675000.0,-100675000.0,-100675000.0,0.0,0.0,-0.127,485167000.0,-157103000.0,153245000,0.0,1.396,-16.677,-16.385,89109000,0.0,4.26,2.112,2.073,115120000,-1087512000,794807000.0,794807000.0,101870000.0,-0.063,-0.083,-0.245,-0.182,9863000.0,347341000.0,1.0,394119756,386801000,386801000.0,2.055,1395257000,0,-14833000.0,0,3.607,778064000
4,COMS1,ARY,2005-12-31,2005-08-05,2005-05-31,2020-02-04,-5483000,1592967000,1649170750,977509000,615458000,0.395,3.335,30179000.0,268535000,268535000,416916000.0,-195686000.0,3.158,0.249,0,0,0,0,8484000,51852000.0,0,0.0,0.0,-192196000.0,-140344000.0,-0.216,-140344000.0,-192196000.0,-192196000.0,-0.51,-0.51,-0.51,1274923000,1337841750,1274923000,1054462807,-5.0,-7.513,-105415000.0,-0.276,1.0,234328000.0,0.36,376249000,0.0,638623000,809208500,29311000,711538000,575569000,135969000,318044000,309560000,8484000,1322997807,-207739000.0,-355686000.0,-58086000.0,-1308000.0,0.0,-59394000.0,-12705000.0,312802000.0,-135594000.0,-46000.0,-195686000.0,-195686000.0,-195686000.0,0.0,0.0,-0.3,437803000.0,-203475000.0,99632000,0.0,1.038,-6.761,-6.706,69535000,0.0,3.42,2.031,2.008,61664000,-967952000,651244000.0,651244000.0,94584000.0,-0.119,-0.146,-0.238,-0.295,2841000.0,303533000.0,1.0,386841464,382309000,382309000.0,1.703,1216718000,0,3490000.0,0,3.183,667949000
5,COMS1,ARY,2004-12-31,2004-08-09,2004-05-28,2020-02-04,-5288000,1820818000,1893051250,1519677000,301141000,0.369,3.947,118841000.0,575824000,575824000,455813000.0,-349263000.0,4.957,0.215,0,0,0,0,15135000,109407000.0,0,0.0,0.0,-352398000.0,-242991000.0,-0.348,-242991000.0,-352398000.0,-352398000.0,-0.92,-0.92,-0.92,1499114000,1542975500,1499114000,1183434472,-3.0,-4.87,-56479000.0,-0.149,1.0,243071000.0,0.348,5908000,0.0,932517000,1021275500,27679000,950423000,807532000,142891000,321704000,306569000,15135000,1759258472,59976000.0,-160000000.0,120423000.0,-346000.0,0.0,128498000.0,106064000.0,147223000.0,-175320000.0,734000.0,-349263000.0,-349263000.0,-349263000.0,2400000.0,0.0,-0.5,580896000.0,-337825000.0,80408000,0.0,1.174,-5.037,-4.859,114599000,0.0,4.47,2.517,2.429,66372000,-755244000,698884000.0,698884000.0,95195000.0,-0.184,-0.226,-0.345,-0.504,2681000.0,318948000.0,1.0,393570128,379766000,379766000.0,1.84,1814910000,2937000,-3135000.0,0,4.779,1213108000
6,COMS1,ARY,2003-12-31,2003-08-01,2003-05-30,2020-02-04,-3543000,2062360000,2218833000,1653180000,409180000,0.42,4.767,55702000.0,515848000,515848000,511140000.0,-283754000.0,4.874,0.2,346000,346000,0,346000,0,159323000.0,0,0.0,0.0,-294276000.0,-134953000.0,-0.145,-134953000.0,-294276000.0,-294276000.0,-0.79,-0.79,-0.79,1718597000,1793599250,1718597000,1281677711,-4.0,-9.497,135484000.0,0.376,1.0,421726000.0,0.452,12934000,0.0,1194756000,1392455250,27068000,968740000,968740000,0,343763000,339168000,4595000,1797179711,-163207000.0,95687000.0,33323000.0,-169326000.0,0.0,-123417000.0,-120475000.0,-271864000.0,79782000.0,903000.0,-283754000.0,-283754000.0,-283754000.0,8214000.0,0.0,-0.304,646368000.0,-224642000.0,105583000,0.0,1.046,-6.334,-6.177,350073000,0.0,4.88,1.927,1.886,90290000,-405981000,932866000.0,932866000.0,113057000.0,-0.128,-0.158,-0.211,-0.315,5966000.0,337257000.0,1.0,368274531,360520000,360520000.0,2.588,2049426000,2211000,-10522000.0,0,5.685,1314012000
7,COMS1,ARY,2002-12-31,2002-08-02,2002-05-31,2020-02-04,-3769000,2526792000,2803244000,1663044000,863748000,0.527,5.58,-335600000.0,679055000,679055000,999731000.0,-595950000.0,3.305,0.296,169758000,101354000,68404000,169758000,0,266820000.0,0,0.0,0.0,-504651000.0,-237831000.0,-0.161,-237831000.0,-504651000.0,-504651000.0,-1.71,-1.71,-1.71,1950205000,2093767000,1950205000,1251163747,-2.0,-5.261,-474962000.0,-1.359,1.0,478201000.0,0.324,181402000,0.0,1332871000,1322406250,61777000,702993000,702993000,0,576587000,503222000,73365000,1760460747,-218742000.0,0.0,45779000.0,166734000.0,0.0,207584000.0,-286964000.0,48636000.0,-139362000.0,0.0,-595950000.0,-595950000.0,-595950000.0,0.0,0.0,-0.403,1032335000.0,-554134000.0,125903000,0.0,0.903,-2.954,-2.871,676154000,0.0,4.91,1.191,1.161,147113000,35814000,1477932000.0,1477932000.0,285584000.0,-0.213,-0.285,-0.382,-0.341,0.0,461235000.0,1.0,358545977,349489000,349489000.0,4.229,2345390000,6192000,91299000.0,0,6.711,1159822000
8,COMS1,ARY,2001-12-31,2001-08-08,2001-06-01,2020-02-04,10512000,3452802000,4426560250,2334822000,1117980000,0.637,7.262,67829000.0,897797000,897797000,2287250000.0,-965376000.0,2.492,0.378,2713000,328000,2385000,2713000,0,277415000.0,0,0.0,0.0,-1223017000.0,-945602000.0,-0.335,-945602000.0,-1223017000.0,-1223017000.0,-2.8,-2.8,-2.8,2505421000,3388422000,2505421000,819292627,-1.0,-0.866,-925266000.0,-2.682,1.0,533631000.0,0.189,344952000,0.0,1275921000,2189007500,200146000,950066000,950066000,0,947381000,936845000,10536000,1714376627,-802623000.0,-197712000.0,-330606000.0,-26458000.0,0.0,-497834000.0,658015000.0,783594000.0,-993095000.0,0.0,-965376000.0,-965376000.0,-965376000.0,-4537000.0,0.0,-0.342,1885815000.0,-1352184000.0,279181000,0.0,0.684,-1.776,-1.771,609679000,0.0,4.96,0.608,0.607,286813000,771639000,2820881000.0,2820881000.0,535718000.0,-0.218,-0.285,-0.559,-0.434,0.0,986084000.0,1.0,345640449,345027000,345027000.0,8.176,3107850000,163349000,-257641000.0,80485000,9.008,1397977000
9,COMS1,ARY,2000-12-31,2000-08-17,2000-06-02,2020-02-04,278621000,6492954000,5454680000,5425431000,1067523000,0.795,11.608,-182093000.0,1700420000,1700420000,2484883000.0,674303000.0,4.588,0.606,29199000,14459000,14740000,29199000,0,304415000.0,0,2.996,50.75,1015975000.0,1320390000.0,0.305,1320390000.0,1015975000.0,1015975000.0,1.94,1.88,1.94,4043064000,3711443750,4043064000,4239519638,4.0,3.211,779298000.0,2.237,1.0,1849059000.0,0.427,361699000,0.0,3277558000,2442650750,285942000,2025292000,2025292000,0,2449890000,1182476000,1267414000,5910740638,748649000.0,-92432000.0,-210425000.0,-11858000.0,0.0,-225791000.0,-228457000.0,46368000.0,961391000.0,0.0,674303000.0,674303000.0,674303000.0,-58740000.0,0.0,0.156,1830258000.0,18801000.0,363497000,26.16,1.462,8.766,8.731,705824000,0.0,16.938,1.364,1.361,355540000,1982079000,4333942000.0,4333942000.0,610931000.0,0.124,0.182,0.416,0.234,0.0,1164784000.0,1.0,348973617,348314000,357883000.0,12.443,6131255000,0,341672000.0,268540000,17.603,4242955000
10,COMS1,ARY,1999-12-31,1999-08-17,1999-05-28,2020-02-04,40909000,4495389000,4374242000,3419852000,1075537000,1.32,8.869,-232887000.0,952249000,952249000,3088121000.0,403874000.0,2.853,0.406,44973000,14568000,30405000,44973000,0,275641000.0,0,0.0,0.0,585593000.0,861234000.0,0.149,861234000.0,585593000.0,585593000.0,1.12,1.09,1.12,3196455000,3077253500,3196455000,7453674143,13.0,8.655,928188000.0,2.575,1.0,2684028000.0,0.465,243980000,0.0,2145571000,2342460250,354272000,709365000,709365000,0,1298934000,1198562000,100372000,8360950143,423268000.0,-114595000.0,-156388000.0,-5256000.0,0.0,-162573000.0,-575234000.0,-208693000.0,1161075000.0,0.0,403874000.0,403874000.0,403874000.0,0.0,0.0,0.07,2153591000.0,530437000.0,336503000,0.0,2.616,20.702,21.205,831557000,0.0,23.75,1.448,1.483,925598000,1403709000,5772149000.0,5772149000.0,635787000.0,0.092,0.131,0.25,0.101,0.0,1526840000.0,1.0,352040006,360424000,369361000.0,16.015,4251409000,312011000,181719000.0,230306000,11.796,2221290000
0,COMS1,ARQ,2010-03-31,2010-04-06,2010-02-28,2020-02-04,67332000,1932948000,,1115649000,817299000,,3.09,-3755000.0,795014000,795014000,137086000.0,41391000.0,1.837,0.579,112000000,48000000,64000000,112000000,0,21700000.0,0,0.0,0.0,42054000.0,63754000.0,0.184,63754000.0,42054000.0,42737000.0,0.1,0.1,0.1,1224435000,,1224435000,2398773657,23.0,12.021,85944000.0,0.217,1.0,208794000.0,0.604,757729000,-683000.0,-115090000,,114972000,26688000,26688000,0,708513000,607295000,101218000,3081787657,90935000.0,0.0,5048000.0,0.0,0.0,5048000.0,-3755000.0,0.0,89699000.0,-57000.0,41391000.0,41391000.0,41391000.0,0.0,0.0,0.12,186416000.0,22378000.0,74907000,0.0,2.517,34.629,35.182,36747000,0.0,7.74,2.458,2.447,129998000,-1221678000,345880000.0,345880000.0,47997000.0,,,,,6461000.0,121866000.0,1.0,398163780,396253000,411546000.0,0.873,1175219000,0,1346000.0,37218000,2.966,508354000
1,COMS1,ARQ,2009-12-31,2010-01-06,2009-11-30,2020-02-04,68544000,1835018000,,1000224000,834794000,,2.986,-4413000.0,704079000,704079000,128542000.0,19992000.0,1.794,0.565,112000000,48000000,64000000,112000000,0,23110000.0,0,0.0,0.0,20295000.0,43405000.0,0.135,43405000.0,20295000.0,18373000.0,0.05,0.05,0.05,1172748000,,1172748000,2390068353,29.0,12.859,113825000.0,0.29,1.0,193622000.0,0.601,774228000,1922000.0,-88864000,,94844000,35697000,35697000,0,662270000,557575000,104695000,2982147353,78171000.0,0.0,12859000.0,-88000000.0,0.0,-75141000.0,35549000.0,39962000.0,118238000.0,-475000.0,19992000.0,19992000.0,19992000.0,0.0,0.0,0.062,179247000.0,14375000.0,81632000,0.0,2.543,60.281,62.75,36805000,0.0,7.53,2.42,2.399,110297000,-1263069000,322164000.0,322164000.0,41400000.0,,,,,6233000.0,119540000.0,1.0,396035505,392688000,403501000.0,0.82,1060790000,0,-1619000.0,40695000,2.701,442649000
2,COMS1,ARQ,2009-09-30,2009-10-06,2009-08-31,2020-02-04,66965000,1801709000,,947746000,853963000,,2.904,-2962000.0,625908000,625908000,123931000.0,7461000.0,1.836,0.591,200000000,88000000,112000000,200000000,0,21657000.0,0,0.0,0.0,14788000.0,36445000.0,0.125,36445000.0,14788000.0,13700000.0,0.02,0.02,0.02,1132084000,,1132084000,1687881024,21.0,8.667,13901000.0,0.036,1.0,166571000.0,0.573,790875000,1088000.0,68629000,,86232000,86841000,86841000,0,669625000,516297000,153328000,2113789024,80090000.0,0.0,6415000.0,0.0,0.0,6415000.0,55737000.0,58699000.0,16863000.0,1075000.0,7461000.0,7461000.0,7461000.0,0.0,0.0,0.026,163330000.0,3241000.0,67928000,0.0,1.867,49.914,53.9,38228000,0.0,5.39,1.671,1.661,101536000,-1283061000,290502000.0,290502000.0,38968000.0,,,,,4885000.0,106158000.0,1.0,392168650,389774000,396266000.0,0.745,1010834000,0,6239000.0,41328000,2.593,431449000
3,COMS1,ARQ,2009-06-30,2009-07-27,2009-05-31,2020-02-04,65736000,1815357000,,944913000,870444000,,2.876,-3804000.0,545818000,545818000,118843000.0,20151000.0,1.851,0.632,200000000,48000000,152000000,200000000,0,27638000.0,0,0.0,0.0,28309000.0,55947000.0,0.19,55947000.0,28309000.0,27877000.0,0.05,0.05,0.05,1112175000,,1112175000,1112872641,7.0,4.008,80333000.0,0.208,1.0,176216000.0,0.597,807921000,432000.0,151165000,,90395000,138947000,138947000,0,703182000,510453000,192729000,1458690641,-14143000.0,0.0,1554000.0,-13000000.0,0.0,-11446000.0,-86839000.0,-98235000.0,84137000.0,5000.0,20151000.0,20151000.0,20151000.0,0.0,0.0,0.068,154809000.0,21407000.0,68350000,0.0,1.312,12.715,12.862,40012000,0.0,3.73,1.108,1.11,112771000,-1290522000,295059000.0,295059000.0,42649000.0,,,,,11893000.0,104359000.0,1.0,391069877,386764000,391132000.0,0.763,1007436000,0,7726000.0,40729000,2.605,434460000
4,COMS1,ARQ,2009-03-31,2009-04-08,2009-02-28,2020-02-04,49055000,1801727000,,922823000,878904000,,2.76,-1280000.0,559961000,559961000,138878000.0,1867000.0,1.685,0.697,213000000,61000000,152000000,213000000,0,32043000.0,0,0.0,0.0,18028000.0,50071000.0,0.154,50071000.0,18028000.0,14695000.0,0.0,0.0,0.0,1061894000,,1061894000,1040185234,-19.0,13.665,98959000.0,0.257,1.0,185829000.0,0.572,813135000,3333000.0,93927000,,107103000,85795000,85795000,0,739833000,547704000,192129000,1387146234,99174000.0,0.0,-635000.0,0.0,0.0,-635000.0,-1280000.0,0.0,100239000.0,850000.0,1867000.0,1867000.0,1867000.0,0.0,0.0,0.006,184329000.0,1500000.0,71636000,,1.306,-19.226,-19.889,43828000,0.0,3.58,1.033,1.025,114083000,-1310672000,324707000.0,324707000.0,43729000.0,,,,,6107000.0,114634000.0,1.0,387471015,384679000,386377000.0,0.844,988592000,0,12828000.0,40129000,2.57,375119000
5,COMS1,ARQ,2008-12-31,2009-01-07,2008-11-30,2020-02-04,51362000,1758267000,,851846000,906421000,,2.682,-3745000.0,460787000,460787000,154770000.0,12870000.0,1.66,0.664,213000000,48000000,165000000,213000000,0,31982000.0,0,0.0,0.0,20301000.0,52283000.0,0.147,52283000.0,20301000.0,19754000.0,0.03,0.03,0.03,1056859000,,1056859000,734585346,-11.0,11.473,53034000.0,0.135,1.0,199792000.0,0.563,837268000,547000.0,159926000,,111478000,113338000,113338000,0,701408000,513286000,188122000,982372346,-80641000.0,0.0,-47469000.0,-88000000.0,0.0,-135469000.0,-3745000.0,0.0,56779000.0,1794000.0,12870000.0,12870000.0,12870000.0,0.0,0.0,0.036,195390000.0,4402000.0,86386000,0.0,0.93,-12.001,-12.7,49187000,0.0,2.54,0.725,0.739,131151000,-1312539000,354562000.0,354562000.0,47854000.0,,,,,5638000.0,119972000.0,1.0,386760766,394036000,395245000.0,0.9,920999000,0,6884000.0,23122000,2.337,338560000
6,COMS1,ARQ,2008-09-30,2008-10-07,2008-08-31,2020-02-04,54546000,1857201000,,916623000,940578000,,2.703,-7530000.0,541428000,541428000,153023000.0,79837000.0,1.748,0.705,301000000,88000000,213000000,301000000,0,33131000.0,0,0.0,0.0,86254000.0,119385000.0,0.348,119385000.0,86254000.0,85003000.0,0.2,0.2,0.2,1089006000,,1089006000,661444551,-6.0,43.04,31784000.0,0.079,1.0,189627000.0,0.553,863593000,1251000.0,228681000,,108376000,88100000,88100000,0,768195000,524499000,243696000,901872551,37784000.0,0.0,-257000.0,0.0,0.0,-257000.0,-7530000.0,0.0,39314000.0,6257000.0,79837000.0,79837000.0,79837000.0,0.0,0.0,0.233,116244000.0,73383000.0,95391000,0.0,0.828,-6.919,-6.938,54258000,0.0,2.22,0.684,0.679,143135000,-1325409000,342650000.0,342650000.0,45747000.0,,,,,6442000.0,113336000.0,1.0,406248897,402889000,404072000.0,0.85,993608000,0,5166000.0,30696000,2.466,392124000
7,COMS1,ARQ,2008-06-30,2008-07-25,2008-05-31,2020-02-04,46861000,1775130000,,809905000,965225000,,2.476,-4472000.0,503644000,503644000,147529000.0,-166723000.0,1.605,0.784,301000000,48000000,253000000,301000000,0,33299000.0,0,0.0,0.0,-178918000.0,-145619000.0,-0.453,-145619000.0,-178918000.0,-181593000.0,-0.41,-0.41,-0.41,995302000,,995302000,603879144,-3.0,-7.308,60436000.0,0.15,1.0,173725000.0,0.541,887682000,2675000.0,180343000,,90831000,65116000,65116000,0,779828000,504461000,275367000,806523144,37614000.0,0.0,1322000.0,-35000000.0,0.0,-33678000.0,-4472000.0,0.0,64908000.0,10856000.0,-166723000.0,-166723000.0,-166723000.0,0.0,0.0,-0.519,364122000.0,-190397000.0,90280000,0.0,0.81,-3.524,-3.491,54314000,0.0,1.99,0.623,0.614,116281000,-1405247000,321254000.0,321254000.0,51614000.0,,,,,9794000.0,128712000.0,1.0,405288012,401924000,401924000.0,0.799,887448000,0,-14870000.0,22367000,2.208,305444000
8,COMS1,ARQ,2008-03-31,2008-04-08,2008-02-28,2020-02-04,30420000,2006489000,,855385000,1151104000,,2.835,-3443000.0,466030000,466030000,156716000.0,-7840000.0,1.508,0.769,336000000,48000000,288000000,336000000,0,33452000.0,0,0.0,0.0,4525000.0,37977000.0,0.113,37977000.0,4525000.0,1646000.0,-0.02,-0.02,-0.02,1134468000,,1134468000,841632467,-8.0,79.655,39085000.0,0.098,1.0,179674000.0,0.534,1067581000,2879000.0,241696000,,93850000,106595000,106595000,0,872021000,567182000,304839000,971662467,46887000.0,0.0,-531000.0,0.0,0.0,-531000.0,-3443000.0,0.0,42528000.0,8333000.0,-7840000.0,-7840000.0,-7840000.0,0.0,0.0,-0.023,185740000.0,-6066000.0,104489000,0.0,0.856,-7.571,-7.531,56766000,0.0,2.41,0.756,0.751,142309000,-1238526000,336390000.0,336390000.0,50530000.0,,,,,5545000.0,108696000.0,1.0,403179447,400142000,400142000.0,0.841,938908000,0,9486000.0,16839000,2.346,288203000
9,COMS1,ARQ,2007-12-31,2008-01-09,2007-11-30,2020-02-04,18598000,1946322000,,765704000,1180618000,,2.821,-3920000.0,419143000,419143000,165681000.0,-35624000.0,1.478,0.729,336000000,48000000,288000000,336000000,0,34613000.0,0,0.0,0.0,-30988000.0,3625000.0,0.011,3625000.0,-30988000.0,-34954000.0,-0.09,-0.09,-0.09,1125469000,,1125469000,1634284033,-13.0,-69.205,2528000.0,0.006,1.0,152120000.0,0.479,1089952000,3966000.0,255239000,,93788000,70996000,70996000,0,820853000,517988000,302865000,1717427033,-81903000.0,0.0,3680000.0,-94000000.0,0.0,-90320000.0,-3920000.0,0.0,6448000.0,5889000.0,-35624000.0,-35624000.0,-35624000.0,0.0,0.0,-0.112,193451000.0,-41331000.0,103115000,0.0,1.526,-13.708,-13.774,63919000,0.0,4.27,1.351,1.34,127550000,-1230686000,317801000.0,317801000.0,52199000.0,,,,,6005000.0,111845000.0,1.0,402207736,398989000,398989000.0,0.797,856370000,0,670000.0,14865000,2.146,247716000
10,COMS1,ARQ,2007-09-30,2007-10-09,2007-08-31,2020-02-04,10976000,2065225000,,851524000,1213701000,,2.881,-4962000.0,501046000,501046000,170498000.0,-18654000.0,1.492,0.806,430000000,94000000,336000000,430000000,0,34666000.0,0,0.0,0.0,-13276000.0,21390000.0,0.067,21390000.0,-13276000.0,-16843000.0,-0.05,-0.05,-0.05,1143788000,,1143788000,1856418754,-17.0,-91.929,-63969000.0,-0.161,1.0,148936000.0,0.466,1114642000,3567000.0,308642000,,104735000,64883000,64883000,0,921437000,570895000,350542000,1927464754,-58171000.0,0.0,654000.0,0.0,0.0,654000.0,-4520000.0,442000.0,-59007000.0,4702000.0,-18654000.0,-18654000.0,-18654000.0,0.0,0.0,-0.058,174623000.0,-25687000.0,106262000,0.0,1.685,-20.687,-21.13,69250000,0.0,4.86,1.498,1.5,132589000,-1195060000,319434000.0,319434000.0,52310000.0,,,,,3863000.0,95882000.0,1.0,396597686,397041000,397041000.0,0.805,950583000,0,1811000.0,14542000,2.394,280629000
11,COMS1,ARQ,2007-06-30,2007-07-31,2007-05-31,2020-02-04,4349000,2151092000,,897682000,1253410000,,2.907,-710000.0,559217000,559217000,172483000.0,-66226000.0,1.402,0.868,430000000,94000000,336000000,430000000,0,16735000.0,0,0.0,0.0,-69161000.0,-52426000.0,-0.169,-52426000.0,-69161000.0,-61100000.0,-0.16,-0.16,-0.16,1151299000,,1151299000,1468792784,-12.0,-33.164,69973000.0,0.177,1.0,138437000.0,0.445,1137733000,-8061000.0,244074000,,107988000,77368000,77368000,0,999793000,640068000,359725000,1598009784,-283544000.0,-890699000.0,1825000.0,415811000.0,0.0,420423000.0,-778008000.0,113401000.0,70683000.0,3358000.0,-66226000.0,-66226000.0,-66226000.0,0.0,0.0,-0.213,231775000.0,-93338000.0,110430000,0.0,1.388,-18.038,-18.182,76460000,0.0,4.0,1.261,1.243,102952000,-1176406000,310920000.0,310920000.0,71269000.0,,,,,4962000.0,117840000.0,1.0,399502446,395988000,395988000.0,0.785,1013359000,0,5126000.0,23725000,2.559,257614000
12,COMS1,ARQ,2007-03-31,2007-04-09,2007-02-28,2020-02-04,5908000,1857658000,,1311836000,545822000,,3.074,-8031000.0,842761000,842761000,170004000.0,-4779000.0,2.784,0.532,0,0,0,0,2354000,18466000.0,0,0.0,0.0,-14670000.0,3796000.0,0.012,3796000.0,-14670000.0,-3405000.0,-0.01,-0.01,-0.01,1212296000,,1212296000,728253840,-11.0,165.174,91832000.0,0.233,1.0,153437000.0,0.474,437596000,-11265000.0,106146000,,124459000,149057000,149057000,0,645362000,471155000,174207000,1571014840,313581000.0,-7830000.0,373000.0,0.0,0.0,373000.0,210142000.0,226003000.0,99863000.0,3203000.0,-4779000.0,-4779000.0,-4779000.0,0.0,0.0,-0.015,162372000.0,-8935000.0,128916000,0.0,1.296,-41.852,-39.4,80564000,0.0,3.94,1.296,1.282,144345000,-1110183000,323441000.0,323441000.0,48419000.0,,,,,4896000.0,99804000.0,1.0,398734731,394351000,394351000.0,0.82,1420062000,0,1374000.0,0,3.601,840681000
13,COMS1,ARQ,2006-12-31,2007-01-09,2006-11-30,2020-02-04,2712000,1831812000,,1286464000,545348000,,3.073,-10106000.0,529180000,529180000,182825000.0,-3516000.0,2.776,0.516,0,0,0,0,2685000,19694000.0,0,0.0,0.0,-12648000.0,7046000.0,0.021,7046000.0,-12648000.0,-1201000.0,-0.01,-0.01,-0.01,1208613000,,1208613000,1083891377,-12.0,-35.514,-18400000.0,-0.047,1.0,150151000.0,0.451,441603000,-11447000.0,397576000,,142671000,401717000,401717000,0,623199000,463453000,159746000,1613071377,4003000.0,0.0,5180000.0,0.0,0.0,-35605000.0,44613000.0,54719000.0,-8294000.0,3289000.0,-3516000.0,-3516000.0,-3516000.0,0.0,0.0,-0.011,159531000.0,-9380000.0,122166000,0.0,1.335,-24.62,-23.882,78868000,0.0,4.06,1.513,1.498,155181000,-1105402000,332976000.0,332976000.0,48151000.0,,,,,6950000.0,98529000.0,1.0,397308221,393352000,393352000.0,0.847,1390209000,0,2315000.0,0,3.534,823011000
14,COMS1,ARQ,2006-09-30,2006-10-10,2006-08-31,2020-02-04,-1238000,1878889000,,1315778000,563111000,,3.052,27096000.0,525177000,525177000,163715000.0,-14068000.0,2.704,0.571,0,0,0,0,13299000,20095000.0,0,0.0,0.0,-22800000.0,-2705000.0,-0.009,-2705000.0,-22800000.0,-12710000.0,-0.04,-0.04,-0.04,1196050000,,1196050000,1473675337,-13.0,-23.905,30382000.0,0.078,1.0,136429000.0,0.455,453873000,-10090000.0,413171000,,171366000,441417000,441417000,0,682839000,486668000,196171000,1998852337,24080000.0,0.0,2747000.0,0.0,0.0,2747000.0,17310000.0,-9786000.0,3286000.0,737000.0,-14068000.0,-14068000.0,-14068000.0,0.0,0.0,-0.047,157297000.0,-20868000.0,148326000,0.0,1.671,-27.494,-26.526,80309000,0.0,5.04,2.179,2.153,120848000,-1101391000,300144000.0,300144000.0,47793000.0,,,,,3287000.0,97398000.0,1.0,396597686,391885000,391885000.0,0.766,1425016000,0,1358000.0,0,3.636,829110000
15,COMS1,ARQ,2006-06-30,2006-08-11,2006-05-31,2020-02-04,-2957000,1861361000,,1249345000,612016000,,3.081,-6219000.0,501097000,501097000,143999000.0,-15174000.0,2.651,0.548,0,0,0,0,13788000,15279000.0,0,0.0,0.0,-19007000.0,-3728000.0,-0.015,-3728000.0,-19007000.0,-10059000.0,-0.04,-0.04,-0.04,1202362000,,1202362000,1177853161,-8.0,-11.789,8690000.0,0.022,1.0,111277000.0,0.436,466104000,-8948000.0,422879000,,148819000,426474000,426474000,0,658999000,471281000,187718000,1678950161,269252000.0,138407000.0,8779000.0,0.0,0.0,8779000.0,243556000.0,111368000.0,14909000.0,2008000.0,-15174000.0,-15174000.0,-15174000.0,0.0,0.0,-0.059,132197000.0,-20920000.0,153245000,0.0,1.396,-16.677,-16.385,89109000,0.0,4.26,2.112,2.073,115120000,-1087512000,255276000.0,255276000.0,32373000.0,,,,,1698000.0,86431000.0,1.0,394119756,390248000,390248000.0,0.654,1395257000,0,5115000.0,0,3.575,778064000
16,COMS1,ARQ,2006-03-31,2006-04-10,2006-02-28,2020-02-04,-5193000,1499003000,,860691000,638312000,,3.107,-3225000.0,231845000,231845000,105157000.0,-32760000.0,2.98,0.244,0,0,0,0,5382000,7764000.0,0,0.0,0.0,-38897000.0,-31133000.0,-0.175,-31133000.0,-38897000.0,-31730000.0,-0.08,-0.08,-0.08,1204824000,,1204824000,1869944421,-11.0,-15.021,-21606000.0,-0.056,1.0,72406000.0,0.408,363416000,-7167000.0,614945000,,31071000,646103000,474155000,171948000,294179000,288797000,5382000,2101789421,-20489000.0,-28000000.0,1283000.0,0.0,0.0,1283000.0,-4102000.0,27123000.0,-18381000.0,711000.0,-32760000.0,-32760000.0,-32760000.0,0.0,0.0,-0.184,119678000.0,-47272000.0,92300000,0.0,1.744,-14.613,-14.514,71647000,0.0,5.37,2.935,2.907,89899000,-1069682000,177563000.0,177563000.0,25075000.0,,,,,2433000.0,86593000.0,1.0,391394678,387754000,387754000.0,0.458,1135587000,0,1030000.0,0,2.929,571894000
17,COMS1,ARQ,2005-12-31,2006-01-06,2005-11-30,2020-02-04,-6321000,1526409000,,914407000,612002000,,3.198,-3672000.0,252334000,252334000,110017000.0,-10700000.0,3.186,0.238,0,0,0,0,6648000,8513000.0,0,0.0,0.0,-32593000.0,-24080000.0,-0.131,-24080000.0,-32593000.0,-32593000.0,-0.03,-0.03,-0.03,1232741000,,1232741000,1321830212,-7.0,-9.913,-30636000.0,-0.079,1.0,74315000.0,0.403,367278000,0.0,619777000,,31884000,636558000,501600000,134958000,293668000,287020000,6648000,1574164212,83835000.0,0.0,5680000.0,0.0,0.0,5680000.0,106051000.0,109723000.0,-26964000.0,-932000.0,-10700000.0,-10700000.0,-10700000.0,0.0,0.0,-0.058,116541000.0,-42226000.0,97529000,0.0,1.277,-9.594,-9.372,71324000,0.0,4.03,2.249,2.22,93030000,-1035335000,184332000.0,184332000.0,23225000.0,,,,,4617000.0,85986000.0,1.0,390611467,385442000,385442000.0,0.478,1159131000,0,-21893000.0,0,3.007,627387000
18,COMS1,ARQ,2005-09-30,2005-10-07,2005-08-31,2020-02-04,-4629000,1545342000,,935291000,610051000,,3.218,-4288000.0,168499000,168499000,107570000.0,-42041000.0,3.087,0.251,0,0,0,0,7552000,13129000.0,0,0.0,0.0,-41126000.0,-27997000.0,-0.158,-27997000.0,-41126000.0,-41126000.0,-0.11,-0.11,-0.11,1234838000,,1234838000,1329060066,-7.0,-9.184,-60016000.0,-0.156,1.0,70066000.0,0.394,371141000,0.0,702750000,,34673000,749195000,613242000,135953000,310504000,302952000,7552000,1497559066,-100036000.0,0.0,-17000.0,0.0,0.0,-17000.0,-44745000.0,-40457000.0,-55728000.0,454000.0,-42041000.0,-42041000.0,-42041000.0,0.0,0.0,-0.237,116751000.0,-46685000.0,92086000,0.0,1.213,-7.407,-7.302,69711000,0.0,3.87,2.247,2.228,74359000,-1013242000,177636000.0,177636000.0,21197000.0,,,,,1115000.0,88331000.0,1.0,386966167,383760000,383760000.0,0.463,1174201000,0,915000.0,0,3.06,632339000
19,COMS1,ARQ,2005-06-30,2005-08-05,2005-05-31,2020-02-04,-5483000,1592967000,,977509000,615458000,,3.329,-7063000.0,268535000,268535000,114460000.0,-58325000.0,3.158,0.249,0,0,0,0,8484000,15055000.0,0,0.0,0.0,-56337000.0,-41282000.0,-0.234,-41282000.0,-56337000.0,-56337000.0,-0.15,-0.15,-0.15,1274923000,,1274923000,1054462807,-5.0,-7.513,-32962000.0,-0.086,1.0,62182000.0,0.352,376249000,0.0,638623000,,29311000,711538000,575569000,135969000,318044000,309560000,8484000,1322997807,41556000.0,0.0,3500000.0,0.0,0.0,3500000.0,65998000.0,73061000.0,-25899000.0,-2043000.0,-58325000.0,-58325000.0,-58325000.0,0.0,0.0,-0.33,124513000.0,-62331000.0,99632000,0.0,1.038,-6.761,-6.706,69535000,0.0,3.42,2.031,2.008,61664000,-967952000,176642000.0,176642000.0,27215000.0,,,,,1063000.0,85666000.0,1.0,386841464,383011000,383011000.0,0.461,1216718000,0,1988000.0,0,3.177,667949000
20,COMS1,ARQ,2005-03-31,2005-04-05,2005-02-25,2020-02-04,-4802000,1648878000,,1014397000,634481000,,3.498,6920000.0,226979000,226979000,103825000.0,-53005000.0,3.265,0.241,0,0,0,0,9149000,12066000.0,0,0.0,0.0,-52046000.0,-39980000.0,-0.248,-39980000.0,-52046000.0,-52046000.0,-0.14,-0.14,-0.14,1329012000,,1329012000,1115859301,-7.0,-10.588,-36867000.0,-0.097,1.0,57360000.0,0.356,380333000,0.0,730849000,,24263000,791568000,655802000,135766000,319866000,310717000,9149000,1342838301,-132140000.0,-355686000.0,2686000.0,-1308000.0,0.0,1378000.0,-89371000.0,257720000.0,-43787000.0,-360000.0,-53005000.0,-53005000.0,-53005000.0,0.0,0.0,-0.329,113671000.0,-56311000.0,77725000,0.0,1.01,-8.604,-8.75,71346000,0.0,3.5,2.041,2.021,74018000,-905702000,161185000.0,161185000.0,24445000.0,,,,,913000.0,73317000.0,1.0,383668086,379946000,379946000.0,0.424,1268545000,3053000,959000.0,0,3.339,703680000
21,COMS1,ARQ,2004-12-31,2005-01-05,2004-11-26,2020-02-04,-5215000,1661719000,,1401935000,259784000,,3.569,33569000.0,458669000,458669000,98377000.0,-48811000.0,4.707,0.23,0,0,0,0,12466000,12343000.0,0,0.0,0.0,-47803000.0,-35460000.0,-0.235,-35460000.0,-47803000.0,-47803000.0,-0.13,-0.13,-0.13,1351425000,,1351425000,1036211003,-6.0,-8.602,9749000.0,0.026,1.0,52691000.0,0.349,2719000,0.0,902503000,,22344000,953219000,815204000,138015000,310294000,297828000,12466000,1494880003,18893000.0,0.0,4335000.0,0.0,0.0,4335000.0,35860000.0,2291000.0,-23820000.0,2518000.0,-48811000.0,-48811000.0,-48811000.0,0.0,0.0,-0.323,102615000.0,-49924000.0,75078000,0.0,1.106,-7.924,-8.188,83346000,0.0,3.93,2.236,2.226,64401000,-841222000,151068000.0,151068000.0,22164000.0,,,,,213000.0,73779000.0,1.0,380376591,378694000,378694000.0,0.399,1659000000,2986000,1008000.0,0,4.381,1104107000
22,COMS1,ARQ,2004-09-30,2004-10-05,2004-08-27,2020-02-04,-4895000,1693119000,,1395136000,297983000,,3.602,-3247000.0,439776000,439776000,100254000.0,-35545000.0,4.92,0.213,0,0,0,0,13522000,12388000.0,0,0.0,0.0,-36010000.0,-23622000.0,-0.146,-23622000.0,-36010000.0,-36010000.0,-0.09,-0.09,-0.09,1396007000,,1396007000,1229748723,-4.0,-6.786,-45335000.0,-0.117,1.0,62095000.0,0.382,4894000,0.0,964859000,,23403000,964181000,823857000,140324000,297112000,283590000,13522000,1669524723,-136048000.0,0.0,-68607000.0,0.0,0.0,-68607000.0,-25192000.0,-20270000.0,-42088000.0,-161000.0,-35545000.0,-35545000.0,-35545000.0,0.0,0.0,-0.219,97004000.0,-34909000.0,67962000,0.0,1.196,-5.988,-6.111,116349000,0.0,4.4,2.387,2.438,63423000,-790789000,162349000.0,162349000.0,22435000.0,,,,,652000.0,70771000.0,1.0,379437437,387585000,387585000.0,0.419,1688225000,2890000,-465000.0,0,4.356,1111546000
23,COMS1,ARQ,2004-06-30,2004-08-09,2004-05-28,2020-02-04,-5288000,1820818000,,1519677000,301141000,,3.836,31153000.0,575824000,575824000,107437000.0,-18716000.0,4.957,0.215,0,0,0,0,15135000,12618000.0,0,0.0,0.0,-18942000.0,-6324000.0,-0.034,-6324000.0,-18942000.0,-18942000.0,-0.04,-0.04,-0.04,1499114000,,1499114000,1183434472,-3.0,-4.87,4770000.0,0.012,1.0,75908000.0,0.414,5908000,0.0,932517000,,27679000,950423000,807532000,142891000,321704000,306569000,15135000,1759258472,51331000.0,0.0,13902000.0,0.0,0.0,13902000.0,64300000.0,33147000.0,-26383000.0,-488000.0,-18716000.0,-18716000.0,-18716000.0,-141000.0,0.0,-0.102,99557000.0,-23649000.0,80408000,0.0,1.174,-5.037,-4.859,114599000,0.0,4.47,2.517,2.429,66372000,-755244000,183345000.0,183345000.0,20071000.0,,,,,475000.0,65336000.0,1.0,393570128,390833000,390833000.0,0.469,1814910000,2937000,-226000.0,0,4.644,1213108000
24,COMS1,ARQ,2004-03-31,2004-04-07,2004-02-27,2020-02-04,-3300000,1868657000,,1532184000,336473000,,3.91,-3720000.0,524493000,524493000,111500000.0,-85572000.0,4.412,0.241,0,0,0,0,15936000,28892000.0,0,0.0,0.0,-83946000.0,-55054000.0,-0.321,-55054000.0,-83946000.0,-83946000.0,-0.22,-0.22,-0.22,1505442000,,1505442000,2110362541,-6.0,-8.189,-71513000.0,-0.186,1.0,60269000.0,0.351,7380000,0.0,989505000,,21171000,984795000,841514000,143281000,363215000,347279000,15936000,2634855541,80547000.0,0.0,47279000.0,0.0,0.0,47279000.0,100497000.0,104217000.0,-67793000.0,564000.0,-85572000.0,-85572000.0,-85572000.0,685000.0,0.0,-0.498,143826000.0,-83557000.0,96837000,0.0,1.75,-7.141,-6.818,147850000,0.0,6.75,4.424,4.364,86971000,-736528000,171769000.0,171769000.0,23776000.0,,,,,955000.0,79445000.0,1.0,390348969,385019000,385019000.0,0.446,1861277000,2611000,1626000.0,0,4.834,1184905000
25,COMS1,ARQ,2003-12-31,2004-01-12,2003-11-28,2020-02-04,-4218000,1909627000,,1540072000,369555000,,4.108,58382000.0,443946000,443946000,124941000.0,-138981000.0,4.245,0.239,0,0,0,0,0,41260000.0,0,0.0,0.0,-137481000.0,-96221000.0,-0.529,-96221000.0,-137481000.0,-137481000.0,-0.37,-0.37,-0.37,1541862000,,1541862000,2903838073,-8.0,-12.439,18280000.0,0.049,1.0,56950000.0,0.313,8453000,0.0,1094465000,,30342000,1095895000,948410000,147485000,367765000,362763000,5002000,3347784073,-108451000.0,-160000000.0,49864000.0,-173000.0,0.0,53901000.0,-122891000.0,-21273000.0,-40102000.0,641000.0,-138981000.0,-138981000.0,-138981000.0,1565000.0,0.0,-0.764,171829000.0,-114879000.0,102522000,0.0,2.171,-9.232,-8.838,176466000,0.0,8.75,5.006,4.911,70905000,-650956000,181891000.0,181891000.0,24421000.0,,,,,953000.0,87421000.0,1.0,382603894,375332000,375332000.0,0.485,1901174000,2398000,1500000.0,0,5.065,1177309000
26,COMS1,ARQ,2003-09-30,2003-10-10,2003-08-29,2020-02-04,-4549000,1973103000,,1643835000,329268000,,4.419,33026000.0,552397000,552397000,111935000.0,-105994000.0,4.796,0.214,173000,173000,0,173000,0,26637000.0,0,0.0,0.0,-112029000.0,-85392000.0,-0.528,-85392000.0,-112029000.0,-112029000.0,-0.29,-0.29,-0.29,1625484000,,1625484000,1972979948,-6.0,-12.412,-8016000.0,-0.022,1.0,49944000.0,0.309,9547000,0.0,1068615000,,26232000,932021000,932021000,0,347619000,342717000,4902000,2525203948,36549000.0,0.0,9378000.0,-173000.0,0.0,13416000.0,64158000.0,31132000.0,-41042000.0,17000.0,-105994000.0,-105994000.0,-105994000.0,291000.0,0.0,-0.655,165684000.0,-115740000.0,96180000,0.0,1.554,-8.643,-8.358,272951000,0.0,6.77,3.196,3.152,83609000,-511975000,161879000.0,161879000.0,26927000.0,,,,,298000.0,86746000.0,1.0,372999106,367879000,367879000.0,0.44,1963556000,2094000,-6035000.0,0,5.338,1301118000
27,COMS1,ARQ,2003-06-30,2003-08-01,2003-05-30,2020-02-04,-3543000,2062360000,,1653180000,409180000,,4.718,-7238000.0,515848000,515848000,72031000.0,-38418000.0,4.874,0.2,346000,346000,0,346000,0,29006000.0,0,0.0,0.0,-50045000.0,-21039000.0,-0.263,-21039000.0,-50045000.0,-50045000.0,-0.11,-0.11,-0.11,1718597000,,1718597000,1281677711,-4.0,-9.497,-5611000.0,-0.015,1.0,7993000.0,0.1,12934000,0.0,1194756000,,27068000,968740000,968740000,0,343763000,339168000,4595000,1797179711,12389000.0,95687000.0,22223000.0,-68306000.0,0.0,-41849000.0,52470000.0,-35979000.0,1627000.0,141000.0,-38418000.0,-38418000.0,-38418000.0,8214000.0,0.0,-0.48,68444000.0,-60451000.0,105583000,0.0,1.046,-6.334,-6.177,350073000,0.0,4.88,1.927,1.886,90290000,-405981000,80024000.0,80024000.0,-21504000.0,,,,,339000.0,55672000.0,1.0,368274531,364282000,364282000.0,0.22,2049426000,2211000,-11627000.0,0,5.626,1314012000
28,COMS1,ARQ,2003-03-31,2003-04-10,2003-02-28,2020-02-04,-3573000,2145111000,,1652193000,492918000,,4.793,-6227000.0,503459000,503459000,132536000.0,-79242000.0,4.433,0.24,68652000,31102000,37550000,68652000,0,55345000.0,0,0.0,0.0,-86137000.0,-30792000.0,-0.126,-30792000.0,-86137000.0,-86137000.0,-0.22,-0.22,-0.22,1730213000,,1730213000,1431111362,-7.0,-63.248,13184000.0,0.037,1.0,112390000.0,0.459,14417000,0.0,1323199000,,41328000,987254000,987254000,0,414898000,372688000,42210000,1865918362,35767000.0,0.0,2044000.0,-8439000.0,0.0,-3168000.0,18762000.0,24989000.0,19411000.0,762000.0,-79242000.0,-79242000.0,-79242000.0,0.0,0.0,-0.324,189134000.0,-76744000.0,118767000,0.0,1.078,-9.169,-9.196,426162000,0.0,5.15,1.566,1.561,120152000,-284924000,244926000.0,244926000.0,39035000.0,,,,,744000.0,94404000.0,1.0,362314245,361020000,361020000.0,0.678,2130694000,6055000,-6895000.0,0,5.902,1279505000
29,COMS1,ARQ,2002-12-31,2003-01-07,2002-11-29,2020-02-04,-2803000,2243136000,,1673809000,569327000,,5.018,55286000.0,467692000,467692000,147316000.0,-68513000.0,4.29,0.244,77091000,31952000,45139000,77091000,0,42783000.0,0,0.0,0.0,-64513000.0,-21730000.0,-0.072,-21730000.0,-64513000.0,-64513000.0,-0.19,-0.19,-0.19,1803227000,,1803227000,1400973910,-5.0,-12.663,92108000.0,0.256,1.0,155878000.0,0.514,16121000,0.0,1446282000,,44010000,1024259000,1024259000,0,439909000,390132000,49777000,1791574910,49222000.0,0.0,7494000.0,-57563000.0,0.0,-45808000.0,58208000.0,2922000.0,36822000.0,0.0,-68513000.0,-68513000.0,-68513000.0,0.0,0.0,-0.226,217213000.0,-61335000.0,109050000,0.0,0.994,-4.971,-4.911,487152000,0.0,4.96,1.376,1.368,137848000,-192057000,303194000.0,303194000.0,44597000.0,,,,,3297000.0,93294000.0,1.0,361204619,359340000,359340000.0,0.844,2227015000,6055000,4000000.0,0,6.198,1283677000
30,COMS1,ARQ,2002-09-30,2002-10-09,2002-08-30,2020-02-04,-2782000,2424725000,,1629558000,795167000,,5.378,13881000.0,418470000,418470000,159257000.0,-31980000.0,3.673,0.261,134740000,81248000,53492000,134740000,0,32189000.0,0,0.0,0.0,-27980000.0,4209000.0,0.014,4209000.0,-27980000.0,-27980000.0,-0.09,-0.09,-0.09,1922360000,,1922360000,1138683001,-4.0,-13.284,35803000.0,0.1,1.0,145465000.0,0.477,91737000,0.0,1605584000,,48176000,968824000,968824000,0,502365000,443674000,58691000,1422413001,-260585000.0,0.0,1562000.0,-35018000.0,0.0,-32592000.0,-249915000.0,-263796000.0,21922000.0,0.0,-31980000.0,-31980000.0,-31980000.0,0.0,0.0,-0.105,171577000.0,-26112000.0,101876000,0.0,0.74,-3.596,-3.455,628489000,0.0,3.87,1.021,0.993,138205000,-12277000,304722000.0,304722000.0,50929000.0,,,,,1586000.0,93887000.0,1.0,367548579,357437000,357437000.0,0.853,2332988000,6055000,4000000.0,0,6.527,1185884000
31,COMS1,ARQ,2002-06-30,2002-08-02,2002-05-31,2020-02-04,-3769000,2526792000,,1663044000,863748000,,5.488,-4213000.0,679055000,679055000,189547000.0,-23758000.0,3.305,0.296,169758000,101354000,68404000,169758000,0,49281000.0,0,0.0,0.0,-23595000.0,25686000.0,0.076,25686000.0,-23595000.0,-23595000.0,-0.06,-0.06,-0.06,1950205000,,1950205000,1251163747,-2.0,-5.261,18331000.0,0.052,1.0,148964000.0,0.44,181402000,0.0,1332871000,,61777000,702993000,702993000,0,576587000,503222000,73365000,1760460747,92435000.0,0.0,15728000.0,-25077000.0,0.0,-9313000.0,79204000.0,83417000.0,22544000.0,0.0,-23758000.0,-23758000.0,-23758000.0,0.0,0.0,-0.07,186514000.0,-37550000.0,125903000,0.0,0.903,-2.954,-2.871,676154000,0.0,4.91,1.191,1.161,147113000,35814000,338511000.0,338511000.0,54208000.0,,,,,-2475000.0,94140000.0,1.0,358545977,355345000,355345000.0,0.953,2345390000,6192000,163000.0,0,6.6,1159822000
32,COMS1,ARQ,2002-03-31,2002-04-10,2002-03-01,2020-02-04,5900000,2648380000,,1709345000,939035000,,5.592,1497000.0,586620000,586620000,222506000.0,-236134000.0,2.846,0.347,194524000,117854000,76670000,194524000,0,57997000.0,0,0.0,0.0,-176793000.0,-118796000.0,-0.334,-118796000.0,-176793000.0,-176793000.0,-0.67,-0.67,-0.67,1966048000,,1966048000,1761310041,-2.0,-2.328,-23769000.0,-0.068,1.0,133472000.0,0.375,224722000,0.0,1431034000,,72348000,870030000,870030000,0,682332000,600528000,81804000,2153406041,-211537000.0,0.0,20358000.0,-15260000.0,0.0,5399000.0,-191670000.0,-193167000.0,-25266000.0,0.0,-236134000.0,-236134000.0,-236134000.0,0.0,0.0,-0.663,307265000.0,-173793000.0,174808000,0.0,1.095,-1.976,-1.917,709925000,0.0,6.04,1.34,1.321,180347000,103299000,355978000.0,355978000.0,72275000.0,,,,,336000.0,106059000.0,1.0,356524179,351596000,351596000.0,1.012,2423658000,4388000,59341000.0,0,6.893,1108817000
33,COMS1,ARQ,2001-12-31,2002-01-11,2001-11-30,2020-02-04,7879000,3020389000,,1755438000,1264951000,,6.295,-325412000.0,798157000,798157000,260857000.0,-103674000.0,2.349,0.384,209784000,125028000,84756000,209784000,0,79616000.0,0,0.0,0.0,-76436000.0,3180000.0,0.008,3180000.0,-76436000.0,-76436000.0,-0.3,-0.3,-0.3,2182406000,,2182406000,1637204199,-1.0,-1.721,-272479000.0,-0.786,1.0,132997000.0,0.338,310573000,0.0,1373991000,,92575000,682014000,682014000,0,837983000,747452000,90531000,2225577199,-16989000.0,0.0,8073000.0,207095000.0,0.0,209675000.0,-279597000.0,45815000.0,52933000.0,0.0,-103674000.0,-103674000.0,-103674000.0,0.0,0.0,-0.263,231453000.0,-98456000.0,196711000,0.0,1.02,-2.024,-1.975,804570000,0.0,6.32,1.183,1.165,182692000,394058000,393854000.0,393854000.0,73220000.0,,,,,0.0,113813000.0,1.0,352148291,346703000,346703000.0,1.136,2709816000,149808000,27238000.0,93222000,7.816,1007986000
34,COMS1,ARQ,2001-09-30,2001-10-11,2001-08-31,2020-02-04,8440000,3017415000,,1974853000,1042562000,,6.611,-7472000.0,815146000,815146000,326821000.0,-232384000.0,2.704,0.326,2688000,328000,2360000,2688000,0,79926000.0,0,0.0,0.0,-227827000.0,-147901000.0,-0.38,-147901000.0,-227827000.0,-227827000.0,-0.67,-0.67,-0.67,2276409000,,2276409000,491587246,0.0,-0.455,-197045000.0,-0.572,1.0,62768000.0,0.161,322819000,0.0,1151729000,,150478000,814935000,814935000,0,741006000,730409000,10597000,1304045246,-82651000.0,0.0,1620000.0,-24000.0,0.0,1823000.0,105099000.0,112571000.0,-189573000.0,0.0,-232384000.0,-232384000.0,-232384000.0,0.0,0.0,-0.596,307103000.0,-244335000.0,177561000,0.0,0.573,-1.145,-1.133,542469000,0.0,3.75,0.573,0.567,194294000,526562000,389589000.0,389589000.0,85881000.0,,,,,2139000.0,147223000.0,1.0,347745399,344313000,344313000.0,1.131,2694596000,177274000,4557000.0,88844000,7.826,1244444000
35,COMS1,ARQ,2001-06-30,2001-08-08,2001-06-01,2020-02-04,10512000,3452802000,,2334822000,1117980000,,7.353,-27773000.0,897797000,897797000,636653000.0,-517727000.0,2.492,0.378,2713000,328000,2385000,2713000,0,79641000.0,0,0.0,0.0,-572817000.0,-493176000.0,-1.054,-493176000.0,-572817000.0,-572817000.0,-1.51,-1.51,-1.51,2505421000,,2505421000,819292627,-1.0,-0.866,-213699000.0,-0.627,1.0,-168620000.0,-0.36,344952000,0.0,1275921000,,200146000,950066000,950066000,0,947381000,936845000,10536000,1714376627,112047000.0,0.0,22653000.0,-2109000.0,0.0,-120389000.0,418362000.0,446135000.0,-185926000.0,0.0,-517727000.0,-517727000.0,-517727000.0,0.0,0.0,-1.106,273591000.0,-442211000.0,279181000,0.0,0.684,-1.776,-1.771,609679000,0.0,4.96,0.608,0.607,286813000,771639000,468033000.0,468033000.0,109796000.0,,,,,0.0,187296000.0,1.0,345640449,340743000,340743000.0,1.374,3107850000,163349000,-55090000.0,80485000,9.121,1397977000
36,COMS1,ARQ,2001-03-31,2001-04-09,2001-03-02,2020-02-04,40233000,4179637000,,3076768000,1102869000,,9.562,-30980000.0,785750000,785750000,559460000.0,-246043000.0,3.604,0.286,4849000,2254000,2595000,4849000,0,67163000.0,0,11.033,0.0,-380330000.0,-313167000.0,-0.497,-313167000.0,-380330000.0,-380330000.0,-0.72,-0.72,-0.72,3250511000,,3250511000,774750313,-1.0,-1.27,-393769000.0,-1.158,1.0,70126000.0,0.111,422574000,0.0,2122547000,,275676000,1455014000,1455014000,0,929126000,853615000,75511000,1555651313,-143130000.0,-123109000.0,-110767000.0,0.0,0.0,-110336000.0,329995000.0,484084000.0,-362789000.0,0.0,-246043000.0,-246043000.0,-246043000.0,0.0,0.0,-0.391,443689000.0,-373563000.0,330283000,0.0,0.479,-2.617,-2.674,680295000,0.0,4.6,0.646,0.649,390280000,1309998000,629586000.0,629586000.0,140655000.0,,,,,0.0,241200000.0,1.0,338185068,339933000,339933000.0,1.852,3757063000,170048000,-134287000.0,64791000,11.052,2223153000
37,COMS1,ARQ,2000-12-31,2001-01-16,2000-12-01,2020-02-04,99982000,4719855000,,3664335000,1055520000,,10.607,185730000.0,928880000,928880000,498101000.0,-142406000.0,3.778,0.287,4849000,2254000,2595000,4849000,0,63022000.0,0,5.012,0.0,-189875000.0,-126853000.0,-0.161,-126853000.0,-189875000.0,-189875000.0,-0.41,-0.41,-0.41,3666529000,,3666529000,2520896611,8.0,4.345,-150301000.0,-0.435,1.0,291397000.0,0.369,361807000,0.0,2464182000,,217505000,1996444000,1996444000,0,1053326000,969835000,83491000,3444927611,-36209000.0,-22862000.0,-137391000.0,-145000.0,0.0,-137461000.0,437283000.0,272459000.0,-336031000.0,0.0,-142406000.0,-142406000.0,-142406000.0,0.0,0.0,-0.18,682261000.0,-390864000.0,408471000,0.0,0.94,21.82,22.011,693713000,0.0,10.125,1.078,1.095,430583000,1578116000,789498000.0,789498000.0,139439000.0,,,,,0.0,263730000.0,1.0,340239764,345656000,345656000.0,2.284,4358048000,90923000,-47469000.0,106318000,12.608,2694500000
38,COMS1,ARQ,2000-09-30,2000-10-13,2000-09-01,2020-02-04,338454000,5353947000,,4300152000,1053795000,,11.677,-59148000.0,965089000,965089000,593036000.0,-59200000.0,3.758,0.296,4995000,2255000,2740000,4995000,0,67589000.0,0,2.611,50.75,-79995000.0,-12406000.0,-0.013,-12406000.0,-79995000.0,-79995000.0,-0.17,-0.17,-0.17,4131227000,,4131227000,5844525919,8.0,5.662,-167497000.0,-0.473,1.0,340728000.0,0.365,356107000,0.0,2893380000,,273246000,2594603000,2594603000,0,1222720000,1144366000,78354000,6804619919,-735331000.0,-51741000.0,-105101000.0,-24204000.0,0.0,-129648000.0,-527625000.0,-419084000.0,-108349000.0,0.0,-59200000.0,-59200000.0,-59200000.0,-4537000.0,0.0,-0.063,486274000.0,-145546000.0,396335000,-298.529,1.647,14.247,13.984,697688000,0.0,19.438,1.754,1.772,467214000,1855129000,933764000.0,933764000.0,145828000.0,,,,,0.0,293858000.0,1.0,350076909,353777000,353777000.0,2.639,4997840000,0,-20795000.0,235243000,14.127,3155786000
39,COMS1,ARQ,2000-06-30,2000-08-17,2000-06-02,2020-02-04,278621000,6492954000,,5425431000,1067523000,,11.505,-41991000.0,1700420000,1700420000,175458000.0,-146827000.0,4.588,0.606,29199000,14459000,14740000,29199000,0,76267000.0,0,2.996,50.75,-233662000.0,-157395000.0,-2.797,-157395000.0,-233662000.0,-233662000.0,-0.42,-0.43,-0.42,4043064000,,4043064000,4239519638,4.0,3.211,-240083000.0,-0.683,1.0,-119179000.0,-2.118,361699000,0.0,3277558000,,285942000,2025292000,2025292000,0,2449890000,1182476000,1267414000,5910740638,-111605000.0,-73407000.0,100701000.0,-2357000.0,0.0,94182000.0,-249201000.0,-133803000.0,-198092000.0,0.0,-146827000.0,-146827000.0,-146827000.0,-58740000.0,0.0,-2.609,301051000.0,-420230000.0,363497000,-120.833,1.462,8.766,8.731,705824000,0.0,16.938,1.364,1.361,355540000,1982079000,56279000.0,56279000.0,112989000.0,,,,,0.0,124927000.0,1.0,348973617,351419000,364240000.0,0.16,6131255000,0,-86835000.0,268540000,17.447,4242955000
40,COMS1,ARQ,2000-03-31,2000-04-04,2000-02-25,2020-02-04,294712000,5813336000,,4811960000,1001376000,,11.72,-53731000.0,1812503000,1812503000,781481000.0,506314000.0,2.839,0.435,31506000,14254000,17252000,31506000,0,71362000.0,0,0.0,0.0,805512000.0,876874000.0,0.62,876874000.0,805512000.0,805512000.0,1.46,1.4,1.46,4051816000,,4051816000,13852980203,10.0,8.057,279272000.0,0.808,1.0,633776000.0,0.448,270148000,0.0,2067341000,,314455000,1953020000,1953020000,0,1761520000,1694850000,66670000,15633977203,716892000.0,-19025000.0,157031000.0,2499000.0,0.0,158320000.0,225569000.0,300246000.0,333003000.0,0.0,506314000.0,506314000.0,506314000.0,0.0,0.0,0.358,507795000.0,125981000.0,545294000,0.0,3.859,17.205,17.074,731228000,0.0,44.563,2.746,2.706,707917000,2145293000,1415257000.0,1415257000.0,172989000.0,,,,,0.0,347177000.0,1.0,350832588,345706000,360600000.0,4.094,5543188000,24065000,299198000.0,408859000,16.034,3117110000
41,COMS1,ARQ,1999-12-31,2000-01-10,1999-11-26,2020-02-04,494585000,4980367000,,3998447000,981920000,,10.261,-54005000.0,1095611000,1095611000,788866000.0,177325000.0,2.87,0.416,30332000,13822000,16510000,30332000,0,74984000.0,0,0.0,0.0,250158000.0,325142000.0,0.22,325142000.0,250158000.0,250158000.0,0.52,0.51,0.52,3518332000,,3518332000,14682585986,20.0,14.341,329884000.0,0.962,1.0,686131000.0,0.465,205809000,0.0,2316078000,,321461000,1850980000,1850980000,0,1462035000,1393201000,68834000,15747864986,92348000.0,0.0,-99849000.0,0.0,0.0,-99070000.0,-192471000.0,-131987000.0,383889000.0,0.0,177325000.0,177325000.0,177325000.0,0.0,0.0,0.12,526608000.0,159523000.0,476305000,0.0,4.476,32.002,32.857,776111000,0.0,46.0,2.768,2.773,730395000,1660847000,1474997000.0,1474997000.0,162109000.0,,,,,0.0,358615000.0,1.0,342344891,342889000,348988000.0,4.302,4774558000,0,72833000.0,300588000,13.925,2605246000
42,COMS1,ARQ,1999-09-30,1999-10-08,1999-08-27,2020-02-04,292796000,4532063000,,3502519000,1029544000,,9.151,-32366000.0,1003263000,1003263000,739078000.0,137491000.0,2.872,0.402,33750000,14337000,19413000,33750000,0,81802000.0,0,0.0,0.0,193967000.0,275769000.0,0.199,275769000.0,193967000.0,193967000.0,0.39,0.38,0.39,3232563000,,3232563000,9295112840,14.0,9.733,410225000.0,1.161,1.0,648331000.0,0.467,233289000,0.0,2109626000,,350526000,1281251000,1281251000,0,1299500000,1219635000,79865000,10264625840,51014000.0,0.0,-368308000.0,-12000000.0,0.0,-379223000.0,-12354000.0,11912000.0,442591000.0,0.0,137491000.0,137491000.0,137491000.0,0.0,0.0,0.099,494804000.0,153527000.0,401434000,0.0,3.175,22.929,23.8,796255000,0.0,29.75,1.784,1.826,757092000,1504287000,1387409000.0,1387409000.0,162844000.0,,,,,0.0,334065000.0,1.0,345029440,353243000,357703000.0,3.928,4298774000,110387000,56476000.0,238918000,12.169,2282884000
43,COMS1,ARQ,1999-06-30,1999-08-17,1999-05-28,2020-02-04,40909000,4495389000,,3419852000,1075537000,,8.803,-75692000.0,952249000,952249000,751824000.0,87533000.0,2.853,0.406,44973000,14568000,30405000,44973000,0,74282000.0,0,0.0,0.0,167216000.0,241498000.0,0.171,241498000.0,167216000.0,127197000.0,0.24,0.23,0.24,3196455000,,3196455000,7453674143,13.0,8.655,273077000.0,0.752,1.0,663748000.0,0.469,243980000,40019000.0,2145571000,,354272000,709365000,709365000,0,1298934000,1198562000,100372000,8360950143,-29271000.0,-75382000.0,-215913000.0,-979000.0,0.0,-218722000.0,-159318000.0,-5779000.0,348769000.0,0.0,87533000.0,87533000.0,87533000.0,0.0,0.0,0.062,551532000.0,112216000.0,336503000,0.0,2.616,20.702,21.205,831557000,0.0,23.75,1.448,1.483,925598000,1403709000,1415572000.0,1415572000.0,167081000.0,,,,,0.0,383707000.0,1.0,352040006,363094000,368113000.0,3.899,4251409000,312011000,39664000.0,230306000,11.709,2221290000
44,COMS1,ARQ,1999-03-31,1999-04-08,1999-02-26,2020-02-04,-1942000,4564365000,,3582637000,981728000,,9.015,-53740000.0,981520000,981520000,743019000.0,89737000.0,2.965,0.4,30442000,0,30442000,30442000,0,69523000.0,0,0.0,0.0,111884000.0,181407000.0,0.129,181407000.0,111884000.0,129984000.0,0.25,0.24,0.25,3261199000,,3261199000,6716161169,,,279707000.0,0.773,1.0,667510000.0,0.473,0,-18100000.0,2405171000,,409216000,742726000,742726000,0,1303166000,1208116000,95050000,7667239169,374414000.0,-32955000.0,136776000.0,7723000.0,0.0,146307000.0,-105340000.0,-4453000.0,333447000.0,0.0,89737000.0,89737000.0,89737000.0,0.0,0.0,0.064,555782000.0,111728000.0,366009000,0.0,2.351,,,837316000,0.0,21.188,,,981017000,1334322000,1410529000.0,1410529000.0,162114000.0,,,,,0.0,393868000.0,1.0,361875595,361766000,374699000.0,3.899,4564365000,368738000,40247000.0,231160000,12.617,2374521000
45,COMS1,ARQ,1998-12-31,1999-01-11,1998-11-27,2020-02-04,-209000,4316381000,,3373624000,942757000,,8.309,-72784000.0,607106000,607106000,817503000.0,132913000.0,2.684,0.45,24000000,0,24000000,24000000,0,65705000.0,0,0.0,0.0,190631000.0,256336000.0,0.166,256336000.0,190631000.0,190631000.0,0.37,0.36,0.37,2977094000,,2977094000,16301248187,,,184468000.0,0.515,1.0,723034000.0,0.469,0,0.0,2476353000,,443488000,743749000,743749000,0,1339287000,1256922000,82365000,16884354187,-22403000.0,-6258000.0,-54063000.0,0.0,0.0,-48573000.0,-231082000.0,-136871000.0,257252000.0,0.0,132913000.0,132913000.0,132913000.0,0.0,0.0,0.086,544677000.0,178357000.0,383611000,0.0,5.671,,,839945000,0.0,47.063,,,1117449000,1260722000,1540537000.0,1540537000.0,157758000.0,,,,,0.0,386281000.0,1.0,358764498,358302000,368207000.0,4.3,4316381000,368772000,57718000.0,254458000,12.047,2116702000
46,COMS1,ARQ,1998-09-30,1998-10-09,1998-08-28,2020-02-04,-5797000,4120833000,,3227058000,893775000,,8.017,-30671000.0,629509000,629509000,775775000.0,93691000.0,2.752,0.434,24000000,0,24000000,24000000,0,66131000.0,0,0.0,0.0,137781000.0,203912000.0,0.145,203912000.0,137781000.0,137781000.0,0.26,0.26,0.26,2874266000,,2874266000,9144261873,,,190936000.0,0.533,1.0,629736000.0,0.448,0,0.0,2342746000,,501278000,607581000,607581000,0,1246567000,1172578000,73989000,9749770873,100528000.0,0.0,-23188000.0,-12000000.0,0.0,-41585000.0,-79494000.0,-61590000.0,221607000.0,0.0,93691000.0,93691000.0,93691000.0,0.0,0.0,0.067,501600000.0,128136000.0,332070000,0.0,3.392,,,831556000,0.0,27.188,,,980254000,1173466000,1405511000.0,1405511000.0,148834000.0,,,,,0.0,362984000.0,1.0,358612262,358533000,366425000.0,3.92,4120833000,394713000,44090000.0,243041000,11.494,2054480000
47,COMS1,ARQ,1998-03-31,1998-04-07,1998-03-01,2020-02-04,1538000,3871280000,,2943302000,927978000,,7.348,-113204000.0,386028000,386028000,707188000.0,13858000.0,2.508,0.485,46811000,0,46811000,46811000,0,69911000.0,0,0.0,0.0,21320000.0,91231000.0,0.073,91231000.0,21320000.0,21320000.0,0.04,0.04,0.04,2606951000,,2606951000,11107499349,,,-137786000.0,-0.388,1.0,543003000.0,0.434,0,0.0,2358290000,,769815000,514892000,514892000,0,1264329000,1173773000,90556000,11446716349,-153720000.0,0.0,7291000.0,-110483000.0,0.0,-101083000.0,-28055000.0,79207000.0,-24582000.0,0.0,13858000.0,13858000.0,13858000.0,0.0,0.0,0.011,517260000.0,25743000.0,406557000,0.0,4.391,,,831353000,0.0,32.188,,,888955000,1016207000,1250191000.0,1250191000.0,144237000.0,,,,,0.0,382949000.0,1.0,355626139,354766000,366116000.0,3.524,3871280000,222503000,7462000.0,68919000,10.912,1769529000
48,COMS1,ARQ,1997-12-31,1998-03-19,1997-11-30,2020-02-04,-968000,3966062000,,3087809000,878253000,,7.015,-122628000.0,539748000,539748000,645344000.0,4021000.0,2.379,0.549,156717000,110000000,46717000,156717000,0,70530000.0,0,0.0,0.0,6134000.0,76664000.0,0.064,76664000.0,6134000.0,6134000.0,0.01,0.01,0.01,2560986000,,2560986000,11605600243,,,53249000.0,0.146,1.0,551845000.0,0.461,0,0.0,2285357000,,635972000,596062000,596062000,0,1405076000,1297674000,107402000,11988631243,22091000.0,0.0,106628000.0,-247000.0,0.0,107138000.0,-260924000.0,-106880000.0,175877000.0,0.0,4021000.0,4021000.0,4021000.0,0.0,0.0,0.003,553348000.0,-1503000.0,327862000,0.0,4.681,,,773137000,0.0,33.813,,,908401000,1002280000,1197189000.0,1197189000.0,144978000.0,,,,,0.0,409599000.0,1.0,354562107,365085000,365105000.0,3.279,3966062000,296337000,2113000.0,133841000,10.863,1790135000
49,COMS1,ARQ,1997-12-31,1998-01-13,1997-11-30,2020-02-04,-968000,3923202000,,3099914000,823288000,,6.783,,539748000,539748000,651094000.0,15083000.0,2.315,0.584,156717000,110000000,46717000,156717000,0,,0,0.0,0.0,23204000.0,,,,23204000.0,23204000.0,0.04,0.04,0.04,2476461000,,2476461000,10896476029,,,,,1.0,569159000.0,0.466,0,0.0,2200832000,,628974000,596062000,596062000,0,1446741000,1339339000,107402000,11279507029,,,,,,,,,,,15083000.0,15083000.0,15083000.0,0.0,0.0,0.012,553592000.0,15567000.0,327862000,0.0,4.555,,,743195000,0.0,31.813,,,927504000,917755000,1220253000.0,1220253000.0,145491000.0,,,,,,408101000.0,1.0,354562107,365085000,365105000.0,3.342,3923202000,296337000,8121000.0,83218000,10.746,1760575000
0,COMS1,ART,2010-03-31,2010-04-06,2010-02-28,2020-02-04,67332000,1932948000,1846258000.0,1115649000,817299000,0.679,3.09,-14934000.0,795014000,795014000,508402000.0,88995000.0,1.837,0.579,112000000,48000000,64000000,112000000,0,94105000.0,0,0.0,0.0,105446000.0,199551000.0,0.159,199551000.0,105446000.0,102687000.0,0.22,0.22,0.22,1224435000,1160360500.0,1224435000,2398773657,23.0,12.021,294003000.0,0.742,1.0,745203000.0,0.594,757729000,2759000.0,-115090000,3960000.0,114972000,26688000,26688000,0,708513000,607295000,101218000,3081787657,235053000.0,0.0,25876000.0,-101000000.0,0.0,-75124000.0,692000.0,426000.0,308937000.0,548000.0,88995000.0,88995000.0,88995000.0,0.0,0.0,0.071,683802000.0,61401000.0,74907000,0.0,2.517,34.629,35.182,36747000,0.0,7.74,2.458,2.447,129998000,-1221678000,1253605000.0,1253605000.0,171014000.0,0.048,0.077,26.628,0.084,29472000.0,451923000.0,1.0,398163780,396253000,411546000.0,3.164,1175219000,0,13692000.0,37218000,2.966,508354000
1,COMS1,ART,2009-12-31,2010-01-06,2009-11-30,2020-02-04,68544000,1835018000,1813452750.0,1000224000,834794000,0.68,2.986,-12459000.0,704079000,704079000,510194000.0,49471000.0,1.794,0.565,112000000,48000000,64000000,112000000,0,104448000.0,0,0.0,0.0,81420000.0,185868000.0,0.151,185868000.0,81420000.0,74645000.0,0.12,0.12,0.12,1172748000,1119725250.0,1172748000,2390068353,29.0,12.859,307018000.0,0.782,1.0,722238000.0,0.586,774228000,6775000.0,-88864000,56214250.0,94844000,35697000,35697000,0,662270000,557575000,104695000,2982147353,243292000.0,0.0,20193000.0,-101000000.0,0.0,-80807000.0,3167000.0,426000.0,319477000.0,1455000.0,49471000.0,49471000.0,49471000.0,0.0,0.0,0.04,681715000.0,40523000.0,81632000,0.0,2.543,60.281,62.75,36805000,0.0,7.53,2.42,2.399,110297000,-1263069000,1232432000.0,1232432000.0,166746000.0,0.027,0.044,1.448,0.066,29118000.0,444691000.0,1.0,396035505,392688000,403501000.0,3.138,1060790000,0,25174000.0,40695000,2.701,442649000
2,COMS1,ART,2009-09-30,2009-10-06,2009-08-31,2020-02-04,66965000,1801709000,1794265000.0,947746000,853963000,0.705,2.904,-11791000.0,625908000,625908000,536422000.0,42349000.0,1.836,0.591,200000000,88000000,112000000,200000000,0,113320000.0,0,0.0,0.0,81426000.0,194746000.0,0.154,194746000.0,81426000.0,76026000.0,0.1,0.1,0.1,1132084000,1090753000.0,1132084000,1687881024,21.0,8.667,246227000.0,0.632,1.0,728408000.0,0.576,790875000,5400000.0,68629000,118411750.0,86232000,86841000,86841000,0,669625000,516297000,153328000,2113789024,84480000.0,0.0,-40135000.0,-101000000.0,0.0,-141135000.0,-36127000.0,-39536000.0,258018000.0,3724000.0,42349000.0,42349000.0,42349000.0,0.0,0.0,0.033,697858000.0,30550000.0,67928000,0.0,1.867,49.914,53.9,38228000,0.0,5.39,1.671,1.661,101536000,-1283061000,1264830000.0,1264830000.0,173200000.0,0.024,0.039,0.688,0.064,28523000.0,445123000.0,1.0,392168650,389774000,396266000.0,3.245,1010834000,0,33677000.0,41328000,2.593,431449000
3,COMS1,ART,2009-06-30,2009-07-27,2009-05-31,2020-02-04,65736000,1815357000,1808138000.0,944913000,870444000,0.728,2.837,-16359000.0,545818000,545818000,565514000.0,114725000.0,1.851,0.632,200000000,48000000,152000000,200000000,0,124794000.0,0,0.0,0.0,152892000.0,277686000.0,0.211,277686000.0,152892000.0,147329000.0,0.29,0.29,0.29,1112175000,1079983500.0,1112175000,1112872641,7.0,4.008,264110000.0,0.674,1.0,751464000.0,0.571,807921000,5563000.0,151165000,158424750.0,90395000,138947000,138947000,0,703182000,510453000,192729000,1458690641,42174000.0,0.0,-46807000.0,-101000000.0,0.0,-147807000.0,-99394000.0,-98235000.0,280469000.0,8906000.0,114725000.0,114725000.0,114725000.0,0.0,0.0,0.087,650772000.0,100692000.0,68350000,0.0,1.312,12.715,12.862,40012000,0.0,3.73,1.108,1.11,112771000,-1290522000,1316978000.0,1316978000.0,179979000.0,0.063,0.106,0.965,0.116,30080000.0,452301000.0,1.0,391069877,392092000,394207000.0,3.359,1007436000,0,32604000.0,40729000,2.569,434460000
4,COMS1,ART,2009-03-31,2009-04-08,2009-02-28,2020-02-04,49055000,1801727000,1798081250.0,922823000,878904000,0.747,2.76,-17027000.0,559961000,559961000,594200000.0,-72149000.0,1.685,0.697,213000000,61000000,152000000,213000000,0,130455000.0,0,0.0,0.0,-54335000.0,76120000.0,0.057,76120000.0,-54335000.0,-62141000.0,-0.18,-0.18,-0.18,1061894000,1050765250.0,1061894000,1040185234,-19.0,13.665,244213000.0,0.635,1.0,748973000.0,0.558,813135000,7806000.0,93927000,165719250.0,107103000,85795000,85795000,0,739833000,547704000,192129000,1387146234,93931000.0,0.0,-47039000.0,-123000000.0,0.0,-170039000.0,-17027000.0,0.0,261240000.0,19757000.0,-72149000.0,-72149000.0,-72149000.0,0.0,0.0,-0.054,860085000.0,-111112000.0,71636000,0.0,1.306,-19.226,-19.889,43828000,0.0,3.58,1.033,1.025,114083000,-1310672000,1343173000.0,1343173000.0,188944000.0,-0.04,-0.069,-0.328,-0.04,27981000.0,476654000.0,1.0,387471015,384679000,386377000.0,3.492,988592000,0,10008000.0,40129000,2.57,375119000
5,COMS1,ART,2008-12-31,2009-01-07,2008-11-30,2020-02-04,51362000,1758267000,1849271750.0,851846000,906421000,0.733,2.682,-19190000.0,460787000,460787000,612038000.0,-81856000.0,1.66,0.664,213000000,48000000,165000000,213000000,0,131864000.0,0,0.0,0.0,-67838000.0,64026000.0,0.047,64026000.0,-67838000.0,-75190000.0,-0.2,-0.2,-0.2,1056859000,1068908750.0,1056859000,734585346,-11.0,11.473,184339000.0,0.468,1.0,742818000.0,0.548,837268000,7352000.0,159926000,202661500.0,111478000,113338000,113338000,0,701408000,513286000,188122000,982372346,41644000.0,0.0,-46935000.0,-123000000.0,0.0,-169935000.0,-19190000.0,0.0,203529000.0,27240000.0,-81856000.0,-81856000.0,-81856000.0,0.0,0.0,-0.06,861496000.0,-118678000.0,86386000,0.0,0.93,-12.001,-12.7,49187000,0.0,2.54,0.725,0.739,131151000,-1312539000,1354856000.0,1354856000.0,195745000.0,-0.044,-0.077,-0.335,-0.05,27419000.0,470716000.0,1.0,386760766,394036000,395245000.0,3.438,920999000,0,6666000.0,23122000,2.337,338560000
6,COMS1,ART,2008-09-30,2008-10-07,2008-08-31,2020-02-04,54546000,1857201000,1896285500.0,916623000,940578000,0.695,2.703,-19365000.0,541428000,541428000,622949000.0,-130350000.0,1.748,0.705,301000000,88000000,213000000,301000000,0,134495000.0,0,0.0,0.0,-119127000.0,15368000.0,0.012,15368000.0,-119127000.0,-129898000.0,-0.32,-0.32,-0.32,1089006000,1086061250.0,1089006000,661444551,-6.0,43.04,133833000.0,0.332,1.0,695146000.0,0.527,863593000,10771000.0,228681000,226489750.0,108376000,88100000,88100000,0,768195000,524499000,243696000,901872551,40382000.0,0.0,4214000.0,-129000000.0,0.0,-124786000.0,-19365000.0,0.0,153198000.0,31335000.0,-130350000.0,-130350000.0,-130350000.0,0.0,0.0,-0.099,859557000.0,-164411000.0,95391000,0.0,0.828,-6.919,-6.938,54258000,0.0,2.22,0.684,0.679,143135000,-1325409000,1318095000.0,1318095000.0,200090000.0,-0.069,-0.12,-0.526,-0.09,27786000.0,462589000.0,1.0,406248897,402889000,404072000.0,3.272,993608000,0,452000.0,30696000,2.466,392124000
7,COMS1,ART,2008-06-30,2008-07-25,2008-05-31,2020-02-04,46861000,1775130000,1948291500.0,809905000,965225000,0.665,2.491,-16797000.0,503644000,503644000,640424000.0,-228841000.0,1.605,0.784,301000000,48000000,253000000,301000000,0,136030000.0,0,0.0,0.0,-218657000.0,-82627000.0,-0.064,-82627000.0,-218657000.0,-231744000.0,-0.57,-0.57,-0.57,995302000,1099756750.0,995302000,603879144,-3.0,-7.308,38080000.0,0.095,1.0,654455000.0,0.505,887682000,13087000.0,180343000,246480000.0,90831000,65116000,65116000,0,779828000,504461000,275367000,806523144,-55573000.0,0.0,5125000.0,-129000000.0,0.0,-123875000.0,-16355000.0,442000.0,54877000.0,29780000.0,-228841000.0,-228841000.0,-228841000.0,0.0,0.0,-0.177,917936000.0,-263481000.0,90280000,0.0,0.81,-3.524,-3.491,54314000,0.0,1.99,0.623,0.614,116281000,-1405247000,1294879000.0,1294879000.0,206653000.0,-0.117,-0.208,-0.887,-0.169,25207000.0,445135000.0,1.0,405288012,399524000,399524000.0,3.241,887448000,0,-2903000.0,22367000,2.221,305444000
8,COMS1,ART,2008-03-31,2008-04-08,2008-02-28,2020-02-04,30420000,2006489000,2042282000.0,855385000,1151104000,0.629,2.835,-13035000.0,466030000,466030000,665378000.0,-128344000.0,1.508,0.769,336000000,48000000,288000000,336000000,0,119466000.0,0,0.0,0.0,-108900000.0,10566000.0,0.008,10566000.0,-108900000.0,-111251000.0,-0.32,-0.32,-0.32,1134468000,1138756000.0,1134468000,841632467,-8.0,79.655,47617000.0,0.119,1.0,619167000.0,0.482,1067581000,2351000.0,241696000,262412750.0,93850000,106595000,106595000,0,872021000,567182000,304839000,971662467,-376731000.0,-890699000.0,5628000.0,321811000.0,0.0,330226000.0,-789891000.0,113843000.0,60652000.0,22282000.0,-128344000.0,-128344000.0,-128344000.0,0.0,0.0,-0.1,785589000.0,-166422000.0,104489000,0.0,0.856,-7.571,-7.531,56766000,0.0,2.41,0.756,0.751,142309000,-1238526000,1284545000.0,1284545000.0,226308000.0,-0.063,-0.113,-0.415,-0.085,20375000.0,434263000.0,1.0,403179447,400142000,400142000.0,3.21,938908000,0,17093000.0,16839000,2.346,288203000
9,COMS1,ART,2007-12-31,2008-01-09,2007-11-30,2020-02-04,18598000,1946322000,2005074250.0,765704000,1180618000,0.634,2.821,-17623000.0,419143000,419143000,678666000.0,-125283000.0,1.478,0.729,336000000,48000000,288000000,336000000,0,104480000.0,0,0.0,0.0,-128095000.0,-23615000.0,-0.019,-23615000.0,-128095000.0,-116302000.0,-0.31,-0.31,-0.31,1125469000,1158213000.0,1125469000,1634284033,-13.0,-69.205,100364000.0,0.252,1.0,592930000.0,0.466,1089952000,-11793000.0,255239000,228525250.0,93788000,70996000,70996000,0,820853000,517988000,302865000,1717427033,-110037000.0,-898529000.0,6532000.0,321811000.0,0.0,331130000.0,-576306000.0,339846000.0,117987000.0,17152000.0,-125283000.0,-125283000.0,-125283000.0,0.0,0.0,-0.099,762221000.0,-169291000.0,103115000,0.0,1.526,-13.708,-13.774,63919000,0.0,4.27,1.351,1.34,127550000,-1230686000,1271596000.0,1271596000.0,224197000.0,-0.062,-0.108,-0.561,-0.101,19726000.0,425371000.0,1.0,402207736,398989000,398989000.0,3.187,856370000,0,8981000.0,14865000,2.146,247716000
10,COMS1,ART,2007-09-30,2007-10-09,2007-08-31,2020-02-04,10976000,2065225000,1976446750.0,851524000,1213701000,0.651,2.881,-23809000.0,501046000,501046000,695810000.0,-93175000.0,1.492,0.806,430000000,94000000,336000000,430000000,0,89561000.0,0,0.0,0.0,-109755000.0,-20194000.0,-0.016,-20194000.0,-109755000.0,-82549000.0,-0.23,-0.23,-0.23,1143788000,1178999000.0,1143788000,1856418754,-17.0,-91.929,79436000.0,0.2,1.0,590961000.0,0.459,1114642000,-27206000.0,308642000,264109500.0,104735000,64883000,64883000,0,921437000,570895000,350542000,1927464754,-24131000.0,-898529000.0,8032000.0,415811000.0,0.0,385845000.0,-527773000.0,394565000.0,103245000.0,14552000.0,-93175000.0,-93175000.0,-93175000.0,0.0,0.0,-0.072,728301000.0,-137340000.0,106262000,0.0,1.685,-20.687,-21.13,69250000,0.0,4.86,1.498,1.5,132589000,-1195060000,1286771000.0,1286771000.0,220149000.0,-0.047,-0.079,-0.416,-0.085,20671000.0,412055000.0,1.0,396597686,397041000,397041000.0,3.241,950583000,0,10626000.0,14542000,2.394,280629000
11,COMS1,ART,2007-06-30,2007-07-31,2007-05-31,2020-02-04,4349000,2151092000,1929862750.0,897682000,1253410000,0.657,2.923,8249000.0,559217000,559217000,689027000.0,-88589000.0,1.402,0.868,430000000,94000000,336000000,430000000,0,74990000.0,0,0.0,0.0,-119279000.0,-44289000.0,-0.035,-44289000.0,-119279000.0,-78416000.0,-0.22,-0.22,-0.22,1151299000,1192064500.0,1151299000,1468792784,-12.0,-33.164,173787000.0,0.441,1.0,578454000.0,0.456,1137733000,-40863000.0,244074000,290241750.0,107988000,77368000,77368000,0,999793000,640068000,359725000,1598009784,58120000.0,-898529000.0,10125000.0,415811000.0,0.0,387938000.0,-505943000.0,384337000.0,165538000.0,10587000.0,-88589000.0,-88589000.0,-88589000.0,0.0,0.0,-0.07,710975000.0,-132521000.0,110430000,0.0,1.388,-18.038,-18.182,76460000,0.0,4.0,1.261,1.243,102952000,-1176406000,1267481000.0,1267481000.0,215632000.0,-0.046,-0.074,-0.411,-0.094,20095000.0,413571000.0,1.0,399502446,393894000,393894000.0,3.218,1013359000,0,10173000.0,23725000,2.573,257614000
12,COMS1,ART,2007-03-31,2007-04-09,2007-02-28,2020-02-04,5908000,1857658000,1857430000.0,1311836000,545822000,0.652,3.074,2740000.0,842761000,842761000,660543000.0,-37537000.0,2.784,0.532,0,0,0,0,2354000,73534000.0,0,0.0,0.0,-69125000.0,4409000.0,0.004,4409000.0,-69125000.0,-27375000.0,-0.1,-0.1,-0.1,1212296000,1204830250.0,1212296000,728253840,-11.0,165.174,112504000.0,0.285,1.0,551294000.0,0.455,437596000,-41750000.0,106146000,334943000.0,124459000,149057000,149057000,0,645362000,471155000,174207000,1571014840,610916000.0,130577000.0,17079000.0,0.0,0.0,-23706000.0,515621000.0,382304000.0,109764000.0,9237000.0,-37537000.0,-37537000.0,-37537000.0,0.0,0.0,-0.031,611397000.0,-60103000.0,128916000,0.0,1.296,-41.852,-39.4,80564000,0.0,3.94,1.296,1.282,144345000,-1110183000,1211837000.0,1211837000.0,176736000.0,-0.02,-0.031,-0.206,-0.057,16831000.0,382162000.0,1.0,398734731,394351000,394351000.0,3.073,1420062000,0,10162000.0,0,3.601,840681000
13,COMS1,ART,2006-12-31,2007-01-09,2006-11-30,2020-02-04,2712000,1831812000,1767766250.0,1286464000,545348000,0.603,3.073,7546000.0,529180000,529180000,595696000.0,-65518000.0,2.776,0.516,0,0,0,0,2685000,62832000.0,0,0.0,0.0,-93352000.0,-30520000.0,-0.029,-30520000.0,-93352000.0,-55700000.0,-0.17,-0.17,-0.17,1208613000,1202962250.0,1208613000,1083891377,-12.0,-35.514,-934000.0,-0.002,1.0,470263000.0,0.441,441603000,-37652000.0,397576000,462142750.0,142671000,401717000,401717000,0,623199000,463453000,159746000,1613071377,276846000.0,110407000.0,17989000.0,0.0,0.0,-22796000.0,301377000.0,183424000.0,-8480000.0,6745000.0,-65518000.0,-65518000.0,-65518000.0,0.0,0.0,-0.061,568703000.0,-98440000.0,122166000,0.0,1.335,-24.62,-23.882,78868000,0.0,4.06,1.513,1.498,155181000,-1105402000,1065959000.0,1065959000.0,153392000.0,-0.037,-0.054,-0.202,-0.088,14368000.0,368951000.0,1.0,397308221,393352000,393352000.0,2.71,1390209000,0,9818000.0,0,3.534,823011000
14,COMS1,ART,2006-09-30,2006-10-10,2006-08-31,2020-02-04,-1238000,1878889000,1691415500.0,1315778000,563111000,0.542,3.052,13980000.0,525177000,525177000,522888000.0,-72702000.0,2.704,0.571,0,0,0,0,13299000,51651000.0,0,0.0,0.0,-113297000.0,-61646000.0,-0.067,-61646000.0,-113297000.0,-87092000.0,-0.19,-0.19,-0.19,1196050000,1208994250.0,1196050000,1473675337,-13.0,-23.905,-13170000.0,-0.034,1.0,394427000.0,0.43,453873000,-26205000.0,413171000,517693000.0,171366000,441417000,441417000,0,682839000,486668000,196171000,1998852337,356678000.0,110407000.0,18489000.0,0.0,0.0,18489000.0,362815000.0,238428000.0,-27150000.0,2524000.0,-72702000.0,-72702000.0,-72702000.0,0.0,0.0,-0.079,525713000.0,-131286000.0,148326000,0.0,1.671,-27.494,-26.526,80309000,0.0,5.04,2.179,2.153,120848000,-1101391000,917315000.0,917315000.0,128466000.0,-0.043,-0.06,-0.219,-0.124,12035000.0,356408000.0,1.0,396597686,391885000,391885000.0,2.341,1425016000,0,-14390000.0,0,3.636,829110000
15,COMS1,ART,2006-06-30,2006-08-11,2006-05-31,2020-02-04,-2957000,1861361000,1608028750.0,1249345000,612016000,0.494,3.108,-17404000.0,501097000,501097000,466743000.0,-100675000.0,2.651,0.548,0,0,0,0,13788000,44685000.0,0,0.0,0.0,-144593000.0,-99908000.0,-0.126,-99908000.0,-144593000.0,-115508000.0,-0.26,-0.26,-0.26,1202362000,1218691250.0,1202362000,1177853161,-8.0,-11.789,-103568000.0,-0.268,1.0,328064000.0,0.413,466104000,-29085000.0,422879000,590087750.0,148819000,426474000,426474000,0,658999000,471281000,187718000,1678950161,232562000.0,110407000.0,15725000.0,0.0,0.0,15725000.0,300760000.0,207757000.0,-86164000.0,2241000.0,-100675000.0,-100675000.0,-100675000.0,0.0,0.0,-0.127,485167000.0,-157103000.0,153245000,0.0,1.396,-16.677,-16.385,89109000,0.0,4.26,2.112,2.073,115120000,-1087512000,794807000.0,794807000.0,101870000.0,-0.063,-0.083,-0.245,-0.182,9863000.0,347341000.0,1.0,394119756,386801000,386801000.0,2.055,1395257000,0,-14833000.0,0,3.607,778064000
16,COMS1,ART,2006-03-31,2006-04-10,2006-02-28,2020-02-04,-5193000,1499003000,1540930250.0,860691000,638312000,0.465,3.107,-18248000.0,231845000,231845000,437204000.0,-143826000.0,2.98,0.244,0,0,0,0,5382000,44461000.0,0,0.0,0.0,-168953000.0,-124492000.0,-0.174,-124492000.0,-168953000.0,-161786000.0,-0.37,-0.37,-0.37,1204824000,1236831500.0,1204824000,1869944421,-11.0,-15.021,-145220000.0,-0.375,1.0,278969000.0,0.39,363416000,-7167000.0,614945000,644023750.0,31071000,646103000,474155000,171948000,294179000,288797000,5382000,2101789421,4866000.0,-28000000.0,10446000.0,0.0,0.0,10446000.0,123202000.0,169450000.0,-126972000.0,-1810000.0,-143826000.0,-143826000.0,-143826000.0,0.0,0.0,-0.201,477483000.0,-198514000.0,92300000,0.0,1.744,-14.613,-14.514,71647000,0.0,5.37,2.935,2.907,89899000,-1069682000,716173000.0,716173000.0,96712000.0,-0.093,-0.116,-0.262,-0.236,9228000.0,346576000.0,1.0,391394678,387754000,387754000.0,1.847,1135587000,0,-17960000.0,0,2.929,571894000
17,COMS1,ART,2005-12-31,2006-01-06,2005-11-30,2020-02-04,-6321000,1526409000,1578399000.0,914407000,612002000,0.443,3.198,-8103000.0,252334000,252334000,435872000.0,-164071000.0,3.186,0.238,0,0,0,0,6648000,48763000.0,0,0.0,0.0,-182102000.0,-133339000.0,-0.191,-133339000.0,-182102000.0,-182102000.0,-0.43,-0.43,-0.43,1232741000,1267878500.0,1232741000,1321830212,-7.0,-9.913,-160481000.0,-0.416,1.0,263923000.0,0.377,367278000,0.0,619777000,672999750.0,31884000,636558000,501600000,134958000,293668000,287020000,6648000,1574164212,-106785000.0,-355686000.0,11849000.0,-1308000.0,0.0,10541000.0,37933000.0,400047000.0,-152378000.0,-2881000.0,-164071000.0,-164071000.0,-164071000.0,0.0,0.0,-0.234,471476000.0,-207553000.0,97529000,0.0,1.277,-9.594,-9.372,71324000,0.0,4.03,2.249,2.22,93030000,-1035335000,699795000.0,699795000.0,96082000.0,-0.104,-0.129,-0.271,-0.26,7708000.0,333300000.0,1.0,390611467,385442000,385442000.0,1.816,1159131000,0,-18031000.0,0,3.007,627387000
18,COMS1,ART,2005-09-30,2005-10-07,2005-08-31,2020-02-04,-4629000,1545342000,1612226500.0,935291000,610051000,0.413,3.218,29138000.0,168499000,168499000,424232000.0,-202182000.0,3.087,0.251,0,0,0,0,7552000,52593000.0,0,0.0,0.0,-197312000.0,-144719000.0,-0.217,-144719000.0,-197312000.0,-197312000.0,-0.53,-0.53,-0.53,1234838000,1297549500.0,1234838000,1329060066,-7.0,-9.184,-120096000.0,-0.313,1.0,242299000.0,0.364,371141000,0.0,702750000,743681250.0,34673000,749195000,613242000,135953000,310504000,302952000,7552000,1497559066,-171727000.0,-355686000.0,10504000.0,-1308000.0,0.0,9196000.0,-32258000.0,292615000.0,-149234000.0,569000.0,-202182000.0,-202182000.0,-202182000.0,0.0,0.0,-0.303,457550000.0,-215251000.0,92086000,0.0,1.213,-7.407,-7.302,69711000,0.0,3.87,2.247,2.228,74359000,-1013242000,666531000.0,666531000.0,95021000.0,-0.125,-0.156,-0.265,-0.296,3304000.0,321093000.0,1.0,386966167,383760000,383760000.0,1.737,1174201000,0,4870000.0,0,3.06,632339000
19,COMS1,ART,2005-06-30,2005-08-05,2005-05-31,2020-02-04,-5483000,1592967000,1649170750.0,977509000,615458000,0.395,3.335,30179000.0,268535000,268535000,416916000.0,-195686000.0,3.158,0.249,0,0,0,0,8484000,51852000.0,0,0.0,0.0,-192196000.0,-140344000.0,-0.216,-140344000.0,-192196000.0,-192196000.0,-0.51,-0.51,-0.51,1274923000,1337841750.0,1274923000,1054462807,-5.0,-7.513,-105415000.0,-0.276,1.0,234328000.0,0.36,376249000,0.0,638623000,809208500.0,29311000,711538000,575569000,135969000,318044000,309560000,8484000,1322997807,-207739000.0,-355686000.0,-58086000.0,-1308000.0,0.0,-59394000.0,-12705000.0,312802000.0,-135594000.0,-46000.0,-195686000.0,-195686000.0,-195686000.0,0.0,0.0,-0.3,437803000.0,-203475000.0,99632000,0.0,1.038,-6.761,-6.706,69535000,0.0,3.42,2.031,2.008,61664000,-967952000,651244000.0,651244000.0,94584000.0,-0.119,-0.146,-0.238,-0.295,2841000.0,303533000.0,1.0,386841464,382309000,382309000.0,1.703,1216718000,0,3490000.0,0,3.183,667949000
20,COMS1,ART,2005-03-31,2005-04-05,2005-02-25,2020-02-04,-4802000,1648878000,1706133500.0,1014397000,634481000,0.386,3.498,68395000.0,226979000,226979000,409893000.0,-156077000.0,3.265,0.241,0,0,0,0,9149000,49415000.0,0,0.0,0.0,-154801000.0,-105386000.0,-0.16,-105386000.0,-154801000.0,-154801000.0,-0.4,-0.4,-0.4,1329012000,1393889500.0,1329012000,1115859301,-7.0,-10.588,-67683000.0,-0.178,1.0,248054000.0,0.377,380333000,0.0,730849000,882682000.0,24263000,791568000,655802000,135766000,319866000,310717000,9149000,1342838301,-197964000.0,-355686000.0,-47684000.0,-1308000.0,0.0,-48992000.0,-14403000.0,272888000.0,-136078000.0,1509000.0,-156077000.0,-156077000.0,-156077000.0,-141000.0,0.0,-0.237,412847000.0,-164793000.0,77725000,0.0,1.01,-8.604,-8.75,71346000,0.0,3.5,2.041,2.021,74018000,-905702000,657947000.0,657947000.0,89115000.0,-0.091,-0.112,-0.175,-0.235,2253000.0,283203000.0,1.0,383668086,379946000,379946000.0,1.732,1268545000,3053000,1276000.0,0,3.339,703680000
21,COMS1,ART,2004-12-31,2005-01-05,2004-11-26,2020-02-04,-5215000,1661719000,1761078250.0,1401935000,259784000,0.38,3.569,57755000.0,458669000,458669000,417568000.0,-188644000.0,4.707,0.23,0,0,0,0,12466000,66241000.0,0,0.0,0.0,-186701000.0,-120460000.0,-0.18,-120460000.0,-186701000.0,-186701000.0,-0.48,-0.48,-0.48,1351425000,1437997000.0,1351425000,1036211003,-6.0,-8.602,-102329000.0,-0.27,1.0,250963000.0,0.375,2719000,0.0,902503000,947346000.0,22344000,953219000,815204000,138015000,310294000,297828000,12466000,1494880003,14723000.0,0.0,-3091000.0,0.0,0.0,-3091000.0,175465000.0,119385000.0,-160084000.0,2433000.0,-188644000.0,-188644000.0,-188644000.0,544000.0,0.0,-0.282,443002000.0,-192039000.0,75078000,0.0,1.106,-7.924,-8.188,83346000,0.0,3.93,2.236,2.226,64401000,-841222000,668531000.0,668531000.0,88446000.0,-0.107,-0.131,-0.197,-0.279,2295000.0,289331000.0,1.0,380376591,378694000,378694000.0,1.765,1659000000,2986000,1943000.0,0,4.381,1104107000
22,COMS1,ART,2004-09-30,2004-10-05,2004-08-27,2020-02-04,-4895000,1693119000,1823055250.0,1395136000,297983000,0.384,3.602,82568000.0,439776000,439776000,444132000.0,-278814000.0,4.92,0.213,0,0,0,0,13522000,95158000.0,0,0.0,0.0,-276379000.0,-181221000.0,-0.259,-181221000.0,-276379000.0,-276379000.0,-0.72,-0.72,-0.72,1396007000,1485606250.0,1396007000,1229748723,-4.0,-6.786,-93798000.0,-0.242,1.0,255222000.0,0.365,4894000,0.0,964859000,995336500.0,23403000,964181000,823857000,140324000,297112000,283590000,13522000,1669524723,-112621000.0,-160000000.0,42438000.0,-173000.0,0.0,46475000.0,16714000.0,95821000.0,-176366000.0,556000.0,-278814000.0,-278814000.0,-278814000.0,2109000.0,0.0,-0.399,512216000.0,-256994000.0,67962000,0.0,1.196,-5.988,-6.111,116349000,0.0,4.4,2.387,2.438,63423000,-790789000,699354000.0,699354000.0,90703000.0,-0.153,-0.188,-0.278,-0.395,3035000.0,302973000.0,1.0,379437437,387585000,387585000.0,1.804,1688225000,2890000,2435000.0,0,4.356,1111546000
23,COMS1,ART,2004-06-30,2004-08-09,2004-05-28,2020-02-04,-5288000,1820818000,1893051250.0,1519677000,301141000,0.369,3.947,118841000.0,575824000,575824000,455813000.0,-349263000.0,4.957,0.215,0,0,0,0,15135000,109407000.0,0,0.0,0.0,-352398000.0,-242991000.0,-0.348,-242991000.0,-352398000.0,-352398000.0,-0.92,-0.92,-0.92,1499114000,1542975500.0,1499114000,1183434472,-3.0,-4.87,-56479000.0,-0.149,1.0,243071000.0,0.348,5908000,0.0,932517000,1021275500.0,27679000,950423000,807532000,142891000,321704000,306569000,15135000,1759258472,59976000.0,-160000000.0,120423000.0,-346000.0,0.0,128498000.0,106064000.0,147223000.0,-175320000.0,734000.0,-349263000.0,-349263000.0,-349263000.0,2400000.0,0.0,-0.5,580896000.0,-337825000.0,80408000,0.0,1.174,-5.037,-4.859,114599000,0.0,4.47,2.517,2.429,66372000,-755244000,698884000.0,698884000.0,95195000.0,-0.184,-0.226,-0.345,-0.504,2681000.0,318948000.0,1.0,393570128,379766000,379766000.0,1.84,1814910000,2937000,-3135000.0,0,4.779,1213108000
24,COMS1,ART,2004-03-31,2004-04-07,2004-02-27,2020-02-04,-3300000,1868657000,1953436750.0,1532184000,336473000,0.305,3.91,80450000.0,524493000,524493000,420407000.0,-368965000.0,4.412,0.241,0,0,0,0,15936000,125795000.0,0,0.0,0.0,-383501000.0,-257706000.0,-0.433,-257706000.0,-383501000.0,-383501000.0,-0.99,-0.99,-0.99,1505442000,1597846250.0,1505442000,2110362541,-6.0,-8.189,-66860000.0,-0.174,1.0,175156000.0,0.294,7380000,0.0,989505000,1086835250.0,21171000,984795000,841514000,143281000,363215000,347279000,15936000,2634855541,21034000.0,-64313000.0,128744000.0,-68652000.0,0.0,72747000.0,94234000.0,78097000.0,-147310000.0,1363000.0,-368965000.0,-368965000.0,-368965000.0,10755000.0,0.0,-0.62,549783000.0,-374627000.0,96837000,0.0,1.75,-7.141,-6.818,147850000,0.0,6.75,4.424,4.364,86971000,-736528000,595563000.0,595563000.0,53620000.0,-0.189,-0.231,-0.353,-0.644,2545000.0,309284000.0,1.0,390348969,385019000,385019000.0,1.547,1861277000,2611000,-14536000.0,0,4.834,1184905000
25,COMS1,ART,2003-12-31,2004-01-12,2003-11-28,2020-02-04,-4218000,1909627000,2022550250.0,1540072000,369555000,0.331,4.108,77943000.0,443946000,443946000,441443000.0,-362635000.0,4.245,0.239,0,0,0,0,0,152248000.0,0,0.0,0.0,-385692000.0,-233444000.0,-0.349,-233444000.0,-385692000.0,-385692000.0,-0.99,-0.99,-0.99,1541862000,1654039000.0,1541862000,2903838073,-8.0,-12.439,17837000.0,0.048,1.0,227277000.0,0.34,8453000,0.0,1094465000,1170258750.0,30342000,1095895000,948410000,147485000,367765000,362763000,5002000,3347784073,-23746000.0,-64313000.0,83509000.0,-77091000.0,0.0,22300000.0,12499000.0,-1131000.0,-60106000.0,1561000.0,-362635000.0,-362635000.0,-362635000.0,10070000.0,0.0,-0.542,595091000.0,-367814000.0,102522000,0.0,2.171,-9.232,-8.838,176466000,0.0,8.75,5.006,4.911,70905000,-650956000,668720000.0,668720000.0,68879000.0,-0.179,-0.219,-0.33,-0.577,2334000.0,324243000.0,1.0,382603894,375332000,375332000.0,1.782,1901174000,2398000,-23057000.0,0,5.065,1177309000
26,COMS1,ART,2003-09-30,2003-10-10,2003-08-29,2020-02-04,-4549000,1973103000,2105927500.0,1643835000,329268000,0.375,4.419,74847000.0,552397000,552397000,463818000.0,-292167000.0,4.796,0.214,173000,173000,0,173000,0,153771000.0,0,0.0,0.0,-312724000.0,-158953000.0,-0.201,-158953000.0,-312724000.0,-312724000.0,-0.81,-0.81,-0.81,1625484000,1719380250.0,1625484000,1972979948,-6.0,-12.412,91665000.0,0.249,1.0,326205000.0,0.413,9547000,0.0,1068615000,1258213000.0,26232000,932021000,932021000,0,347619000,342717000,4902000,2525203948,133927000.0,95687000.0,41139000.0,-134481000.0,0.0,-77409000.0,193598000.0,23064000.0,16818000.0,920000.0,-292167000.0,-292167000.0,-292167000.0,8505000.0,0.0,-0.37,640475000.0,-314270000.0,96180000,0.0,1.554,-8.643,-8.358,272951000,0.0,6.77,3.196,3.152,83609000,-511975000,790023000.0,790023000.0,89055000.0,-0.139,-0.17,-0.249,-0.396,4678000.0,330116000.0,1.0,372999106,367879000,367879000.0,2.148,1963556000,2094000,-20557000.0,0,5.338,1301118000
27,COMS1,ART,2003-06-30,2003-08-01,2003-05-30,2020-02-04,-3543000,2062360000,2218833000.0,1653180000,409180000,0.42,4.767,55702000.0,515848000,515848000,511140000.0,-283754000.0,4.874,0.2,346000,346000,0,346000,0,159323000.0,0,0.0,0.0,-294276000.0,-134953000.0,-0.145,-134953000.0,-294276000.0,-294276000.0,-0.79,-0.79,-0.79,1718597000,1793599250.0,1718597000,1281677711,-4.0,-9.497,135484000.0,0.376,1.0,421726000.0,0.452,12934000,0.0,1194756000,1392455250.0,27068000,968740000,968740000,0,343763000,339168000,4595000,1797179711,-163207000.0,95687000.0,33323000.0,-169326000.0,0.0,-123417000.0,-120475000.0,-271864000.0,79782000.0,903000.0,-283754000.0,-283754000.0,-283754000.0,8214000.0,0.0,-0.304,646368000.0,-224642000.0,105583000,0.0,1.046,-6.334,-6.177,350073000,0.0,4.88,1.927,1.886,90290000,-405981000,932866000.0,932866000.0,113057000.0,-0.128,-0.158,-0.211,-0.315,5966000.0,337257000.0,1.0,368274531,360520000,360520000.0,2.588,2049426000,2211000,-10522000.0,0,5.685,1314012000
28,COMS1,ART,2003-03-31,2003-04-10,2003-02-28,2020-02-04,-3573000,2145111000,2334941000.0,1652193000,492918000,0.51,4.793,58727000.0,503459000,503459000,628656000.0,-203493000.0,4.433,0.24,68652000,31102000,37550000,68652000,0,179598000.0,0,0.0,0.0,-202225000.0,-22627000.0,-0.019,-22627000.0,-202225000.0,-202225000.0,-0.56,-0.56,-0.56,1730213000,1851501250.0,1730213000,1431111362,-7.0,-63.248,159426000.0,0.442,1.0,562697000.0,0.472,14417000,0.0,1323199000,1426984000.0,41328000,987254000,987254000,0,414898000,372688000,42210000,1865918362,-83161000.0,0.0,26828000.0,-126097000.0,0.0,-90881000.0,-93741000.0,-152468000.0,100699000.0,762000.0,-203493000.0,-203493000.0,-203493000.0,0.0,0.0,-0.171,764438000.0,-201741000.0,118767000,0.0,1.078,-9.169,-9.196,426162000,0.0,5.15,1.566,1.561,120152000,-284924000,1191353000.0,1191353000.0,188769000.0,-0.087,-0.11,-0.142,-0.17,3152000.0,375725000.0,1.0,362314245,361020000,361020000.0,3.3,2130694000,6055000,1268000.0,0,5.902,1279505000
29,COMS1,ART,2002-12-31,2003-01-07,2002-11-29,2020-02-04,-2803000,2243136000,2460758250.0,1673809000,569327000,0.529,5.018,66451000.0,467692000,467692000,718626000.0,-360385000.0,4.29,0.244,77091000,31952000,45139000,77091000,0,182250000.0,0,0.0,0.0,-292881000.0,-110631000.0,-0.085,-110631000.0,-292881000.0,-292881000.0,-1.01,-1.01,-1.01,1803227000,1910460000.0,1803227000,1400973910,-5.0,-12.663,122473000.0,0.341,1.0,583779000.0,0.448,16121000,0.0,1446282000,1453942750.0,44010000,1024259000,1024259000,0,439909000,390132000,49777000,1791574910,-330465000.0,0.0,45142000.0,-132918000.0,0.0,-82314000.0,-304173000.0,-370624000.0,56022000.0,0.0,-360385000.0,-360385000.0,-360385000.0,0.0,0.0,-0.277,882569000.0,-298790000.0,109050000,0.0,0.994,-4.971,-4.911,487152000,0.0,4.96,1.376,1.368,137848000,-192057000,1302405000.0,1302405000.0,222009000.0,-0.146,-0.189,-0.201,-0.225,2744000.0,387380000.0,1.0,361204619,359340000,359340000.0,3.624,2227015000,6055000,67504000.0,0,6.198,1283677000
30,COMS1,ART,2002-09-30,2002-10-09,2002-08-30,2020-02-04,-2782000,2424725000,2655071500.0,1629558000,795167000,0.525,5.378,-314247000.0,418470000,418470000,832167000.0,-395546000.0,3.673,0.261,134740000,81248000,53492000,134740000,0,219083000.0,0,0.0,0.0,-304804000.0,-85721000.0,-0.062,-85721000.0,-304804000.0,-304804000.0,-1.12,-1.12,-1.12,1922360000,2005254750.0,1922360000,1138683001,-4.0,-13.284,-242114000.0,-0.677,1.0,560898000.0,0.403,91737000,0.0,1605584000,1435870000.0,48176000,968824000,968824000,0,502365000,443674000,58691000,1422413001,-396676000.0,0.0,45721000.0,131740000.0,0.0,173169000.0,-641978000.0,-327731000.0,72133000.0,0.0,-395546000.0,-395546000.0,-395546000.0,0.0,0.0,-0.284,896809000.0,-335911000.0,101876000,0.0,0.74,-3.596,-3.455,628489000,0.0,3.87,1.021,0.993,138205000,-12277000,1393065000.0,1393065000.0,250632000.0,-0.149,-0.197,-0.212,-0.219,-553000.0,407899000.0,1.0,367548579,357437000,357437000.0,3.897,2332988000,6055000,90742000.0,0,6.527,1185884000
31,COMS1,ART,2002-06-30,2002-08-02,2002-05-31,2020-02-04,-3769000,2526792000,2803244000.0,1663044000,863748000,0.527,5.58,-335600000.0,679055000,679055000,999731000.0,-595950000.0,3.305,0.296,169758000,101354000,68404000,169758000,0,266820000.0,0,0.0,0.0,-504651000.0,-237831000.0,-0.161,-237831000.0,-504651000.0,-504651000.0,-1.71,-1.71,-1.71,1950205000,2093767000.0,1950205000,1251163747,-2.0,-5.261,-474962000.0,-1.359,1.0,478201000.0,0.324,181402000,0.0,1332871000,1322406250.0,61777000,702993000,702993000,0,576587000,503222000,73365000,1760460747,-218742000.0,0.0,45779000.0,166734000.0,0.0,207584000.0,-286964000.0,48636000.0,-139362000.0,0.0,-595950000.0,-595950000.0,-595950000.0,0.0,0.0,-0.403,1032335000.0,-554134000.0,125903000,0.0,0.903,-2.954,-2.871,676154000,0.0,4.91,1.191,1.161,147113000,35814000,1477932000.0,1477932000.0,285584000.0,-0.213,-0.285,-0.382,-0.341,0.0,461235000.0,1.0,358545977,349489000,349489000.0,4.229,2345390000,6192000,91299000.0,0,6.711,1159822000
32,COMS1,ART,2002-03-31,2002-04-10,2002-03-01,2020-02-04,5900000,2648380000,3034746500.0,1709345000,939035000,0.53,5.592,-359160000.0,586620000,586620000,1446837000.0,-1089919000.0,2.846,0.347,194524000,117854000,76670000,194524000,0,297180000.0,0,0.0,0.0,-1053873000.0,-756693000.0,-0.471,-756693000.0,-1053873000.0,-1053873000.0,-3.15,-3.15,-3.15,1966048000,2232571000.0,1966048000,1761310041,-2.0,-2.328,-706992000.0,-2.011,1.0,160617000.0,0.1,224722000,0.0,1431034000,1308168750.0,72348000,870030000,870030000,0,682332000,600528000,81804000,2153406041,-199130000.0,0.0,52704000.0,189702000.0,0.0,96508000.0,52194000.0,411354000.0,-347832000.0,0.0,-1089919000.0,-1089919000.0,-1089919000.0,0.0,0.0,-0.678,1119412000.0,-958795000.0,174808000,0.0,1.095,-1.976,-1.917,709925000,0.0,6.04,1.34,1.321,180347000,103299000,1607454000.0,1607454000.0,341172000.0,-0.359,-0.488,-0.806,-0.656,2475000.0,554391000.0,1.0,356524179,351596000,351596000.0,4.572,2423658000,4388000,36046000.0,0,6.893,1108817000
33,COMS1,ART,2001-12-31,2002-01-11,2001-11-30,2020-02-04,7879000,3020389000,3417560750.0,1755438000,1264951000,0.55,6.295,-391637000.0,798157000,798157000,1783791000.0,-1099828000.0,2.349,0.384,209784000,125028000,84756000,209784000,0,306346000.0,0,0.0,0.0,-1257410000.0,-951064000.0,-0.506,-951064000.0,-1257410000.0,-1257410000.0,-3.2,-3.2,-3.2,2182406000,2553686750.0,2182406000,1637204199,-1.0,-1.721,-1076992000.0,-3.106,1.0,97271000.0,0.052,310573000,0.0,1373991000,1481047000.0,92575000,682014000,682014000,0,837983000,747452000,90531000,2225577199,-130723000.0,-123109000.0,-78421000.0,204962000.0,0.0,-19227000.0,573859000.0,1088605000.0,-685355000.0,0.0,-1099828000.0,-1099828000.0,-1099828000.0,0.0,0.0,-0.585,1255836000.0,-1158565000.0,196711000,0.0,1.02,-2.024,-1.975,804570000,0.0,6.32,1.183,1.165,182692000,394058000,1881062000.0,1881062000.0,409552000.0,-0.322,-0.431,-0.849,-0.668,2139000.0,689532000.0,1.0,352148291,346703000,346703000.0,5.426,2709816000,149808000,-157582000.0,93222000,7.816,1007986000
34,COMS1,ART,2001-09-30,2001-10-11,2001-08-31,2020-02-04,8440000,3017415000,3842427250.0,1974853000,1042562000,0.593,6.611,119505000.0,815146000,815146000,2021035000.0,-1138560000.0,2.704,0.326,2688000,328000,2360000,2688000,0,289752000.0,0,0.0,0.0,-1370849000.0,-1081097000.0,-0.475,-1081097000.0,-1370849000.0,-1370849000.0,-3.31,-3.31,-3.31,2276409000,2924717500.0,2276409000,491587246,0.0,-0.455,-954814000.0,-2.773,1.0,255671000.0,0.112,322819000,0.0,1151729000,1753594750.0,150478000,814935000,814935000,0,741006000,730409000,10597000,1304045246,-149943000.0,-145971000.0,-223885000.0,-2278000.0,0.0,-366363000.0,1290739000.0,1315249000.0,-1074319000.0,0.0,-1138560000.0,-1138560000.0,-1138560000.0,0.0,0.0,-0.5,1706644000.0,-1450973000.0,177561000,0.0,0.573,-1.145,-1.133,542469000,0.0,3.75,0.573,0.567,194294000,526562000,2276706000.0,2276706000.0,475771000.0,-0.296,-0.389,-0.782,-0.602,2139000.0,839449000.0,1.0,347745399,344313000,344313000.0,6.612,2694596000,177274000,-232289000.0,88844000,7.826,1244444000
35,COMS1,ART,2001-06-30,2001-08-08,2001-06-01,2020-02-04,10512000,3452802000,4426560250.0,2334822000,1117980000,0.637,7.262,67829000.0,897797000,897797000,2287250000.0,-965376000.0,2.492,0.378,2713000,328000,2385000,2713000,0,277415000.0,0,0.0,0.0,-1223017000.0,-945602000.0,-0.335,-945602000.0,-1223017000.0,-1223017000.0,-2.8,-2.8,-2.8,2505421000,3388422000.0,2505421000,819292627,-1.0,-0.866,-925266000.0,-2.682,1.0,533631000.0,0.189,344952000,0.0,1275921000,2189007500.0,200146000,950066000,950066000,0,947381000,936845000,10536000,1714376627,-802623000.0,-197712000.0,-330606000.0,-26458000.0,0.0,-497834000.0,658015000.0,783594000.0,-993095000.0,0.0,-965376000.0,-965376000.0,-965376000.0,-4537000.0,0.0,-0.342,1885815000.0,-1352184000.0,279181000,0.0,0.684,-1.776,-1.771,609679000,0.0,4.96,0.608,0.607,286813000,771639000,2820881000.0,2820881000.0,535718000.0,-0.218,-0.285,-0.559,-0.434,0.0,986084000.0,1.0,345640449,345027000,345027000.0,8.176,3107850000,163349000,-257641000.0,80485000,9.008,1397977000
36,COMS1,ART,2001-03-31,2001-04-09,2001-03-02,2020-02-04,40233000,4179637000,5186598250.0,3076768000,1102869000,0.464,9.562,53611000.0,785750000,785750000,1826055000.0,-594476000.0,3.604,0.286,4849000,2254000,2595000,4849000,0,274041000.0,0,11.033,50.75,-883862000.0,-609821000.0,-0.253,-609821000.0,-883862000.0,-883862000.0,-1.72,-1.73,-1.72,3250511000,3772832750.0,3250511000,774750313,-1.0,-1.27,-951650000.0,-2.8,1.0,583072000.0,0.242,422574000,0.0,2122547000,2689416750.0,275676000,1455014000,1455014000,0,929126000,853615000,75511000,1555651313,-1026275000.0,-271119000.0,-252558000.0,-26706000.0,0.0,-283263000.0,-9548000.0,203656000.0,-1005261000.0,0.0,-594476000.0,-594476000.0,-594476000.0,-63277000.0,0.0,-0.247,1913275000.0,-1330203000.0,330283000,-29.506,0.479,-2.617,-2.674,680295000,0.0,4.6,0.646,0.649,390280000,1309998000,2409127000.0,2409127000.0,538911000.0,-0.115,-0.158,-0.329,-0.367,0.0,923715000.0,1.0,338185068,339933000,339933000.0,7.087,3757063000,170048000,-289386000.0,64791000,11.052,2223153000
37,COMS1,ART,2000-12-31,2001-01-16,2000-12-01,2020-02-04,99982000,4719855000,5595023000.0,3664335000,1055520000,0.571,10.607,30860000.0,928880000,928880000,2048076000.0,157881000.0,3.778,0.287,4849000,2254000,2595000,4849000,0,278240000.0,0,5.012,50.75,301980000.0,580220000.0,0.182,580220000.0,301980000.0,301980000.0,0.46,0.39,0.46,3666529000,3973159000.0,3666529000,2520896611,8.0,4.345,-278609000.0,-0.806,1.0,1146722000.0,0.359,361807000,0.0,2464182000,2675615250.0,217505000,1996444000,1996444000,0,1053326000,969835000,83491000,3444927611,-166253000.0,-167035000.0,15240000.0,-24207000.0,0.0,-14607000.0,-113974000.0,19818000.0,-309469000.0,0.0,157881000.0,157881000.0,157881000.0,-63277000.0,0.0,0.049,1977381000.0,-830659000.0,408471000,110.326,0.94,21.82,22.011,693713000,0.0,10.125,1.078,1.095,430583000,1578116000,3194798000.0,3194798000.0,571245000.0,0.028,0.04,0.113,0.095,0.0,1029692000.0,1.0,340239764,345656000,345656000.0,9.243,4358048000,90923000,144099000.0,106318000,12.608,2694500000
38,COMS1,ART,2000-09-30,2000-10-13,2000-09-01,2020-02-04,338454000,5353947000,5660151000.0,4300152000,1053795000,0.686,11.677,-208875000.0,965089000,965089000,2338841000.0,477612000.0,3.758,0.296,4995000,2255000,2740000,4995000,0,290202000.0,0,2.611,50.75,742013000.0,1032215000.0,0.266,1032215000.0,742013000.0,742013000.0,1.39,1.31,1.39,4131227000,3936109750.0,4131227000,5844525919,8.0,5.662,201576000.0,0.57,1.0,1541456000.0,0.397,356107000,0.0,2893380000,2638589250.0,273246000,2594603000,2594603000,0,1222720000,1144366000,78354000,6804619919,-37696000.0,-144173000.0,52782000.0,-24062000.0,0.0,23784000.0,-743728000.0,-384628000.0,410451000.0,0.0,477612000.0,477612000.0,477612000.0,-63277000.0,0.0,0.123,1821728000.0,-280272000.0,396335000,36.511,1.647,14.247,13.984,697688000,0.0,19.438,1.754,1.772,467214000,1855129000,3880297000.0,3880297000.0,593915000.0,0.084,0.121,0.281,0.191,0.0,1124577000.0,1.0,350076909,353777000,353777000.0,10.968,4997840000,0,264401000.0,235243000,14.127,3155786000
39,COMS1,ART,2000-06-30,2000-08-17,2000-06-02,2020-02-04,278621000,6492954000,5454680000.0,5425431000,1067523000,0.795,11.608,-182093000.0,1700420000,1700420000,2484883000.0,674303000.0,4.588,0.606,29199000,14459000,14740000,29199000,0,304415000.0,0,2.996,50.75,1015975000.0,1320390000.0,0.305,1320390000.0,1015975000.0,1015975000.0,1.94,1.88,1.94,4043064000,3711443750.0,4043064000,4239519638,4.0,3.211,779298000.0,2.237,1.0,1849059000.0,0.427,361699000,0.0,3277558000,2442650750.0,285942000,2025292000,2025292000,0,2449890000,1182476000,1267414000,5910740638,748649000.0,-92432000.0,-210425000.0,-11858000.0,0.0,-225791000.0,-228457000.0,46368000.0,961391000.0,0.0,674303000.0,674303000.0,674303000.0,-58740000.0,0.0,0.156,1830258000.0,18801000.0,363497000,26.16,1.462,8.766,8.731,705824000,0.0,16.938,1.364,1.361,355540000,1982079000,4333942000.0,4333942000.0,610931000.0,0.124,0.182,0.416,0.234,0.0,1164784000.0,1.0,348973617,348314000,357883000.0,12.443,6131255000,0,341672000.0,268540000,17.603,4242955000
40,COMS1,ART,2000-03-31,2000-04-04,2000-02-25,2020-02-04,294712000,5813336000,4955288750.0,4811960000,1001376000,1.149,11.72,-215794000.0,1812503000,1812503000,3061249000.0,908663000.0,2.839,0.435,31506000,14254000,17252000,31506000,0,302430000.0,0,0.0,0.0,1416853000.0,1719283000.0,0.302,1719283000.0,1416853000.0,1376834000.0,2.61,2.52,2.61,4051816000,3499791500.0,4051816000,13852980203,10.0,8.057,1292458000.0,3.739,1.0,2631986000.0,0.462,270148000,40019000.0,2067341000,2159654000.0,314455000,1953020000,1953020000,0,1761520000,1694850000,66670000,15633977203,830983000.0,-94407000.0,-527039000.0,-10480000.0,0.0,-538695000.0,-138574000.0,174392000.0,1508252000.0,0.0,908663000.0,908663000.0,908663000.0,0.0,0.0,0.16,2080739000.0,551247000.0,545294000,0.0,3.859,17.205,17.074,731228000,0.0,44.563,2.746,2.706,707917000,2145293000,5693235000.0,5693235000.0,665023000.0,0.183,0.26,0.656,0.249,0.0,1423564000.0,1.0,350832588,345706000,360600000.0,16.468,5543188000,24065000,468171000.0,408859000,16.034,3117110000
41,COMS1,ART,1999-12-31,2000-01-10,1999-11-26,2020-02-04,494585000,4980367000,4643046000.0,3998447000,981920000,1.225,10.261,-215803000.0,1095611000,1095611000,3022787000.0,492086000.0,2.87,0.416,30332000,13822000,16510000,30332000,0,300591000.0,0,0.0,0.0,723225000.0,1023816000.0,0.18,1023816000.0,723225000.0,701306000.0,1.4,1.36,1.4,3518332000,3302137250.0,3518332000,14682585986,20.0,14.341,1292893000.0,3.771,1.0,2665720000.0,0.469,205809000,21919000.0,2316078000,2244111500.0,321461000,1850980000,1850980000,0,1462035000,1393201000,68834000,15747864986,488505000.0,-108337000.0,-547294000.0,-5256000.0,0.0,-550708000.0,-469483000.0,-130307000.0,1508696000.0,0.0,492086000.0,492086000.0,492086000.0,0.0,0.0,0.087,2128726000.0,536994000.0,476305000,0.0,4.476,32.002,32.857,776111000,0.0,46.0,2.768,2.773,730395000,1660847000,5688507000.0,5688507000.0,654148000.0,0.106,0.149,0.322,0.127,0.0,1470255000.0,1.0,342344891,342889000,348988000.0,16.59,4774558000,0,209220000.0,300588000,13.925,2605246000
42,COMS1,ART,1999-09-30,1999-10-08,1999-08-27,2020-02-04,292796000,4532063000,4477049500.0,3502519000,1029544000,1.285,9.151,-234582000.0,1003263000,1003263000,3051424000.0,447674000.0,2.872,0.402,33750000,14337000,19413000,33750000,0,291312000.0,0,0.0,0.0,663698000.0,955010000.0,0.166,955010000.0,663698000.0,641779000.0,1.25,1.21,1.25,3232563000,3166827750.0,3232563000,9295112840,14.0,9.733,1147477000.0,3.248,1.0,2702623000.0,0.47,233289000,21919000.0,2109626000,2284180250.0,350526000,1281251000,1281251000,0,1299500000,1219635000,79865000,10264625840,373754000.0,-114595000.0,-501508000.0,-5256000.0,0.0,-500211000.0,-508094000.0,-135191000.0,1382059000.0,0.0,447674000.0,447674000.0,447674000.0,0.0,0.0,0.078,2146795000.0,555828000.0,401434000,0.0,3.175,22.929,23.8,796255000,0.0,29.75,1.784,1.826,757092000,1504287000,5754047000.0,5754047000.0,649797000.0,0.1,0.141,0.291,0.115,0.0,1497921000.0,1.0,345029440,353243000,357703000.0,16.289,4298774000,110387000,194105000.0,238918000,12.169,2282884000
43,COMS1,ART,1999-06-30,1999-08-17,1999-05-28,2020-02-04,40909000,4495389000,4374242000.0,3419852000,1075537000,1.32,8.869,-232887000.0,952249000,952249000,3088121000.0,403874000.0,2.853,0.406,44973000,14568000,30405000,44973000,0,275641000.0,0,0.0,0.0,585593000.0,861234000.0,0.149,861234000.0,585593000.0,585593000.0,1.12,1.09,1.12,3196455000,3077253500.0,3196455000,7453674143,13.0,8.655,928188000.0,2.575,1.0,2684028000.0,0.465,243980000,0.0,2145571000,2342460250.0,354272000,709365000,709365000,0,1298934000,1198562000,100372000,8360950143,423268000.0,-114595000.0,-156388000.0,-5256000.0,0.0,-162573000.0,-575234000.0,-208693000.0,1161075000.0,0.0,403874000.0,403874000.0,403874000.0,0.0,0.0,0.07,2153591000.0,530437000.0,336503000,0.0,2.616,20.702,21.205,831557000,0.0,23.75,1.448,1.483,925598000,1403709000,5772149000.0,5772149000.0,635787000.0,0.092,0.131,0.25,0.101,0.0,1526840000.0,1.0,352040006,360424000,369361000.0,16.015,4251409000,312011000,181719000.0,230306000,11.796,2221290000
44,COMS1,ART,1999-03-31,1999-04-08,1999-02-26,2020-02-04,-1942000,4564365000,4217822500.0,3582637000,981728000,,9.015,,981520000,981520000,,,2.965,0.4,30442000,0,30442000,30442000,0,,0,0.0,0.0,,,,,,,,,,3261199000,2934075000.0,3261199000,6716161169,,,,,1.0,,,0,,2405171000,2381730500.0,409216000,742726000,742726000,0,1303166000,1208116000,95050000,7667239169,,,,,,,,,,,,,,,,,,,366009000,,2.351,,,837316000,,21.188,,,981017000,1334322000,,,,,,,,,,1.0,361875595,361766000,,,4564365000,368738000,,231160000,12.617,2374521000
45,COMS1,ART,1998-12-31,1999-01-11,1998-11-27,2020-02-04,-209000,4316381000,4119791500.0,3373624000,942757000,,8.309,,607106000,607106000,,,2.684,0.45,24000000,0,24000000,24000000,0,,0,0.0,0.0,,,,,,,,,,2977094000,2726777500.0,2977094000,16301248187,,,,,1.0,,,0,,2476353000,2338592500.0,443488000,743749000,743749000,0,1339287000,1256922000,82365000,16884354187,,,,,,,,,,,,,,,,,,,383611000,,5.671,,,839945000,,47.063,,,1117449000,1260722000,,,,,,,,,,1.0,358764498,358302000,,,4316381000,368772000,,254458000,12.047,2116702000
46,COMS1,ART,1998-09-30,1998-10-09,1998-08-28,2020-02-04,-5797000,4120833000,,3227058000,893775000,,8.017,,629509000,629509000,,,2.752,0.434,24000000,0,24000000,24000000,0,,0,0.0,0.0,,,,,,,,,,2874266000,,2874266000,9144261873,,,,,1.0,,,0,,2342746000,,501278000,607581000,607581000,0,1246567000,1172578000,73989000,9749770873,,,,,,,,,,,,,,,,,,,332070000,,3.392,,,831556000,,27.188,,,980254000,1173466000,,,,,,,,,,1.0,358612262,358533000,,,4120833000,394713000,,243041000,11.494,2054480000
47,COMS1,ART,1998-03-31,1998-04-07,1998-03-01,2020-02-04,1538000,3871280000,,2943302000,927978000,,7.348,,386028000,386028000,,,2.508,0.485,46811000,0,46811000,46811000,0,,0,0.0,0.0,,,,,,,,,,2606951000,,2606951000,11107499349,,,,,1.0,,,0,,2358290000,,769815000,514892000,514892000,0,1264329000,1173773000,90556000,11446716349,,,,,,,,,,,,,,,,,,,406557000,,4.391,,,831353000,,32.188,,,888955000,1016207000,,,,,,,,,,1.0,355626139,354766000,,,3871280000,222503000,,68919000,10.912,1769529000
48,COMS1,ART,1997-12-31,1998-03-19,1997-11-30,2020-02-04,-968000,3966062000,,3087809000,878253000,,7.015,,539748000,539748000,,,2.379,0.549,156717000,110000000,46717000,156717000,0,,0,0.0,0.0,,,,,,,,,,2560986000,,2560986000,11605600243,,,,,1.0,,,0,,2285357000,,635972000,596062000,596062000,0,1405076000,1297674000,107402000,11988631243,,,,,,,,,,,,,,,,,,,327862000,,4.681,,,773137000,,33.813,,,908401000,1002280000,,,,,,,,,,1.0,354562107,365085000,,,3966062000,296337000,,133841000,10.863,1790135000
49,COMS1,ART,1997-12-31,1998-01-13,1997-11-30,2020-02-04,-968000,3923202000,,3099914000,823288000,,6.783,,539748000,539748000,,,2.315,0.584,156717000,110000000,46717000,156717000,0,,0,0.0,0.0,,,,,,,,,,2476461000,,2476461000,10896476029,,,,,1.0,,,0,,2200832000,,628974000,596062000,596062000,0,1446741000,1339339000,107402000,11279507029,,,,,,,,,,,,,,,,,,,327862000,,4.555,,,743195000,,31.813,,,927504000,917755000,,,,,,,,,,1.0,354562107,365085000,,,3923202000,296337000,,83218000,10.746,1760575000
