None,ticker,dimension,calendardate,datekey,reportperiod,lastupdated,accoci,assets,assetsavg,assetsc,assetsnc,assetturnover,bvps,capex,cashneq,cashnequsd,cor,consolinc,currentratio,de,debt,debtc,debtnc,debtusd,deferredrev,depamor,deposits,divyield,dps,ebit,ebitda,ebitdamargin,ebitdausd,ebitusd,ebt,eps,epsdil,epsusd,equity,equityavg,equityusd,ev,evebit,evebitda,fcf,fcfps,fxusd,gp,grossmargin,intangibles,intexp,invcap,invcapavg,inventory,investments,investmentsc,investmentsnc,liabilities,liabilitiesc,liabilitiesnc,marketcap,ncf,ncfbus,ncfcommon,ncfdebt,ncfdiv,ncff,ncfi,ncfinv,ncfo,ncfx,netinc,netinccmn,netinccmnusd,netincdis,netincnci,netmargin,opex,opinc,payables,payoutratio,pb,pe,pe1,ppnenet,prefdivis,price,ps,ps1,receivables,retearn,revenue,revenueusd,rnd,roa,roe,roic,ros,sbcomp,sgna,sharefactor,sharesbas,shareswa,shareswadil,sps,tangibles,taxassets,taxexp,taxliabilities,tbvps,workingcapital
0,MRK,MRY,2020-12-31,2020-12-31,2020-12-31,2021-08-25,-6634000000.0,91588000000.0,89229000000.0,27764000000.0,63824000000.0,0.538,10.007,-4684000000.0,8050000000.0,8050000000.0,15485000000.0,7082000000.0,1.016,2.614,31791000000.0,6431000000.0,25360000000.0,31791000000.0,0.0,3625000000.0,0.0,0.03,2.48,8776000000.0,12401000000.0,0.258,12401000000.0,8776000000.0,8776000000.0,2.79,2.78,2.79,25317000000.0,27087500000.0,25317000000.0,228341816947.0,26.0,18.413,5569000000.0,2.201,1.0,32509000000.0,0.677,32983000000.0,0.0,55019000000.0,51647250000.0,5554000000.0,785000000.0,0.0,785000000.0,66184000000.0,27327000000.0,38857000000.0,206956816947.0,-1769000000.0,-7606000000.0,-1192000000.0,5011000000.0,-6215000000.0,-2832000000.0,-9443000000.0,2717000000.0,10253000000.0,253000000.0,7067000000.0,7067000000.0,7067000000.0,0.0,15000000.0,0.147,24604000000.0,7905000000.0,4327000000.0,0.889,8.175,29.285,29.319,17000000000.0,0.0,81.8,4.312,4.312,6803000000.0,47362000000.0,47994000000.0,47994000000.0,13558000000.0,0.079,0.261,0.17,0.183,475000000.0,10468000000.0,1.0,2530034437.0,2530034437.0,,18.97,58605000000.0,0.0,1709000000.0,2602000000.0,23.164,437000000.0
1,MRK,MRY,2019-12-31,2019-12-31,2019-12-31,2021-08-25,-6193000000.0,84397000000.0,83511750000.0,27483000000.0,56914000000.0,0.561,10.176,-3473000000.0,9676000000.0,9676000000.0,14112000000.0,9777000000.0,1.237,2.254,26346000000.0,3610000000.0,22736000000.0,26346000000.0,0.0,3652000000.0,0.0,0.025,2.26,11530000000.0,15182000000.0,0.324,15182000000.0,11530000000.0,11530000000.0,3.84,3.81,3.84,25907000000.0,26979750000.0,25907000000.0,249776257715.0,22.0,16.452,9967000000.0,3.915,1.0,32728000000.0,0.699,33621000000.0,0.0,45226000000.0,49426000000.0,5978000000.0,2243000000.0,774000000.0,1469000000.0,58396000000.0,22220000000.0,36176000000.0,231557257715.0,1967000000.0,-4954000000.0,-4419000000.0,1248000000.0,-5695000000.0,-8861000000.0,-2629000000.0,5420000000.0,13440000000.0,17000000.0,9843000000.0,9843000000.0,9843000000.0,0.0,-66000000.0,0.21,21125000000.0,11603000000.0,3738000000.0,0.589,8.938,23.525,23.685,15053000000.0,0.0,90.95,4.944,4.944,6778000000.0,46602000000.0,46840000000.0,46840000000.0,9872000000.0,0.118,0.365,0.233,0.246,417000000.0,10615000000.0,1.0,2545984142.0,2545984142.0,,18.398,50776000000.0,0.0,1687000000.0,2206000000.0,19.944,5263000000.0
2,MRK,MRY,2018-12-31,2018-12-31,2018-12-31,2021-08-25,-5545000000.0,82637000000.0,84712000000.0,25875000000.0,56762000000.0,0.499,10.268,-2615000000.0,7965000000.0,7965000000.0,13509000000.0,6193000000.0,1.165,2.088,25114000000.0,5308000000.0,19806000000.0,25114000000.0,0.0,4519000000.0,0.0,0.026,1.99,8728000000.0,13247000000.0,0.313,13247000000.0,8728000000.0,8728000000.0,2.34,2.32,2.34,26701000000.0,31330000000.0,26701000000.0,214460768365.0,25.0,16.189,8307000000.0,3.195,1.0,28785000000.0,0.681,31357000000.0,0.0,46223000000.0,52054500000.0,5440000000.0,7132000000.0,899000000.0,6233000000.0,55755000000.0,22206000000.0,33549000000.0,198694768365.0,1871000000.0,-431000000.0,-8500000000.0,837000000.0,-5172000000.0,-13160000000.0,4314000000.0,7258000000.0,10922000000.0,-205000000.0,6220000000.0,6220000000.0,6220000000.0,0.0,-27000000.0,0.147,20486000000.0,8299000000.0,3318000000.0,0.85,7.441,31.944,32.654,13291000000.0,0.0,76.41,4.698,4.698,7071000000.0,42579000000.0,42294000000.0,42294000000.0,9752000000.0,0.073,0.199,0.168,0.206,348000000.0,10102000000.0,1.0,2600376500.0,2600376500.0,,16.265,51280000000.0,0.0,2508000000.0,3673000000.0,19.72,3669000000.0
3,MRK,MRY,2017-12-31,2017-12-31,2017-12-31,2021-08-25,-4910000000.0,87872000000.0,92228250000.0,24766000000.0,63106000000.0,0.435,12.603,-1888000000.0,6092000000.0,6092000000.0,12912000000.0,2418000000.0,1.331,1.552,24410000000.0,3057000000.0,21353000000.0,24410000000.0,0.0,4676000000.0,0.0,0.034,1.89,6497000000.0,11173000000.0,0.278,11173000000.0,6497000000.0,6497000000.0,0.88,0.87,0.88,34336000000.0,37971000000.0,34336000000.0,172398060705.0,27.0,15.43,4563000000.0,1.675,1.0,27210000000.0,0.678,32467000000.0,0.0,55109000000.0,56971750000.0,5096000000.0,14531000000.0,2406000000.0,12125000000.0,53303000000.0,18614000000.0,34689000000.0,153304060705.0,-419000000.0,-396000000.0,-3515000000.0,-1129000000.0,-5167000000.0,-10006000000.0,2679000000.0,4925000000.0,6451000000.0,457000000.0,2394000000.0,2394000000.0,2394000000.0,0.0,24000000.0,0.06,21189000000.0,6021000000.0,3102000000.0,2.148,4.465,64.037,63.943,12439000000.0,0.0,56.27,3.821,3.821,6873000000.0,41350000000.0,40122000000.0,40122000000.0,10339000000.0,0.026,0.063,0.114,0.162,312000000.0,10074000000.0,1.0,2724436835.0,2724436835.0,,14.727,55405000000.0,0.0,4103000000.0,2927000000.0,20.336,6152000000.0
4,MRK,MRY,2016-12-31,2016-12-31,2016-12-31,2021-08-25,-5226000000.0,95377000000.0,97235500000.0,30614000000.0,64763000000.0,0.409,14.54,-1614000000.0,6515000000.0,6515000000.0,14030000000.0,3941000000.0,1.779,1.374,24842000000.0,568000000.0,24274000000.0,24842000000.0,0.0,5471000000.0,0.0,0.031,1.85,4638000000.0,10109000000.0,0.254,10109000000.0,4638000000.0,4638000000.0,1.42,1.41,1.42,40088000000.0,42748750000.0,40088000000.0,179548685626.0,39.0,17.761,8762000000.0,3.178,1.0,25777000000.0,0.648,35467000000.0,0.0,61033000000.0,60371500000.0,4866000000.0,19242000000.0,7826000000.0,11416000000.0,55069000000.0,17204000000.0,37865000000.0,162312685626.0,-2009000000.0,-780000000.0,-2495000000.0,-1307000000.0,-5124000000.0,-9044000000.0,-3210000000.0,-1298000000.0,10376000000.0,-131000000.0,3920000000.0,3920000000.0,3920000000.0,0.0,21000000.0,0.098,20929000000.0,4848000000.0,2807000000.0,1.303,4.049,41.406,41.458,12026000000.0,0.0,58.87,4.077,4.077,7018000000.0,44133000000.0,39807000000.0,39807000000.0,10261000000.0,0.04,0.092,0.077,0.117,300000000.0,10017000000.0,1.0,2757137517.0,2757137517.0,,14.438,59910000000.0,0.0,718000000.0,7316000000.0,21.729,13410000000.0
5,MRK,MRY,2015-12-31,2015-12-31,2015-12-31,2021-08-25,-4148000000.0,101677000000.0,103459000000.0,29751000000.0,71926000000.0,0.382,15.993,-1283000000.0,8524000000.0,8524000000.0,14934000000.0,4459000000.0,1.549,1.274,26412000000.0,2583000000.0,23829000000.0,26412000000.0,0.0,6375000000.0,0.0,0.034,1.81,5384000000.0,11759000000.0,0.298,11759000000.0,5384000000.0,5384000000.0,1.58,1.56,1.58,44676000000.0,46119000000.0,44676000000.0,166673948496.0,31.0,14.174,11255000000.0,4.029,1.0,24564000000.0,0.622,40325000000.0,0.0,60039000000.0,62476500000.0,4700000000.0,17942000000.0,4903000000.0,13039000000.0,56910000000.0,19201000000.0,37709000000.0,147554948496.0,1083000000.0,-7428000000.0,-3701000000.0,3492000000.0,-5117000000.0,-5387000000.0,-4758000000.0,3732000000.0,12538000000.0,-1310000000.0,4442000000.0,4442000000.0,4442000000.0,0.0,17000000.0,0.112,17636000000.0,6928000000.0,2533000000.0,1.146,3.303,33.218,33.43,12507000000.0,0.0,52.82,3.736,3.736,6484000000.0,45348000000.0,39498000000.0,39498000000.0,6704000000.0,0.043,0.096,0.086,0.136,299000000.0,10313000000.0,1.0,2793543137.0,2793543137.0,,14.139,61352000000.0,0.0,942000000.0,8095000000.0,21.962,10550000000.0
6,MRK,MRY,2014-12-31,2014-12-31,2014-12-31,2021-08-25,-4323000000.0,98167000000.0,101573750000.0,32605000000.0,65562000000.0,0.416,17.064,-1317000000.0,7441000000.0,7441000000.0,16768000000.0,11934000000.0,1.772,1.015,21403000000.0,2704000000.0,18699000000.0,21403000000.0,0.0,6691000000.0,0.0,0.031,1.77,17269000000.0,23960000000.0,0.567,23960000000.0,17269000000.0,17269000000.0,4.12,4.07,4.12,48647000000.0,48051000000.0,48647000000.0,178372098739.0,10.0,7.445,6672000000.0,2.34,1.0,25469000000.0,0.603,33378000000.0,0.0,60354000000.0,61862500000.0,5571000000.0,21793000000.0,8278000000.0,13515000000.0,49376000000.0,18397000000.0,30979000000.0,161901098739.0,-8180000000.0,10658000000.0,-6143000000.0,-3931000000.0,-5170000000.0,-15242000000.0,-374000000.0,-9635000000.0,7989000000.0,-553000000.0,11920000000.0,11920000000.0,11920000000.0,0.0,14000000.0,0.282,19799000000.0,5670000000.0,2625000000.0,0.43,3.328,13.582,13.784,13136000000.0,0.0,56.79,3.833,3.833,6626000000.0,46021000000.0,42237000000.0,42237000000.0,7180000000.0,0.117,0.248,0.279,0.409,278000000.0,11606000000.0,1.0,2850873371.0,2850873371.0,,14.815,64789000000.0,0.0,5349000000.0,5704000000.0,22.726,14208000000.0
7,MRK,MRY,2013-12-31,2013-12-31,2013-12-31,2021-08-25,-2197000000.0,105645000000.0,106285000000.0,35685000000.0,69960000000.0,0.414,17.032,-1548000000.0,15621000000.0,15621000000.0,16954000000.0,4517000000.0,1.997,1.071,25060000000.0,4521000000.0,20539000000.0,25060000000.0,0.0,6988000000.0,0.0,0.035,1.73,5432000000.0,12420000000.0,0.282,12420000000.0,5432000000.0,5432000000.0,1.49,1.47,1.49,49765000000.0,49428250000.0,49765000000.0,158775540194.0,29.0,12.784,10106000000.0,3.459,1.0,27079000000.0,0.615,36102000000.0,0.0,61114000000.0,60643250000.0,6226000000.0,11635000000.0,1865000000.0,9770000000.0,53319000000.0,17868000000.0,35451000000.0,146242540194.0,2170000000.0,-200000000.0,-5306000000.0,4533000000.0,-5157000000.0,-5990000000.0,-3148000000.0,-1343000000.0,11654000000.0,-346000000.0,4404000000.0,4404000000.0,4404000000.0,0.0,113000000.0,0.1,21123000000.0,5956000000.0,2274000000.0,1.161,2.939,33.207,33.591,14973000000.0,0.0,50.05,3.321,3.321,7184000000.0,39257000000.0,44033000000.0,44033000000.0,7503000000.0,0.041,0.089,0.09,0.123,276000000.0,11911000000.0,1.0,2921928875.0,2921928875.0,,15.07,69543000000.0,4789000000.0,1028000000.0,7027000000.0,23.8,17817000000.0
8,MRK,MRY,2012-12-31,2012-12-31,2012-12-31,2021-08-25,-4682000000.0,106132000000.0,105866750000.0,34857000000.0,71275000000.0,0.446,17.44,-1954000000.0,13451000000.0,13451000000.0,16446000000.0,6299000000.0,1.9,0.956,20569000000.0,4315000000.0,16254000000.0,20569000000.0,0.0,6978000000.0,0.0,0.041,1.69,8608000000.0,15586000000.0,0.33,15586000000.0,8608000000.0,8608000000.0,2.03,2.0,2.03,53020000000.0,54705250000.0,53020000000.0,126700545101.0,15.0,8.129,8068000000.0,2.654,1.0,30821000000.0,0.652,41217000000.0,0.0,53685000000.0,49621250000.0,6535000000.0,9995000000.0,2690000000.0,7305000000.0,50669000000.0,18348000000.0,32321000000.0,124460545101.0,-80000000.0,0.0,-1281000000.0,3164000000.0,-5116000000.0,-3267000000.0,-6805000000.0,-5019000000.0,10022000000.0,-30000000.0,6168000000.0,6168000000.0,6168000000.0,0.0,131000000.0,0.13,21608000000.0,9213000000.0,1753000000.0,0.833,2.347,20.178,20.167,16030000000.0,0.0,40.94,2.633,2.633,7672000000.0,39985000000.0,47267000000.0,47267000000.0,8168000000.0,0.058,0.113,0.173,0.182,335000000.0,12776000000.0,1.0,3040071937.0,3040071937.0,,15.548,64915000000.0,4509000000.0,2440000000.0,6940000000.0,21.353,16509000000.0
9,MRK,MRY,2011-12-31,2011-12-31,2011-12-31,2021-08-25,-3132000000.0,105128000000.0,105930500000.0,33181000000.0,71947000000.0,0.454,17.887,-1723000000.0,13531000000.0,13531000000.0,16871000000.0,6392000000.0,2.043,0.884,17515000000.0,1990000000.0,15525000000.0,17515000000.0,0.0,7427000000.0,0.0,0.041,1.56,7214000000.0,14641000000.0,0.305,14641000000.0,7214000000.0,7214000000.0,2.04,2.02,2.04,54517000000.0,54884250000.0,54517000000.0,118800637044.0,16.0,8.114,10660000000.0,3.497,1.0,31176000000.0,0.649,46457000000.0,0.0,46410000000.0,46346250000.0,6254000000.0,4899000000.0,1441000000.0,3458000000.0,48185000000.0,16245000000.0,31940000000.0,114906637044.0,2631000000.0,-50000000.0,-1600000000.0,-471000000.0,-4691000000.0,-6904000000.0,-2890000000.0,-1087000000.0,12383000000.0,42000000.0,6272000000.0,6272000000.0,6272000000.0,0.0,120000000.0,0.131,23506000000.0,7670000000.0,2023000000.0,0.765,2.108,18.321,18.48,16297000000.0,0.0,37.7,2.392,2.392,8261000000.0,38990000000.0,48047000000.0,48047000000.0,8467000000.0,0.059,0.114,0.156,0.15,369000000.0,13733000000.0,1.0,3047921407.0,3047921407.0,,15.764,58671000000.0,3694000000.0,942000000.0,17196000000.0,19.25,16936000000.0
10,MRK,MRY,2010-12-31,2010-12-31,2010-12-31,2021-08-25,-3216000000.0,105781000000.0,107846350000.0,29064000000.0,76717000000.0,0.426,17.649,-1678000000.0,10900000000.0,10900000000.0,18396000000.0,982000000.0,1.858,0.901,17882000000.0,2400000000.0,15482000000.0,17882000000.0,0.0,7381000000.0,0.0,0.042,1.52,1532000000.0,8913000000.0,0.194,8913000000.0,1532000000.0,1532000000.0,0.28,0.28,0.28,54376000000.0,55769650000.0,54376000000.0,119308445726.0,78.0,13.386,9144000000.0,2.968,1.0,27591000000.0,0.6,51834000000.0,0.0,45288000000.0,45342000000.0,5868000000.0,3476000000.0,1301000000.0,2175000000.0,48976000000.0,15641000000.0,33335000000.0,111034945726.0,1589000000.0,391000000.0,-1230000000.0,748000000.0,-4734000000.0,-5441000000.0,-3497000000.0,-2636000000.0,10822000000.0,-295000000.0,861000000.0,861000000.0,861000000.0,0.0,121000000.0,0.019,25221000000.0,2370000000.0,2308000000.0,5.429,2.042,128.96,128.714,17082000000.0,0.0,36.04,2.414,2.414,7344000000.0,37536000000.0,45987000000.0,45987000000.0,11111000000.0,0.008,0.015,0.034,0.033,509000000.0,13125000000.0,1.0,3080880847.0,3080880847.0,,14.927,53947000000.0,3651000000.0,671000000.0,19096000000.0,17.51,13423000000.0
11,MRK,MRY,2009-12-31,2009-12-31,2009-12-31,2021-08-25,-2767000000.0,112314000000.0,64250900000.0,28432000000.0,83882000000.0,0.427,28.0,-1461000000.0,9311000000.0,9311000000.0,9019000000.0,13022000000.0,1.818,0.861,17474000000.0,1379000000.0,16095000000.0,17474000000.0,0.0,2576000000.0,0.0,0.042,1.52,15167000000.0,17743000000.0,0.647,17743000000.0,15167000000.0,15167000000.0,5.67,5.65,5.67,59058000000.0,30463150000.0,59058000000.0,64323968212.0,4.0,3.625,1931000000.0,0.916,1.0,18409000000.0,0.671,59795000000.0,0.0,45041000000.0,34228625000.0,8048000000.0,725000000.0,293000000.0,432000000.0,50829000000.0,15641000000.0,35188000000.0,77069368212.0,4943000000.0,-12973000000.0,186000000.0,1781000000.0,-3215000000.0,-1638000000.0,3156000000.0,11871000000.0,3392000000.0,33000000.0,12899000000.0,12899000000.0,12899000000.0,0.0,123000000.0,0.47,16022000000.0,2387000000.0,2244000000.0,0.268,1.305,5.975,6.444,18279000000.0,0.0,36.54,2.81,2.81,6603000000.0,41405000000.0,27428000000.0,27428000000.0,5845000000.0,0.201,0.423,0.443,0.553,415000000.0,8543000000.0,1.0,2109178112.0,2109178112.0,,13.004,52519000000.0,4177000000.0,2268000000.0,20260000000.0,24.9,12791000000.0
12,MRK,MRY,2008-12-31,2008-12-31,2008-12-31,2021-08-25,-2553900000.0,47195700000.0,47560000000.0,19112600000.0,28083100000.0,0.501,8.873,-1298000000.0,4368300000.0,4368300000.0,5583000000.0,7932000000.0,1.335,1.388,6240400000.0,2297100000.0,3943300000.0,6240400000.0,0.0,1631000000.0,0.0,0.05,1.52,9807000000.0,11438000000.0,0.48,11438000000.0,9807000000.0,9807000000.0,3.65,3.63,3.65,18758300000.0,19526700000.0,18758300000.0,65484158626.0,7.0,5.725,5274000000.0,2.495,1.0,18267000000.0,0.766,1964100000.0,0.0,32785000000.0,33206950000.0,2091000000.0,7609400000.0,1118100000.0,6491300000.0,26028600000.0,14318700000.0,11709900000.0,64271258626.0,-968000000.0,0.0,-2623000000.0,468000000.0,-3279000000.0,-5523000000.0,-1834000000.0,-901000000.0,6572000000.0,-183000000.0,7808000000.0,7808000000.0,7808000000.0,0.0,124000000.0,0.327,13215000000.0,5052000000.0,617600000.0,0.416,3.426,8.231,8.329,11999600000.0,0.0,30.4,2.695,2.695,2907700000.0,43698800000.0,23850000000.0,23850000000.0,4805000000.0,0.164,0.4,0.295,0.411,348000000.0,7377000000.0,1.0,2114186139.0,2114186139.0,,11.281,45231600000.0,8627500000.0,1999000000.0,9193000000.0,21.394,4793900000.0
13,MRK,MRY,2007-12-31,2007-12-31,2007-12-31,2021-08-25,-826100000.0,48350700000.0,45306675000.0,15045400000.0,33305300000.0,0.534,8.355,-1011000000.0,5336100000.0,5336100000.0,6140700000.0,3396800000.0,1.227,1.659,5739400000.0,1823600000.0,3915800000.0,5739400000.0,0.0,1988200000.0,0.0,0.026,1.52,3370700000.0,5358900000.0,0.221,5358900000.0,3370700000.0,3370700000.0,1.51,1.49,1.51,18184700000.0,19214550000.0,18184700000.0,127118736786.0,38.0,23.721,5988200000.0,2.751,1.0,18057000000.0,0.746,2168000000.0,0.0,34327800000.0,34904900000.0,1881000000.0,10053900000.0,2894700000.0,7159200000.0,30166000000.0,12258200000.0,17907800000.0,126480336786.0,-578600000.0,-1135900000.0,-531100000.0,-1183900000.0,-3307300000.0,-4866100000.0,-2810000000.0,727500000.0,6999200000.0,98300000.0,3275400000.0,3275400000.0,3275400000.0,0.0,121400000.0,0.135,17616600000.0,440400000.0,624500000.0,1.007,6.955,38.615,38.483,12346000000.0,0.0,58.11,5.227,5.227,3636200000.0,39140800000.0,24197700000.0,24197700000.0,4882800000.0,0.072,0.17,0.097,0.139,330200000.0,7556700000.0,1.0,2176567489.0,2176567489.0,,11.117,46182700000.0,1297400000.0,95300000.0,12029400000.0,21.218,2787200000.0
14,MRK,MRY,2006-12-31,2006-12-31,2006-12-31,2021-08-25,-1164300000.0,44569800000.0,43796400000.0,15230200000.0,29339600000.0,0.517,8.088,-980200000.0,5914700000.0,5914700000.0,6001100000.0,4433800000.0,1.197,1.538,6836100000.0,1285100000.0,5551000000.0,6836100000.0,0.0,2268400000.0,0.0,0.035,1.52,6221400000.0,8489800000.0,0.375,8489800000.0,6221400000.0,6221400000.0,2.04,2.03,2.04,17559700000.0,18747500000.0,17559700000.0,94418916368.0,15.0,11.121,5785000000.0,2.665,1.0,16634900000.0,0.735,2375500000.0,0.0,30393000000.0,29387125000.0,1769400000.0,10586500000.0,2798300000.0,7788200000.0,27010100000.0,12722700000.0,14287400000.0,94655716368.0,-3670600000.0,-404900000.0,-632400000.0,-1273900000.0,-3322600000.0,-5604200000.0,-4883700000.0,-3447500000.0,6765200000.0,52100000.0,4433800000.0,4433800000.0,4433800000.0,0.0,0.0,0.196,13090600000.0,3544300000.0,496600000.0,0.745,5.391,21.349,21.373,13194100000.0,0.0,43.6,4.182,4.182,3314800000.0,39095100000.0,22636000000.0,22636000000.0,4782900000.0,0.101,0.237,0.212,0.275,312500000.0,8165400000.0,1.0,2171002669.0,2171002669.0,,10.427,42194300000.0,0.0,1787600000.0,9791100000.0,19.435,2507500000.0
15,MRK,MRY,2005-12-31,2005-12-31,2005-12-31,2021-08-25,52300000.0,44845800000.0,43700050000.0,21049300000.0,23796500000.0,0.504,8.222,-1402700000.0,9585300000.0,9585300000.0,5149600000.0,4631300000.0,1.59,1.495,8097600000.0,2972000000.0,5125600000.0,8097600000.0,0.0,1708100000.0,0.0,0.048,1.52,7363900000.0,9072000000.0,0.412,9072000000.0,7363900000.0,7363900000.0,2.11,2.1,2.11,17977700000.0,17697550000.0,17977700000.0,73955977344.0,10.0,8.152,6205800000.0,2.838,1.0,16862300000.0,0.766,1604400000.0,0.0,28511300000.0,33425925000.0,1658100000.0,7160200000.0,6052300000.0,1107900000.0,26868100000.0,13242400000.0,13625700000.0,69556777344.0,6706500000.0,0.0,-878800000.0,1281300000.0,-3349800000.0,-3040400000.0,2267200000.0,3673000000.0,7608500000.0,-128800000.0,4631300000.0,4631300000.0,4631300000.0,0.0,0.0,0.21,11325700000.0,5536600000.0,471100000.0,0.72,3.869,15.019,15.076,14398200000.0,0.0,31.81,3.16,3.16,2927300000.0,37980000000.0,22011900000.0,22011900000.0,3848000000.0,0.106,0.262,0.22,0.335,48000000.0,7155500000.0,1.0,2186632422.0,2186632422.0,,10.067,43241400000.0,0.0,2732600000.0,9784400000.0,19.775,7806900000.0
16,MRK,MRY,2004-12-31,2004-12-31,2004-12-31,2021-08-25,-45900000.0,42572800000.0,42241750000.0,13475200000.0,29097600000.0,0.544,7.796,-1726100000.0,2878800000.0,2878800000.0,4965700000.0,5830100000.0,1.147,1.463,6872700000.0,2181200000.0,4691500000.0,6872700000.0,0.0,1450700000.0,0.0,0.047,1.5,8002800000.0,9453500000.0,0.412,9453500000.0,8002800000.0,8002800000.0,2.63,2.62,2.63,17288200000.0,16959575000.0,17288200000.0,75192869333.0,9.0,7.954,7073000000.0,3.19,1.0,18007100000.0,0.784,1764900000.0,0.0,33057700000.0,34333950000.0,1898700000.0,10938200000.0,4211100000.0,6727100000.0,25284600000.0,11744100000.0,13540500000.0,71273169333.0,1677800000.0,0.0,-734300000.0,115400000.0,-3310700000.0,-5591400000.0,-1638100000.0,94600000.0,8799100000.0,108200000.0,5830100000.0,5830100000.0,5830100000.0,0.0,0.0,0.254,11356500000.0,6650600000.0,421400000.0,0.57,4.123,12.225,12.221,14713700000.0,0.0,32.14,3.103,3.103,3627700000.0,36626300000.0,22972800000.0,22972800000.0,4010200000.0,0.138,0.344,0.233,0.348,25700000.0,7238700000.0,1.0,2217584609.0,2217584609.0,,10.359,40807900000.0,0.0,2172700000.0,9454400000.0,18.402,1731100000.0
17,MRK,MRY,2003-12-31,2003-12-31,2003-12-31,2021-08-25,65500000.0,40587500000.0,45534525000.0,11527200000.0,29060300000.0,0.494,7.001,-1915900000.0,1201000000.0,1201000000.0,4436900000.0,6830900000.0,1.205,1.606,6796000000.0,1700000000.0,5096000000.0,6796000000.0,0.0,1314200000.0,0.0,0.032,1.46,9292900000.0,10607100000.0,0.472,10607100000.0,9292900000.0,9292900000.0,3.05,3.03,3.05,15576400000.0,17343100000.0,15576400000.0,110293476877.0,12.0,10.398,6789800000.0,3.052,1.0,18049000000.0,0.803,1949400000.0,0.0,34663500000.0,35891400000.0,2554700000.0,10913200000.0,2972000000.0,7941200000.0,25011100000.0,9569600000.0,15441500000.0,102794876877.0,-1042000000.0,-1527800000.0,-1645900000.0,-1783100000.0,-3250400000.0,-6827900000.0,-4263400000.0,-763500000.0,8705700000.0,155700000.0,6830900000.0,6830900000.0,6830900000.0,-241300000.0,0.0,0.304,9674800000.0,8374200000.0,735200000.0,0.479,6.599,15.049,15.148,14169000000.0,0.0,46.2,4.572,4.572,4023600000.0,34142000000.0,22485900000.0,22485900000.0,3279900000.0,0.15,0.394,0.259,0.413,0.0,6200300000.0,1.0,2224997335.0,2224997335.0,,10.106,38638100000.0,0.0,2462000000.0,8969200000.0,17.365,1957600000.0
18,MRK,MRY,2002-12-31,2002-12-31,2002-12-31,2021-08-25,-98800000.0,47561200000.0,46583425000.0,14386400000.0,33174800000.0,0.46,8.105,-2128100000.0,2243000000.0,2243000000.0,4004900000.0,7149500000.0,1.163,1.613,8548800000.0,3669800000.0,4879000000.0,8548800000.0,0.0,1231200000.0,0.0,0.025,1.42,10006400000.0,11237600000.0,0.524,11237600000.0,10006400000.0,10006400000.0,3.17,3.14,3.17,18200500000.0,17239025000.0,18200500000.0,135336849559.0,14.0,12.043,6582500000.0,2.931,1.0,17440900000.0,0.813,7241000000.0,0.0,34250800000.0,34094550000.0,2964300000.0,9983300000.0,2728200000.0,7255100000.0,29360700000.0,12375200000.0,16985500000.0,127120949559.0,99000000.0,0.0,-1773000000.0,-394800000.0,-3191600000.0,-5531900000.0,-3768000000.0,-1636200000.0,8710600000.0,113200000.0,7149500000.0,7149500000.0,7149500000.0,-354700000.0,0.0,0.333,8329400000.0,9111500000.0,2413300000.0,0.448,6.984,17.78,17.858,14195600000.0,0.0,56.61,5.928,5.928,5423400000.0,35434900000.0,21445800000.0,21445800000.0,2677200000.0,0.153,0.415,0.293,0.467,0.0,5652200000.0,1.0,2245556431.0,2245556431.0,,9.55,40320200000.0,0.0,2856900000.0,9296300000.0,17.956,2011200000.0
19,MRK,MRY,2001-12-31,2001-12-31,2001-12-31,2021-08-25,10600000.0,44021200000.0,42425400000.0,12961600000.0,31059600000.0,0.5,7.056,-2401800000.0,2144000000.0,2144000000.0,3624800000.0,7281800000.0,1.123,1.743,8865300000.0,4066700000.0,4798600000.0,8865300000.0,0.0,1132500000.0,0.0,0.026,1.53,10176700000.0,11309200000.0,0.533,11309200000.0,10176700000.0,10176700000.0,3.18,3.14,3.18,16050100000.0,15257450000.0,16050100000.0,141573841708.0,14.0,12.518,5941500000.0,2.612,1.0,17574200000.0,0.829,7491000000.0,0.0,31707300000.0,30137550000.0,3579300000.0,8126100000.0,1142600000.0,6983500000.0,27971100000.0,11544200000.0,16426900000.0,133752941708.0,-392800000.0,0.0,-3590200000.0,1943500000.0,-3145000000.0,-5070900000.0,-3896600000.0,-1379400000.0,8343300000.0,-89200000.0,7281800000.0,7281800000.0,7281800000.0,-228600000.0,0.0,0.343,8157000000.0,9417200000.0,1895200000.0,0.481,8.333,18.368,18.491,13103400000.0,0.0,58.8,6.309,6.309,5215400000.0,31489600000.0,21199000000.0,21199000000.0,2456400000.0,0.172,0.477,0.338,0.48,0.0,5700600000.0,1.0,2274709893.0,2274709893.0,,9.319,36530200000.0,0.0,2894900000.0,8364100000.0,16.059,1417400000.0
20,MRK,MRY,2000-12-31,2000-12-31,2000-12-31,2021-08-25,30800000.0,40154900000.0,37846050000.0,13597900000.0,26557000000.0,1.067,6.432,-2727800000.0,2536800000.0,2536800000.0,22443500000.0,6821700000.0,1.366,1.707,6920000000.0,3319300000.0,3600700000.0,6920000000.0,0.0,1268400000.0,0.0,0.013,1.26,9824100000.0,11092500000.0,0.275,11092500000.0,9824100000.0,9824100000.0,2.96,2.9,2.96,14832400000.0,13293275000.0,14832400000.0,221000429226.0,22.0,19.923,4959500000.0,2.151,1.0,17919700000.0,0.444,7374200000.0,0.0,27209800000.0,25773600000.0,3021500000.0,6665600000.0,1717800000.0,4947800000.0,25322500000.0,9954100000.0,15368400000.0,215923429226.0,514900000.0,0.0,-2904700000.0,904500000.0,-2798000000.0,-3447400000.0,-3641300000.0,-969600000.0,7687300000.0,-83700000.0,6821700000.0,6821700000.0,6821700000.0,0.0,0.0,0.169,8511500000.0,9408200000.0,4605800000.0,0.426,14.558,31.652,31.632,11482100000.0,0.0,93.63,5.35,5.35,5262400000.0,27363900000.0,40363200000.0,40363200000.0,2343800000.0,0.18,0.513,0.381,0.243,0.0,6167700000.0,1.0,2306135098.0,2306135098.0,,17.503,32780700000.0,0.0,3002400000.0,7991000000.0,14.215,3643800000.0
21,MRK,MRY,1999-12-31,1999-12-31,1999-12-31,2021-08-25,8100000.0,35634900000.0,33930400000.0,11259200000.0,24375700000.0,0.964,5.665,-2560500000.0,2021900000.0,2021900000.0,17534200000.0,5890500000.0,1.285,1.691,6002900000.0,2859000000.0,3143900000.0,6002900000.0,0.0,1144800000.0,0.0,0.017,1.12,8619500000.0,9764300000.0,0.298,9764300000.0,8619500000.0,8619500000.0,2.51,2.45,2.51,13241600000.0,13103925000.0,13241600000.0,159762432624.0,19.0,16.362,3570200000.0,1.527,1.0,15179800000.0,0.464,7584200000.0,0.0,23272900000.0,21512675000.0,2846900000.0,5942000000.0,1180500000.0,4761500000.0,22393300000.0,8758800000.0,13634500000.0,157051432624.0,-584300000.0,0.0,-3259200000.0,2132000000.0,-2589700000.0,-3869400000.0,-2817000000.0,-1902500000.0,6130700000.0,-28600000.0,5890500000.0,5890500000.0,5890500000.0,0.0,0.0,0.18,7268200000.0,7911600000.0,4158700000.0,0.446,11.86,26.662,26.769,9676700000.0,0.0,67.19,4.801,4.801,4089000000.0,23447900000.0,32714000000.0,32714000000.0,2068300000.0,0.174,0.45,0.401,0.263,0.0,5199900000.0,1.0,2337422721.0,2337422721.0,,13.996,28050700000.0,0.0,2729000000.0,8094200000.0,12.001,2500400000.0
22,MRK,MRY,1998-12-31,1998-12-31,1998-12-31,2021-08-25,-21300000.0,31853400000.0,29226075000.0,10228500000.0,21624900000.0,0.92,5.374,-1973400000.0,2606200000.0,2606200000.0,13925400000.0,5248200000.0,1.685,1.488,3845000000.0,624200000.0,3220800000.0,3845000000.0,0.0,1015100000.0,0.0,0.013,0.99,8133100000.0,9148200000.0,0.34,9148200000.0,8133100000.0,8133100000.0,2.21,2.15,2.21,12801800000.0,13043125000.0,12801800000.0,176846354002.0,22.0,19.331,3354900000.0,1.408,1.0,12972800000.0,0.482,8287200000.0,0.0,18736200000.0,17222025000.0,2623900000.0,4357200000.0,749500000.0,3607700000.0,19051600000.0,6068800000.0,12982800000.0,175681754002.0,1481100000.0,2586200000.0,-3135400000.0,1581700000.0,-2253100000.0,-3920900000.0,-11400000.0,-1056500000.0,5328300000.0,85100000.0,5248200000.0,5248200000.0,5248200000.0,0.0,0.0,0.195,7372000000.0,5600800000.0,3682100000.0,0.448,13.723,33.475,33.371,7843800000.0,0.0,73.75,6.531,6.531,3374100000.0,20186700000.0,26898200000.0,26898200000.0,1821100000.0,0.18,0.402,0.472,0.302,0.0,4511400000.0,1.0,2382125478.0,2382125478.0,,11.292,23566200000.0,0.0,2884900000.0,7182100000.0,9.893,4159700000.0
23,MRK,MRY,1997-12-31,1997-12-31,1997-12-31,2021-08-25,9000000.0,25735900000.0,25014500000.0,8213000000.0,17522900000.0,0.945,5.265,-1448800000.0,1125100000.0,1125100000.0,11790300000.0,4614100000.0,1.475,1.043,2249000000.0,902500000.0,1346500000.0,2249000000.0,0.0,837100000.0,0.0,0.016,0.87,6462300000.0,7299400000.0,0.309,7299400000.0,6462300000.0,6462300000.0,1.92,1.87,1.92,12594600000.0,12282550000.0,12594600000.0,,,,4867800000.0,2.035,1.0,11846600000.0,0.501,6780500000.0,0.0,14510700000.0,13823800000.0,2145100000.0,3717600000.0,1184200000.0,2533400000.0,13141300000.0,5568600000.0,7572700000.0,126774438302.0,-227300000.0,910000000.0,-2159500000.0,494400000.0,-2039900000.0,-4858900000.0,-1602700000.0,-911300000.0,6316600000.0,-82300000.0,4614100000.0,4614100000.0,4614100000.0,0.0,0.0,0.195,5982900000.0,5863700000.0,3268900000.0,0.453,10.066,27.475,27.604,6609400000.0,0.0,53.0,5.363,5.363,2876700000.0,17291500000.0,23636900000.0,23636900000.0,1683700000.0,0.184,0.376,0.467,0.273,0.0,4299200000.0,1.0,2391970534.0,2391970534.0,,9.882,18955400000.0,0.0,1848200000.0,5919700000.0,7.925,2644400000.0
24,MRK,MRY,1996-12-31,1996-12-31,1996-12-31,2021-08-25,0.0,24293100000.0,,7726600000.0,16566500000.0,,,-1196700000.0,1352400000.0,1352400000.0,9319200000.0,3881300000.0,1.6,1.029,1762000000.0,606100000.0,1155900000.0,1762000000.0,0.0,730900000.0,0.0,0.019,0.74,5540800000.0,6271700000.0,0.316,6271700000.0,5540800000.0,5540800000.0,1.6,1.56,1.6,11970500000.0,,11970500000.0,,,,4231000000.0,,1.0,10509500000.0,0.53,6736600000.0,0.0,13136900000.0,,2148800000.0,3328600000.0,829200000.0,2499400000.0,12322600000.0,4829200000.0,7493400000.0,,-495000000.0,0.0,-2051100000.0,-21300000.0,-1728900000.0,-3837300000.0,-1979300000.0,-639900000.0,5427700000.0,-106100000.0,3881300000.0,3881300000.0,3881300000.0,0.0,0.0,0.196,5328600000.0,5180900000.0,2937800000.0,0.463,,,24.881,5926700000.0,0.0,39.81,,,2655900000.0,14817700000.0,19828700000.0,19828700000.0,1487300000.0,,,,0.279,0.0,3841300000.0,1.0,,,,,17556500000.0,0.0,1659500000.0,4829900000.0,,2897400000.0
25,MRK,MRY,1995-12-31,1995-12-31,1995-12-31,2021-08-25,,,,,,,,-1005500000.0,,,7456300000.0,3335200000.0,,,,,,,,667200000.0,,0.02,0.64,4797200000.0,5464400000.0,0.328,5464400000.0,4797200000.0,4797200000.0,1.35,1.32,1.35,,,,,,,1938700000.0,,1.0,9224800000.0,0.553,,0.0,,,,,,,,,,,243400000.0,1321100000.0,-1306900000.0,481800000.0,-1539800000.0,-1401400000.0,-1322300000.0,-1342200000.0,2944200000.0,22900000.0,3335200000.0,3335200000.0,3335200000.0,0.0,0.0,0.2,4629200000.0,4595600000.0,,0.474,,,24.307,,0.0,32.815,,,,,16681100000.0,16681100000.0,1331400000.0,,,,0.288,0.0,3297800000.0,1.0,,,,,,,1462000000.0,,,
0,MRK,MRQ,2021-06-30,2021-06-30,2021-06-30,2021-08-25,-4628000000.0,90688000000.0,,28665000000.0,62023000000.0,,13.149,-934000000.0,8575000000.0,8575000000.0,3104000000.0,1545000000.0,1.309,1.721,26521000000.0,2488000000.0,24033000000.0,26521000000.0,0.0,690000000.0,0.0,0.033,0.65,2048000000.0,2738000000.0,0.24,2738000000.0,2048000000.0,2048000000.0,0.61,0.61,0.61,33294000000.0,,33294000000.0,221190178968.0,32.0,21.46,1556000000.0,0.615,1.0,8298000000.0,0.728,32495000000.0,0.0,54233000000.0,,5499000000.0,411000000.0,0.0,411000000.0,57300000000.0,21906000000.0,35394000000.0,196918178968.0,1619000000.0,-1630000000.0,-197000000.0,-4771000000.0,-1673000000.0,1758000000.0,-2707000000.0,0.0,2490000000.0,78000000.0,1545000000.0,1545000000.0,1545000000.0,-332000000.0,0.0,0.136,6684000000.0,1614000000.0,3897000000.0,1.066,5.915,35.347,35.35,18064000000.0,0.0,77.77,4.056,4.056,7843000000.0,48777000000.0,11402000000.0,11402000000.0,4321000000.0,,,,,123000000.0,2281000000.0,1.0,2532058364.0,2532058364.0,,4.503,58193000000.0,0.0,503000000.0,2460000000.0,22.982,6759000000.0
1,MRK,MRQ,2021-03-31,2021-03-31,2021-03-31,2021-08-25,-6622000000.0,90847000000.0,,26909000000.0,63938000000.0,,10.649,-1134000000.0,6981000000.0,6981000000.0,3670000000.0,3186000000.0,1.021,2.368,31253000000.0,7251000000.0,24002000000.0,31253000000.0,0.0,930000000.0,0.0,0.033,0.65,3455000000.0,4385000000.0,0.363,4385000000.0,3455000000.0,3455000000.0,1.26,1.25,1.26,26945000000.0,,26945000000.0,218791034846.0,26.0,18.321,657000000.0,0.26,1.0,8410000000.0,0.696,34613000000.0,0.0,54145000000.0,,6402000000.0,544000000.0,0.0,544000000.0,63808000000.0,26361000000.0,37447000000.0,195062034846.0,-1142000000.0,-14000000.0,9000000.0,-365000000.0,-1645000000.0,-2098000000.0,-738000000.0,385000000.0,1791000000.0,-97000000.0,3179000000.0,3179000000.0,3179000000.0,0.0,7000000.0,0.263,5396000000.0,3014000000.0,4034000000.0,0.516,7.239,27.755,27.73,18295000000.0,0.0,77.09,4.195,4.195,8235000000.0,48888000000.0,12080000000.0,12080000000.0,2465000000.0,,,,,120000000.0,2633000000.0,1.0,2530315668.0,2530315668.0,,4.774,56234000000.0,0.0,276000000.0,2694000000.0,22.224,548000000.0
2,MRK,MRQ,2020-12-31,2020-12-31,2020-12-31,2021-08-25,-6634000000.0,91588000000.0,,27764000000.0,63824000000.0,,10.007,-1514000000.0,8050000000.0,8050000000.0,5533000000.0,-2091000000.0,1.016,2.614,31791000000.0,6431000000.0,25360000000.0,31791000000.0,0.0,904000000.0,0.0,0.03,0.65,-1996000000.0,-1092000000.0,-0.087,-1092000000.0,-1996000000.0,-1996000000.0,-0.83,-0.83,-0.83,25317000000.0,,25317000000.0,228341816947.0,26.0,18.413,2492000000.0,0.985,1.0,6982000000.0,0.558,32983000000.0,0.0,55019000000.0,,5554000000.0,785000000.0,0.0,785000000.0,66184000000.0,27327000000.0,38857000000.0,206956816947.0,764000000.0,-4154000000.0,21000000.0,2857000000.0,-1542000000.0,1372000000.0,-4778000000.0,901000000.0,4006000000.0,164000000.0,-2094000000.0,-2094000000.0,-2094000000.0,0.0,3000000.0,-0.167,9231000000.0,-2249000000.0,4327000000.0,-0.783,8.175,29.285,29.319,17000000000.0,0.0,81.8,4.312,4.312,6803000000.0,47362000000.0,12515000000.0,12515000000.0,5837000000.0,,,,,121000000.0,3085000000.0,1.0,2530034437.0,2530034437.0,,4.947,58605000000.0,0.0,98000000.0,2602000000.0,23.164,437000000.0
3,MRK,MRQ,2020-09-30,2020-09-30,2020-09-30,2021-08-25,-6383000000.0,89800000000.0,,26577000000.0,63223000000.0,,11.539,-1516000000.0,7356000000.0,7356000000.0,3481000000.0,2945000000.0,1.302,2.074,28741000000.0,2420000000.0,26321000000.0,28741000000.0,0.0,852000000.0,0.0,0.029,0.61,3424000000.0,4276000000.0,0.341,4276000000.0,3424000000.0,3424000000.0,1.16,1.16,1.16,29186000000.0,,29186000000.0,229571546756.0,17.0,13.482,657000000.0,0.26,1.0,9070000000.0,0.723,36925000000.0,0.0,53855000000.0,,6128000000.0,1372000000.0,0.0,1372000000.0,60530000000.0,20405000000.0,40125000000.0,209800546756.0,-3746000000.0,-586000000.0,28000000.0,-2306000000.0,-1545000000.0,-3851000000.0,-2155000000.0,1000000.0,2173000000.0,87000000.0,2941000000.0,2941000000.0,2941000000.0,0.0,4000000.0,0.234,5954000000.0,3116000000.0,3744000000.0,0.526,7.188,18.215,18.231,16919000000.0,0.0,82.95,4.578,4.578,8422000000.0,51107000000.0,12551000000.0,12551000000.0,3390000000.0,,,,,125000000.0,2450000000.0,1.0,2529241070.0,2529241070.0,,4.962,52875000000.0,0.0,483000000.0,2761000000.0,20.905,6172000000.0
4,MRK,MRQ,2020-06-30,2020-06-30,2020-06-30,2021-08-25,-6393000000.0,90615000000.0,,29343000000.0,61272000000.0,,10.951,-567000000.0,11103000000.0,11103000000.0,2747000000.0,3002000000.0,1.323,2.274,30874000000.0,4718000000.0,26156000000.0,30874000000.0,0.0,975000000.0,0.0,0.031,0.61,3398000000.0,4373000000.0,0.468,4373000000.0,3398000000.0,3398000000.0,1.19,1.18,1.19,27642000000.0,,27642000000.0,215761745100.0,17.0,13.538,2800000000.0,1.109,1.0,6606000000.0,0.706,36633000000.0,0.0,51575000000.0,,6056000000.0,1251000000.0,0.0,1251000000.0,62871000000.0,22178000000.0,40693000000.0,195188745100.0,3687000000.0,-321000000.0,14000000.0,2828000000.0,-1577000000.0,1137000000.0,-882000000.0,48000000.0,3367000000.0,65000000.0,3002000000.0,3002000000.0,3002000000.0,-661000000.0,0.0,0.321,4252000000.0,2354000000.0,3448000000.0,0.513,7.061,18.628,18.724,15789000000.0,0.0,77.33,4.273,4.273,7577000000.0,49724000000.0,9353000000.0,9353000000.0,2085000000.0,,,,,105000000.0,2085000000.0,1.0,2524101191.0,2524101191.0,,3.705,53982000000.0,0.0,396000000.0,3357000000.0,21.387,7165000000.0
5,MRK,MRQ,2020-03-31,2020-03-31,2020-03-31,2021-08-25,-6391000000.0,84913000000.0,,26174000000.0,58739000000.0,,10.332,-986000000.0,7425000000.0,7425000000.0,3312000000.0,3219000000.0,1.115,2.237,27998000000.0,6361000000.0,21637000000.0,27998000000.0,0.0,821000000.0,0.0,0.03,0.61,3838000000.0,4659000000.0,0.386,4659000000.0,3838000000.0,3838000000.0,1.27,1.26,1.27,26205000000.0,,26205000000.0,211810518394.0,17.0,13.386,-279000000.0,-0.11,1.0,8745000000.0,0.725,35863000000.0,0.0,46140000000.0,,5846000000.0,562000000.0,7000000.0,555000000.0,58613000000.0,23483000000.0,35130000000.0,195140518394.0,-2474000000.0,-2545000000.0,-1255000000.0,1632000000.0,-1551000000.0,-1490000000.0,-1628000000.0,1767000000.0,707000000.0,-63000000.0,3219000000.0,3219000000.0,3219000000.0,0.0,0.0,0.267,4836000000.0,3909000000.0,3572000000.0,0.48,7.447,19.233,19.332,15269000000.0,0.0,76.94,4.058,4.058,8182000000.0,48272000000.0,12057000000.0,12057000000.0,2209000000.0,,,,,108000000.0,2555000000.0,1.0,2536268760.0,2536268760.0,,4.754,49050000000.0,0.0,619000000.0,2976000000.0,19.339,2691000000.0
6,MRK,MRQ,2019-12-31,2019-12-31,2019-12-31,2021-08-25,-6193000000.0,84397000000.0,,27483000000.0,56914000000.0,,10.176,-1137000000.0,9676000000.0,9676000000.0,3669000000.0,2363000000.0,1.237,2.254,26346000000.0,3610000000.0,22736000000.0,26346000000.0,0.0,936000000.0,0.0,0.025,0.61,2784000000.0,3720000000.0,0.313,3720000000.0,2784000000.0,2784000000.0,0.93,0.92,0.93,25907000000.0,,25907000000.0,249776257715.0,22.0,16.452,3657000000.0,1.436,1.0,8199000000.0,0.691,33621000000.0,0.0,45226000000.0,,5978000000.0,2243000000.0,774000000.0,1469000000.0,58396000000.0,22220000000.0,36176000000.0,231557257715.0,2063000000.0,-25000000.0,-1033000000.0,182000000.0,-1405000000.0,-2011000000.0,-763000000.0,341000000.0,4794000000.0,43000000.0,2356000000.0,2356000000.0,2356000000.0,0.0,7000000.0,0.199,5631000000.0,2568000000.0,3738000000.0,0.656,8.938,23.525,23.685,15053000000.0,0.0,90.95,4.944,4.944,6778000000.0,46602000000.0,11868000000.0,11868000000.0,2548000000.0,,,,,111000000.0,2889000000.0,1.0,2545984142.0,2545984142.0,,4.661,50776000000.0,0.0,428000000.0,2206000000.0,19.944,5263000000.0
7,MRK,MRQ,2019-09-30,2019-09-30,2019-09-30,2021-08-25,-5390000000.0,83331000000.0,,26142000000.0,57189000000.0,,10.482,-959000000.0,7869000000.0,7869000000.0,3990000000.0,1907000000.0,1.264,2.102,26088000000.0,3411000000.0,22677000000.0,26088000000.0,0.0,845000000.0,0.0,0.026,0.55,2341000000.0,3186000000.0,0.257,3186000000.0,2341000000.0,2341000000.0,0.74,0.74,0.74,26838000000.0,,26838000000.0,235460337448.0,21.0,15.58,3267000000.0,1.276,1.0,8407000000.0,0.678,31787000000.0,0.0,49079000000.0,,5855000000.0,2260000000.0,149000000.0,2111000000.0,56406000000.0,20684000000.0,35722000000.0,215532337448.0,1211000000.0,-1039000000.0,-1365000000.0,-360000000.0,-1394000000.0,-3152000000.0,191000000.0,1954000000.0,4226000000.0,-54000000.0,1901000000.0,1901000000.0,1901000000.0,0.0,6000000.0,0.153,6025000000.0,2382000000.0,3198000000.0,0.743,8.031,23.143,23.319,14287000000.0,0.0,84.18,4.688,4.688,8442000000.0,45804000000.0,12397000000.0,12397000000.0,3204000000.0,,,,,102000000.0,2589000000.0,1.0,2560374643.0,2560374643.0,,4.842,51544000000.0,0.0,440000000.0,2833000000.0,20.131,5458000000.0
8,MRK,MRQ,2019-06-30,2019-06-30,2019-06-30,2021-08-25,-5362000000.0,83965000000.0,,24298000000.0,59667000000.0,,10.734,-782000000.0,6659000000.0,6659000000.0,3401000000.0,2644000000.0,1.21,2.035,26587000000.0,3816000000.0,22771000000.0,26587000000.0,0.0,973000000.0,0.0,0.025,0.55,3285000000.0,4258000000.0,0.362,4258000000.0,3285000000.0,3285000000.0,1.04,1.03,1.04,27635000000.0,,27635000000.0,233703933778.0,20.0,14.906,2302000000.0,0.894,1.0,8359000000.0,0.711,32871000000.0,0.0,50937000000.0,,5847000000.0,4225000000.0,446000000.0,3779000000.0,56228000000.0,20085000000.0,36143000000.0,215883933778.0,-1417000000.0,-3890000000.0,-1104000000.0,603000000.0,-1468000000.0,-2084000000.0,-2425000000.0,2200000000.0,3084000000.0,8000000.0,2670000000.0,2670000000.0,2670000000.0,0.0,-26000000.0,0.227,4960000000.0,3399000000.0,3142000000.0,0.529,7.812,23.06,23.292,13862000000.0,0.0,83.85,4.866,4.866,7964000000.0,45295000000.0,11760000000.0,11760000000.0,2189000000.0,,,,,111000000.0,2712000000.0,1.0,2574644410.0,2574644410.0,,4.568,51094000000.0,0.0,615000000.0,2723000000.0,19.845,4213000000.0
9,MRK,MRQ,2019-03-31,2019-03-31,2019-03-31,2021-08-25,-5346000000.0,82354000000.0,,25351000000.0,57003000000.0,,10.669,-595000000.0,8076000000.0,8076000000.0,3052000000.0,2862000000.0,1.367,1.986,25896000000.0,3175000000.0,22721000000.0,25896000000.0,0.0,898000000.0,0.0,0.025,0.55,3120000000.0,4018000000.0,0.371,4018000000.0,3120000000.0,3120000000.0,1.13,1.12,1.13,27539000000.0,,27539000000.0,231829093016.0,22.0,15.678,741000000.0,0.287,1.0,7764000000.0,0.718,29169000000.0,0.0,52462000000.0,,5712000000.0,6343000000.0,722000000.0,5621000000.0,54684000000.0,18543000000.0,36141000000.0,214680093016.0,110000000.0,0.0,-917000000.0,823000000.0,-1428000000.0,-1614000000.0,368000000.0,925000000.0,1336000000.0,20000000.0,2915000000.0,2915000000.0,2915000000.0,0.0,-53000000.0,0.27,4509000000.0,3255000000.0,3018000000.0,0.487,7.795,25.56,25.991,13506000000.0,0.0,83.17,4.984,4.984,7608000000.0,44065000000.0,10816000000.0,10816000000.0,1931000000.0,,,,,93000000.0,2425000000.0,1.0,2581220308.0,2581220308.0,,4.19,53185000000.0,0.0,205000000.0,2642000000.0,20.605,6808000000.0
10,MRK,MRQ,2018-12-31,2018-12-31,2018-12-31,2021-08-25,-5545000000.0,82637000000.0,,25875000000.0,56762000000.0,,10.268,-929000000.0,7965000000.0,7965000000.0,3289000000.0,1778000000.0,1.165,2.088,25114000000.0,5308000000.0,19806000000.0,25114000000.0,0.0,998000000.0,0.0,0.026,0.55,2653000000.0,3651000000.0,0.332,3651000000.0,2653000000.0,2653000000.0,0.7,0.69,0.7,26701000000.0,,26701000000.0,214460768365.0,25.0,16.189,2663000000.0,1.024,1.0,7709000000.0,0.701,31357000000.0,0.0,46223000000.0,,5440000000.0,7132000000.0,899000000.0,6233000000.0,55755000000.0,22206000000.0,33549000000.0,198694768365.0,139000000.0,-59000000.0,-5803000000.0,1550000000.0,-1277000000.0,-5566000000.0,2178000000.0,2914000000.0,3592000000.0,-65000000.0,1827000000.0,1827000000.0,1827000000.0,0.0,-49000000.0,0.166,4995000000.0,2714000000.0,3318000000.0,0.786,7.441,31.944,32.654,13291000000.0,0.0,76.41,4.698,4.698,7071000000.0,42579000000.0,10998000000.0,10998000000.0,2214000000.0,,,,,87000000.0,2643000000.0,1.0,2600376500.0,2600376500.0,,4.229,51280000000.0,0.0,826000000.0,3673000000.0,19.72,3669000000.0
11,MRK,MRQ,2018-09-30,2018-09-30,2018-09-30,2021-08-25,-5151000000.0,85130000000.0,,26836000000.0,58294000000.0,,12.191,-653000000.0,7826000000.0,7826000000.0,3619000000.0,1958000000.0,1.444,1.618,23592000000.0,3656000000.0,19936000000.0,23592000000.0,0.0,1094000000.0,0.0,0.027,0.48,2657000000.0,3751000000.0,0.348,3751000000.0,2657000000.0,2657000000.0,0.73,0.73,0.73,32422000000.0,,32422000000.0,206694725562.0,26.0,16.361,2140000000.0,0.805,1.0,7175000000.0,0.665,30433000000.0,0.0,51877000000.0,,5416000000.0,10065000000.0,2459000000.0,7606000000.0,52474000000.0,18586000000.0,33888000000.0,188666725562.0,2516000000.0,0.0,-834000000.0,226000000.0,-1285000000.0,-1905000000.0,1660000000.0,2189000000.0,2793000000.0,-32000000.0,1950000000.0,1950000000.0,1950000000.0,0.0,8000000.0,0.181,4682000000.0,2493000000.0,3091000000.0,0.658,5.819,56.369,56.302,12755000000.0,0.0,70.94,4.521,4.521,7374000000.0,42189000000.0,10794000000.0,10794000000.0,2068000000.0,,,,,91000000.0,2443000000.0,1.0,2659525311.0,2659525311.0,,4.059,54697000000.0,0.0,707000000.0,2824000000.0,20.566,8250000000.0
12,MRK,MRQ,2018-06-30,2018-06-30,2018-06-30,2021-08-25,-5122000000.0,85040000000.0,,24064000000.0,60976000000.0,,12.091,-583000000.0,5310000000.0,5310000000.0,3417000000.0,1716000000.0,1.327,1.607,23338000000.0,3379000000.0,19959000000.0,23338000000.0,0.0,1290000000.0,0.0,0.031,0.48,2077000000.0,3367000000.0,0.322,3367000000.0,2077000000.0,2077000000.0,0.64,0.63,0.64,32529000000.0,,32529000000.0,182374446609.0,33.0,17.826,2799000000.0,1.04,1.0,7048000000.0,0.673,31172000000.0,0.0,53768000000.0,,5178000000.0,12317000000.0,2284000000.0,10033000000.0,52274000000.0,18128000000.0,34146000000.0,163301446609.0,826000000.0,-372000000.0,-1527000000.0,65000000.0,-1311000000.0,-2967000000.0,673000000.0,1633000000.0,3382000000.0,-262000000.0,1707000000.0,1707000000.0,1707000000.0,0.0,9000000.0,0.163,5010000000.0,2038000000.0,3024000000.0,0.75,5.02,121.776,119.02,12626000000.0,0.0,60.7,3.958,3.958,7287000000.0,41523000000.0,10465000000.0,10465000000.0,2274000000.0,,,,,90000000.0,2508000000.0,1.0,2690303898.0,2690303898.0,,3.89,53868000000.0,0.0,370000000.0,2820000000.0,20.023,5936000000.0
13,MRK,MRQ,2018-03-31,2018-03-31,2018-03-31,2021-08-25,-5060000000.0,86041000000.0,,24085000000.0,61956000000.0,,12.487,-450000000.0,4483000000.0,4483000000.0,3184000000.0,741000000.0,1.42,1.549,23556000000.0,2055000000.0,21501000000.0,23556000000.0,0.0,1137000000.0,0.0,0.035,0.48,1340000000.0,2477000000.0,0.247,2477000000.0,1340000000.0,1340000000.0,0.27,0.27,0.27,33668000000.0,,33668000000.0,165179496644.0,28.0,15.792,705000000.0,0.261,1.0,6853000000.0,0.683,31804000000.0,0.0,56350000000.0,,5382000000.0,13896000000.0,2863000000.0,11033000000.0,52140000000.0,16960000000.0,35180000000.0,146861496644.0,-1610000000.0,0.0,-336000000.0,-1004000000.0,-1299000000.0,-2722000000.0,-197000000.0,522000000.0,1155000000.0,154000000.0,736000000.0,736000000.0,736000000.0,0.0,5000000.0,0.073,5799000000.0,1054000000.0,3162000000.0,1.778,4.362,92.95,93.914,12561000000.0,0.0,54.47,3.606,3.606,7245000000.0,41107000000.0,10037000000.0,10037000000.0,3196000000.0,,,,,80000000.0,2508000000.0,1.0,2696190502.0,2696190502.0,,3.723,54237000000.0,0.0,604000000.0,2923000000.0,20.116,7125000000.0
14,MRK,MRQ,2017-12-31,2017-12-31,2017-12-31,2021-08-25,-4910000000.0,87872000000.0,,24766000000.0,63106000000.0,,12.603,-715000000.0,6092000000.0,6092000000.0,3440000000.0,-1038000000.0,1.331,1.552,24410000000.0,3057000000.0,21353000000.0,24410000000.0,0.0,1167000000.0,0.0,0.034,0.48,1871000000.0,3038000000.0,0.291,3038000000.0,1871000000.0,1871000000.0,-0.38,-0.38,-0.38,34336000000.0,,34336000000.0,172398060705.0,27.0,15.43,3304000000.0,1.213,1.0,6993000000.0,0.67,32467000000.0,0.0,55109000000.0,,5096000000.0,14531000000.0,2406000000.0,12125000000.0,53303000000.0,18614000000.0,34689000000.0,153304060705.0,-1805000000.0,-49000000.0,-1684000000.0,-2790000000.0,-1283000000.0,-5785000000.0,-58000000.0,789000000.0,4019000000.0,19000000.0,-1046000000.0,-1046000000.0,-1046000000.0,0.0,8000000.0,-0.1,5263000000.0,1730000000.0,3102000000.0,-1.263,4.465,64.037,63.943,12439000000.0,0.0,56.27,3.821,3.821,6873000000.0,41350000000.0,10433000000.0,10433000000.0,2315000000.0,,,,,80000000.0,2642000000.0,1.0,2724436835.0,2724436835.0,,3.829,55405000000.0,0.0,2917000000.0,2927000000.0,20.336,6152000000.0
15,MRK,MRQ,2017-09-30,2017-09-30,2017-09-30,2021-08-25,-4945000000.0,91676000000.0,,27919000000.0,63757000000.0,,14.024,-441000000.0,7901000000.0,7901000000.0,3307000000.0,-51000000.0,1.434,1.39,26995000000.0,5157000000.0,21838000000.0,26995000000.0,0.0,1154000000.0,0.0,0.029,0.47,195000000.0,1349000000.0,0.131,1349000000.0,195000000.0,195000000.0,-0.02,-0.02,-0.02,38248000000.0,,38248000000.0,191733498390.0,59.0,24.096,-1612000000.0,-0.591,1.0,7018000000.0,0.68,33478000000.0,0.0,57825000000.0,,5263000000.0,15500000000.0,3294000000.0,12206000000.0,53177000000.0,19467000000.0,33710000000.0,174632498390.0,115000000.0,0.0,-86000000.0,1986000000.0,-1283000000.0,536000000.0,671000000.0,1053000000.0,-1171000000.0,79000000.0,-56000000.0,-56000000.0,-56000000.0,0.0,5000000.0,-0.005,7025000000.0,-7000000.0,2620000000.0,-23.5,4.566,61.361,61.567,12189000000.0,0.0,64.03,4.387,4.387,7671000000.0,43701000000.0,10325000000.0,10325000000.0,4413000000.0,,,,,76000000.0,2459000000.0,1.0,2727354340.0,2727354340.0,,3.786,58198000000.0,0.0,251000000.0,4555000000.0,21.339,8452000000.0
16,MRK,MRQ,2017-06-30,2017-06-30,2017-06-30,2021-08-25,-5094000000.0,92804000000.0,,28167000000.0,64637000000.0,,14.428,-393000000.0,7786000000.0,7786000000.0,3116000000.0,1951000000.0,1.502,1.345,24887000000.0,3181000000.0,21706000000.0,24887000000.0,0.0,1162000000.0,0.0,0.029,0.47,2434000000.0,3596000000.0,0.362,3596000000.0,2434000000.0,2434000000.0,0.71,0.71,0.71,39463000000.0,,39463000000.0,192062693446.0,32.0,18.007,2924000000.0,1.069,1.0,6814000000.0,0.686,34477000000.0,0.0,56670000000.0,,5407000000.0,16319000000.0,4181000000.0,12138000000.0,53092000000.0,18758000000.0,34334000000.0,175296693446.0,-3922000000.0,-41000000.0,-1039000000.0,-3809000000.0,-1307000000.0,-6218000000.0,-1127000000.0,-807000000.0,3317000000.0,106000000.0,1946000000.0,1946000000.0,1946000000.0,0.0,5000000.0,0.196,4448000000.0,2366000000.0,2934000000.0,0.662,4.442,34.467,34.643,12094000000.0,0.0,64.09,4.381,4.381,7439000000.0,45046000000.0,9930000000.0,9930000000.0,1782000000.0,,,,,82000000.0,2500000000.0,1.0,2735164510.0,2735164510.0,,3.63,58327000000.0,0.0,488000000.0,6539000000.0,21.325,9409000000.0
17,MRK,MRQ,2017-03-31,2017-03-31,2017-03-31,2021-08-25,-5080000000.0,96561000000.0,,31530000000.0,65031000000.0,,14.51,-339000000.0,11708000000.0,11708000000.0,3049000000.0,1556000000.0,1.591,1.418,28474000000.0,5037000000.0,23437000000.0,28474000000.0,0.0,1193000000.0,0.0,0.029,0.47,1998000000.0,3191000000.0,0.338,3191000000.0,1998000000.0,1998000000.0,0.56,0.56,0.56,39837000000.0,,39837000000.0,192780585597.0,38.0,19.049,-53000000.0,-0.019,1.0,6385000000.0,0.677,35221000000.0,0.0,58283000000.0,,5146000000.0,15437000000.0,3541000000.0,11896000000.0,56473000000.0,19823000000.0,36650000000.0,174453585597.0,5193000000.0,-306000000.0,-706000000.0,3484000000.0,-1294000000.0,1461000000.0,3193000000.0,3890000000.0,286000000.0,253000000.0,1551000000.0,1551000000.0,1551000000.0,0.0,5000000.0,0.164,4453000000.0,1932000000.0,2484000000.0,0.839,4.379,40.15,40.215,12042000000.0,0.0,63.54,4.369,4.369,7066000000.0,44387000000.0,9434000000.0,9434000000.0,1830000000.0,,,,,74000000.0,2472000000.0,1.0,2745571067.0,2745571067.0,,3.436,61340000000.0,0.0,447000000.0,7219000000.0,22.341,11707000000.0
18,MRK,MRQ,2016-12-31,2016-12-31,2016-12-31,2021-08-25,-5226000000.0,95377000000.0,,30614000000.0,64763000000.0,,14.54,-551000000.0,6515000000.0,6515000000.0,3471000000.0,-587000000.0,1.779,1.374,24842000000.0,568000000.0,24274000000.0,24842000000.0,0.0,1185000000.0,0.0,0.031,0.47,-1364000000.0,-179000000.0,-0.018,-179000000.0,-1364000000.0,-1364000000.0,-0.21,-0.21,-0.21,40088000000.0,,40088000000.0,179548685626.0,39.0,17.761,3081000000.0,1.117,1.0,6644000000.0,0.657,35467000000.0,0.0,61033000000.0,,4866000000.0,19242000000.0,7826000000.0,11416000000.0,55069000000.0,17204000000.0,37865000000.0,162312685626.0,-1392000000.0,-2000000.0,-867000000.0,170000000.0,-1271000000.0,-1977000000.0,-2563000000.0,-2514000000.0,3632000000.0,-484000000.0,-595000000.0,-595000000.0,-595000000.0,0.0,8000000.0,-0.059,7899000000.0,-1255000000.0,2807000000.0,-2.238,4.049,41.406,41.458,12026000000.0,0.0,58.87,4.077,4.077,7018000000.0,44133000000.0,10115000000.0,10115000000.0,4786000000.0,,,,,75000000.0,2848000000.0,1.0,2757137517.0,2757137517.0,,3.669,59910000000.0,0.0,-769000000.0,7316000000.0,21.729,13410000000.0
19,MRK,MRQ,2016-09-30,2016-09-30,2016-09-30,2021-08-25,-4252000000.0,98335000000.0,,29440000000.0,68895000000.0,,15.819,-409000000.0,7907000000.0,7907000000.0,3409000000.0,2188000000.0,1.893,1.243,25143000000.0,1487000000.0,23656000000.0,25143000000.0,0.0,1175000000.0,0.0,0.029,0.46,2883000000.0,4058000000.0,0.385,4058000000.0,2883000000.0,2883000000.0,0.79,0.78,0.79,43744000000.0,,43744000000.0,190254643949.0,28.0,15.029,2562000000.0,0.927,1.0,7127000000.0,0.676,38766000000.0,0.0,61250000000.0,,5244000000.0,16817000000.0,5160000000.0,11657000000.0,54378000000.0,15555000000.0,38823000000.0,172576643949.0,1299000000.0,-621000000.0,-436000000.0,883000000.0,-1274000000.0,-835000000.0,-890000000.0,183000000.0,2971000000.0,53000000.0,2184000000.0,2184000000.0,2184000000.0,0.0,4000000.0,0.207,4218000000.0,2909000000.0,2481000000.0,0.582,3.945,31.429,31.362,12029000000.0,0.0,62.41,4.324,4.324,7364000000.0,46028000000.0,10536000000.0,10536000000.0,1664000000.0,,,,,77000000.0,2393000000.0,1.0,2765208203.0,2765208203.0,,3.81,59569000000.0,0.0,699000000.0,7582000000.0,21.542,13885000000.0
20,MRK,MRQ,2016-06-30,2016-06-30,2016-06-30,2021-08-25,-4086000000.0,96475000000.0,,27926000000.0,68549000000.0,,15.664,-375000000.0,6608000000.0,6608000000.0,3578000000.0,1209000000.0,1.872,1.223,24286000000.0,644000000.0,23642000000.0,24286000000.0,0.0,1550000000.0,0.0,0.032,0.46,1500000000.0,3050000000.0,0.31,3050000000.0,1500000000.0,1500000000.0,0.44,0.43,0.44,43357000000.0,,43357000000.0,175518940298.0,28.0,13.971,1225000000.0,0.443,1.0,6266000000.0,0.637,38124000000.0,0.0,61111000000.0,,5248000000.0,17105000000.0,5226000000.0,11879000000.0,53029000000.0,14918000000.0,38111000000.0,159465940298.0,-3108000000.0,-10000000.0,-481000000.0,-1509000000.0,-1300000000.0,-3366000000.0,-1498000000.0,-1220000000.0,1600000000.0,156000000.0,1205000000.0,1205000000.0,1205000000.0,0.0,4000000.0,0.122,4743000000.0,1523000000.0,2514000000.0,1.045,3.678,31.067,31.141,11987000000.0,0.0,57.61,4.043,4.043,6916000000.0,45121000000.0,9844000000.0,9844000000.0,2151000000.0,,,,,80000000.0,2458000000.0,1.0,2768025348.0,2768025348.0,,3.556,58351000000.0,0.0,295000000.0,7304000000.0,21.08,13008000000.0
21,MRK,MRQ,2016-03-31,2016-03-31,2016-03-31,2021-08-25,-4194000000.0,98755000000.0,,28772000000.0,69983000000.0,,15.784,-279000000.0,9716000000.0,9716000000.0,3572000000.0,1130000000.0,1.638,1.252,25769000000.0,2113000000.0,23656000000.0,25769000000.0,0.0,1561000000.0,0.0,0.034,0.46,1619000000.0,3180000000.0,0.341,3180000000.0,1619000000.0,1619000000.0,0.41,0.4,0.41,43806000000.0,,43806000000.0,164828932050.0,29.0,13.82,1894000000.0,0.682,1.0,5740000000.0,0.616,39148000000.0,0.0,58092000000.0,,5102000000.0,15781000000.0,3227000000.0,12554000000.0,54854000000.0,17568000000.0,37286000000.0,146838932050.0,1192000000.0,-147000000.0,-711000000.0,-851000000.0,-1279000000.0,-2866000000.0,1741000000.0,2253000000.0,2173000000.0,144000000.0,1125000000.0,1125000000.0,1125000000.0,0.0,5000000.0,0.121,4068000000.0,1672000000.0,2241000000.0,1.122,3.352,31.818,32.067,12360000000.0,0.0,52.91,3.728,3.728,6850000000.0,45192000000.0,9312000000.0,9312000000.0,1659000000.0,,,,,68000000.0,2318000000.0,1.0,2775258591.0,2775258591.0,,3.355,59607000000.0,0.0,494000000.0,8120000000.0,21.478,11204000000.0
22,MRK,MRQ,2015-12-31,2015-12-31,2015-12-31,2021-08-25,-4148000000.0,101677000000.0,,29751000000.0,71926000000.0,,15.993,-493000000.0,8524000000.0,8524000000.0,3850000000.0,982000000.0,1.549,1.274,26412000000.0,2583000000.0,23829000000.0,26412000000.0,0.0,1560000000.0,0.0,0.034,0.46,811000000.0,2371000000.0,0.232,2371000000.0,811000000.0,811000000.0,0.35,0.34,0.35,44676000000.0,,44676000000.0,166673948496.0,31.0,14.174,3753000000.0,1.343,1.0,6365000000.0,0.623,40325000000.0,0.0,60039000000.0,,4700000000.0,17942000000.0,4903000000.0,13039000000.0,56910000000.0,19201000000.0,37709000000.0,147554948496.0,976000000.0,129000000.0,-1130000000.0,-15000000.0,-1263000000.0,-2406000000.0,-617000000.0,-374000000.0,4246000000.0,-247000000.0,977000000.0,977000000.0,977000000.0,0.0,5000000.0,0.096,4646000000.0,1719000000.0,2533000000.0,1.314,3.303,33.218,33.43,12507000000.0,0.0,52.82,3.736,3.736,6484000000.0,45348000000.0,10215000000.0,10215000000.0,1798000000.0,,,,,78000000.0,2615000000.0,1.0,2793543137.0,2793543137.0,,3.657,61352000000.0,0.0,-166000000.0,8095000000.0,21.962,10550000000.0
23,MRK,MRQ,2015-09-30,2015-09-30,2015-09-30,2021-08-25,-4573000000.0,101232000000.0,,28567000000.0,72665000000.0,,16.185,-316000000.0,7548000000.0,7548000000.0,3761000000.0,1831000000.0,1.625,1.219,26667000000.0,2543000000.0,24124000000.0,26667000000.0,0.0,1570000000.0,0.0,0.036,0.45,2392000000.0,3962000000.0,0.393,3962000000.0,2392000000.0,2392000000.0,0.65,0.64,0.65,45587000000.0,,45587000000.0,158743603638.0,10.0,6.974,2995000000.0,1.063,1.0,6312000000.0,0.627,41485000000.0,0.0,61283000000.0,,5123000000.0,17621000000.0,4541000000.0,13080000000.0,55553000000.0,17583000000.0,37970000000.0,139113603638.0,626000000.0,16000000.0,-1224000000.0,1000000.0,-1272000000.0,-2539000000.0,-61000000.0,99000000.0,3311000000.0,-85000000.0,1826000000.0,1826000000.0,1826000000.0,0.0,5000000.0,0.181,4085000000.0,2227000000.0,2023000000.0,0.692,3.052,12.902,13.101,12482000000.0,0.0,49.39,3.498,3.498,6414000000.0,45660000000.0,10073000000.0,10073000000.0,1500000000.0,,,,,75000000.0,2472000000.0,1.0,2816635020.0,2816635020.0,,3.576,59747000000.0,4941000000.0,566000000.0,8078000000.0,21.212,10984000000.0
24,MRK,MRQ,2015-06-30,2015-06-30,2015-06-30,2021-08-25,-4332000000.0,102582000000.0,,28319000000.0,74263000000.0,,16.44,-271000000.0,6922000000.0,6922000000.0,3754000000.0,688000000.0,1.617,1.204,26552000000.0,2483000000.0,24069000000.0,26552000000.0,0.0,1608000000.0,0.0,0.031,0.45,806000000.0,2414000000.0,0.247,2414000000.0,806000000.0,806000000.0,0.24,0.24,0.24,46448000000.0,,46448000000.0,183093874171.0,12.0,8.34,2426000000.0,0.859,1.0,6031000000.0,0.616,42457000000.0,0.0,62247000000.0,,5306000000.0,17781000000.0,4448000000.0,13333000000.0,55944000000.0,17508000000.0,38436000000.0,160839874171.0,-1058000000.0,25000000.0,-574000000.0,-3710000000.0,-1302000000.0,-5597000000.0,2525000000.0,2759000000.0,2697000000.0,-683000000.0,687000000.0,687000000.0,687000000.0,0.0,1000000.0,0.07,4485000000.0,1546000000.0,2335000000.0,1.875,3.463,16.327,16.598,12630000000.0,0.0,56.93,3.996,3.996,6510000000.0,45103000000.0,9785000000.0,9785000000.0,1670000000.0,,,,,83000000.0,2624000000.0,1.0,2825221749.0,2825221749.0,,3.463,60125000000.0,5133000000.0,119000000.0,8332000000.0,21.282,10811000000.0
25,MRK,MRQ,2015-03-31,2015-03-31,2015-03-31,2021-08-25,-4167000000.0,108345000000.0,,32927000000.0,75418000000.0,,16.829,-203000000.0,7980000000.0,7980000000.0,3569000000.0,958000000.0,1.611,1.265,30234000000.0,4728000000.0,25506000000.0,30234000000.0,0.0,1637000000.0,0.0,0.031,0.45,1376000000.0,3013000000.0,0.32,3013000000.0,1376000000.0,1376000000.0,0.34,0.33,0.34,47765000000.0,,47765000000.0,177101329789.0,11.0,7.649,2081000000.0,0.733,1.0,5856000000.0,0.621,43820000000.0,0.0,66337000000.0,,5539000000.0,20713000000.0,7621000000.0,13092000000.0,60428000000.0,20442000000.0,39986000000.0,163139329789.0,539000000.0,-7598000000.0,-773000000.0,7216000000.0,-1280000000.0,5155000000.0,-6605000000.0,1248000000.0,2284000000.0,-295000000.0,953000000.0,953000000.0,953000000.0,0.0,5000000.0,0.101,4420000000.0,1436000000.0,2091000000.0,1.324,3.415,14.608,14.814,12910000000.0,0.0,57.48,3.941,3.941,6670000000.0,45692000000.0,9425000000.0,9425000000.0,1737000000.0,,,,,63000000.0,2601000000.0,1.0,2838192933.0,2838192933.0,,3.321,64525000000.0,5117000000.0,423000000.0,9253000000.0,22.735,12485000000.0
26,MRK,MRQ,2014-12-31,2014-12-31,2014-12-31,2021-08-25,-4323000000.0,98167000000.0,,32605000000.0,65562000000.0,,17.064,-490000000.0,7441000000.0,7441000000.0,3749000000.0,7327000000.0,1.772,1.015,21403000000.0,2704000000.0,18699000000.0,21403000000.0,0.0,1573000000.0,0.0,0.031,0.45,11800000000.0,13373000000.0,1.276,13373000000.0,11800000000.0,11800000000.0,2.54,2.5,2.54,48647000000.0,,48647000000.0,178372098739.0,10.0,7.445,-1525000000.0,-0.535,1.0,6733000000.0,0.642,33378000000.0,0.0,60354000000.0,,5571000000.0,21793000000.0,8278000000.0,13515000000.0,49376000000.0,18397000000.0,30979000000.0,161901098739.0,-3929000000.0,12891000000.0,-1441000000.0,-7002000000.0,-1259000000.0,-9772000000.0,7204000000.0,-5211000000.0,-1035000000.0,-326000000.0,7316000000.0,7316000000.0,7316000000.0,0.0,11000000.0,0.698,5557000000.0,1176000000.0,2625000000.0,0.177,3.328,13.582,13.784,13136000000.0,0.0,56.79,3.833,3.833,6626000000.0,46021000000.0,10482000000.0,10482000000.0,2283000000.0,,,,,69000000.0,2925000000.0,1.0,2850873371.0,2850873371.0,,3.677,64789000000.0,0.0,4484000000.0,5704000000.0,22.726,14208000000.0
27,MRK,MRQ,2014-09-30,2014-09-30,2014-09-30,2021-08-25,-2998000000.0,101808000000.0,,34723000000.0,67085000000.0,,15.678,-320000000.0,11370000000.0,11370000000.0,4223000000.0,842000000.0,1.339,1.248,27841000000.0,9275000000.0,18566000000.0,27841000000.0,0.0,1611000000.0,0.0,0.03,0.44,1543000000.0,3154000000.0,0.299,3154000000.0,1543000000.0,1543000000.0,0.31,0.31,0.31,45224000000.0,,45224000000.0,184324986916.0,28.0,13.422,4028000000.0,1.396,1.0,6334000000.0,0.6,33566000000.0,0.0,58786000000.0,,5819000000.0,16469000000.0,2977000000.0,13492000000.0,56448000000.0,25927000000.0,30521000000.0,171000986916.0,1627000000.0,-3210000000.0,-2423000000.0,4961000000.0,-1282000000.0,1279000000.0,-3722000000.0,-146000000.0,4348000000.0,-278000000.0,895000000.0,895000000.0,895000000.0,0.0,-53000000.0,0.085,5010000000.0,1324000000.0,2279000000.0,1.419,3.781,31.755,32.043,13438000000.0,0.0,59.28,3.97,3.97,6515000000.0,39989000000.0,10557000000.0,10557000000.0,1659000000.0,,,,,75000000.0,2975000000.0,1.0,2884632033.0,2884632033.0,,3.66,68242000000.0,4740000000.0,648000000.0,7454000000.0,23.657,8796000000.0
28,MRK,MRQ,2014-06-30,2014-06-30,2014-06-30,2021-08-25,-2444000000.0,97860000000.0,,33587000000.0,64273000000.0,,16.547,-302000000.0,9743000000.0,9743000000.0,4893000000.0,2033000000.0,1.873,1.02,23067000000.0,4477000000.0,18590000000.0,23067000000.0,0.0,1753000000.0,0.0,0.03,0.44,1862000000.0,3615000000.0,0.331,3615000000.0,1862000000.0,1862000000.0,0.69,0.68,0.69,48358000000.0,,48358000000.0,181379465715.0,27.0,13.16,2013000000.0,0.689,1.0,6041000000.0,0.552,30619000000.0,0.0,62637000000.0,,6136000000.0,16270000000.0,3652000000.0,12618000000.0,49344000000.0,17928000000.0,31416000000.0,169059465715.0,-6085000000.0,444000000.0,-2043000000.0,-5036000000.0,-1339000000.0,-8369000000.0,-49000000.0,-85000000.0,2315000000.0,18000000.0,2004000000.0,2004000000.0,2004000000.0,0.0,29000000.0,0.183,4800000000.0,1241000000.0,2326000000.0,0.638,3.496,30.114,30.13,13893000000.0,0.0,57.85,3.882,3.882,7022000000.0,40366000000.0,10934000000.0,10934000000.0,1664000000.0,,,,,78000000.0,2973000000.0,1.0,2922376244.0,2922376244.0,,3.741,67241000000.0,3659000000.0,-142000000.0,4843000000.0,23.009,15659000000.0
29,MRK,MRQ,2014-03-31,2014-03-31,2014-03-31,2021-08-25,-2179000000.0,108460000000.0,,41240000000.0,67220000000.0,,16.995,-205000000.0,15828000000.0,15828000000.0,3903000000.0,1731000000.0,1.835,1.118,28148000000.0,8559000000.0,19589000000.0,28148000000.0,0.0,1754000000.0,0.0,0.031,0.44,2065000000.0,3819000000.0,0.372,3819000000.0,2065000000.0,2065000000.0,0.58,0.57,0.58,49975000000.0,,49975000000.0,176378137111.0,30.0,13.527,2156000000.0,0.733,1.0,6361000000.0,0.62,32637000000.0,0.0,65673000000.0,,6376000000.0,16141000000.0,4685000000.0,11456000000.0,55896000000.0,22470000000.0,33426000000.0,166939137111.0,207000000.0,533000000.0,-236000000.0,3146000000.0,-1290000000.0,1620000000.0,-3807000000.0,-4193000000.0,2361000000.0,33000000.0,1705000000.0,1705000000.0,1705000000.0,0.0,26000000.0,0.166,4433000000.0,1928000000.0,2434000000.0,0.759,3.34,36.966,37.105,14296000000.0,0.0,56.77,3.827,3.827,7188000000.0,39661000000.0,10264000000.0,10264000000.0,1574000000.0,,,,,56000000.0,2734000000.0,1.0,2940622461.0,2940622461.0,,3.49,75823000000.0,3939000000.0,360000000.0,6476000000.0,25.785,18770000000.0
30,MRK,MRQ,2013-12-31,2013-12-31,2013-12-31,2021-08-25,-2197000000.0,105645000000.0,,35685000000.0,69960000000.0,,17.032,-429000000.0,15621000000.0,15621000000.0,4607000000.0,815000000.0,1.997,1.071,25060000000.0,4521000000.0,20539000000.0,25060000000.0,0.0,1954000000.0,0.0,0.035,0.44,1191000000.0,3145000000.0,0.278,3145000000.0,1191000000.0,1191000000.0,0.27,0.27,0.27,49765000000.0,,49765000000.0,158775540194.0,29.0,12.784,2597000000.0,0.889,1.0,6713000000.0,0.593,36102000000.0,0.0,61114000000.0,,6226000000.0,11635000000.0,1865000000.0,9770000000.0,53319000000.0,17868000000.0,35451000000.0,146242540194.0,1531000000.0,-200000000.0,205000000.0,-1570000000.0,-1260000000.0,-2624000000.0,1177000000.0,1911000000.0,3026000000.0,-48000000.0,781000000.0,781000000.0,781000000.0,0.0,34000000.0,0.069,5382000000.0,1331000000.0,2274000000.0,1.63,2.939,33.207,33.591,14973000000.0,0.0,50.05,3.321,3.321,7184000000.0,39257000000.0,11320000000.0,11320000000.0,1835000000.0,,,,,66000000.0,2982000000.0,1.0,2921928875.0,2921928875.0,,3.874,69543000000.0,4789000000.0,410000000.0,7027000000.0,23.8,17817000000.0
31,MRK,MRQ,2013-09-30,2013-09-30,2013-09-30,2021-08-25,-4698000000.0,106419000000.0,,37765000000.0,68654000000.0,,16.204,-355000000.0,14090000000.0,14090000000.0,4104000000.0,1150000000.0,2.073,1.19,26623000000.0,3976000000.0,22647000000.0,26623000000.0,0.0,1705000000.0,0.0,0.036,0.43,1499000000.0,3204000000.0,0.29,3204000000.0,1499000000.0,1499000000.0,0.38,0.38,0.38,47419000000.0,,47419000000.0,152339812703.0,28.0,12.457,3594000000.0,1.228,1.0,6928000000.0,0.628,37123000000.0,0.0,63614000000.0,,6741000000.0,13277000000.0,4079000000.0,9198000000.0,56413000000.0,18215000000.0,38198000000.0,139321812703.0,-1000000000.0,0.0,-47000000.0,-1551000000.0,-1259000000.0,-2915000000.0,-2037000000.0,-1631000000.0,3949000000.0,3000000.0,1124000000.0,1124000000.0,1124000000.0,0.0,26000000.0,0.102,5333000000.0,1595000000.0,2469000000.0,1.132,2.938,30.755,31.529,15323000000.0,0.0,47.609,3.134,3.134,7578000000.0,39773000000.0,11032000000.0,11032000000.0,1660000000.0,,,,,68000000.0,2803000000.0,1.0,2926375532.0,2926375532.0,,3.77,69296000000.0,5277000000.0,375000000.0,16849000000.0,23.68,19550000000.0
32,MRK,MRQ,2013-06-30,2013-06-30,2013-06-30,2021-08-25,-4760000000.0,106876000000.0,,36995000000.0,69881000000.0,,15.73,-413000000.0,15090000000.0,15090000000.0,4284000000.0,935000000.0,2.01,1.195,28108000000.0,5582000000.0,22526000000.0,28108000000.0,0.0,1655000000.0,0.0,0.037,0.43,1216000000.0,2871000000.0,0.261,2871000000.0,1216000000.0,1216000000.0,0.3,0.3,0.3,47500000000.0,,47500000000.0,148061970154.0,24.0,11.449,1925000000.0,0.637,1.0,6726000000.0,0.611,38531000000.0,0.0,62961000000.0,,6766000000.0,11563000000.0,3008000000.0,8555000000.0,56771000000.0,18402000000.0,38369000000.0,140260970154.0,2066000000.0,0.0,-4976000000.0,7280000000.0,-1332000000.0,970000000.0,-1135000000.0,-774000000.0,2338000000.0,-107000000.0,906000000.0,906000000.0,906000000.0,0.0,29000000.0,0.082,5396000000.0,1330000000.0,2253000000.0,1.433,2.953,27.315,27.324,15683000000.0,0.0,46.45,3.123,3.123,7779000000.0,39915000000.0,11010000000.0,11010000000.0,2101000000.0,,,,,75000000.0,3140000000.0,1.0,3019611844.0,3019611844.0,,3.646,68345000000.0,4352000000.0,310000000.0,16252000000.0,22.634,18593000000.0
33,MRK,MRQ,2013-03-31,2013-03-31,2013-03-31,2021-08-25,-4629000000.0,106200000000.0,,35244000000.0,70956000000.0,,17.546,-351000000.0,13024000000.0,13024000000.0,3959000000.0,1616000000.0,1.874,0.954,20825000000.0,4736000000.0,16089000000.0,20825000000.0,0.0,1674000000.0,0.0,0.038,0.43,1527000000.0,3201000000.0,0.3,3201000000.0,1527000000.0,1527000000.0,0.53,0.52,0.53,53029000000.0,,53029000000.0,140706645180.0,18.0,9.692,1990000000.0,0.658,1.0,6712000000.0,0.629,40315000000.0,0.0,54884000000.0,,6773000000.0,10946000000.0,2998000000.0,7948000000.0,50594000000.0,18802000000.0,31792000000.0,133588645180.0,-427000000.0,0.0,-488000000.0,374000000.0,-1306000000.0,-1421000000.0,-1153000000.0,-849000000.0,2341000000.0,-194000000.0,1593000000.0,1593000000.0,1593000000.0,0.0,23000000.0,0.149,5013000000.0,1699000000.0,2084000000.0,0.811,2.519,22.183,22.211,15802000000.0,0.0,44.2,2.891,2.891,7965000000.0,40272000000.0,10671000000.0,10671000000.0,1907000000.0,,,,,67000000.0,2987000000.0,1.0,3022367538.0,3022367538.0,,3.531,65885000000.0,4484000000.0,-66000000.0,16778000000.0,21.799,16442000000.0
34,MRK,MRQ,2012-12-31,2012-12-31,2012-12-31,2021-08-25,-4682000000.0,106132000000.0,,34857000000.0,71275000000.0,,17.44,-778000000.0,13451000000.0,13451000000.0,4160000000.0,949000000.0,1.9,0.956,20569000000.0,4315000000.0,16254000000.0,20569000000.0,0.0,1661000000.0,0.0,0.041,0.43,1292000000.0,2953000000.0,0.252,2953000000.0,1292000000.0,1292000000.0,0.3,0.29,0.3,53020000000.0,,53020000000.0,126700545101.0,15.0,8.129,1031000000.0,0.339,1.0,7577000000.0,0.646,41217000000.0,0.0,53685000000.0,,6535000000.0,9995000000.0,2690000000.0,7305000000.0,50669000000.0,18348000000.0,32321000000.0,124460545101.0,-3909000000.0,0.0,-902000000.0,944000000.0,-1280000000.0,-1218000000.0,-4398000000.0,-3735000000.0,1809000000.0,-102000000.0,907000000.0,907000000.0,907000000.0,0.0,42000000.0,0.077,5805000000.0,1772000000.0,1753000000.0,1.433,2.347,20.178,20.167,16030000000.0,0.0,40.94,2.633,2.633,7672000000.0,39985000000.0,11737000000.0,11737000000.0,2224000000.0,,,,,78000000.0,3390000000.0,1.0,3040071937.0,3040071937.0,,3.861,64915000000.0,4509000000.0,385000000.0,6940000000.0,21.353,16509000000.0
35,MRK,MRQ,2012-09-30,2012-09-30,2012-09-30,2021-08-25,-3040000000.0,106301000000.0,,36229000000.0,70072000000.0,,18.304,-414000000.0,17360000000.0,17360000000.0,4137000000.0,1763000000.0,2.325,0.863,19600000000.0,2029000000.0,17571000000.0,19600000000.0,0.0,1723000000.0,0.0,0.037,0.42,2184000000.0,3907000000.0,0.34,3907000000.0,2184000000.0,2184000000.0,0.57,0.56,0.57,55747000000.0,,55747000000.0,139569787396.0,16.0,8.7,2725000000.0,0.895,1.0,7351000000.0,0.64,42493000000.0,0.0,50465000000.0,,6731000000.0,6317000000.0,757000000.0,5560000000.0,48089000000.0,15583000000.0,32506000000.0,137342787396.0,608000000.0,0.0,5000000.0,585000000.0,-1277000000.0,-738000000.0,-1839000000.0,-1457000000.0,3139000000.0,46000000.0,1729000000.0,1729000000.0,1729000000.0,0.0,34000000.0,0.151,5091000000.0,2260000000.0,1804000000.0,0.737,2.464,20.281,20.222,15884000000.0,0.0,45.095,2.872,2.872,7952000000.0,40390000000.0,11488000000.0,11488000000.0,1918000000.0,,,,,88000000.0,3063000000.0,1.0,3045632274.0,3045632274.0,,3.772,63808000000.0,3429000000.0,455000000.0,16447000000.0,20.951,20646000000.0
36,MRK,MRQ,2012-06-30,2012-06-30,2012-06-30,2021-08-25,-3126000000.0,105525000000.0,,35639000000.0,69886000000.0,,18.147,-431000000.0,16752000000.0,16752000000.0,4112000000.0,1820000000.0,2.107,0.867,18979000000.0,3922000000.0,15057000000.0,18979000000.0,0.0,1804000000.0,0.0,0.039,0.42,2653000000.0,4457000000.0,0.362,4457000000.0,2653000000.0,2653000000.0,0.59,0.58,0.59,55194000000.0,,55194000000.0,130487325891.0,14.0,7.976,2489000000.0,0.818,1.0,8199000000.0,0.666,43778000000.0,0.0,47062000000.0,,6249000000.0,4783000000.0,698000000.0,4085000000.0,47852000000.0,16912000000.0,30940000000.0,126985325891.0,2096000000.0,0.0,-307000000.0,1003000000.0,-1280000000.0,-586000000.0,-298000000.0,101000000.0,2920000000.0,60000000.0,1793000000.0,1793000000.0,1793000000.0,0.0,27000000.0,0.146,5558000000.0,2641000000.0,1674000000.0,0.712,2.301,18.855,18.891,15867000000.0,0.0,41.75,2.626,2.626,8152000000.0,39950000000.0,12311000000.0,12311000000.0,2165000000.0,,,,,93000000.0,3249000000.0,1.0,3041564692.0,3041564692.0,,4.048,61747000000.0,3788000000.0,860000000.0,16974000000.0,20.301,18727000000.0
37,MRK,MRQ,2012-03-31,2012-03-31,2012-03-31,2021-08-25,-3217000000.0,105509000000.0,,34344000000.0,71165000000.0,,18.022,-331000000.0,14656000000.0,14656000000.0,4037000000.0,1767000000.0,2.071,0.879,18158000000.0,2930000000.0,15228000000.0,18158000000.0,0.0,1790000000.0,0.0,0.042,0.42,2478000000.0,4268000000.0,0.364,4268000000.0,2478000000.0,2478000000.0,0.57,0.56,0.57,54860000000.0,,54860000000.0,120873922406.0,15.0,7.861,1823000000.0,0.599,1.0,7694000000.0,0.656,45156000000.0,0.0,47273000000.0,,6339000000.0,4882000000.0,910000000.0,3972000000.0,48195000000.0,16582000000.0,31613000000.0,116889922406.0,1125000000.0,0.0,-77000000.0,632000000.0,-1279000000.0,-725000000.0,-270000000.0,72000000.0,2154000000.0,-34000000.0,1738000000.0,1738000000.0,1738000000.0,0.0,29000000.0,0.148,5155000000.0,2539000000.0,2358000000.0,0.737,2.131,16.78,16.916,16124000000.0,0.0,38.4,2.425,2.425,8726000000.0,39441000000.0,11731000000.0,11731000000.0,1862000000.0,,,,,76000000.0,3074000000.0,1.0,3044008396.0,3044008396.0,,3.854,60353000000.0,3713000000.0,740000000.0,17575000000.0,19.827,17762000000.0
38,MRK,MRQ,2011-12-31,2011-12-31,2011-12-31,2021-08-25,-3132000000.0,105128000000.0,,33181000000.0,71947000000.0,,17.887,-603000000.0,13531000000.0,13531000000.0,4176000000.0,1543000000.0,2.043,0.884,17515000000.0,1990000000.0,15525000000.0,17515000000.0,0.0,1861000000.0,0.0,0.041,0.42,1550000000.0,3411000000.0,0.277,3411000000.0,1550000000.0,1550000000.0,0.5,0.49,0.5,54517000000.0,,54517000000.0,118800637044.0,16.0,8.114,2630000000.0,0.863,1.0,8118000000.0,0.66,46457000000.0,0.0,46410000000.0,,6254000000.0,4899000000.0,1441000000.0,3458000000.0,48185000000.0,16245000000.0,31940000000.0,114906637044.0,-722000000.0,0.0,-435000000.0,-550000000.0,-1165000000.0,-2231000000.0,-1684000000.0,-1141000000.0,3233000000.0,-40000000.0,1512000000.0,1512000000.0,1512000000.0,0.0,31000000.0,0.123,6656000000.0,1462000000.0,2023000000.0,0.84,2.108,18.321,18.48,16297000000.0,0.0,37.7,2.392,2.392,8261000000.0,38990000000.0,12294000000.0,12294000000.0,2419000000.0,,,,,82000000.0,3704000000.0,1.0,3047921407.0,3047921407.0,,4.034,58671000000.0,3694000000.0,38000000.0,17196000000.0,19.25,16936000000.0
39,MRK,MRQ,2011-09-30,2011-09-30,2011-09-30,2021-08-25,-2713000000.0,106534000000.0,,34109000000.0,72425000000.0,,17.898,-431000000.0,14253000000.0,14253000000.0,4352000000.0,1724000000.0,2.056,0.888,18147000000.0,2455000000.0,15692000000.0,18147000000.0,0.0,1903000000.0,0.0,0.046,0.38,2320000000.0,4223000000.0,0.351,4223000000.0,2320000000.0,2320000000.0,0.55,0.55,0.55,55140000000.0,,55140000000.0,106706061638.0,22.0,8.632,4146000000.0,1.346,1.0,7670000000.0,0.638,48050000000.0,0.0,45785000000.0,,6239000000.0,3746000000.0,1323000000.0,2423000000.0,48938000000.0,16593000000.0,32345000000.0,100742061638.0,1911000000.0,0.0,-1013000000.0,-52000000.0,-1175000000.0,-2244000000.0,-263000000.0,230000000.0,4577000000.0,-159000000.0,1692000000.0,1692000000.0,1692000000.0,0.0,32000000.0,0.141,5413000000.0,2257000000.0,2282000000.0,0.691,1.827,23.833,23.869,16383000000.0,0.0,32.7,2.106,2.106,8136000000.0,38763000000.0,12022000000.0,12022000000.0,1954000000.0,,,,,87000000.0,3340000000.0,1.0,3080796992.0,3080796992.0,,3.902,58484000000.0,4158000000.0,628000000.0,18115000000.0,18.983,17516000000.0
40,MRK,MRQ,2011-06-30,2011-06-30,2011-06-30,2021-08-25,-2776000000.0,106195000000.0,,32368000000.0,73827000000.0,,17.98,-365000000.0,12342000000.0,12342000000.0,4284000000.0,2054000000.0,2.053,0.87,18306000000.0,2523000000.0,15783000000.0,18306000000.0,0.0,1832000000.0,0.0,0.043,0.38,1642000000.0,3474000000.0,0.286,3474000000.0,1642000000.0,1642000000.0,0.65,0.65,0.65,55496000000.0,,55496000000.0,115076580980.0,37.0,10.973,2487000000.0,0.806,1.0,7867000000.0,0.647,49447000000.0,0.0,46949000000.0,,6225000000.0,3814000000.0,1639000000.0,2175000000.0,48273000000.0,15763000000.0,32510000000.0,108925580980.0,647000000.0,-356000000.0,-189000000.0,328000000.0,-1176000000.0,-1257000000.0,-1048000000.0,-318000000.0,2852000000.0,100000000.0,2024000000.0,2024000000.0,2024000000.0,0.0,30000000.0,0.167,6129000000.0,1738000000.0,2143000000.0,0.585,1.963,37.861,37.946,16671000000.0,0.0,35.29,2.32,2.32,8475000000.0,38243000000.0,12151000000.0,12151000000.0,1936000000.0,,,,,107000000.0,3525000000.0,1.0,3086584896.0,3086584896.0,,3.937,56748000000.0,3687000000.0,-382000000.0,17901000000.0,18.385,16605000000.0
41,MRK,MRQ,2011-03-31,2011-03-31,2011-03-31,2021-08-25,-3170000000.0,105865000000.0,,31024000000.0,74841000000.0,,17.639,-324000000.0,11695000000.0,11695000000.0,4059000000.0,1071000000.0,1.981,0.901,17846000000.0,2202000000.0,15644000000.0,17846000000.0,0.0,1831000000.0,0.0,0.046,0.38,1701000000.0,3532000000.0,0.305,3532000000.0,1701000000.0,1701000000.0,0.34,0.34,0.34,54384000000.0,,54384000000.0,108754493808.0,41.0,10.689,1397000000.0,0.453,1.0,7521000000.0,0.649,50113000000.0,0.0,46241000000.0,,6057000000.0,3418000000.0,1334000000.0,2084000000.0,49026000000.0,15662000000.0,33364000000.0,101772493808.0,795000000.0,306000000.0,37000000.0,-197000000.0,-1175000000.0,-1172000000.0,105000000.0,142000000.0,1721000000.0,141000000.0,1043000000.0,1043000000.0,1043000000.0,0.0,28000000.0,0.09,5308000000.0,2213000000.0,2402000000.0,1.118,1.871,63.41,63.481,16833000000.0,0.0,33.01,2.205,2.205,7955000000.0,37400000000.0,11580000000.0,11580000000.0,2158000000.0,,,,,93000000.0,3164000000.0,1.0,3083080697.0,3083080697.0,,3.756,55752000000.0,3983000000.0,658000000.0,19046000000.0,18.083,15362000000.0
42,MRK,MRQ,2010-12-31,2010-12-31,2010-12-31,2021-08-25,-3216000000.0,105781000000.0,,29064000000.0,76717000000.0,,17.649,-660000000.0,10900000000.0,10900000000.0,4440000000.0,-500000000.0,1.858,0.901,17882000000.0,2400000000.0,15482000000.0,17882000000.0,0.0,1866000000.0,0.0,0.042,0.38,-733000000.0,1133000000.0,0.094,1133000000.0,-733000000.0,-733000000.0,-0.17,-0.16,-0.17,54376000000.0,,54376000000.0,119308445726.0,78.0,13.386,2879000000.0,0.934,1.0,7654000000.0,0.633,51834000000.0,0.0,45288000000.0,,5868000000.0,3476000000.0,1301000000.0,2175000000.0,48976000000.0,15641000000.0,33335000000.0,111034945726.0,1026000000.0,-104000000.0,50000000.0,-136000000.0,-1175000000.0,-1295000000.0,-1007000000.0,-536000000.0,3539000000.0,-211000000.0,-532000000.0,-532000000.0,-532000000.0,0.0,32000000.0,-0.044,8216000000.0,-562000000.0,2308000000.0,-2.235,2.042,128.96,128.714,17082000000.0,0.0,36.04,2.414,2.414,7344000000.0,37536000000.0,12094000000.0,12094000000.0,4559000000.0,,,,,109000000.0,3536000000.0,1.0,3080880847.0,3080880847.0,,3.926,53947000000.0,3651000000.0,-201000000.0,19096000000.0,17.51,13423000000.0
43,MRK,MRQ,2010-09-30,2010-09-30,2010-09-30,2021-08-25,-3490000000.0,107840100000.0,,27756000000.0,80084100000.0,,18.087,-338000000.0,9874400000.0,9874400000.0,4191000000.0,372000000.0,1.602,0.896,18147900000.0,4116000000.0,14031900000.0,18147900000.0,0.0,1880000000.0,0.0,0.041,0.38,468000000.0,2348000000.0,0.211,2348000000.0,468000000.0,468000000.0,0.11,0.11,0.11,55592800000.0,,55592800000.0,122455969447.0,14.0,7.919,2254000000.0,0.733,1.0,6934000000.0,0.623,55435200000.0,0.0,43355100000.0,,6263600000.0,2887900000.0,750400000.0,2137500000.0,49791800000.0,17323300000.0,32468500000.0,113138969447.0,1208000000.0,-11000000.0,-220000000.0,-148000000.0,-1181000000.0,-1625000000.0,194000000.0,435000000.0,2592000000.0,47000000.0,342000000.0,342000000.0,342000000.0,0.0,30000000.0,0.031,5564000000.0,1370000000.0,2242400000.0,3.455,2.035,14.346,11.913,17115800000.0,0.0,36.81,2.572,2.572,7297500000.0,39245400000.0,11125000000.0,11125000000.0,2322000000.0,,,,,126000000.0,3192000000.0,1.0,3073593302.0,3073593302.0,,3.62,52404900000.0,3570100000.0,126000000.0,20066300000.0,17.05,10432700000.0
44,MRK,MRQ,2010-06-30,2010-06-30,2010-06-30,2021-08-25,-4658700000.0,106170500000.0,,26253600000.0,79916900000.0,,17.712,-337000000.0,8665600000.0,8665600000.0,4549000000.0,780000000.0,1.703,0.878,17982600000.0,4147300000.0,13835300000.0,17982600000.0,0.0,1948000000.0,0.0,0.043,0.38,1213000000.0,3161000000.0,0.279,3161000000.0,1213000000.0,1213000000.0,0.24,0.24,0.24,55231700000.0,,55231700000.0,119912780973.0,9.0,6.462,2988000000.0,0.958,1.0,6797000000.0,0.599,55506900000.0,0.0,44560000000.0,,6244200000.0,3322600000.0,1277000000.0,2045600000.0,48504800000.0,15420600000.0,33084200000.0,109045280973.0,430000000.0,637000000.0,-1255000000.0,-966000000.0,-1189000000.0,-3463000000.0,464000000.0,125000000.0,3325000000.0,104000000.0,752000000.0,752000000.0,752000000.0,0.0,28000000.0,0.066,5880000000.0,917000000.0,2171500000.0,1.583,1.974,9.941,7.602,17334200000.0,0.0,34.97,2.802,2.802,6276100000.0,40081800000.0,11346000000.0,11346000000.0,2179000000.0,,,,,142000000.0,3175000000.0,1.0,3118252244.0,3118252244.0,,3.639,50663600000.0,3790700000.0,461000000.0,20128300000.0,16.247,10833000000.0
45,MRK,MRQ,2010-03-31,2010-03-31,2010-03-31,2021-08-25,-3571600000.0,111593800000.0,,28244900000.0,83348900000.0,,18.579,-343000000.0,8236000000.0,8236000000.0,5216000000.0,330000000.0,1.716,0.885,19103500000.0,3822400000.0,15281100000.0,19103500000.0,0.0,1687000000.0,0.0,0.041,0.38,585000000.0,2272000000.0,0.199,2272000000.0,585000000.0,585000000.0,0.1,0.09,0.1,57878100000.0,,57878100000.0,124499799661.0,9.0,6.987,1023000000.0,0.328,1.0,6206000000.0,0.543,57841100000.0,0.0,48164900000.0,,6825400000.0,3536300000.0,1541300000.0,1995000000.0,51250600000.0,16455300000.0,34795300000.0,116357099661.0,-1075000000.0,-131000000.0,195000000.0,1998000000.0,-1189000000.0,942000000.0,-3148000000.0,-2660000000.0,1366000000.0,-235000000.0,299000000.0,299000000.0,299000000.0,0.0,31000000.0,0.026,5561000000.0,645000000.0,2074900000.0,3.8,2.01,9.883,7.324,17985000000.0,0.0,37.35,3.477,3.477,7497700000.0,40511400000.0,11422000000.0,11422000000.0,2051000000.0,,,,,132000000.0,3222000000.0,1.0,3115317260.0,3115317260.0,,3.666,53752700000.0,4144500000.0,286000000.0,20237200000.0,17.254,11789600000.0
46,MRK,MRQ,2009-12-31,2009-12-31,2009-12-31,2021-08-25,-2767000000.0,112314000000.0,,28432000000.0,83882000000.0,,28.0,-557400000.0,9311000000.0,9311000000.0,4901000000.0,6522600000.0,1.818,0.861,17474000000.0,1379000000.0,16095000000.0,17474000000.0,0.0,1249700000.0,0.0,0.042,0.38,6433700000.0,7683400000.0,0.761,7683400000.0,6433700000.0,6433700000.0,2.64,2.62,2.64,59058000000.0,,59058000000.0,64323968212.0,4.0,3.625,1685100000.0,0.799,1.0,5192200000.0,0.514,59795000000.0,0.0,45041000000.0,,8048000000.0,725000000.0,293000000.0,432000000.0,50829000000.0,15641000000.0,35188000000.0,77069368212.0,-12505600000.0,-16843000000.0,178200000.0,-1018500000.0,-804200000.0,-1849100000.0,-12864500000.0,4277000000.0,2242500000.0,-34500000.0,6493400000.0,6493400000.0,6493400000.0,0.0,29200000.0,0.643,6916400000.0,-1724200000.0,2244000000.0,0.144,1.305,5.975,6.444,18279000000.0,0.0,36.54,2.81,2.81,6603000000.0,41405000000.0,10093200000.0,10093200000.0,1971500000.0,,,,,133200000.0,3455000000.0,1.0,2109178112.0,2109178112.0,,4.785,52519000000.0,4177000000.0,-59700000.0,20260000000.0,24.9,12791000000.0
47,MRK,MRQ,2009-09-30,2009-09-30,2009-09-30,2021-08-25,-2674800000.0,48739400000.0,,29668800000.0,19070600000.0,,10.862,-303300000.0,21816900000.0,21816900000.0,1430300000.0,3455300000.0,3.697,1.021,9071500000.0,866800000.0,8204700000.0,9071500000.0,0.0,393700000.0,0.0,0.048,0.38,5045800000.0,5439500000.0,0.899,5439500000.0,5045800000.0,5045800000.0,1.62,1.61,1.62,22907200000.0,,22907200000.0,64928685274.0,6.0,5.211,-615400000.0,-0.292,1.0,4619400000.0,0.764,1994900000.0,0.0,25973400000.0,,2096300000.0,904000000.0,439400000.0,464600000.0,23390100000.0,8025700000.0,15364400000.0,66703385274.0,9359300000.0,4000000000.0,4800000.0,-1635300000.0,-803900000.0,-2372400000.0,12011600000.0,4409500000.0,-312100000.0,32200000.0,3424300000.0,3424300000.0,3424300000.0,0.0,31000000.0,0.566,3021900000.0,1597500000.0,568400000.0,0.235,2.912,8.286,8.302,11613800000.0,0.0,31.63,2.855,2.855,3803900000.0,47693100000.0,6049700000.0,6049700000.0,1254000000.0,,,,,84700000.0,1725500000.0,1.0,2108864536.0,2108864536.0,,2.869,46744500000.0,1512300000.0,1621500000.0,7634500000.0,22.166,21643100000.0
48,MRK,MRQ,2009-06-30,2009-06-30,2009-06-30,2021-08-25,-2549800000.0,49407100000.0,,29233900000.0,20173200000.0,,9.638,-365200000.0,12457600000.0,12457600000.0,1353900000.0,1588300000.0,2.541,1.312,10682900000.0,2501800000.0,8181100000.0,10682900000.0,0.0,489300000.0,0.0,0.054,0.38,1935300000.0,2424600000.0,0.411,2424600000.0,1935300000.0,1935300000.0,0.74,0.74,0.74,20324400000.0,,20324400000.0,59679295222.0,8.0,6.764,383800000.0,0.182,1.0,4546000000.0,0.771,2020100000.0,0.0,34105200000.0,,2155300000.0,4584800000.0,4474700000.0,110100000.0,26670300000.0,11507100000.0,15163200000.0,58958395222.0,6440500000.0,0.0,2600000.0,3930600000.0,-803400000.0,2975400000.0,2618800000.0,2110400000.0,749000000.0,97300000.0,1556300000.0,1556300000.0,1556300000.0,0.0,32000000.0,0.264,3162200000.0,1383800000.0,526500000.0,0.514,2.901,10.31,10.356,11711300000.0,0.0,27.96,2.535,2.535,3663400000.0,45072800000.0,5899900000.0,5899900000.0,1395300000.0,,,,,83800000.0,1729500000.0,1.0,2108669357.0,2108669357.0,,2.798,47387000000.0,6482900000.0,379000000.0,7254900000.0,22.472,17726800000.0
49,MRK,MRQ,2009-03-31,2009-03-31,2009-03-31,2021-08-25,-2472800000.0,46543100000.0,,26184600000.0,20358500000.0,,9.282,-235100000.0,6017100000.0,6017100000.0,1333800000.0,1455800000.0,1.952,1.254,6738000000.0,2798900000.0,3939100000.0,6738000000.0,0.0,443300000.0,0.0,0.057,0.38,1752200000.0,2195500000.0,0.408,2195500000.0,1752200000.0,1752200000.0,0.67,0.67,0.67,19563000000.0,,19563000000.0,58253405737.0,8.0,6.596,477500000.0,0.227,1.0,4051400000.0,0.752,2053200000.0,0.0,31794900000.0,,2127800000.0,6643200000.0,6564500000.0,78700000.0,24541600000.0,13415900000.0,11125700000.0,56381305737.0,1648800000.0,-130000000.0,400000.0,504200000.0,-803500000.0,-391900000.0,1390100000.0,1074100000.0,712600000.0,-62000000.0,1425000000.0,1425000000.0,1425000000.0,0.0,30800000.0,0.265,2921400000.0,1130000000.0,622500000.0,0.567,2.882,9.507,9.622,11826100000.0,0.0,26.75,2.408,2.408,3569700000.0,44320400000.0,5385200000.0,5385200000.0,1224200000.0,,,,,113300000.0,1632900000.0,1.0,2107712364.0,2107712364.0,,2.555,44489900000.0,7905500000.0,327200000.0,7666800000.0,21.108,12768700000.0
50,MRK,MRQ,2008-12-31,2008-12-31,2008-12-31,2021-08-25,-2553900000.0,47195700000.0,,19112600000.0,28083100000.0,,8.873,-383700000.0,4368300000.0,4368300000.0,1470500000.0,1674500000.0,1.335,1.388,6240400000.0,2297100000.0,3943300000.0,6240400000.0,0.0,473800000.0,0.0,0.05,0.38,1926600000.0,2400400000.0,0.398,2400400000.0,1926600000.0,1926600000.0,0.78,0.78,0.78,18758300000.0,,18758300000.0,65484158626.0,7.0,5.725,627400000.0,0.297,1.0,4561600000.0,0.756,1964100000.0,0.0,32785000000.0,,2091000000.0,7609400000.0,1118100000.0,6491300000.0,26028600000.0,14318700000.0,11709900000.0,64271258626.0,-1352000000.0,-1899300000.0,-208100000.0,-693600000.0,-809400000.0,-1755900000.0,-449800000.0,-203000000.0,1011100000.0,-157400000.0,1644400000.0,1644400000.0,1644400000.0,0.0,30100000.0,0.273,3351900000.0,1209700000.0,617600000.0,0.487,3.426,8.231,8.329,11999600000.0,0.0,30.4,2.695,2.695,2907700000.0,43698800000.0,6032100000.0,6032100000.0,1386300000.0,,,,,62500000.0,1862000000.0,1.0,2114186139.0,2114186139.0,,2.853,45231600000.0,8627500000.0,282200000.0,9193000000.0,21.394,4793900000.0
51,MRK,MRQ,2008-09-30,2008-09-30,2008-09-30,2021-08-25,-1033600000.0,48545700000.0,,19418500000.0,29127200000.0,,9.135,-281700000.0,5720100000.0,5720100000.0,1477900000.0,1123900000.0,1.346,1.48,6933000000.0,2994200000.0,3938800000.0,6933000000.0,0.0,391200000.0,0.0,0.048,0.38,1410900000.0,1802100000.0,0.303,1802100000.0,1410900000.0,1410900000.0,0.51,0.51,0.51,19571000000.0,,19571000000.0,65384979156.0,14.0,10.287,1370300000.0,0.64,1.0,4466000000.0,0.751,1996900000.0,0.0,33333400000.0,,2228200000.0,7332800000.0,1121200000.0,6211600000.0,28974700000.0,14428300000.0,14546400000.0,67616479156.0,-1625100000.0,0.0,-956100000.0,1806900000.0,-816900000.0,104600000.0,-3278000000.0,-1021400000.0,1652000000.0,-103700000.0,1092700000.0,1092700000.0,1092700000.0,0.0,31200000.0,0.184,3658900000.0,807100000.0,474700000.0,0.745,3.455,14.917,15.029,12103200000.0,0.0,31.56,2.81,2.81,3642600000.0,42857300000.0,5943900000.0,5943900000.0,1171100000.0,,,,,86700000.0,1730300000.0,1.0,2142473991.0,2142473991.0,,2.774,46548800000.0,6706400000.0,318200000.0,9047200000.0,21.727,4990200000.0
52,MRK,MRQ,2008-06-30,2008-06-30,2008-06-30,2021-08-25,-935600000.0,47457500000.0,,17592900000.0,29864600000.0,,9.437,-291200000.0,7345200000.0,7345200000.0,1396500000.0,1799200000.0,1.81,1.343,5113700000.0,1181300000.0,3932400000.0,5113700000.0,0.0,374900000.0,0.0,0.04,0.38,2058500000.0,2433400000.0,0.402,2433400000.0,2058500000.0,2058500000.0,0.82,0.82,0.82,20256000000.0,,20256000000.0,78999741225.0,15.0,11.115,1089400000.0,0.508,1.0,4655300000.0,0.769,2030600000.0,0.0,33476800000.0,,2190600000.0,9427200000.0,2642300000.0,6784900000.0,27201500000.0,9718600000.0,17482900000.0,80902641225.0,1055800000.0,0.0,-160700000.0,759900000.0,-821900000.0,-288100000.0,-9000000.0,142400000.0,1380600000.0,-27700000.0,1768300000.0,1768300000.0,1768300000.0,0.0,30900000.0,0.292,3201700000.0,1453600000.0,530900000.0,0.463,3.994,16.293,16.459,12240400000.0,0.0,37.69,3.344,3.344,3647000000.0,42573200000.0,6051800000.0,6051800000.0,1169300000.0,,,,,107800000.0,1930200000.0,1.0,2146528024.0,2146528024.0,,2.819,45426900000.0,0.0,290200000.0,12053700000.0,21.163,7874300000.0
53,MRK,MRQ,2008-03-31,2008-03-31,2008-03-31,2021-08-25,-764400000.0,47041100000.0,,17047000000.0,29994100000.0,,9.016,-341400000.0,6289400000.0,6289400000.0,1238100000.0,3334500000.0,1.74,1.41,4386500000.0,421500000.0,3965000000.0,4386500000.0,0.0,391100000.0,0.0,0.04,0.38,4411000000.0,4802100000.0,0.825,4802100000.0,4411000000.0,4411000000.0,1.52,1.52,1.52,19521500000.0,,19521500000.0,82576045861.0,15.0,11.15,2186900000.0,1.01,1.0,4584000000.0,0.787,2108600000.0,0.0,33232600000.0,,2076500000.0,9783400000.0,2874300000.0,6909100000.0,27519600000.0,9797000000.0,17722600000.0,82172745861.0,953300000.0,1899300000.0,-1298100000.0,-1405200000.0,-830800000.0,-3583600000.0,1902800000.0,181000000.0,2528300000.0,105800000.0,3302600000.0,3302600000.0,3302600000.0,0.0,31900000.0,0.567,3002400000.0,1581600000.0,626900000.0,0.25,4.209,16.861,16.942,12290900000.0,0.0,37.95,3.388,3.388,3760800000.0,41622000000.0,5822100000.0,5822100000.0,1078300000.0,,,,,91000000.0,1854400000.0,1.0,2165289746.0,2165289746.0,,2.689,44932500000.0,0.0,1108400000.0,12666500000.0,20.751,7250000000.0
54,MRK,MRQ,2007-12-31,2007-12-31,2007-12-31,2021-08-25,-826100000.0,48350700000.0,,15045400000.0,33305300000.0,,8.355,-284700000.0,5336100000.0,5336100000.0,1544800000.0,-1509500000.0,1.227,1.659,5739400000.0,1823600000.0,3915800000.0,5739400000.0,0.0,499000000.0,0.0,0.026,0.38,-3180500000.0,-2681500000.0,-0.43,-2681500000.0,-3180500000.0,-3180500000.0,-0.75,-0.75,-0.75,18184700000.0,,18184700000.0,127118736786.0,38.0,23.721,2063100000.0,0.948,1.0,4698100000.0,0.753,2168000000.0,0.0,34327800000.0,,1881000000.0,10053900000.0,2894700000.0,7159200000.0,30166000000.0,12258200000.0,17907800000.0,126480336786.0,127800000.0,0.0,-429900000.0,-186100000.0,-829200000.0,-1395100000.0,-847800000.0,-396300000.0,2347800000.0,22900000.0,-1630900000.0,-1630900000.0,-1630900000.0,0.0,121400000.0,-0.261,8107500000.0,-3409400000.0,624500000.0,-0.507,6.955,38.615,38.483,12346000000.0,0.0,58.11,5.227,5.227,3636200000.0,39140800000.0,6242900000.0,6242900000.0,1381800000.0,,,,,79400000.0,1719500000.0,1.0,2176567489.0,2176567489.0,,2.868,46182700000.0,1297400000.0,-1549600000.0,12029400000.0,21.218,2787200000.0
55,MRK,MRQ,2007-09-30,2007-09-30,2007-09-30,2021-08-25,-1053600000.0,45700700000.0,,14163700000.0,31537000000.0,,9.553,-253200000.0,5208300000.0,5208300000.0,1517700000.0,1525500000.0,1.348,1.205,5846700000.0,1973100000.0,3873600000.0,5846700000.0,0.0,488700000.0,0.0,0.029,0.38,2064600000.0,2553300000.0,0.42,2553300000.0,2064600000.0,2064600000.0,0.7,0.7,0.7,20721900000.0,,20721900000.0,114952242351.0,15.0,12.106,2772700000.0,1.278,1.0,4556400000.0,0.75,2202900000.0,0.0,33630200000.0,,1849500000.0,9684300000.0,2183200000.0,7501100000.0,24978800000.0,10506000000.0,14472800000.0,112118942351.0,1738800000.0,0.0,41400000.0,-498900000.0,-826300000.0,-1264500000.0,-70200000.0,216100000.0,3025900000.0,47600000.0,1525500000.0,1525500000.0,1525500000.0,0.0,0.0,0.251,3441200000.0,1115200000.0,392100000.0,0.543,5.411,20.84,20.843,12490700000.0,0.0,51.69,4.672,4.672,3501600000.0,41601800000.0,6074100000.0,6074100000.0,1440500000.0,,,,,72600000.0,1951400000.0,1.0,2169064468.0,2169064468.0,,2.8,43497800000.0,0.0,539100000.0,9019800000.0,20.054,3657700000.0
56,MRK,MRQ,2007-06-30,2007-06-30,2007-06-30,2021-08-25,-1112600000.0,44182800000.0,,12435700000.0,31747100000.0,,8.985,-272400000.0,3469500000.0,3469500000.0,1552300000.0,1676400000.0,1.21,1.269,6302800000.0,2169200000.0,4133600000.0,6302800000.0,0.0,500100000.0,0.0,0.031,0.38,2232200000.0,2732300000.0,0.447,2732300000.0,2232200000.0,2232200000.0,0.77,0.77,0.77,19472300000.0,,19472300000.0,112304313179.0,17.0,12.855,2682000000.0,1.237,1.0,4559100000.0,0.746,2260100000.0,0.0,34475000000.0,,1759500000.0,9677500000.0,2034500000.0,7643000000.0,24710500000.0,10281000000.0,14429500000.0,107930213179.0,1367600000.0,-1900000.0,56900000.0,-141300000.0,-825200000.0,-990200000.0,-610600000.0,31900000.0,2954400000.0,14000000.0,1676400000.0,1676400000.0,1676400000.0,0.0,0.0,0.274,3170000000.0,1389100000.0,454600000.0,0.494,5.543,22.508,22.534,12767400000.0,0.0,49.8,4.625,4.625,3607500000.0,40905100000.0,6111400000.0,6111400000.0,1030500000.0,,,,,81200000.0,2083700000.0,1.0,2167273357.0,2167273357.0,,2.82,41922700000.0,0.0,555800000.0,8611500000.0,19.344,2154700000.0
57,MRK,MRQ,2007-03-31,2007-03-31,2007-03-31,2021-08-25,-1092600000.0,42992500000.0,,11741700000.0,31250800000.0,,8.53,-200700000.0,2101900000.0,2101900000.0,1525800000.0,1704300000.0,1.494,1.327,6476000000.0,930700000.0,5545300000.0,6476000000.0,0.0,500400000.0,0.0,0.034,0.38,2254400000.0,2754800000.0,0.477,2754800000.0,2254400000.0,2254400000.0,0.79,0.78,0.79,18479300000.0,,18479300000.0,96614961310.0,15.0,11.168,-1529600000.0,-0.706,1.0,4243600000.0,0.736,2318700000.0,0.0,37186600000.0,,1726800000.0,9793400000.0,1954300000.0,7839100000.0,24513200000.0,7861300000.0,16651900000.0,95693561310.0,-3812800000.0,-1134000000.0,-199500000.0,-357600000.0,-826600000.0,-1216300000.0,-1281400000.0,875800000.0,-1328900000.0,13800000.0,1704300000.0,1704300000.0,1704300000.0,0.0,0.0,0.295,2897800000.0,1345800000.0,430300000.0,0.481,5.178,20.721,20.737,12939800000.0,0.0,44.17,4.161,4.161,4016200000.0,40054800000.0,5769400000.0,5769400000.0,1030000000.0,,,,,97000000.0,1802000000.0,1.0,2166483163.0,2166483163.0,,2.663,40673800000.0,0.0,550100000.0,9115900000.0,18.774,3880400000.0
58,MRK,MRQ,2006-12-31,2006-12-31,2006-12-31,2021-08-25,-1164300000.0,44569800000.0,,15230200000.0,29339600000.0,,8.088,-295500000.0,5914700000.0,5914700000.0,1669100000.0,473900000.0,1.197,1.538,6836100000.0,1285100000.0,5551000000.0,6836100000.0,0.0,543000000.0,0.0,0.035,0.38,911900000.0,1454900000.0,0.241,1454900000.0,911900000.0,911900000.0,0.22,0.22,0.22,17559700000.0,,17559700000.0,94418916368.0,15.0,11.121,1480600000.0,0.682,1.0,4375000000.0,0.724,2375500000.0,0.0,30393000000.0,,1769400000.0,10586500000.0,2798300000.0,7788200000.0,27010100000.0,12722700000.0,14287400000.0,94655716368.0,-307400000.0,-404900000.0,-222200000.0,833200000.0,-828600000.0,-420400000.0,-1694300000.0,-944300000.0,1776100000.0,31200000.0,473900000.0,473900000.0,473900000.0,0.0,0.0,0.078,4124600000.0,250400000.0,496600000.0,1.727,5.391,21.349,21.373,13194100000.0,0.0,43.6,4.182,4.182,3314800000.0,39095100000.0,6044100000.0,6044100000.0,1723000000.0,,,,,66500000.0,2345800000.0,1.0,2171002669.0,2171002669.0,,2.784,42194300000.0,0.0,438000000.0,9791100000.0,19.435,2507500000.0
59,MRK,MRQ,2006-09-30,2006-09-30,2006-09-30,2021-08-25,50100000.0,43719100000.0,,15224200000.0,28494900000.0,,8.862,-224000000.0,6222100000.0,6222100000.0,1544100000.0,940600000.0,1.366,1.267,5985300000.0,1195800000.0,4789500000.0,5985300000.0,0.0,563300000.0,0.0,0.036,0.38,1230800000.0,1794100000.0,0.332,1794100000.0,1230800000.0,1230800000.0,0.43,0.43,0.43,19285300000.0,,19285300000.0,89428179625.0,13.0,9.87,1257100000.0,0.578,1.0,3866300000.0,0.715,1717500000.0,0.0,30617100000.0,,1870700000.0,9308600000.0,2864900000.0,6443700000.0,24433800000.0,11147700000.0,13286100000.0,91179779625.0,-1991200000.0,0.0,-222100000.0,-504800000.0,-830900000.0,-1503300000.0,-1968200000.0,-1743500000.0,1481100000.0,-800000.0,940600000.0,940600000.0,940600000.0,0.0,0.0,0.174,3365600000.0,500700000.0,362600000.0,0.884,4.728,17.95,17.983,13412800000.0,0.0,41.9,4.078,4.078,3081400000.0,39447600000.0,5410400000.0,5410400000.0,945400000.0,,,,,63700000.0,2370600000.0,1.0,2176128392.0,2176128392.0,,2.486,42001600000.0,0.0,290200000.0,9315200000.0,19.301,4076500000.0
60,MRK,MRQ,2006-06-30,2006-06-30,2006-06-30,2021-08-25,19300000.0,43478700000.0,,15890100000.0,27588600000.0,,8.842,-263100000.0,8213300000.0,8213300000.0,1445200000.0,1499300000.0,1.513,1.253,6461700000.0,1703000000.0,4758700000.0,6461700000.0,0.0,538700000.0,0.0,0.042,0.38,2108300000.0,2647000000.0,0.459,2647000000.0,2108300000.0,2108300000.0,0.69,0.69,0.69,19298800000.0,,19298800000.0,76036134782.0,10.0,7.848,1938100000.0,0.888,1.0,4326500000.0,0.75,1764000000.0,0.0,29460800000.0,,1640500000.0,7516600000.0,2251100000.0,5265500000.0,24179900000.0,10502300000.0,13677600000.0,79508734782.0,-1973900000.0,0.0,-242100000.0,-253000000.0,-833300000.0,-1458800000.0,-2726100000.0,-2462600000.0,2201200000.0,9800000.0,1499300000.0,1499300000.0,1499300000.0,0.0,0.0,0.26,2899600000.0,1426900000.0,363700000.0,0.551,4.12,14.3,14.286,13728100000.0,0.0,36.43,3.555,3.555,3084700000.0,39335400000.0,5771700000.0,5771700000.0,1172500000.0,,,,,61000000.0,1734000000.0,1.0,2182507131.0,2182507131.0,,2.645,41714700000.0,0.0,609000000.0,9149500000.0,19.113,5387800000.0
61,MRK,MRQ,2006-03-31,2006-03-31,2006-03-31,2021-08-25,47700000.0,43418000000.0,,18011900000.0,25406100000.0,,8.617,-197600000.0,10187200000.0,10187200000.0,1342700000.0,1520000000.0,1.594,1.304,6714600000.0,1952000000.0,4762600000.0,6714600000.0,0.0,623400000.0,0.0,0.043,0.38,1970400000.0,2593800000.0,0.479,2593800000.0,1970400000.0,1970400000.0,0.7,0.69,0.7,18846200000.0,,18846200000.0,75561800934.0,10.0,8.068,1109200000.0,0.507,1.0,4067100000.0,0.752,1568800000.0,0.0,27077600000.0,,1664300000.0,5316700000.0,2214300000.0,3102400000.0,24571800000.0,11299000000.0,13272800000.0,77049500934.0,601900000.0,0.0,54000000.0,-1349300000.0,-829800000.0,-2221700000.0,1504900000.0,1702900000.0,1306800000.0,11900000.0,1520000000.0,1520000000.0,1520000000.0,0.0,0.0,0.281,2700700000.0,1366400000.0,457400000.0,0.543,4.088,16.115,16.087,13979900000.0,0.0,35.23,3.493,3.493,3040700000.0,38666800000.0,5409800000.0,5409800000.0,942000000.0,,,,,121300000.0,1715000000.0,1.0,2187042320.0,2187042320.0,,2.474,41849200000.0,0.0,450400000.0,9177400000.0,19.135,6712900000.0
62,MRK,MRQ,2005-12-31,2005-12-31,2005-12-31,2021-08-25,52300000.0,44845800000.0,,21049300000.0,23796500000.0,,8.222,-406600000.0,9585300000.0,9585300000.0,1478700000.0,1119700000.0,1.59,1.495,8097600000.0,2972000000.0,5125600000.0,8097600000.0,0.0,505900000.0,0.0,0.048,0.38,1519900000.0,2025800000.0,0.351,2025800000.0,1519900000.0,1519900000.0,0.51,0.51,0.51,17977700000.0,,17977700000.0,73955977344.0,10.0,8.152,1858200000.0,0.85,1.0,4287200000.0,0.744,1604400000.0,0.0,28511300000.0,,1658100000.0,7160200000.0,6052300000.0,1107900000.0,26868100000.0,13242400000.0,13625700000.0,69556777344.0,6667300000.0,0.0,-229400000.0,772400000.0,-833300000.0,-350000000.0,4753200000.0,5160800000.0,2264800000.0,-700000.0,1119700000.0,1119700000.0,1119700000.0,0.0,0.0,0.194,3479900000.0,807300000.0,471100000.0,0.745,3.869,15.019,15.076,14398200000.0,0.0,31.81,3.16,3.16,2927300000.0,37980000000.0,5765900000.0,5765900000.0,1112000000.0,,,,,14500000.0,2139100000.0,1.0,2186632422.0,2186632422.0,,2.637,43241400000.0,0.0,400200000.0,9784400000.0,19.775,7806900000.0
63,MRK,MRQ,2005-09-30,2005-09-30,2005-09-30,2021-08-25,50400000.0,43831000000.0,,20065300000.0,23765700000.0,,8.097,-333700000.0,2918000000.0,2918000000.0,1238800000.0,1420900000.0,1.65,1.465,7317200000.0,2192500000.0,5124700000.0,7317200000.0,0.0,423100000.0,0.0,0.056,0.38,1998400000.0,2421500000.0,0.447,2421500000.0,1998400000.0,1998400000.0,0.65,0.65,0.65,17778400000.0,,17778400000.0,64991007852.0,9.0,7.341,1893900000.0,0.863,1.0,4177400000.0,0.771,1639600000.0,0.0,34428000000.0,,1749400000.0,12346800000.0,11110000000.0,1236800000.0,26052600000.0,12162600000.0,13890000000.0,59741807852.0,1000400000.0,0.0,-251200000.0,186200000.0,-836300000.0,-966800000.0,-256700000.0,78300000.0,2227600000.0,-3700000.0,1420900000.0,1420900000.0,1420900000.0,0.0,0.0,0.262,2683800000.0,1493600000.0,475200000.0,0.585,3.36,12.905,12.896,14606200000.0,0.0,27.21,2.712,2.712,3647300000.0,37629200000.0,5416200000.0,5416200000.0,942600000.0,,,,,11800000.0,1661400000.0,1.0,2195582795.0,2195582795.0,,2.467,42191400000.0,0.0,577500000.0,9995900000.0,19.216,7902700000.0
64,MRK,MRQ,2005-06-30,2005-06-30,2005-06-30,2021-08-25,5300000.0,43006300000.0,,19129300000.0,23877000000.0,,7.891,-319200000.0,1917600000.0,1917600000.0,1160600000.0,720600000.0,1.709,1.474,7166800000.0,1494400000.0,5672400000.0,7166800000.0,0.0,399300000.0,0.0,0.049,0.38,1924900000.0,2324200000.0,0.425,2324200000.0,1924900000.0,1924900000.0,0.33,0.33,0.33,17385100000.0,,17385100000.0,72737166578.0,10.0,8.462,1457500000.0,0.662,1.0,4306900000.0,0.788,1675000000.0,0.0,35387100000.0,,1811200000.0,12471500000.0,11113100000.0,1358400000.0,25621200000.0,11193400000.0,14427800000.0,67856366578.0,-472000000.0,0.0,-244400000.0,-112000000.0,-839100000.0,-1161900000.0,-1020400000.0,-700700000.0,1776700000.0,-66400000.0,720600000.0,720600000.0,720600000.0,0.0,0.0,0.132,2702100000.0,1604800000.0,409100000.0,1.152,3.903,14.966,14.951,14670300000.0,0.0,30.8,3.064,3.064,3506700000.0,37041600000.0,5467500000.0,5467500000.0,946800000.0,,,,,12000000.0,1749500000.0,1.0,2203128785.0,2203128785.0,,2.482,41331300000.0,0.0,1204300000.0,9844600000.0,18.76,7935900000.0
65,MRK,MRQ,2005-03-31,2005-03-31,2005-03-31,2021-08-25,-72900000.0,43117100000.0,,15760000000.0,27357100000.0,,7.993,-343200000.0,2389600000.0,2389600000.0,1271400000.0,1370100000.0,1.446,1.443,7270400000.0,1614800000.0,5655600000.0,7270400000.0,0.0,379800000.0,0.0,0.047,0.38,1920700000.0,2300500000.0,0.429,2300500000.0,1920700000.0,1920700000.0,0.62,0.62,0.62,17649000000.0,,17649000000.0,75468556317.0,10.0,8.327,996200000.0,0.451,1.0,4090800000.0,0.763,1717900000.0,0.0,35377300000.0,,1756600000.0,11860400000.0,7048800000.0,4811600000.0,25468100000.0,10902700000.0,14565400000.0,71474656317.0,-489200000.0,0.0,-153800000.0,434700000.0,-841100000.0,-561700000.0,-1208900000.0,-865400000.0,1339400000.0,-58000000.0,1370100000.0,1370100000.0,1370100000.0,0.0,0.0,0.256,2459900000.0,1630900000.0,570700000.0,0.613,4.05,12.805,12.794,14705600000.0,0.0,32.37,3.148,3.148,3798100000.0,37157300000.0,5362200000.0,5362200000.0,846600000.0,,,,,9700000.0,1605500000.0,1.0,2208052404.0,2208052404.0,,2.428,41399200000.0,0.0,550600000.0,9275300000.0,18.749,4857300000.0
66,MRK,MRQ,2004-12-31,2004-12-31,2004-12-31,2021-08-25,-45900000.0,42572800000.0,,13475200000.0,29097600000.0,,7.796,-516700000.0,2878800000.0,2878800000.0,1289500000.0,1117800000.0,1.147,1.463,6872700000.0,2181200000.0,4691500000.0,6872700000.0,0.0,399400000.0,0.0,0.047,0.38,1408100000.0,1807500000.0,0.313,1807500000.0,1408100000.0,1408100000.0,0.51,0.51,0.51,17288200000.0,,17288200000.0,75192869333.0,9.0,7.954,1851100000.0,0.835,1.0,4492600000.0,0.777,1764900000.0,0.0,33057700000.0,,1898700000.0,10938200000.0,4211100000.0,6727100000.0,25284600000.0,11744100000.0,13540500000.0,71273169333.0,211900000.0,12700000.0,-46300000.0,278800000.0,-843000000.0,-2388600000.0,141900000.0,647100000.0,2367800000.0,90800000.0,1117800000.0,1117800000.0,1117800000.0,0.0,0.0,0.193,3474400000.0,1018200000.0,421400000.0,0.745,4.123,12.225,12.221,14713700000.0,0.0,32.14,3.103,3.103,3627700000.0,36626300000.0,5782100000.0,5782100000.0,1108600000.0,,,,,25700000.0,2258200000.0,1.0,2217584609.0,2217584609.0,,2.607,40807900000.0,0.0,290300000.0,9454400000.0,18.402,1731100000.0
67,MRK,MRQ,2004-09-30,2004-09-30,2004-09-30,2021-08-25,-7700000.0,42874400000.0,,13860400000.0,29014000000.0,,7.803,-447300000.0,2666900000.0,2666900000.0,1364200000.0,1325600000.0,1.285,1.477,6586600000.0,2192400000.0,4394200000.0,6586600000.0,0.0,350800000.0,0.0,0.045,0.38,1813000000.0,2163800000.0,0.391,2163800000.0,1813000000.0,1813000000.0,0.6,0.6,0.6,17311500000.0,,17311500000.0,78222487737.0,9.0,8.041,1807700000.0,0.815,1.0,4173900000.0,0.754,1811400000.0,0.0,34192800000.0,,2213200000.0,11546800000.0,4289900000.0,7256900000.0,25562900000.0,10789900000.0,14773000000.0,73217287737.0,1067100000.0,-2600000.0,-244000000.0,-16400000.0,-821900000.0,-1041900000.0,-167600000.0,286200000.0,2255000000.0,21600000.0,1325600000.0,1325600000.0,1325600000.0,0.0,0.0,0.239,2672200000.0,1501700000.0,544500000.0,0.633,4.229,11.988,12.0,14433100000.0,0.0,33.0,3.209,3.209,3908000000.0,36366400000.0,5538100000.0,5538100000.0,919300000.0,,,,,0.0,1752900000.0,1.0,2218705689.0,2218705689.0,,2.496,41063000000.0,0.0,487400000.0,9343000000.0,18.508,3070500000.0
68,MRK,MRQ,2004-06-30,2004-06-30,2004-06-30,2021-08-25,-49600000.0,41854600000.0,,13288400000.0,28566200000.0,,7.636,-439300000.0,1599800000.0,1599800000.0,1163700000.0,1768100000.0,1.373,1.467,6605000000.0,1710800000.0,4894200000.0,6605000000.0,0.0,352300000.0,0.0,0.031,0.37,2438800000.0,2791100000.0,0.464,2791100000.0,2438800000.0,2438800000.0,0.8,0.79,0.8,16967400000.0,,16967400000.0,110664898068.0,12.0,10.551,1923000000.0,0.865,1.0,4858000000.0,0.807,1855200000.0,0.0,35323000000.0,,2520800000.0,11782700000.0,4577300000.0,7205400000.0,24887200000.0,9681600000.0,15205600000.0,105550198068.0,-162300000.0,-10100000.0,-216100000.0,-228200000.0,-823400000.0,-1277700000.0,-1245300000.0,-795700000.0,2362300000.0,-1600000.0,1768100000.0,1768100000.0,1768100000.0,0.0,0.0,0.294,2602200000.0,2255800000.0,469900000.0,0.463,6.221,15.896,15.94,14299300000.0,0.0,47.5,4.581,4.581,3888600000.0,35883800000.0,6021700000.0,6021700000.0,986000000.0,,,,,0.0,1616200000.0,1.0,2222109433.0,2222109433.0,,2.71,39999400000.0,0.0,670700000.0,9315700000.0,18.001,3606800000.0
69,MRK,MRQ,2004-03-31,2004-03-31,2004-03-31,2021-08-25,80400000.0,41665200000.0,,12961300000.0,28703900000.0,,7.315,-322800000.0,1762100000.0,1762100000.0,1148200000.0,1618600000.0,1.281,1.561,6876800000.0,1945100000.0,4931700000.0,6876800000.0,0.0,348200000.0,0.0,0.033,0.37,2342900000.0,2691100000.0,0.478,2691100000.0,2342900000.0,2342900000.0,0.73,0.73,0.73,16271200000.0,,16271200000.0,103887988654.0,11.0,9.81,1491200000.0,0.67,1.0,4482600000.0,0.796,1903400000.0,0.0,34762300000.0,,2658600000.0,11122800000.0,3549800000.0,7573000000.0,25394000000.0,10114200000.0,15279800000.0,98292988654.0,561100000.0,0.0,-227900000.0,81200000.0,-822400000.0,-883200000.0,-367100000.0,-43000000.0,1814000000.0,-2600000.0,1618600000.0,1618600000.0,1618600000.0,0.0,0.0,0.287,2607700000.0,1874900000.0,519200000.0,0.507,6.041,14.585,14.681,14182200000.0,0.0,44.19,4.36,4.36,4199600000.0,34937600000.0,5630800000.0,5630800000.0,996300000.0,,,,,0.0,1611400000.0,1.0,2224326514.0,2224326514.0,,2.531,39761800000.0,0.0,724300000.0,9417200000.0,17.876,2847100000.0
70,MRK,MRQ,2003-12-31,2003-12-31,2003-12-31,2021-08-25,65500000.0,40587500000.0,,11527200000.0,29060300000.0,,7.001,-541800000.0,1201000000.0,1201000000.0,1227200000.0,1395200000.0,1.205,1.606,6796000000.0,1700000000.0,5096000000.0,6796000000.0,0.0,320600000.0,0.0,0.032,0.37,1760900000.0,2081500000.0,0.37,2081500000.0,1760900000.0,1760900000.0,0.62,0.62,0.62,15576400000.0,,15576400000.0,110293476877.0,12.0,10.398,2565500000.0,1.153,1.0,4399900000.0,0.782,1949400000.0,0.0,34663500000.0,,2554700000.0,10913200000.0,2972000000.0,7941200000.0,25011100000.0,9569600000.0,15441500000.0,102794876877.0,-972800000.0,-138300000.0,-256900000.0,-2873500000.0,-827000000.0,-4328800000.0,453400000.0,1186300000.0,3107300000.0,43300000.0,1395200000.0,1395200000.0,1395200000.0,0.0,0.0,0.248,2733700000.0,1666200000.0,735200000.0,0.597,6.599,15.049,15.148,14169000000.0,0.0,46.2,4.572,4.572,4023600000.0,34142000000.0,5627100000.0,5627100000.0,906300000.0,,,,,0.0,1632800000.0,1.0,2224997335.0,2224997335.0,,2.529,38638100000.0,0.0,365700000.0,8969200000.0,17.365,1957600000.0
71,MRK,MRQ,2003-09-30,2003-09-30,2003-09-30,2021-08-25,-145400000.0,42589000000.0,,14021200000.0,28567800000.0,,6.84,-471000000.0,2173800000.0,2173800000.0,1083400000.0,1858300000.0,1.197,1.781,9672400000.0,4273600000.0,5398800000.0,9672400000.0,0.0,326700000.0,0.0,0.029,0.37,2598100000.0,2924800000.0,0.508,2924800000.0,2598100000.0,2598100000.0,0.83,0.82,0.83,15312700000.0,,15312700000.0,121828302795.0,12.0,10.607,1871900000.0,0.836,1.0,4678600000.0,0.812,1904400000.0,0.0,36467600000.0,,2441400000.0,12038300000.0,4118900000.0,7919400000.0,27276300000.0,11715600000.0,15560700000.0,113329802795.0,509100000.0,0.0,-616500000.0,-496500000.0,-807000000.0,-1877300000.0,-1211700000.0,-741400000.0,2342900000.0,11400000.0,1858300000.0,1858300000.0,1858300000.0,6700000.0,0.0,0.323,2240100000.0,2438500000.0,728800000.0,0.446,7.401,15.471,15.528,13924900000.0,0.0,50.62,4.945,4.945,4561800000.0,33583700000.0,5762000000.0,5762000000.0,776500000.0,,,,,0.0,1463600000.0,1.0,2238834508.0,2238834508.0,,2.574,40684600000.0,0.0,739800000.0,8838000000.0,18.172,2305600000.0
72,MRK,MRQ,2003-06-30,2003-06-30,2003-06-30,2021-08-25,-171400000.0,50008100000.0,,16303000000.0,33705100000.0,,8.744,-482000000.0,1664700000.0,1664700000.0,988500000.0,1867000000.0,1.186,1.55,10163200000.0,4769600000.0,5393600000.0,10163200000.0,0.0,340800000.0,0.0,0.024,0.36,2552300000.0,2893100000.0,0.524,2893100000.0,2552300000.0,2552300000.0,0.83,0.83,0.83,19607200000.0,,19607200000.0,143366853982.0,14.0,12.593,1040100000.0,0.464,1.0,4536900000.0,0.821,7628100000.0,0.0,37129100000.0,,3630400000.0,11301000000.0,4050800000.0,7250200000.0,30400900000.0,13749400000.0,16651500000.0,135772953982.0,-552200000.0,0.0,-476700000.0,322000000.0,-808100000.0,-863400000.0,-1402800000.0,-918200000.0,1522100000.0,73900000.0,1867000000.0,1867000000.0,1867000000.0,-82500000.0,0.0,0.338,2376300000.0,2160600000.0,2169600000.0,0.434,6.925,18.469,18.517,14569300000.0,0.0,60.55,6.013,6.013,5901600000.0,37398000000.0,5525400000.0,5525400000.0,786400000.0,,,,,0.0,1589900000.0,1.0,2242327894.0,2242327894.0,,2.464,42380000000.0,0.0,685300000.0,9913800000.0,18.9,2553600000.0
73,MRK,MRQ,2003-03-31,2003-03-31,2003-03-31,2021-08-25,-109000000.0,48953500000.0,,15380900000.0,33572600000.0,,8.41,-421100000.0,2216900000.0,2216900000.0,1080100000.0,1710400000.0,1.135,1.593,9810800000.0,4434900000.0,5375900000.0,9810800000.0,0.0,326100000.0,0.0,0.026,0.36,2381600000.0,2707700000.0,0.486,2707700000.0,2381600000.0,2381600000.0,0.76,0.76,0.76,18876100000.0,,18876100000.0,129259797266.0,13.0,11.381,1312300000.0,0.585,1.0,4491300000.0,0.806,7691800000.0,0.0,35305400000.0,,3522600000.0,10274000000.0,2920400000.0,7353600000.0,30077400000.0,13550200000.0,16527200000.0,122953997266.0,-26100000.0,-1389500000.0,-295800000.0,1264900000.0,-808300000.0,241600000.0,-2102300000.0,-290200000.0,1733400000.0,27100000.0,1710400000.0,1710400000.0,1710400000.0,-165400000.0,0.0,0.307,2324600000.0,2166700000.0,2375300000.0,0.474,6.514,16.995,17.065,14356200000.0,0.0,54.78,4.117,4.117,5617700000.0,36337300000.0,5571400000.0,5571400000.0,810700000.0,,,,,0.0,1513900000.0,1.0,2244505244.0,2244505244.0,,2.482,41261700000.0,0.0,671200000.0,9792700000.0,18.383,1830700000.0
74,MRK,MRQ,2002-12-31,2002-12-31,2002-12-31,2021-08-25,-98800000.0,47561200000.0,,14386400000.0,33174800000.0,,8.105,-655400000.0,2243000000.0,2243000000.0,1225400000.0,1889800000.0,1.163,1.613,8548800000.0,3669800000.0,4879000000.0,8548800000.0,0.0,307600000.0,0.0,0.025,0.36,2652500000.0,2960100000.0,0.489,2960100000.0,2652500000.0,2652500000.0,0.84,0.83,0.84,18200500000.0,,18200500000.0,135336849559.0,14.0,12.043,1873900000.0,0.834,1.0,4832300000.0,0.798,7241000000.0,0.0,34250800000.0,,2964300000.0,9983300000.0,2728200000.0,7255100000.0,29360700000.0,12375200000.0,16985500000.0,127120949559.0,746400000.0,0.0,61200000.0,-1171500000.0,-809500000.0,-2206200000.0,144000000.0,800000000.0,2529300000.0,64200000.0,1889800000.0,1889800000.0,1889800000.0,-75900000.0,0.0,0.312,2377200000.0,2455100000.0,2413300000.0,0.429,6.984,17.78,17.858,14195600000.0,0.0,56.61,5.928,5.928,5423400000.0,35434900000.0,6057700000.0,6057700000.0,838800000.0,,,,,0.0,1538400000.0,1.0,2245556431.0,2245556431.0,,2.698,40320200000.0,0.0,762700000.0,9296300000.0,17.956,2011200000.0
75,MRK,MRQ,2002-09-30,2002-09-30,2002-09-30,2021-08-25,185600000.0,47337400000.0,,14023600000.0,33313800000.0,,7.794,-356100000.0,1496600000.0,1496600000.0,973200000.0,1884000000.0,1.073,1.7,9712500000.0,4842700000.0,4869800000.0,9712500000.0,0.0,196400000.0,0.0,0.039,0.36,2627000000.0,2823400000.0,0.52,2823400000.0,2627000000.0,2627000000.0,0.84,0.83,0.84,17532500000.0,,17532500000.0,111220948704.0,11.0,10.254,2182700000.0,0.97,1.0,4452900000.0,0.821,7305600000.0,0.0,35174300000.0,,3452100000.0,10858400000.0,2488500000.0,8369900000.0,29804900000.0,13073400000.0,16731500000.0,102828048704.0,177700000.0,0.0,-510200000.0,-49600000.0,-791400000.0,-1391700000.0,-1308600000.0,-947100000.0,2538800000.0,-20800000.0,1884000000.0,1884000000.0,1884000000.0,-116700000.0,0.0,0.347,2084500000.0,2368400000.0,5167400000.0,0.429,5.865,14.441,14.511,13839600000.0,0.0,45.71,6.252,6.252,5524600000.0,34353500000.0,5426100000.0,5426100000.0,676900000.0,,,,,0.0,1407600000.0,1.0,2249574463.0,2249574463.0,,2.412,40031800000.0,0.0,743000000.0,9204800000.0,17.795,950200000.0
76,MRK,MRQ,2002-06-30,2002-06-30,2002-06-30,2021-08-25,47200000.0,45960400000.0,,13304900000.0,32655500000.0,,7.407,-654800000.0,1318900000.0,1318900000.0,8292600000.0,1750700000.0,1.069,1.739,9711800000.0,4878000000.0,4833800000.0,9711800000.0,0.0,365100000.0,0.0,0.035,0.35,2501000000.0,2866100000.0,0.224,2866100000.0,2501000000.0,2501000000.0,0.77,0.77,0.77,16777100000.0,,16777100000.0,121700810434.0,12.0,10.891,1017100000.0,0.449,1.0,4517100000.0,0.353,7367000000.0,0.0,34541900000.0,,3407300000.0,9746700000.0,1790600000.0,7956100000.0,29183300000.0,12444400000.0,16738900000.0,114708310434.0,-1624200000.0,0.0,-834800000.0,-250700000.0,-795000000.0,-1821100000.0,-1546100000.0,-892500000.0,1671900000.0,71100000.0,1750700000.0,1750700000.0,1750700000.0,0.0,0.0,0.137,2109000000.0,2408100000.0,5045000000.0,0.455,6.837,15.965,16.025,13610000000.0,0.0,50.64,5.0,5.0,5786800000.0,33278900000.0,12809700000.0,12809700000.0,631200000.0,,,,,0.0,1477800000.0,1.0,2265172007.0,2265172007.0,,5.655,38593400000.0,0.0,750300000.0,8669700000.0,17.038,860500000.0
77,MRK,MRQ,2002-03-31,2002-03-31,2002-03-31,2021-08-25,-54900000.0,45474700000.0,,14024000000.0,31450700000.0,,7.241,-461800000.0,2943100000.0,2943100000.0,7980700000.0,1625000000.0,1.111,1.765,9935600000.0,5145500000.0,4790100000.0,9935600000.0,0.0,362100000.0,0.0,0.027,0.35,2321500000.0,2683600000.0,0.221,2683600000.0,2321500000.0,2321500000.0,0.72,0.71,0.72,16446000000.0,,16446000000.0,137490918949.0,14.0,12.205,1508800000.0,0.664,1.0,4188600000.0,0.344,7428600000.0,0.0,32411200000.0,,3116400000.0,8638800000.0,1563000000.0,7075800000.0,29028700000.0,12627400000.0,16401300000.0,130769618949.0,799100000.0,0.0,-489200000.0,1077000000.0,-795700000.0,-112900000.0,-1057300000.0,-596600000.0,1970600000.0,-1300000.0,1625000000.0,1625000000.0,1625000000.0,0.0,0.0,0.134,1995100000.0,2193500000.0,4908400000.0,0.486,7.951,18.038,18.107,13249700000.0,0.0,57.58,5.938,5.938,5565400000.0,32319700000.0,12169300000.0,12169300000.0,530300000.0,,,,,0.0,1464800000.0,1.0,2271094459.0,2271094459.0,,5.358,38046100000.0,0.0,696500000.0,8538700000.0,16.752,1396600000.0
78,MRK,MRQ,2001-12-31,2001-12-31,2001-12-31,2021-08-25,10600000.0,44021200000.0,,12961600000.0,31059600000.0,,7.056,-400800000.0,2144000000.0,2144000000.0,-17709300000.0,1860900000.0,1.123,1.743,8865300000.0,4066700000.0,4798600000.0,8865300000.0,0.0,40400000.0,0.0,0.026,0.7,2432600000.0,2473000000.0,-0.177,2473000000.0,2432600000.0,2432600000.0,0.82,0.81,0.82,16050100000.0,,16050100000.0,141573841708.0,14.0,12.518,1760500000.0,0.774,1.0,3750500000.0,-0.269,7491000000.0,0.0,31707300000.0,,3579300000.0,8126100000.0,1142600000.0,6983500000.0,27971100000.0,11544200000.0,16426900000.0,133752941708.0,510400000.0,0.0,-15800000.0,-580200000.0,-799300000.0,-1693800000.0,-219800000.0,128400000.0,2161300000.0,-57900000.0,1860900000.0,1860900000.0,1860900000.0,-228600000.0,0.0,-0.133,1748000000.0,2002500000.0,1895200000.0,0.854,8.333,18.368,18.491,13103400000.0,0.0,58.8,6.309,6.309,5215400000.0,31489600000.0,-13958800000.0,-13958800000.0,716400000.0,,,,,0.0,1031600000.0,1.0,2274709893.0,2274709893.0,,-6.137,36530200000.0,0.0,571700000.0,8364100000.0,16.059,1417400000.0
79,MRK,MRQ,2001-09-30,2001-09-30,2001-09-30,2021-08-25,117000000.0,43705600000.0,,13922900000.0,29782700000.0,,6.708,-565900000.0,1633600000.0,1633600000.0,7082800000.0,1948200000.0,1.088,1.846,9454500000.0,5219900000.0,4234600000.0,9454500000.0,0.0,368500000.0,0.0,0.018,0.35,2783100000.0,3151600000.0,0.264,3151600000.0,2783100000.0,2783100000.0,0.85,0.84,0.85,15356700000.0,,15356700000.0,159789037267.0,16.0,13.711,2249000000.0,0.982,1.0,4836800000.0,0.406,7573800000.0,0.0,31159400000.0,,3385400000.0,8390200000.0,2215800000.0,6174400000.0,28348900000.0,12793300000.0,15555600000.0,152476637267.0,-474800000.0,0.0,-1393000000.0,8300000.0,-778000000.0,-2187700000.0,-1153200000.0,-463400000.0,2814900000.0,51200000.0,1948200000.0,1948200000.0,1948200000.0,0.0,0.0,0.163,2115600000.0,2721200000.0,4708400000.0,0.412,9.929,21.221,21.278,12655300000.0,0.0,66.6,3.27,3.27,5532500000.0,30424500000.0,11919600000.0,11919600000.0,590300000.0,,,,,0.0,1525300000.0,1.0,2289438998.0,2289438998.0,,5.206,36131800000.0,0.0,834900000.0,8446200000.0,15.782,1129600000.0
80,MRK,MRQ,2001-06-30,2001-06-30,2001-06-30,2021-08-25,5100000.0,41748500000.0,,13471100000.0,28277400000.0,,6.44,-802300000.0,2108400000.0,2108400000.0,7204800000.0,1815400000.0,1.125,1.827,9420800000.0,5764900000.0,3655900000.0,9420800000.0,0.0,363400000.0,0.0,0.018,0.14,2593500000.0,2956900000.0,0.249,2956900000.0,2593500000.0,2593500000.0,0.79,0.78,0.79,14766300000.0,,14766300000.0,151788744629.0,15.0,13.237,391600000.0,0.171,1.0,4688300000.0,0.394,7190200000.0,0.0,29894900000.0,,3153500000.0,7534900000.0,1851400000.0,5683500000.0,26982200000.0,11975800000.0,15006400000.0,146545944629.0,-50100000.0,0.0,-1162700000.0,2016100000.0,-783000000.0,142700000.0,-1365500000.0,-549700000.0,1193900000.0,-21200000.0,1815400000.0,1815400000.0,1815400000.0,0.0,0.0,0.153,2239800000.0,2448500000.0,4019600000.0,0.177,9.924,20.719,20.75,12370400000.0,0.0,63.91,3.237,3.237,5249800000.0,29275600000.0,11893100000.0,11893100000.0,602400000.0,,,,,0.0,1637400000.0,1.0,2293004923.0,2293004923.0,,5.187,34558300000.0,0.0,778100000.0,7807100000.0,15.071,1495300000.0
81,MRK,MRQ,2001-03-31,2001-03-31,2001-03-31,2021-08-25,107000000.0,40226300000.0,,12851700000.0,27374600000.0,,6.45,-632800000.0,2158500000.0,2158500000.0,7046500000.0,1657300000.0,1.236,1.708,7401300000.0,3778200000.0,3623100000.0,7401300000.0,0.0,360200000.0,0.0,0.017,0.34,2367500000.0,2727700000.0,0.24,2727700000.0,2367500000.0,2367500000.0,0.72,0.71,0.72,14856700000.0,,14856700000.0,179218980776.0,18.0,15.851,1540400000.0,0.669,1.0,4298600000.0,0.379,7283700000.0,0.0,27788600000.0,,2845600000.0,7159000000.0,1841600000.0,5317400000.0,25369600000.0,10396800000.0,14972800000.0,174835780776.0,-378300000.0,0.0,-1018700000.0,499300000.0,-784700000.0,-1332100000.0,-1158100000.0,-494700000.0,2173200000.0,-61300000.0,1657300000.0,1657300000.0,1657300000.0,0.0,0.0,0.146,2053600000.0,2245000000.0,4162600000.0,0.472,11.768,25.051,25.05,11836000000.0,0.0,75.9,4.08,4.08,5009800000.0,28238100000.0,11345100000.0,11345100000.0,547400000.0,,,,,0.0,1506200000.0,1.0,2303501723.0,2303501723.0,,4.925,32942600000.0,0.0,710200000.0,8100600000.0,14.301,2454900000.0
82,MRK,MRQ,2000-12-31,2000-12-31,2000-12-31,2021-08-25,30800000.0,40154900000.0,,13597900000.0,26557000000.0,,6.432,-817500000.0,2536800000.0,2536800000.0,6570600000.0,1764400000.0,1.366,1.707,6920000000.0,3319300000.0,3600700000.0,6920000000.0,0.0,306800000.0,0.0,0.013,0.34,2511100000.0,2817900000.0,0.246,2817900000.0,2511100000.0,2511100000.0,0.77,0.75,0.77,14832400000.0,,14832400000.0,221000429226.0,22.0,19.923,1543200000.0,0.669,1.0,4896700000.0,0.427,7374200000.0,0.0,27209800000.0,,3021500000.0,6665600000.0,1717800000.0,4947800000.0,25322500000.0,9954100000.0,15368400000.0,215923429226.0,1001700000.0,0.0,359200000.0,287100000.0,-782000000.0,-493800000.0,-856900000.0,-22700000.0,2360700000.0,-8300000.0,1764400000.0,1764400000.0,1764400000.0,0.0,0.0,0.154,2436500000.0,2460200000.0,4605800000.0,0.442,14.558,31.652,31.632,11482100000.0,0.0,93.63,5.35,5.35,5262400000.0,27363900000.0,11467300000.0,11467300000.0,662300000.0,,,,,0.0,1774200000.0,1.0,2306135098.0,2306135098.0,,4.973,32780700000.0,0.0,746700000.0,7991000000.0,14.215,3643800000.0
83,MRK,MRQ,2000-09-30,2000-09-30,2000-09-30,2021-08-25,14700000.0,38007600000.0,,11600400000.0,26407200000.0,,5.877,-712300000.0,1535100000.0,1535100000.0,5987400000.0,1835900000.0,1.301,1.811,6612100000.0,3174500000.0,3437600000.0,6612100000.0,0.0,322800000.0,0.0,0.016,0.34,2641600000.0,2964400000.0,0.281,2964400000.0,2641600000.0,2641600000.0,0.8,0.78,0.8,13520000000.0,,13520000000.0,175669241553.0,18.0,16.314,968400000.0,0.421,1.0,4580100000.0,0.433,7458400000.0,0.0,26706700000.0,,3099900000.0,6584200000.0,1300000000.0,5284200000.0,24487600000.0,8919500000.0,15568100000.0,171251841553.0,-1270900000.0,0.0,-461900000.0,-636300000.0,-667200000.0,-1743400000.0,-1171200000.0,-473200000.0,1680700000.0,-37000000.0,1835900000.0,1835900000.0,1835900000.0,0.0,0.0,0.174,2061900000.0,2518200000.0,4049000000.0,0.425,12.667,25.828,25.937,10922400000.0,0.0,74.44,4.523,4.523,4571300000.0,26384200000.0,10567500000.0,10567500000.0,609800000.0,,,,,0.0,1452100000.0,1.0,2300535217.0,2300535217.0,,4.593,30549200000.0,0.0,805700000.0,8029300000.0,13.279,2680900000.0
84,MRK,MRQ,2000-06-30,2000-06-30,2000-06-30,2021-08-25,-6200000.0,37443300000.0,,11840700000.0,25602600000.0,,5.531,-693700000.0,2806000000.0,2806000000.0,5052100000.0,1721700000.0,1.309,1.944,7223400000.0,3784300000.0,3439100000.0,7223400000.0,0.0,318900000.0,0.0,0.015,0.29,2477300000.0,2796200000.0,0.295,2796200000.0,2477300000.0,2477300000.0,0.74,0.73,0.74,12719000000.0,,12719000000.0,179780983338.0,20.0,17.414,868300000.0,0.378,1.0,4425000000.0,0.467,7549100000.0,0.0,25263400000.0,,2927900000.0,6164900000.0,1105700000.0,5059200000.0,24724300000.0,9048200000.0,15676100000.0,176204683338.0,583300000.0,0.0,-659100000.0,1491800000.0,-671800000.0,252900000.0,-1221300000.0,-514200000.0,1562000000.0,-10300000.0,1721700000.0,1721700000.0,1721700000.0,0.0,0.0,0.182,2072300000.0,2352700000.0,3923700000.0,0.392,13.854,27.818,28.173,10406400000.0,0.0,76.63,4.965,4.965,3863200000.0,25330200000.0,9477100000.0,9477100000.0,548000000.0,,,,,0.0,1524300000.0,1.0,2299421680.0,2299421680.0,,4.122,29894200000.0,0.0,755600000.0,7899600000.0,13.001,2792500000.0
85,MRK,MRQ,2000-03-31,2000-03-31,2000-03-31,2021-08-25,12900000.0,35778400000.0,,11084400000.0,24694000000.0,,5.224,-504300000.0,2222700000.0,2222700000.0,4833400000.0,1499600000.0,1.388,1.956,5799000000.0,2355600000.0,3443400000.0,5799000000.0,0.0,319900000.0,0.0,0.018,0.29,2194000000.0,2513900000.0,0.284,2513900000.0,2194000000.0,2194000000.0,0.65,0.63,0.65,12101700000.0,,12101700000.0,147909768031.0,16.0,14.572,1579600000.0,0.682,1.0,4018000000.0,0.454,7451500000.0,0.0,23914500000.0,,2977500000.0,5854800000.0,1070000000.0,4784800000.0,23676700000.0,7988700000.0,15688000000.0,143928768031.0,200800000.0,0.0,-2142900000.0,-238100000.0,-677000000.0,-1463100000.0,-391900000.0,40500000.0,2083900000.0,-28100000.0,1499600000.0,1499600000.0,1499600000.0,0.0,0.0,0.169,1940800000.0,2077200000.0,3941900000.0,0.446,11.893,23.632,23.805,9946600000.0,0.0,62.13,4.23,4.23,3691700000.0,24275700000.0,8851400000.0,8851400000.0,523600000.0,,,,,0.0,1417200000.0,1.0,2316574409.0,2316574409.0,,3.821,28326900000.0,0.0,694400000.0,8266400000.0,12.228,3095700000.0
86,MRK,MRQ,1999-12-31,1999-12-31,1999-12-31,2021-08-25,8100000.0,35634900000.0,,11259200000.0,24375700000.0,,5.665,-820900000.0,2021900000.0,2021900000.0,4644000000.0,1573200000.0,1.285,1.691,6002900000.0,2859000000.0,3143900000.0,6002900000.0,0.0,282300000.0,0.0,0.017,0.29,2211400000.0,2493700000.0,0.278,2493700000.0,2211400000.0,2211400000.0,0.68,0.66,0.68,13241600000.0,,13241600000.0,159762432624.0,19.0,16.362,519500000.0,0.222,1.0,4319400000.0,0.482,7584200000.0,0.0,23272900000.0,,2846900000.0,5942000000.0,1180500000.0,4761500000.0,22393300000.0,8758800000.0,13634500000.0,157051432624.0,-81500000.0,0.0,-653500000.0,1157900000.0,-678300000.0,-473400000.0,-940200000.0,-99000000.0,1340400000.0,-8300000.0,1573200000.0,1573200000.0,1573200000.0,0.0,0.0,0.176,2165300000.0,2154100000.0,4158700000.0,0.426,11.86,26.662,26.769,9676700000.0,0.0,67.19,4.801,4.801,4089000000.0,23447900000.0,8963400000.0,8963400000.0,627800000.0,,,,,0.0,1588600000.0,1.0,2337422721.0,2337422721.0,,3.835,28050700000.0,0.0,638200000.0,8094200000.0,12.001,2500400000.0
87,MRK,MRQ,1999-09-30,1999-09-30,1999-09-30,2021-08-25,9800000.0,34587500000.0,,11014900000.0,23572600000.0,,5.481,-650400000.0,2103400000.0,2103400000.0,4365900000.0,1539600000.0,1.436,1.69,4814400000.0,1600800000.0,3213600000.0,4814400000.0,0.0,285300000.0,0.0,0.017,0.29,2234700000.0,2520000000.0,0.307,2520000000.0,2234700000.0,2234700000.0,0.65,0.64,0.65,12856600000.0,,12856600000.0,153570635908.0,18.0,16.201,900400000.0,0.384,1.0,3829800000.0,0.467,7673100000.0,0.0,21955500000.0,,2746700000.0,6256300000.0,1676500000.0,4579800000.0,21730900000.0,7669900000.0,14061000000.0,152013335908.0,-164500000.0,0.0,-1080600000.0,982700000.0,-636000000.0,-686500000.0,-1098100000.0,-450800000.0,1550800000.0,69300000.0,1539600000.0,1539600000.0,1539600000.0,0.0,0.0,0.188,1839800000.0,1990000000.0,3765300000.0,0.446,11.824,26.585,26.671,9038000000.0,0.0,64.81,4.86,4.86,3498200000.0,22551600000.0,8195700000.0,8195700000.0,516000000.0,,,,,0.0,1272700000.0,1.0,2345522850.0,2345522850.0,,3.494,26914400000.0,0.0,695100000.0,8606400000.0,11.475,3345000000.0
88,MRK,MRQ,1999-06-30,1999-06-30,1999-06-30,2021-08-25,-23600000.0,33210100000.0,,10427100000.0,22783000000.0,,5.497,-613200000.0,2267900000.0,2267900000.0,4370200000.0,1478100000.0,1.593,1.56,3825200000.0,612400000.0,3212800000.0,3825200000.0,0.0,292300000.0,0.0,0.015,0.27,2330600000.0,2622900000.0,0.327,2622900000.0,2330600000.0,2330600000.0,0.63,0.61,0.63,12974900000.0,,12974900000.0,175862890820.0,20.0,17.648,658700000.0,0.279,1.0,3648000000.0,0.455,7746900000.0,0.0,20475900000.0,,2566300000.0,5639900000.0,1273400000.0,4366500000.0,20235200000.0,6544600000.0,13690600000.0,173807390820.0,475300000.0,0.0,-1163500000.0,-12100000.0,-638000000.0,-1842000000.0,1062300000.0,8400000.0,1271900000.0,-16900000.0,1478100000.0,1478100000.0,1478100000.0,0.0,0.0,0.184,1667100000.0,1980900000.0,3632700000.0,0.429,13.396,31.343,31.332,8525000000.0,0.0,73.63,5.808,5.808,3380100000.0,21690300000.0,8018200000.0,8018200000.0,482700000.0,,,,,0.0,1184400000.0,1.0,2360551281.0,2360551281.0,,3.397,25463200000.0,0.0,852500000.0,8428000000.0,10.787,3882500000.0
89,MRK,MRQ,1999-03-31,1999-03-31,1999-03-31,2021-08-25,-20000000.0,32289100000.0,,9615200000.0,22673900000.0,,5.646,-476000000.0,1792600000.0,1792600000.0,4154200000.0,1299600000.0,1.656,1.42,3848100000.0,630500000.0,3217600000.0,3848100000.0,0.0,284900000.0,0.0,0.013,0.27,1842800000.0,2127700000.0,0.282,2127700000.0,1842800000.0,1842800000.0,0.55,0.54,0.55,13342600000.0,,13342600000.0,190584936371.0,23.0,20.267,1491600000.0,0.631,1.0,3382500000.0,0.449,8193300000.0,0.0,20346400000.0,,2485800000.0,5668900000.0,1303700000.0,4365200000.0,18946500000.0,5804900000.0,13141600000.0,189346136371.0,-813600000.0,0.0,-361600000.0,3500000.0,-637400000.0,-867500000.0,-1841000000.0,-1361100000.0,1967600000.0,-72700000.0,1299600000.0,1299600000.0,1299600000.0,0.0,0.0,0.172,1596100000.0,1786400000.0,3395400000.0,0.491,14.191,35.172,35.3,8121200000.0,0.0,80.13,6.673,6.673,3132500000.0,20848200000.0,7536700000.0,7536700000.0,441800000.0,,,,,0.0,1154300000.0,1.0,2362986851.0,2362986851.0,,3.189,24095800000.0,0.0,543200000.0,7338400000.0,10.197,3810300000.0
90,MRK,MRQ,1998-12-31,1998-12-31,1998-12-31,2021-08-25,-21300000.0,31853400000.0,,10228500000.0,21624900000.0,,5.374,-675900000.0,2606200000.0,2606200000.0,3762300000.0,1400700000.0,1.685,1.488,3845000000.0,624200000.0,3220800000.0,3845000000.0,0.0,252100000.0,0.0,0.013,0.27,1956500000.0,2208600000.0,0.293,2208600000.0,1956500000.0,1956500000.0,0.6,0.58,0.6,12801800000.0,,12801800000.0,176846354002.0,22.0,19.331,588000000.0,0.247,1.0,3768400000.0,0.5,8287200000.0,0.0,18736200000.0,,2623900000.0,4357200000.0,749500000.0,3607700000.0,19051600000.0,6068800000.0,12982800000.0,175681754002.0,176900000.0,0.0,-364500000.0,255100000.0,-640000000.0,-1153500000.0,-16900000.0,650000000.0,1263900000.0,83400000.0,1400700000.0,1400700000.0,1400700000.0,0.0,0.0,0.186,1911400000.0,1857000000.0,3682100000.0,0.45,13.723,33.475,33.371,7843800000.0,0.0,73.75,6.531,6.531,3374100000.0,20186700000.0,7530700000.0,7530700000.0,541200000.0,,,,,0.0,1370200000.0,1.0,2382125478.0,2382125478.0,,3.161,23566200000.0,0.0,555800000.0,7182100000.0,9.893,4159700000.0
91,MRK,MRQ,1998-09-30,1998-09-30,1998-09-30,2021-08-25,30800000.0,31157000000.0,,10332900000.0,20824100000.0,,5.274,-524800000.0,2429300000.0,2429300000.0,3544100000.0,1367000000.0,1.783,1.48,3593900000.0,868000000.0,2725900000.0,3593900000.0,0.0,290300000.0,0.0,0.015,0.27,2715300000.0,3005600000.0,0.44,3005600000.0,2715300000.0,2715300000.0,0.57,0.56,0.57,12560800000.0,,12560800000.0,155812916346.0,20.0,17.668,961700000.0,0.404,1.0,3294200000.0,0.482,8377600000.0,0.0,18147200000.0,,2366500000.0,4861800000.0,1585200000.0,3276600000.0,18596200000.0,5796800000.0,12799400000.0,154343016346.0,1004400000.0,2586200000.0,-1997700000.0,695900000.0,-537300000.0,-1764700000.0,1237800000.0,-1277600000.0,1486500000.0,44800000.0,1367000000.0,1367000000.0,1367000000.0,0.0,0.0,0.2,2577100000.0,717100000.0,3339400000.0,0.474,12.288,30.325,30.351,7324000000.0,0.0,64.8,6.029,6.029,3086200000.0,19423400000.0,6838300000.0,6838300000.0,450400000.0,,,,,0.0,1087200000.0,1.0,2381836672.0,2381836672.0,,2.871,22779400000.0,0.0,1348300000.0,7381400000.0,9.564,4536100000.0
92,MRK,MRQ,1998-06-30,1998-06-30,1998-06-30,2021-08-25,26500000.0,27494000000.0,,8897400000.0,18596600000.0,,5.716,-457300000.0,1424900000.0,1424900000.0,3383400000.0,1316100000.0,1.483,1.012,2894800000.0,1550700000.0,1344100000.0,2894800000.0,0.0,235600000.0,0.0,0.013,0.225,1826100000.0,2061700000.0,0.319,2061700000.0,1826100000.0,1826100000.0,0.55,0.54,0.55,13663600000.0,,13663600000.0,160831899291.0,24.0,19.764,595800000.0,0.249,1.0,3087000000.0,0.477,6664200000.0,0.0,16299600000.0,,2328600000.0,4188900000.0,1368700000.0,2820200000.0,13830400000.0,6000100000.0,7830300000.0,159925699291.0,-171700000.0,0.0,-444300000.0,381900000.0,-538300000.0,-528800000.0,-663300000.0,-189500000.0,1053100000.0,-32700000.0,1316100000.0,1316100000.0,1316100000.0,0.0,0.0,0.203,1499800000.0,1587200000.0,3339500000.0,0.409,11.705,32.506,32.476,7026800000.0,0.0,66.9,6.478,6.478,2873700000.0,18696400000.0,6470400000.0,6470400000.0,441000000.0,,,,,0.0,1058800000.0,1.0,2390518674.0,2390518674.0,,2.707,20829800000.0,0.0,510000000.0,5872900000.0,8.714,2897300000.0
93,MRK,MRQ,1998-03-31,1998-03-31,1998-03-31,2021-08-25,29600000.0,26399900000.0,,8386700000.0,18013200000.0,,5.496,-315400000.0,1596600000.0,1596600000.0,3235600000.0,1164400000.0,1.719,1.008,2502800000.0,658200000.0,1844600000.0,2502800000.0,0.0,237100000.0,0.0,0.014,0.225,1635200000.0,1872300000.0,0.309,1872300000.0,1635200000.0,1635200000.0,0.49,0.47,0.49,13146300000.0,,13146300000.0,154449211229.0,23.0,20.037,1209400000.0,0.506,1.0,2823200000.0,0.466,6722500000.0,0.0,15705100000.0,,2078800000.0,4031800000.0,1212800000.0,2819000000.0,13253600000.0,4878500000.0,8375100000.0,153325311229.0,471500000.0,0.0,-328900000.0,248800000.0,-537500000.0,-473900000.0,-569000000.0,-239400000.0,1524800000.0,-10400000.0,1164400000.0,1164400000.0,1164400000.0,0.0,0.0,0.192,1383600000.0,1439600000.0,2979900000.0,0.459,11.663,32.223,32.211,6744400000.0,0.0,64.1,6.355,6.355,2574300000.0,17917600000.0,6058800000.0,6058800000.0,388500000.0,,,,,0.0,995100000.0,1.0,2391970534.0,2391970534.0,,2.533,19677400000.0,0.0,470800000.0,6007500000.0,8.226,3508200000.0
94,MRK,MRQ,1997-12-31,1997-12-31,1997-12-31,2021-08-25,9000000.0,25735900000.0,,8213000000.0,17522900000.0,,5.265,-459300000.0,1125100000.0,1125100000.0,3068700000.0,1242200000.0,1.475,1.043,2249000000.0,902500000.0,1346500000.0,2249000000.0,0.0,207800000.0,0.0,0.016,0.225,1671700000.0,1879500000.0,0.302,1879500000.0,1671700000.0,1671700000.0,0.525,0.51,0.525,12594600000.0,,12594600000.0,,,,1496700000.0,0.626,1.0,3163400000.0,0.508,6780500000.0,0.0,14510700000.0,,2145100000.0,3717600000.0,1184200000.0,2533400000.0,13141300000.0,5568600000.0,7572700000.0,126774438302.0,-156700000.0,0.0,-632900000.0,-39700000.0,-542100000.0,-1572300000.0,-510000000.0,55600000.0,1956000000.0,-30400000.0,1242200000.0,1242200000.0,1242200000.0,0.0,0.0,0.199,1639900000.0,1523500000.0,3268900000.0,0.429,10.066,27.475,27.604,6609400000.0,0.0,53.0,5.363,5.363,2876700000.0,17291500000.0,6232100000.0,6232100000.0,493900000.0,,,,,0.0,1146000000.0,1.0,2391970534.0,2391970534.0,,2.605,18955400000.0,0.0,429500000.0,5919700000.0,7.925,2644400000.0
95,MRK,MRQ,1997-09-30,1997-09-30,1997-09-30,2021-08-25,,,,,,,,-415800000.0,,,2991000000.0,1197200000.0,,,,,,,,629300000.0,,0.017,0.225,1694900000.0,2324200000.0,0.392,2324200000.0,1694900000.0,1694900000.0,0.495,0.485,0.495,,,,,,,1237700000.0,,1.0,2936700000.0,0.495,,0.0,,,,,,,,,,,-305200000.0,910000000.0,-778400000.0,55600000.0,-506900000.0,-2215400000.0,262200000.0,-196800000.0,1653500000.0,-5500000.0,1197200000.0,1197200000.0,1197200000.0,0.0,0.0,0.202,1473100000.0,1463600000.0,,0.455,,,,,0.0,50.0,,,,,5927700000.0,5927700000.0,424700000.0,,,,,0.0,1048400000.0,1.0,,,,,,,497700000.0,,,
96,MRK,MRQ,1997-06-30,1997-06-30,1997-06-30,2021-08-25,,,,,,,,-312100000.0,,,2944300000.0,1154400000.0,,,,,,,,0.0,,0.016,0.21,1632300000.0,1632300000.0,0.276,1632300000.0,1632300000.0,1632300000.0,0.48,0.465,0.48,,,,,,,902000000.0,,1.0,2964900000.0,0.502,,0.0,,,,,,,,,,,-149600000.0,0.0,-502900000.0,511800000.0,-508200000.0,-385400000.0,-1012600000.0,-703500000.0,1214100000.0,34300000.0,1154400000.0,1154400000.0,1154400000.0,0.0,0.0,0.195,1440600000.0,1524300000.0,,0.438,,,,,0.0,51.2,,,,,5909200000.0,5909200000.0,396400000.0,,,,,0.0,1044200000.0,1.0,,,,,,,477900000.0,,,
97,MRK,MRQ,1997-03-31,1997-03-31,1997-03-31,2021-08-25,,,,,,,,-261600000.0,,,,,,,,,,,,0.0,,0.019,0.21,,,,,,,,,,,,,,,,1231400000.0,,1.0,,,,,,,,,,,,,,,384200000.0,0.0,-245300000.0,-33300000.0,-482700000.0,-685800000.0,-342300000.0,-66600000.0,1493000000.0,-80700000.0,,,,,,,,,,,,,,,,42.125,,,,,,,,,,,,0.0,,1.0,,,,,,,,,,
98,MRK,MRQ,1996-12-31,1996-12-31,1996-12-31,2021-08-25,0.0,24293100000.0,,7726600000.0,16566500000.0,,,,1352400000.0,1352400000.0,,,1.6,1.029,1762000000.0,606100000.0,1155900000.0,1762000000.0,0.0,,0.0,0.019,0.2,,,,,,,,,,11970500000.0,,11970500000.0,,,,,,1.0,,,6736600000.0,,13136900000.0,,2148800000.0,3328600000.0,829200000.0,2499400000.0,12322600000.0,4829200000.0,7493400000.0,,,,,,,,,,,,,,,,,,,,2937800000.0,,,,24.881,5926700000.0,,39.81,,,2655900000.0,14817700000.0,,,,,,,,,,1.0,,,,,17556500000.0,0.0,,4829900000.0,,2897400000.0
0,MRK,MRT,2021-06-30,2021-06-30,2021-06-30,2021-08-25,-4628000000.0,90688000000.0,90730750000.0,28665000000.0,62023000000.0,0.535,13.149,-5098000000.0,8575000000.0,8575000000.0,15788000000.0,5585000000.0,1.309,1.721,26521000000.0,2488000000.0,24033000000.0,26521000000.0,0.0,3376000000.0,0.0,0.033,2.56,6931000000.0,10307000000.0,0.212,10307000000.0,6931000000.0,6931000000.0,2.2,2.19,2.2,33294000000.0,28685500000.0,33294000000.0,221190178968.0,32.0,21.46,5362000000.0,2.118,1.0,32760000000.0,0.675,32495000000.0,0.0,54233000000.0,54313000000.0,5499000000.0,411000000.0,0.0,411000000.0,57300000000.0,21906000000.0,35394000000.0,196918178968.0,-2505000000.0,-6384000000.0,-139000000.0,-4585000000.0,-6405000000.0,-2819000000.0,-10378000000.0,1287000000.0,10460000000.0,232000000.0,5571000000.0,5571000000.0,5571000000.0,-332000000.0,14000000.0,0.115,27265000000.0,5495000000.0,3897000000.0,1.164,5.915,35.347,35.35,18064000000.0,0.0,77.77,4.056,4.056,7843000000.0,48777000000.0,48548000000.0,48548000000.0,16013000000.0,0.061,0.194,0.128,0.143,489000000.0,10449000000.0,1.0,2532058364.0,2532058364.0,,19.173,58193000000.0,0.0,1360000000.0,2460000000.0,22.982,6759000000.0
1,MRK,MRT,2021-03-31,2021-03-31,2021-03-31,2021-08-25,-6622000000.0,90847000000.0,90712500000.0,26909000000.0,63938000000.0,0.513,10.649,-4731000000.0,6981000000.0,6981000000.0,15431000000.0,7042000000.0,1.021,2.368,31253000000.0,7251000000.0,24002000000.0,31253000000.0,0.0,3661000000.0,0.0,0.033,2.52,8281000000.0,11942000000.0,0.257,11942000000.0,8281000000.0,8281000000.0,2.78,2.76,2.78,26945000000.0,27272500000.0,26945000000.0,218791034846.0,26.0,18.321,6606000000.0,2.611,1.0,31068000000.0,0.668,34613000000.0,0.0,54145000000.0,53648500000.0,6402000000.0,544000000.0,0.0,544000000.0,63808000000.0,26361000000.0,37447000000.0,195062034846.0,-437000000.0,-5075000000.0,72000000.0,3014000000.0,-6309000000.0,-3440000000.0,-8553000000.0,1335000000.0,11337000000.0,219000000.0,7028000000.0,7028000000.0,7028000000.0,-661000000.0,14000000.0,0.151,24833000000.0,6235000000.0,4034000000.0,0.906,7.239,27.755,27.73,18295000000.0,0.0,77.09,4.195,4.195,8235000000.0,48888000000.0,46499000000.0,46499000000.0,13777000000.0,0.077,0.258,0.154,0.178,471000000.0,10253000000.0,1.0,2530315668.0,2530315668.0,,18.377,56234000000.0,0.0,1253000000.0,2694000000.0,22.224,548000000.0
2,MRK,MRT,2020-12-31,2020-12-31,2020-12-31,2021-08-25,-6634000000.0,91588000000.0,89229000000.0,27764000000.0,63824000000.0,0.538,10.007,-4684000000.0,8050000000.0,8050000000.0,15485000000.0,7082000000.0,1.016,2.614,31791000000.0,6431000000.0,25360000000.0,31791000000.0,0.0,3625000000.0,0.0,0.03,2.48,8776000000.0,12401000000.0,0.258,12401000000.0,8776000000.0,8776000000.0,2.79,2.78,2.79,25317000000.0,27087500000.0,25317000000.0,228341816947.0,26.0,18.413,5569000000.0,2.201,1.0,32509000000.0,0.677,32983000000.0,0.0,55019000000.0,51647250000.0,5554000000.0,785000000.0,0.0,785000000.0,66184000000.0,27327000000.0,38857000000.0,206956816947.0,-1769000000.0,-7606000000.0,-1192000000.0,5011000000.0,-6215000000.0,-2832000000.0,-9443000000.0,2717000000.0,10253000000.0,253000000.0,7067000000.0,7067000000.0,7067000000.0,0.0,15000000.0,0.147,24604000000.0,7905000000.0,4327000000.0,0.889,8.175,29.285,29.319,17000000000.0,0.0,81.8,4.312,4.312,6803000000.0,47362000000.0,47994000000.0,47994000000.0,13558000000.0,0.079,0.261,0.17,0.183,475000000.0,10468000000.0,1.0,2530034437.0,2530034437.0,,18.97,58605000000.0,0.0,1709000000.0,2602000000.0,23.164,437000000.0
3,MRK,MRT,2020-09-30,2020-09-30,2020-09-30,2021-08-25,-6383000000.0,89800000000.0,87431250000.0,26577000000.0,63223000000.0,0.524,11.539,-4206000000.0,7356000000.0,7356000000.0,13209000000.0,11529000000.0,1.302,2.074,28741000000.0,2420000000.0,26321000000.0,28741000000.0,0.0,3584000000.0,0.0,0.029,2.44,13444000000.0,17028000000.0,0.372,17028000000.0,13444000000.0,13444000000.0,4.55,4.52,4.55,29186000000.0,27235000000.0,29186000000.0,229571546756.0,17.0,13.482,6835000000.0,2.702,1.0,32620000000.0,0.712,36925000000.0,0.0,53855000000.0,49199000000.0,6128000000.0,1372000000.0,0.0,1372000000.0,60530000000.0,20405000000.0,40125000000.0,209800546756.0,-470000000.0,-3477000000.0,-2246000000.0,2336000000.0,-6078000000.0,-6215000000.0,-5428000000.0,2157000000.0,11041000000.0,132000000.0,11518000000.0,11518000000.0,11518000000.0,-661000000.0,11000000.0,0.251,20673000000.0,11947000000.0,3744000000.0,0.536,7.188,18.215,18.231,16919000000.0,0.0,82.95,4.578,4.578,8422000000.0,51107000000.0,45829000000.0,45829000000.0,10232000000.0,0.132,0.423,0.273,0.293,449000000.0,9979000000.0,1.0,2529241070.0,2529241070.0,,18.12,52875000000.0,0.0,1926000000.0,2761000000.0,20.905,6172000000.0
4,MRK,MRT,2020-06-30,2020-06-30,2020-06-30,2021-08-25,-6393000000.0,90615000000.0,85814000000.0,29343000000.0,61272000000.0,0.532,10.951,-3649000000.0,11103000000.0,11103000000.0,13718000000.0,10491000000.0,1.323,2.274,30874000000.0,4718000000.0,26156000000.0,30874000000.0,0.0,3577000000.0,0.0,0.031,2.38,12361000000.0,15938000000.0,0.349,15938000000.0,12361000000.0,12361000000.0,4.13,4.1,4.13,27642000000.0,26648000000.0,27642000000.0,215761745100.0,17.0,13.538,9445000000.0,3.742,1.0,31957000000.0,0.7,36633000000.0,0.0,51575000000.0,48005000000.0,6056000000.0,1251000000.0,0.0,1251000000.0,62871000000.0,22178000000.0,40693000000.0,195188745100.0,4487000000.0,-3930000000.0,-3639000000.0,4282000000.0,-5927000000.0,-5516000000.0,-3082000000.0,4110000000.0,13094000000.0,-9000000.0,10478000000.0,10478000000.0,10478000000.0,-661000000.0,13000000.0,0.229,20744000000.0,11213000000.0,3448000000.0,0.576,7.061,18.628,18.724,15789000000.0,0.0,77.33,4.273,4.273,7577000000.0,49724000000.0,45675000000.0,45675000000.0,10046000000.0,0.122,0.393,0.257,0.271,426000000.0,10118000000.0,1.0,2524101191.0,2524101191.0,,18.096,53982000000.0,0.0,1883000000.0,3357000000.0,21.387,7165000000.0
5,MRK,MRT,2020-03-31,2020-03-31,2020-03-31,2021-08-25,-6391000000.0,84913000000.0,84151500000.0,26174000000.0,58739000000.0,0.571,10.332,-3864000000.0,7425000000.0,7425000000.0,14372000000.0,10133000000.0,1.115,2.237,27998000000.0,6361000000.0,21637000000.0,27998000000.0,0.0,3575000000.0,0.0,0.03,2.32,12248000000.0,15823000000.0,0.329,15823000000.0,12248000000.0,12248000000.0,3.98,3.95,3.98,26205000000.0,26646250000.0,26205000000.0,211810518394.0,17.0,13.386,8947000000.0,3.528,1.0,33710000000.0,0.701,35863000000.0,0.0,46140000000.0,47845500000.0,5846000000.0,562000000.0,7000000.0,555000000.0,58613000000.0,23483000000.0,35130000000.0,195140518394.0,-617000000.0,-7499000000.0,-4757000000.0,2057000000.0,-5818000000.0,-8737000000.0,-4625000000.0,6262000000.0,12811000000.0,-66000000.0,10146000000.0,10146000000.0,10146000000.0,0.0,-13000000.0,0.211,21452000000.0,12258000000.0,3572000000.0,0.583,7.447,19.233,19.332,15269000000.0,0.0,76.94,4.058,4.058,8182000000.0,48272000000.0,48082000000.0,48082000000.0,10150000000.0,0.121,0.381,0.256,0.255,432000000.0,10745000000.0,1.0,2536268760.0,2536268760.0,,18.958,49050000000.0,0.0,2102000000.0,2976000000.0,19.339,2691000000.0
6,MRK,MRT,2019-12-31,2019-12-31,2019-12-31,2021-08-25,-6193000000.0,84397000000.0,83511750000.0,27483000000.0,56914000000.0,0.561,10.176,-3473000000.0,9676000000.0,9676000000.0,14112000000.0,9777000000.0,1.237,2.254,26346000000.0,3610000000.0,22736000000.0,26346000000.0,0.0,3652000000.0,0.0,0.025,2.26,11530000000.0,15182000000.0,0.324,15182000000.0,11530000000.0,11530000000.0,3.84,3.81,3.84,25907000000.0,26979750000.0,25907000000.0,249776257715.0,22.0,16.452,9967000000.0,3.915,1.0,32728000000.0,0.699,33621000000.0,0.0,45226000000.0,49426000000.0,5978000000.0,2243000000.0,774000000.0,1469000000.0,58396000000.0,22220000000.0,36176000000.0,231557257715.0,1967000000.0,-4954000000.0,-4419000000.0,1248000000.0,-5695000000.0,-8861000000.0,-2629000000.0,5420000000.0,13440000000.0,17000000.0,9843000000.0,9843000000.0,9843000000.0,0.0,-66000000.0,0.21,21125000000.0,11603000000.0,3738000000.0,0.589,8.938,23.525,23.685,15053000000.0,0.0,90.95,4.944,4.944,6778000000.0,46602000000.0,46840000000.0,46840000000.0,9872000000.0,0.118,0.365,0.233,0.246,417000000.0,10615000000.0,1.0,2545984142.0,2545984142.0,,18.398,50776000000.0,0.0,1687000000.0,2206000000.0,19.944,5263000000.0
7,MRK,MRT,2019-09-30,2019-09-30,2019-09-30,2021-08-25,-5390000000.0,83331000000.0,83071750000.0,26142000000.0,57189000000.0,0.553,10.482,-3265000000.0,7869000000.0,7869000000.0,13732000000.0,9191000000.0,1.264,2.102,26088000000.0,3411000000.0,22677000000.0,26088000000.0,0.0,3714000000.0,0.0,0.026,2.2,11399000000.0,15113000000.0,0.329,15113000000.0,11399000000.0,11399000000.0,3.61,3.58,3.61,26838000000.0,27178250000.0,26838000000.0,235460337448.0,21.0,15.58,8973000000.0,3.505,1.0,32239000000.0,0.701,31787000000.0,0.0,49079000000.0,49675250000.0,5855000000.0,2260000000.0,149000000.0,2111000000.0,56406000000.0,20684000000.0,35722000000.0,215532337448.0,43000000.0,-4988000000.0,-9189000000.0,2616000000.0,-5567000000.0,-12416000000.0,312000000.0,7993000000.0,12238000000.0,-91000000.0,9313000000.0,9313000000.0,9313000000.0,0.0,-122000000.0,0.203,20489000000.0,11750000000.0,3198000000.0,0.609,8.031,23.143,23.319,14287000000.0,0.0,84.18,4.688,4.688,8442000000.0,45804000000.0,45971000000.0,45971000000.0,9538000000.0,0.112,0.343,0.229,0.248,393000000.0,10369000000.0,1.0,2560374643.0,2560374643.0,,17.955,51544000000.0,0.0,2086000000.0,2833000000.0,20.131,5458000000.0
8,MRK,MRT,2019-06-30,2019-06-30,2019-06-30,2021-08-25,-5362000000.0,83965000000.0,83521500000.0,24298000000.0,59667000000.0,0.531,10.734,-2959000000.0,6659000000.0,6659000000.0,13361000000.0,9242000000.0,1.21,2.035,26587000000.0,3816000000.0,22771000000.0,26587000000.0,0.0,3963000000.0,0.0,0.025,2.13,11715000000.0,15678000000.0,0.353,15678000000.0,11715000000.0,11715000000.0,3.6,3.57,3.6,27635000000.0,28574250000.0,27635000000.0,233703933778.0,20.0,14.906,7846000000.0,3.047,1.0,31007000000.0,0.699,32871000000.0,0.0,50937000000.0,50374750000.0,5847000000.0,4225000000.0,446000000.0,3779000000.0,56228000000.0,20085000000.0,36143000000.0,215883933778.0,1348000000.0,-3949000000.0,-8658000000.0,3202000000.0,-5458000000.0,-11169000000.0,1781000000.0,8228000000.0,10805000000.0,-69000000.0,9362000000.0,9362000000.0,9362000000.0,0.0,-120000000.0,0.211,19146000000.0,11861000000.0,3142000000.0,0.592,7.812,23.06,23.292,13862000000.0,0.0,83.85,4.866,4.866,7964000000.0,45295000000.0,44368000000.0,44368000000.0,8402000000.0,0.112,0.328,0.233,0.264,382000000.0,10223000000.0,1.0,2574644410.0,2574644410.0,,17.233,51094000000.0,0.0,2353000000.0,2723000000.0,19.845,4213000000.0
9,MRK,MRT,2019-03-31,2019-03-31,2019-03-31,2021-08-25,-5346000000.0,82354000000.0,83790250000.0,25351000000.0,57003000000.0,0.514,10.669,-2760000000.0,8076000000.0,8076000000.0,13377000000.0,8314000000.0,1.367,1.986,25896000000.0,3175000000.0,22721000000.0,25896000000.0,0.0,4280000000.0,0.0,0.025,2.06,10507000000.0,14787000000.0,0.343,14787000000.0,10507000000.0,10507000000.0,3.2,3.17,3.2,27539000000.0,29797750000.0,27539000000.0,231829093016.0,22.0,15.678,8343000000.0,3.232,1.0,29696000000.0,0.689,29169000000.0,0.0,52462000000.0,51082500000.0,5712000000.0,6343000000.0,722000000.0,5621000000.0,54684000000.0,18543000000.0,36141000000.0,214680093016.0,3591000000.0,-431000000.0,-9081000000.0,2664000000.0,-5301000000.0,-12052000000.0,4879000000.0,7661000000.0,11103000000.0,-339000000.0,8399000000.0,8399000000.0,8399000000.0,0.0,-85000000.0,0.195,19196000000.0,10500000000.0,3018000000.0,0.644,7.795,25.56,25.991,13506000000.0,0.0,83.17,4.984,4.984,7608000000.0,44065000000.0,43073000000.0,43073000000.0,8487000000.0,0.1,0.282,0.206,0.244,361000000.0,10019000000.0,1.0,2581220308.0,2581220308.0,,16.687,53185000000.0,0.0,2108000000.0,2642000000.0,20.605,6808000000.0
10,MRK,MRT,2018-12-31,2018-12-31,2018-12-31,2021-08-25,-5545000000.0,82637000000.0,84712000000.0,25875000000.0,56762000000.0,0.499,10.268,-2615000000.0,7965000000.0,7965000000.0,13509000000.0,6193000000.0,1.165,2.088,25114000000.0,5308000000.0,19806000000.0,25114000000.0,0.0,4519000000.0,0.0,0.026,1.99,8728000000.0,13247000000.0,0.313,13247000000.0,8728000000.0,8728000000.0,2.34,2.32,2.34,26701000000.0,31330000000.0,26701000000.0,214460768365.0,25.0,16.189,8307000000.0,3.195,1.0,28785000000.0,0.681,31357000000.0,0.0,46223000000.0,52054500000.0,5440000000.0,7132000000.0,899000000.0,6233000000.0,55755000000.0,22206000000.0,33549000000.0,198694768365.0,1871000000.0,-431000000.0,-8500000000.0,837000000.0,-5172000000.0,-13160000000.0,4314000000.0,7258000000.0,10922000000.0,-205000000.0,6220000000.0,6220000000.0,6220000000.0,0.0,-27000000.0,0.147,20486000000.0,8299000000.0,3318000000.0,0.85,7.441,31.944,32.654,13291000000.0,0.0,76.41,4.698,4.698,7071000000.0,42579000000.0,42294000000.0,42294000000.0,9752000000.0,0.073,0.199,0.168,0.206,348000000.0,10102000000.0,1.0,2600376500.0,2600376500.0,,16.265,51280000000.0,0.0,2508000000.0,3673000000.0,19.72,3669000000.0
11,MRK,MRT,2018-09-30,2018-09-30,2018-09-30,2021-08-25,-5151000000.0,85130000000.0,86020750000.0,26836000000.0,58294000000.0,0.485,12.191,-2401000000.0,7826000000.0,7826000000.0,13660000000.0,3377000000.0,1.444,1.618,23592000000.0,3656000000.0,19936000000.0,23592000000.0,0.0,4688000000.0,0.0,0.027,1.92,7945000000.0,12633000000.0,0.303,12633000000.0,7945000000.0,7945000000.0,1.26,1.25,1.26,32422000000.0,33238750000.0,32422000000.0,206694725562.0,26.0,16.361,8948000000.0,3.365,1.0,28069000000.0,0.673,30433000000.0,0.0,51877000000.0,54276000000.0,5416000000.0,10065000000.0,2459000000.0,7606000000.0,52474000000.0,18586000000.0,33888000000.0,188666725562.0,-73000000.0,-421000000.0,-4381000000.0,-3503000000.0,-5178000000.0,-13379000000.0,2078000000.0,5133000000.0,11349000000.0,-121000000.0,3347000000.0,3347000000.0,3347000000.0,0.0,30000000.0,0.08,20754000000.0,7315000000.0,3091000000.0,1.524,5.819,56.369,56.302,12755000000.0,0.0,70.94,4.521,4.521,7374000000.0,42189000000.0,41729000000.0,41729000000.0,9853000000.0,0.039,0.101,0.146,0.19,341000000.0,10101000000.0,1.0,2659525311.0,2659525311.0,,15.69,54697000000.0,0.0,4598000000.0,2824000000.0,20.566,8250000000.0
12,MRK,MRT,2018-06-30,2018-06-30,2018-06-30,2021-08-25,-5122000000.0,85040000000.0,87657250000.0,24064000000.0,60976000000.0,0.471,12.091,-2189000000.0,5310000000.0,5310000000.0,13348000000.0,1368000000.0,1.327,1.607,23338000000.0,3379000000.0,19959000000.0,23338000000.0,0.0,4748000000.0,0.0,0.031,1.91,5483000000.0,10231000000.0,0.248,10231000000.0,5483000000.0,5483000000.0,0.51,0.5,0.51,32529000000.0,34695250000.0,32529000000.0,182374446609.0,33.0,17.826,5196000000.0,1.931,1.0,27912000000.0,0.676,31172000000.0,0.0,53768000000.0,55763000000.0,5178000000.0,12317000000.0,2284000000.0,10033000000.0,52274000000.0,18128000000.0,34146000000.0,163301446609.0,-2474000000.0,-421000000.0,-3633000000.0,-1743000000.0,-5176000000.0,-10938000000.0,1089000000.0,3997000000.0,7385000000.0,-10000000.0,1341000000.0,1341000000.0,1341000000.0,0.0,27000000.0,0.033,23097000000.0,4815000000.0,3024000000.0,3.745,5.02,121.776,119.02,12626000000.0,0.0,60.7,3.958,3.958,7287000000.0,41523000000.0,41260000000.0,41260000000.0,12198000000.0,0.015,0.039,0.098,0.133,326000000.0,10117000000.0,1.0,2690303898.0,2690303898.0,,15.337,53868000000.0,0.0,4142000000.0,2820000000.0,20.023,5936000000.0
13,MRK,MRT,2018-03-31,2018-03-31,2018-03-31,2021-08-25,-5060000000.0,86041000000.0,89598250000.0,24085000000.0,61956000000.0,0.455,12.487,-1999000000.0,4483000000.0,4483000000.0,13047000000.0,1603000000.0,1.42,1.549,23556000000.0,2055000000.0,21501000000.0,23556000000.0,0.0,4620000000.0,0.0,0.035,1.9,5840000000.0,10460000000.0,0.257,10460000000.0,5840000000.0,5840000000.0,0.58,0.58,0.58,33668000000.0,36428750000.0,33668000000.0,165179496644.0,28.0,15.792,5321000000.0,1.974,1.0,27678000000.0,0.68,31804000000.0,0.0,56350000000.0,56488500000.0,5382000000.0,13896000000.0,2863000000.0,11033000000.0,52140000000.0,16960000000.0,35180000000.0,146861496644.0,-7222000000.0,-90000000.0,-3145000000.0,-5617000000.0,-5172000000.0,-14189000000.0,-711000000.0,1557000000.0,7320000000.0,358000000.0,1580000000.0,1580000000.0,1580000000.0,0.0,23000000.0,0.039,22535000000.0,5143000000.0,3162000000.0,3.276,4.362,92.95,93.914,12561000000.0,0.0,54.47,3.606,3.606,7245000000.0,41107000000.0,40725000000.0,40725000000.0,11706000000.0,0.018,0.043,0.103,0.143,318000000.0,10109000000.0,1.0,2696190502.0,2696190502.0,,15.105,54237000000.0,0.0,4260000000.0,2923000000.0,20.116,7125000000.0
14,MRK,MRT,2017-12-31,2017-12-31,2017-12-31,2021-08-25,-4910000000.0,87872000000.0,92228250000.0,24766000000.0,63106000000.0,0.435,12.603,-1888000000.0,6092000000.0,6092000000.0,12912000000.0,2418000000.0,1.331,1.552,24410000000.0,3057000000.0,21353000000.0,24410000000.0,0.0,4676000000.0,0.0,0.034,1.89,6497000000.0,11173000000.0,0.278,11173000000.0,6497000000.0,6497000000.0,0.88,0.87,0.88,34336000000.0,37971000000.0,34336000000.0,172398060705.0,27.0,15.43,4563000000.0,1.675,1.0,27210000000.0,0.678,32467000000.0,0.0,55109000000.0,56971750000.0,5096000000.0,14531000000.0,2406000000.0,12125000000.0,53303000000.0,18614000000.0,34689000000.0,153304060705.0,-419000000.0,-396000000.0,-3515000000.0,-1129000000.0,-5167000000.0,-10006000000.0,2679000000.0,4925000000.0,6451000000.0,457000000.0,2394000000.0,2394000000.0,2394000000.0,0.0,24000000.0,0.06,21189000000.0,6021000000.0,3102000000.0,2.148,4.465,64.037,63.943,12439000000.0,0.0,56.27,3.821,3.821,6873000000.0,41350000000.0,40122000000.0,40122000000.0,10339000000.0,0.026,0.063,0.114,0.162,312000000.0,10074000000.0,1.0,2724436835.0,2724436835.0,,14.727,55405000000.0,0.0,4103000000.0,2927000000.0,20.336,6152000000.0
15,MRK,MRT,2017-09-30,2017-09-30,2017-09-30,2021-08-25,-4945000000.0,91676000000.0,94104500000.0,27919000000.0,63757000000.0,0.423,14.024,-1724000000.0,7901000000.0,7901000000.0,12943000000.0,2869000000.0,1.434,1.39,26995000000.0,5157000000.0,21838000000.0,26995000000.0,0.0,4694000000.0,0.0,0.029,1.88,3263000000.0,7957000000.0,0.2,7957000000.0,3263000000.0,3263000000.0,1.04,1.04,1.04,38248000000.0,39409000000.0,38248000000.0,191733498390.0,59.0,24.096,4340000000.0,1.591,1.0,26861000000.0,0.675,33478000000.0,0.0,57825000000.0,58452750000.0,5263000000.0,15500000000.0,3294000000.0,12206000000.0,53177000000.0,19467000000.0,33710000000.0,174632498390.0,-6000000.0,-349000000.0,-2698000000.0,1831000000.0,-5155000000.0,-6198000000.0,174000000.0,1622000000.0,6064000000.0,-46000000.0,2846000000.0,2846000000.0,2846000000.0,0.0,23000000.0,0.072,23825000000.0,3036000000.0,2620000000.0,1.808,4.566,61.361,61.567,12189000000.0,0.0,64.03,4.387,4.387,7671000000.0,43701000000.0,39804000000.0,39804000000.0,12811000000.0,0.03,0.072,0.056,0.082,307000000.0,10279000000.0,1.0,2727354340.0,2727354340.0,,14.594,58198000000.0,0.0,417000000.0,4555000000.0,21.339,8452000000.0
16,MRK,MRT,2017-06-30,2017-06-30,2017-06-30,2021-08-25,-5094000000.0,92804000000.0,95769250000.0,28167000000.0,64637000000.0,0.418,14.428,-1692000000.0,7786000000.0,7786000000.0,13045000000.0,5108000000.0,1.502,1.345,24887000000.0,3181000000.0,21706000000.0,24887000000.0,0.0,4715000000.0,0.0,0.029,1.87,5951000000.0,10666000000.0,0.267,10666000000.0,5951000000.0,5951000000.0,1.85,1.84,1.85,39463000000.0,40783000000.0,39463000000.0,192062693446.0,32.0,18.007,8514000000.0,3.113,1.0,26970000000.0,0.674,34477000000.0,0.0,56670000000.0,59309000000.0,5407000000.0,16319000000.0,4181000000.0,12138000000.0,53092000000.0,18758000000.0,34334000000.0,175296693446.0,1178000000.0,-970000000.0,-3048000000.0,728000000.0,-5146000000.0,-7569000000.0,-1387000000.0,752000000.0,10206000000.0,-72000000.0,5086000000.0,5086000000.0,5086000000.0,0.0,22000000.0,0.127,21018000000.0,5952000000.0,2934000000.0,1.011,4.442,34.467,34.643,12094000000.0,0.0,64.09,4.381,4.381,7439000000.0,45046000000.0,40015000000.0,40015000000.0,10062000000.0,0.053,0.125,0.1,0.149,308000000.0,10213000000.0,1.0,2735164510.0,2735164510.0,,14.63,58327000000.0,0.0,865000000.0,6539000000.0,21.325,9409000000.0
17,MRK,MRT,2017-03-31,2017-03-31,2017-03-31,2021-08-25,-5080000000.0,96561000000.0,96687000000.0,31530000000.0,65031000000.0,0.413,14.51,-1674000000.0,11708000000.0,11708000000.0,13507000000.0,4366000000.0,1.591,1.418,28474000000.0,5037000000.0,23437000000.0,28474000000.0,0.0,5103000000.0,0.0,0.029,1.86,5017000000.0,10120000000.0,0.253,10120000000.0,5017000000.0,5017000000.0,1.58,1.56,1.58,39837000000.0,41756500000.0,39837000000.0,192780585597.0,38.0,19.049,6815000000.0,2.482,1.0,26422000000.0,0.662,35221000000.0,0.0,58283000000.0,60419250000.0,5146000000.0,15437000000.0,3541000000.0,11896000000.0,56473000000.0,19823000000.0,36650000000.0,174453585597.0,1992000000.0,-939000000.0,-2490000000.0,3028000000.0,-5139000000.0,-4717000000.0,-1758000000.0,339000000.0,8489000000.0,-22000000.0,4345000000.0,4345000000.0,4345000000.0,0.0,21000000.0,0.109,21313000000.0,5109000000.0,2484000000.0,1.177,4.379,40.15,40.215,12042000000.0,0.0,63.54,4.369,4.369,7066000000.0,44387000000.0,39929000000.0,39929000000.0,10431000000.0,0.045,0.104,0.083,0.126,306000000.0,10171000000.0,1.0,2745571067.0,2745571067.0,,14.543,61340000000.0,0.0,672000000.0,7219000000.0,22.341,11707000000.0
18,MRK,MRT,2016-12-31,2016-12-31,2016-12-31,2021-08-25,-5226000000.0,95377000000.0,97235500000.0,30614000000.0,64763000000.0,0.409,14.54,-1614000000.0,6515000000.0,6515000000.0,14030000000.0,3941000000.0,1.779,1.374,24842000000.0,568000000.0,24274000000.0,24842000000.0,0.0,5471000000.0,0.0,0.031,1.85,4638000000.0,10109000000.0,0.254,10109000000.0,4638000000.0,4638000000.0,1.42,1.41,1.42,40088000000.0,42748750000.0,40088000000.0,179548685626.0,39.0,17.761,8762000000.0,3.178,1.0,25777000000.0,0.648,35467000000.0,0.0,61033000000.0,60371500000.0,4866000000.0,19242000000.0,7826000000.0,11416000000.0,55069000000.0,17204000000.0,37865000000.0,162312685626.0,-2009000000.0,-780000000.0,-2495000000.0,-1307000000.0,-5124000000.0,-9044000000.0,-3210000000.0,-1298000000.0,10376000000.0,-131000000.0,3920000000.0,3920000000.0,3920000000.0,0.0,21000000.0,0.098,20929000000.0,4848000000.0,2807000000.0,1.303,4.049,41.406,41.458,12026000000.0,0.0,58.87,4.077,4.077,7018000000.0,44133000000.0,39807000000.0,39807000000.0,10261000000.0,0.04,0.092,0.077,0.117,300000000.0,10017000000.0,1.0,2757137517.0,2757137517.0,,14.438,59910000000.0,0.0,718000000.0,7316000000.0,21.729,13410000000.0
19,MRK,MRT,2016-09-30,2016-09-30,2016-09-30,2021-08-25,-4252000000.0,98335000000.0,98810500000.0,29440000000.0,68895000000.0,0.404,15.819,-1556000000.0,7907000000.0,7907000000.0,14409000000.0,5509000000.0,1.893,1.243,25143000000.0,1487000000.0,23656000000.0,25143000000.0,0.0,5846000000.0,0.0,0.029,1.84,6813000000.0,12659000000.0,0.317,12659000000.0,6813000000.0,6813000000.0,1.99,1.95,1.99,43744000000.0,43895750000.0,43744000000.0,190254643949.0,28.0,15.029,9434000000.0,3.412,1.0,25498000000.0,0.639,38766000000.0,0.0,61250000000.0,60123000000.0,5244000000.0,16817000000.0,5160000000.0,11657000000.0,54378000000.0,15555000000.0,38823000000.0,172576643949.0,359000000.0,-649000000.0,-2758000000.0,-1492000000.0,-5116000000.0,-9473000000.0,-1264000000.0,842000000.0,10990000000.0,106000000.0,5491000000.0,5491000000.0,5491000000.0,0.0,18000000.0,0.138,17675000000.0,7823000000.0,2481000000.0,0.925,3.945,31.429,31.362,12029000000.0,0.0,62.41,4.324,4.324,7364000000.0,46028000000.0,39907000000.0,39907000000.0,7272000000.0,0.056,0.125,0.113,0.171,303000000.0,9784000000.0,1.0,2765208203.0,2765208203.0,,14.432,59569000000.0,0.0,1322000000.0,7582000000.0,21.542,13885000000.0
20,MRK,MRT,2016-06-30,2016-06-30,2016-06-30,2021-08-25,-4086000000.0,96475000000.0,99534750000.0,27926000000.0,68549000000.0,0.396,15.664,-1463000000.0,6608000000.0,6608000000.0,14761000000.0,5152000000.0,1.872,1.223,24286000000.0,644000000.0,23642000000.0,24286000000.0,0.0,6241000000.0,0.0,0.032,1.83,6322000000.0,12563000000.0,0.319,12563000000.0,6322000000.0,6322000000.0,1.85,1.81,1.85,43357000000.0,44356500000.0,43357000000.0,175518940298.0,28.0,13.971,9867000000.0,3.565,1.0,24683000000.0,0.626,38124000000.0,0.0,61111000000.0,60131250000.0,5248000000.0,17105000000.0,5226000000.0,11879000000.0,53029000000.0,14918000000.0,38111000000.0,159465940298.0,-314000000.0,-12000000.0,-3546000000.0,-2374000000.0,-5114000000.0,-11177000000.0,-435000000.0,758000000.0,11330000000.0,-32000000.0,5133000000.0,5133000000.0,5133000000.0,0.0,19000000.0,0.13,17542000000.0,7141000000.0,2514000000.0,0.989,3.678,31.067,31.141,11987000000.0,0.0,57.61,4.043,4.043,6916000000.0,45121000000.0,39444000000.0,39444000000.0,7108000000.0,0.052,0.116,0.105,0.16,301000000.0,9863000000.0,1.0,2768025348.0,2768025348.0,,14.25,58351000000.0,0.0,1189000000.0,7304000000.0,21.08,13008000000.0
21,MRK,MRT,2016-03-31,2016-03-31,2016-03-31,2021-08-25,-4194000000.0,98755000000.0,101061500000.0,28772000000.0,69983000000.0,0.39,15.784,-1359000000.0,9716000000.0,9716000000.0,14937000000.0,4631000000.0,1.638,1.252,25769000000.0,2113000000.0,23656000000.0,25769000000.0,0.0,6299000000.0,0.0,0.034,1.82,5628000000.0,11927000000.0,0.303,11927000000.0,5628000000.0,5628000000.0,1.65,1.62,1.65,43806000000.0,45129250000.0,43806000000.0,164828932050.0,29.0,13.82,11068000000.0,3.988,1.0,24448000000.0,0.621,39148000000.0,0.0,58092000000.0,60415250000.0,5102000000.0,15781000000.0,3227000000.0,12554000000.0,54854000000.0,17568000000.0,37286000000.0,146838932050.0,1736000000.0,23000000.0,-3639000000.0,-4575000000.0,-5116000000.0,-13408000000.0,3588000000.0,4737000000.0,12427000000.0,-871000000.0,4615000000.0,4615000000.0,4615000000.0,0.0,16000000.0,0.117,17284000000.0,7164000000.0,2241000000.0,1.103,3.352,31.818,32.067,12360000000.0,0.0,52.91,3.728,3.728,6850000000.0,45192000000.0,39385000000.0,39385000000.0,6627000000.0,0.046,0.102,0.093,0.143,304000000.0,10029000000.0,1.0,2775258591.0,2775258591.0,,14.191,59607000000.0,0.0,1013000000.0,8120000000.0,21.478,11204000000.0
22,MRK,MRT,2015-12-31,2015-12-31,2015-12-31,2021-08-25,-4148000000.0,101677000000.0,103459000000.0,29751000000.0,71926000000.0,0.382,15.993,-1283000000.0,8524000000.0,8524000000.0,14934000000.0,4459000000.0,1.549,1.274,26412000000.0,2583000000.0,23829000000.0,26412000000.0,0.0,6375000000.0,0.0,0.034,1.81,5384000000.0,11759000000.0,0.298,11759000000.0,5384000000.0,5384000000.0,1.58,1.56,1.58,44676000000.0,46119000000.0,44676000000.0,166673948496.0,31.0,14.174,11255000000.0,4.029,1.0,24564000000.0,0.622,40325000000.0,0.0,60039000000.0,62476500000.0,4700000000.0,17942000000.0,4903000000.0,13039000000.0,56910000000.0,19201000000.0,37709000000.0,147554948496.0,1083000000.0,-7428000000.0,-3701000000.0,3492000000.0,-5117000000.0,-5387000000.0,-4758000000.0,3732000000.0,12538000000.0,-1310000000.0,4442000000.0,4442000000.0,4442000000.0,0.0,17000000.0,0.112,17636000000.0,6928000000.0,2533000000.0,1.146,3.303,33.218,33.43,12507000000.0,0.0,52.82,3.736,3.736,6484000000.0,45348000000.0,39498000000.0,39498000000.0,6704000000.0,0.043,0.096,0.086,0.136,299000000.0,10313000000.0,1.0,2793543137.0,2793543137.0,,14.139,61352000000.0,0.0,942000000.0,8095000000.0,21.962,10550000000.0
23,MRK,MRT,2015-09-30,2015-09-30,2015-09-30,2021-08-25,-4573000000.0,101232000000.0,102581500000.0,28567000000.0,72665000000.0,0.388,16.185,-1280000000.0,7548000000.0,7548000000.0,14833000000.0,10804000000.0,1.625,1.219,26667000000.0,2543000000.0,24124000000.0,26667000000.0,0.0,6388000000.0,0.0,0.036,1.8,16374000000.0,22762000000.0,0.572,22762000000.0,16374000000.0,16374000000.0,3.77,3.71,3.77,45587000000.0,47111750000.0,45587000000.0,158743603638.0,10.0,6.974,5977000000.0,2.122,1.0,24932000000.0,0.627,41485000000.0,0.0,61283000000.0,62555250000.0,5123000000.0,17621000000.0,4541000000.0,13080000000.0,55553000000.0,17583000000.0,37970000000.0,139113603638.0,-3822000000.0,5334000000.0,-4012000000.0,-3495000000.0,-5113000000.0,-12753000000.0,3063000000.0,-1105000000.0,7257000000.0,-1389000000.0,10782000000.0,10782000000.0,10782000000.0,0.0,22000000.0,0.271,18547000000.0,6385000000.0,2023000000.0,0.477,3.052,12.902,13.101,12482000000.0,0.0,49.39,3.498,3.498,6414000000.0,45660000000.0,39765000000.0,39765000000.0,7190000000.0,0.105,0.229,0.262,0.412,290000000.0,10622000000.0,1.0,2816635020.0,2816635020.0,,14.118,59747000000.0,4941000000.0,5592000000.0,8078000000.0,21.212,10984000000.0
24,MRK,MRT,2015-06-30,2015-06-30,2015-06-30,2021-08-25,-4332000000.0,102582000000.0,102725500000.0,28319000000.0,74263000000.0,0.392,16.44,-1284000000.0,6922000000.0,6922000000.0,15295000000.0,9815000000.0,1.617,1.204,26552000000.0,2483000000.0,24069000000.0,26552000000.0,0.0,6429000000.0,0.0,0.031,1.79,15525000000.0,21954000000.0,0.545,21954000000.0,15525000000.0,15525000000.0,3.43,3.38,3.43,46448000000.0,47021000000.0,46448000000.0,183093874171.0,12.0,8.34,7010000000.0,2.481,1.0,24954000000.0,0.62,42457000000.0,0.0,62247000000.0,61931000000.0,5306000000.0,17781000000.0,4448000000.0,13333000000.0,55944000000.0,17508000000.0,38436000000.0,160839874171.0,-2821000000.0,2108000000.0,-5211000000.0,1465000000.0,-5123000000.0,-8935000000.0,-598000000.0,-1350000000.0,8294000000.0,-1582000000.0,9851000000.0,9851000000.0,9851000000.0,0.0,-36000000.0,0.245,19472000000.0,5482000000.0,2335000000.0,0.522,3.463,16.327,16.598,12630000000.0,0.0,56.93,3.996,3.996,6510000000.0,45103000000.0,40249000000.0,40249000000.0,7349000000.0,0.096,0.21,0.251,0.386,290000000.0,11125000000.0,1.0,2825221749.0,2825221749.0,,14.246,60125000000.0,5133000000.0,5674000000.0,8332000000.0,21.282,10811000000.0
25,MRK,MRT,2015-03-31,2015-03-31,2015-03-31,2021-08-25,-4167000000.0,108345000000.0,101545000000.0,32927000000.0,75418000000.0,0.408,16.829,-1315000000.0,7980000000.0,7980000000.0,16434000000.0,11160000000.0,1.611,1.265,30234000000.0,4728000000.0,25506000000.0,30234000000.0,0.0,6574000000.0,0.0,0.031,1.78,16581000000.0,23155000000.0,0.559,23155000000.0,16581000000.0,16581000000.0,3.88,3.82,3.88,47765000000.0,47498500000.0,47765000000.0,177101329789.0,11.0,7.649,6597000000.0,2.324,1.0,24964000000.0,0.603,43820000000.0,0.0,66337000000.0,62028500000.0,5539000000.0,20713000000.0,7621000000.0,13092000000.0,60428000000.0,20442000000.0,39986000000.0,163139329789.0,-7848000000.0,2527000000.0,-6680000000.0,139000000.0,-5160000000.0,-11707000000.0,-3172000000.0,-4194000000.0,7912000000.0,-881000000.0,11168000000.0,11168000000.0,11168000000.0,0.0,-8000000.0,0.27,19787000000.0,5177000000.0,2091000000.0,0.459,3.415,14.608,14.814,12910000000.0,0.0,57.48,3.941,3.941,6670000000.0,45692000000.0,41398000000.0,41398000000.0,7343000000.0,0.11,0.235,0.267,0.401,285000000.0,11474000000.0,1.0,2838192933.0,2838192933.0,,14.586,64525000000.0,5117000000.0,5413000000.0,9253000000.0,22.735,12485000000.0
26,MRK,MRT,2014-12-31,2014-12-31,2014-12-31,2021-08-25,-4323000000.0,98167000000.0,101573750000.0,32605000000.0,65562000000.0,0.416,17.064,-1317000000.0,7441000000.0,7441000000.0,16768000000.0,11934000000.0,1.772,1.015,21403000000.0,2704000000.0,18699000000.0,21403000000.0,0.0,6691000000.0,0.0,0.031,1.77,17269000000.0,23960000000.0,0.567,23960000000.0,17269000000.0,17269000000.0,4.12,4.07,4.12,48647000000.0,48051000000.0,48647000000.0,178372098739.0,10.0,7.445,6672000000.0,2.34,1.0,25469000000.0,0.603,33378000000.0,0.0,60354000000.0,61862500000.0,5571000000.0,21793000000.0,8278000000.0,13515000000.0,49376000000.0,18397000000.0,30979000000.0,161901098739.0,-8180000000.0,10658000000.0,-6143000000.0,-3931000000.0,-5170000000.0,-15242000000.0,-374000000.0,-9635000000.0,7989000000.0,-553000000.0,11920000000.0,11920000000.0,11920000000.0,0.0,14000000.0,0.282,19799000000.0,5670000000.0,2625000000.0,0.43,3.328,13.582,13.784,13136000000.0,0.0,56.79,3.833,3.833,6626000000.0,46021000000.0,42237000000.0,42237000000.0,7180000000.0,0.117,0.248,0.279,0.409,278000000.0,11606000000.0,1.0,2850873371.0,2850873371.0,,14.815,64789000000.0,0.0,5349000000.0,5704000000.0,22.726,14208000000.0
27,MRK,MRT,2014-09-30,2014-09-30,2014-09-30,2021-08-25,-2998000000.0,101808000000.0,103443250000.0,34723000000.0,67085000000.0,0.416,15.678,-1256000000.0,11370000000.0,11370000000.0,17626000000.0,5421000000.0,1.339,1.248,27841000000.0,9275000000.0,18566000000.0,27841000000.0,0.0,7072000000.0,0.0,0.03,1.76,6661000000.0,13733000000.0,0.319,13733000000.0,6661000000.0,6661000000.0,1.85,1.83,1.85,45224000000.0,48330500000.0,45224000000.0,184324986916.0,28.0,13.422,10794000000.0,3.742,1.0,25449000000.0,0.591,33566000000.0,0.0,58786000000.0,62052500000.0,5819000000.0,16469000000.0,2977000000.0,13492000000.0,56448000000.0,25927000000.0,30521000000.0,171000986916.0,-2720000000.0,-2433000000.0,-4497000000.0,1501000000.0,-5171000000.0,-8094000000.0,-6401000000.0,-2513000000.0,12050000000.0,-275000000.0,5385000000.0,5385000000.0,5385000000.0,0.0,36000000.0,0.125,19625000000.0,5824000000.0,2279000000.0,0.951,3.781,31.755,32.043,13438000000.0,0.0,59.28,3.97,3.97,6515000000.0,39989000000.0,43075000000.0,43075000000.0,6732000000.0,0.052,0.111,0.107,0.155,275000000.0,11664000000.0,1.0,2884632033.0,2884632033.0,,14.933,68242000000.0,4740000000.0,1276000000.0,7454000000.0,23.657,8796000000.0
28,MRK,MRT,2014-06-30,2014-06-30,2014-06-30,2021-08-25,-2444000000.0,97860000000.0,104596000000.0,33587000000.0,64273000000.0,0.416,16.547,-1291000000.0,9743000000.0,9743000000.0,17507000000.0,5729000000.0,1.873,1.02,23067000000.0,4477000000.0,18590000000.0,23067000000.0,0.0,7166000000.0,0.0,0.03,1.75,6617000000.0,13783000000.0,0.316,13783000000.0,6617000000.0,6617000000.0,1.92,1.9,1.92,48358000000.0,48879250000.0,48358000000.0,181379465715.0,27.0,13.16,10360000000.0,3.545,1.0,26043000000.0,0.598,30619000000.0,0.0,62637000000.0,63259500000.0,6136000000.0,16270000000.0,3652000000.0,12618000000.0,49344000000.0,17928000000.0,31416000000.0,169059465715.0,-5347000000.0,777000000.0,-2121000000.0,-5011000000.0,-5148000000.0,-12288000000.0,-4716000000.0,-3998000000.0,11651000000.0,6000000.0,5614000000.0,5614000000.0,5614000000.0,0.0,115000000.0,0.129,19948000000.0,6095000000.0,2326000000.0,0.911,3.496,30.114,30.13,13893000000.0,0.0,57.85,3.882,3.882,7022000000.0,40366000000.0,43550000000.0,43550000000.0,6733000000.0,0.054,0.115,0.105,0.152,268000000.0,11492000000.0,1.0,2922376244.0,2922376244.0,,14.902,67241000000.0,3659000000.0,1003000000.0,4843000000.0,23.009,15659000000.0
29,MRK,MRT,2014-03-31,2014-03-31,2014-03-31,2021-08-25,-2179000000.0,108460000000.0,106850000000.0,41240000000.0,67220000000.0,0.408,16.995,-1402000000.0,15828000000.0,15828000000.0,16898000000.0,4631000000.0,1.835,1.118,28148000000.0,8559000000.0,19589000000.0,28148000000.0,0.0,7068000000.0,0.0,0.031,1.74,5971000000.0,13039000000.0,0.299,13039000000.0,5971000000.0,5971000000.0,1.53,1.52,1.53,49975000000.0,48664750000.0,49975000000.0,176378137111.0,30.0,13.527,10272000000.0,3.493,1.0,26728000000.0,0.613,32637000000.0,0.0,65673000000.0,63340500000.0,6376000000.0,16141000000.0,4685000000.0,11456000000.0,55896000000.0,22470000000.0,33426000000.0,166939137111.0,2804000000.0,333000000.0,-5054000000.0,7305000000.0,-5141000000.0,-2949000000.0,-5802000000.0,-4687000000.0,11674000000.0,-119000000.0,4516000000.0,4516000000.0,4516000000.0,0.0,115000000.0,0.104,20544000000.0,6184000000.0,2434000000.0,1.137,3.34,36.966,37.105,14296000000.0,0.0,56.77,3.827,3.827,7188000000.0,39661000000.0,43626000000.0,43626000000.0,7170000000.0,0.042,0.093,0.094,0.137,265000000.0,11659000000.0,1.0,2940622461.0,2940622461.0,,14.836,75823000000.0,3939000000.0,1455000000.0,6476000000.0,25.785,18770000000.0
30,MRK,MRT,2013-12-31,2013-12-31,2013-12-31,2021-08-25,-2197000000.0,105645000000.0,106285000000.0,35685000000.0,69960000000.0,0.414,17.032,-1548000000.0,15621000000.0,15621000000.0,16954000000.0,4517000000.0,1.997,1.071,25060000000.0,4521000000.0,20539000000.0,25060000000.0,0.0,6988000000.0,0.0,0.035,1.73,5432000000.0,12420000000.0,0.282,12420000000.0,5432000000.0,5432000000.0,1.49,1.47,1.49,49765000000.0,49428250000.0,49765000000.0,158775540194.0,29.0,12.784,10106000000.0,3.459,1.0,27079000000.0,0.615,36102000000.0,0.0,61114000000.0,60643250000.0,6226000000.0,11635000000.0,1865000000.0,9770000000.0,53319000000.0,17868000000.0,35451000000.0,146242540194.0,2170000000.0,-200000000.0,-5306000000.0,4533000000.0,-5157000000.0,-5990000000.0,-3148000000.0,-1343000000.0,11654000000.0,-346000000.0,4404000000.0,4404000000.0,4404000000.0,0.0,113000000.0,0.1,21123000000.0,5956000000.0,2274000000.0,1.161,2.939,33.207,33.591,14973000000.0,0.0,50.05,3.321,3.321,7184000000.0,39257000000.0,44033000000.0,44033000000.0,7503000000.0,0.041,0.089,0.09,0.123,276000000.0,11911000000.0,1.0,2921928875.0,2921928875.0,,15.07,69543000000.0,4789000000.0,1028000000.0,7027000000.0,23.8,17817000000.0
31,MRK,MRT,2013-09-30,2013-09-30,2013-09-30,2021-08-25,-4698000000.0,106419000000.0,106406750000.0,37765000000.0,68654000000.0,0.418,16.204,-1897000000.0,14090000000.0,14090000000.0,16507000000.0,4650000000.0,2.073,1.19,26623000000.0,3976000000.0,22647000000.0,26623000000.0,0.0,6695000000.0,0.0,0.036,1.72,5534000000.0,12229000000.0,0.275,12229000000.0,5534000000.0,5534000000.0,1.51,1.49,1.51,47419000000.0,50242000000.0,47419000000.0,152339812703.0,28.0,12.457,8540000000.0,2.918,1.0,27943000000.0,0.629,37123000000.0,0.0,63614000000.0,58786000000.0,6741000000.0,13277000000.0,4079000000.0,9198000000.0,56413000000.0,18215000000.0,38198000000.0,139321812703.0,-3270000000.0,0.0,-6413000000.0,7047000000.0,-5177000000.0,-4584000000.0,-8723000000.0,-6989000000.0,10437000000.0,-400000000.0,4530000000.0,4530000000.0,4530000000.0,0.0,120000000.0,0.102,21547000000.0,6396000000.0,2469000000.0,1.139,2.938,30.755,31.529,15323000000.0,0.0,47.609,3.134,3.134,7578000000.0,39773000000.0,44450000000.0,44450000000.0,7892000000.0,0.043,0.09,0.094,0.124,288000000.0,12320000000.0,1.0,2926375532.0,2926375532.0,,15.189,69296000000.0,5277000000.0,1004000000.0,16849000000.0,23.68,19550000000.0
32,MRK,MRT,2013-06-30,2013-06-30,2013-06-30,2021-08-25,-4760000000.0,106876000000.0,106377250000.0,36995000000.0,69881000000.0,0.422,15.73,-1956000000.0,15090000000.0,15090000000.0,16540000000.0,5263000000.0,2.01,1.195,28108000000.0,5582000000.0,22526000000.0,28108000000.0,0.0,6713000000.0,0.0,0.037,1.71,6219000000.0,12932000000.0,0.288,12932000000.0,6219000000.0,6219000000.0,1.7,1.67,1.7,47500000000.0,52324000000.0,47500000000.0,148061970154.0,24.0,11.449,7671000000.0,2.54,1.0,28366000000.0,0.632,38531000000.0,0.0,62961000000.0,55498750000.0,6766000000.0,11563000000.0,3008000000.0,8555000000.0,56771000000.0,18402000000.0,38369000000.0,140260970154.0,-1662000000.0,0.0,-6361000000.0,9183000000.0,-5195000000.0,-2407000000.0,-8525000000.0,-6815000000.0,9627000000.0,-357000000.0,5135000000.0,5135000000.0,5135000000.0,0.0,128000000.0,0.114,21305000000.0,7061000000.0,2253000000.0,1.006,2.953,27.315,27.324,15683000000.0,0.0,46.45,3.123,3.123,7779000000.0,39915000000.0,44906000000.0,44906000000.0,8150000000.0,0.048,0.098,0.112,0.138,308000000.0,12580000000.0,1.0,3019611844.0,3019611844.0,,14.871,68345000000.0,4352000000.0,1084000000.0,16252000000.0,22.634,18593000000.0
33,MRK,MRT,2013-03-31,2013-03-31,2013-03-31,2021-08-25,-4629000000.0,106200000000.0,106039500000.0,35244000000.0,70956000000.0,0.436,17.546,-1974000000.0,13024000000.0,13024000000.0,16368000000.0,6148000000.0,1.874,0.954,20825000000.0,4736000000.0,16089000000.0,20825000000.0,0.0,6862000000.0,0.0,0.038,1.7,7656000000.0,14518000000.0,0.314,14518000000.0,7656000000.0,7656000000.0,1.99,1.95,1.99,53029000000.0,54247500000.0,53029000000.0,140706645180.0,18.0,9.692,8235000000.0,2.725,1.0,29839000000.0,0.646,40315000000.0,0.0,54884000000.0,51524000000.0,6773000000.0,10946000000.0,2998000000.0,7948000000.0,50594000000.0,18802000000.0,31792000000.0,133588645180.0,-1632000000.0,0.0,-1692000000.0,2906000000.0,-5143000000.0,-3963000000.0,-7688000000.0,-5940000000.0,10209000000.0,-190000000.0,6022000000.0,6022000000.0,6022000000.0,0.0,126000000.0,0.13,21467000000.0,8372000000.0,2084000000.0,0.854,2.519,22.183,22.211,15802000000.0,0.0,44.2,2.891,2.891,7965000000.0,40272000000.0,46207000000.0,46207000000.0,8214000000.0,0.057,0.111,0.149,0.166,326000000.0,12689000000.0,1.0,3022367538.0,3022367538.0,,15.288,65885000000.0,4484000000.0,1634000000.0,16778000000.0,21.799,16442000000.0
34,MRK,MRT,2012-12-31,2012-12-31,2012-12-31,2021-08-25,-4682000000.0,106132000000.0,105866750000.0,34857000000.0,71275000000.0,0.446,17.44,-1954000000.0,13451000000.0,13451000000.0,16446000000.0,6299000000.0,1.9,0.956,20569000000.0,4315000000.0,16254000000.0,20569000000.0,0.0,6978000000.0,0.0,0.041,1.69,8608000000.0,15586000000.0,0.33,15586000000.0,8608000000.0,8608000000.0,2.03,2.0,2.03,53020000000.0,54705250000.0,53020000000.0,126700545101.0,15.0,8.129,8068000000.0,2.654,1.0,30821000000.0,0.652,41217000000.0,0.0,53685000000.0,49621250000.0,6535000000.0,9995000000.0,2690000000.0,7305000000.0,50669000000.0,18348000000.0,32321000000.0,124460545101.0,-80000000.0,0.0,-1281000000.0,3164000000.0,-5116000000.0,-3267000000.0,-6805000000.0,-5019000000.0,10022000000.0,-30000000.0,6168000000.0,6168000000.0,6168000000.0,0.0,131000000.0,0.13,21608000000.0,9213000000.0,1753000000.0,0.833,2.347,20.178,20.167,16030000000.0,0.0,40.94,2.633,2.633,7672000000.0,39985000000.0,47267000000.0,47267000000.0,8168000000.0,0.058,0.113,0.173,0.182,335000000.0,12776000000.0,1.0,3040071937.0,3040071937.0,,15.548,64915000000.0,4509000000.0,2440000000.0,6940000000.0,21.353,16509000000.0
35,MRK,MRT,2012-09-30,2012-09-30,2012-09-30,2021-08-25,-3040000000.0,106301000000.0,105615750000.0,36229000000.0,70072000000.0,0.453,18.304,-1779000000.0,17360000000.0,17360000000.0,16462000000.0,6893000000.0,2.325,0.863,19600000000.0,2029000000.0,17571000000.0,19600000000.0,0.0,7178000000.0,0.0,0.037,1.68,8865000000.0,16043000000.0,0.335,16043000000.0,8865000000.0,8865000000.0,2.23,2.19,2.23,55747000000.0,55079500000.0,55747000000.0,139569787396.0,16.0,8.7,9667000000.0,3.174,1.0,31362000000.0,0.656,42493000000.0,0.0,50465000000.0,47802500000.0,6731000000.0,6317000000.0,757000000.0,5560000000.0,48089000000.0,15583000000.0,32506000000.0,137342787396.0,3107000000.0,0.0,-814000000.0,1670000000.0,-5001000000.0,-4280000000.0,-4091000000.0,-2425000000.0,11446000000.0,32000000.0,6772000000.0,6772000000.0,6772000000.0,0.0,121000000.0,0.142,22460000000.0,8902000000.0,1804000000.0,0.753,2.464,20.281,20.222,15884000000.0,0.0,45.095,2.872,2.872,7952000000.0,40390000000.0,47824000000.0,47824000000.0,8364000000.0,0.064,0.123,0.185,0.185,339000000.0,13090000000.0,1.0,3045632274.0,3045632274.0,,15.702,63808000000.0,3429000000.0,2093000000.0,16447000000.0,20.951,20646000000.0
36,MRK,MRT,2012-06-30,2012-06-30,2012-06-30,2021-08-25,-3126000000.0,105525000000.0,105674000000.0,35639000000.0,69886000000.0,0.458,18.147,-1796000000.0,16752000000.0,16752000000.0,16677000000.0,6854000000.0,2.107,0.867,18979000000.0,3922000000.0,15057000000.0,18979000000.0,0.0,7358000000.0,0.0,0.039,1.64,9001000000.0,16359000000.0,0.338,16359000000.0,9001000000.0,9001000000.0,2.21,2.18,2.21,55194000000.0,54927750000.0,55194000000.0,130487325891.0,14.0,7.976,11088000000.0,3.645,1.0,31681000000.0,0.655,43778000000.0,0.0,47062000000.0,46632500000.0,6249000000.0,4783000000.0,698000000.0,4085000000.0,47852000000.0,16912000000.0,30940000000.0,126985325891.0,4410000000.0,0.0,-1832000000.0,1033000000.0,-4899000000.0,-5786000000.0,-2515000000.0,-738000000.0,12884000000.0,-173000000.0,6735000000.0,6735000000.0,6735000000.0,0.0,119000000.0,0.139,22782000000.0,8899000000.0,1674000000.0,0.742,2.301,18.855,18.891,15867000000.0,0.0,41.75,2.626,2.626,8152000000.0,39950000000.0,48358000000.0,48358000000.0,8400000000.0,0.064,0.123,0.193,0.186,338000000.0,13367000000.0,1.0,3041564692.0,3041564692.0,,15.899,61747000000.0,3788000000.0,2266000000.0,16974000000.0,20.301,18727000000.0
37,MRK,MRT,2012-03-31,2012-03-31,2012-03-31,2021-08-25,-3217000000.0,105509000000.0,105841500000.0,34344000000.0,71165000000.0,0.455,18.022,-1730000000.0,14656000000.0,14656000000.0,16849000000.0,7088000000.0,2.071,0.879,18158000000.0,2930000000.0,15228000000.0,18158000000.0,0.0,7386000000.0,0.0,0.042,1.6,7990000000.0,15376000000.0,0.319,15376000000.0,7990000000.0,7990000000.0,2.27,2.25,2.27,54860000000.0,55003250000.0,54860000000.0,120873922406.0,15.0,7.861,11086000000.0,3.642,1.0,31349000000.0,0.65,45156000000.0,0.0,47273000000.0,46604250000.0,6339000000.0,4882000000.0,910000000.0,3972000000.0,48195000000.0,16582000000.0,31613000000.0,116889922406.0,2961000000.0,-356000000.0,-1714000000.0,358000000.0,-4795000000.0,-6457000000.0,-3265000000.0,-1157000000.0,12816000000.0,-133000000.0,6966000000.0,6966000000.0,6966000000.0,0.0,122000000.0,0.145,23353000000.0,7996000000.0,2358000000.0,0.705,2.131,16.78,16.916,16124000000.0,0.0,38.4,2.425,2.425,8726000000.0,39441000000.0,48198000000.0,48198000000.0,8171000000.0,0.066,0.127,0.171,0.166,352000000.0,13643000000.0,1.0,3044008396.0,3044008396.0,,15.834,60353000000.0,3713000000.0,1024000000.0,17575000000.0,19.827,17762000000.0
38,MRK,MRT,2011-12-31,2011-12-31,2011-12-31,2021-08-25,-3132000000.0,105128000000.0,105930500000.0,33181000000.0,71947000000.0,0.454,17.887,-1723000000.0,13531000000.0,13531000000.0,16871000000.0,6392000000.0,2.043,0.884,17515000000.0,1990000000.0,15525000000.0,17515000000.0,0.0,7427000000.0,0.0,0.041,1.56,7214000000.0,14641000000.0,0.305,14641000000.0,7214000000.0,7214000000.0,2.04,2.02,2.04,54517000000.0,54884250000.0,54517000000.0,118800637044.0,16.0,8.114,10660000000.0,3.497,1.0,31176000000.0,0.649,46457000000.0,0.0,46410000000.0,46346250000.0,6254000000.0,4899000000.0,1441000000.0,3458000000.0,48185000000.0,16245000000.0,31940000000.0,114906637044.0,2631000000.0,-50000000.0,-1600000000.0,-471000000.0,-4691000000.0,-6904000000.0,-2890000000.0,-1087000000.0,12383000000.0,42000000.0,6272000000.0,6272000000.0,6272000000.0,0.0,120000000.0,0.131,23506000000.0,7670000000.0,2023000000.0,0.765,2.108,18.321,18.48,16297000000.0,0.0,37.7,2.392,2.392,8261000000.0,38990000000.0,48047000000.0,48047000000.0,8467000000.0,0.059,0.114,0.156,0.15,369000000.0,13733000000.0,1.0,3047921407.0,3047921407.0,,15.764,58671000000.0,3694000000.0,942000000.0,17196000000.0,19.25,16936000000.0
39,MRK,MRT,2011-09-30,2011-09-30,2011-09-30,2021-08-25,-2713000000.0,106534000000.0,106093750000.0,34109000000.0,72425000000.0,0.451,17.898,-1780000000.0,14253000000.0,14253000000.0,17135000000.0,4349000000.0,2.056,0.888,18147000000.0,2455000000.0,15692000000.0,18147000000.0,0.0,7432000000.0,0.0,0.046,1.52,4930000000.0,12362000000.0,0.258,12362000000.0,4930000000.0,4930000000.0,1.37,1.38,1.37,55140000000.0,54849000000.0,55140000000.0,106706061638.0,22.0,8.632,10909000000.0,3.541,1.0,30712000000.0,0.642,48050000000.0,0.0,45785000000.0,46065750000.0,6239000000.0,3746000000.0,1323000000.0,2423000000.0,48938000000.0,16593000000.0,32345000000.0,100742061638.0,4379000000.0,-154000000.0,-1115000000.0,-57000000.0,-4701000000.0,-5968000000.0,-2213000000.0,-482000000.0,12689000000.0,-129000000.0,4227000000.0,4227000000.0,4227000000.0,0.0,122000000.0,0.088,25066000000.0,5646000000.0,2282000000.0,1.109,1.827,23.833,23.869,16383000000.0,0.0,32.7,2.106,2.106,8136000000.0,38763000000.0,47847000000.0,47847000000.0,10607000000.0,0.04,0.077,0.107,0.103,396000000.0,13565000000.0,1.0,3080796992.0,3080796992.0,,15.531,58484000000.0,4158000000.0,703000000.0,18115000000.0,18.983,17516000000.0
40,MRK,MRT,2011-06-30,2011-06-30,2011-06-30,2021-08-25,-2776000000.0,106195000000.0,106420275000.0,32368000000.0,73827000000.0,0.441,17.98,-1687000000.0,12342000000.0,12342000000.0,16974000000.0,2997000000.0,2.053,0.87,18306000000.0,2523000000.0,15783000000.0,18306000000.0,0.0,7409000000.0,0.0,0.043,1.52,3078000000.0,10487000000.0,0.223,10487000000.0,3078000000.0,3078000000.0,0.93,0.94,0.93,55496000000.0,54962200000.0,55496000000.0,115076580980.0,37.0,10.973,9017000000.0,2.921,1.0,29976000000.0,0.638,49447000000.0,0.0,46949000000.0,45458275000.0,6225000000.0,3814000000.0,1639000000.0,2175000000.0,48273000000.0,15763000000.0,32510000000.0,108925580980.0,3676000000.0,-165000000.0,-322000000.0,-153000000.0,-4707000000.0,-5349000000.0,-1756000000.0,-277000000.0,10704000000.0,77000000.0,2877000000.0,2877000000.0,2877000000.0,0.0,120000000.0,0.061,25217000000.0,4759000000.0,2143000000.0,1.634,1.963,37.861,37.946,16671000000.0,0.0,35.29,2.32,2.32,8475000000.0,38243000000.0,46950000000.0,46950000000.0,10975000000.0,0.027,0.052,0.068,0.066,435000000.0,13417000000.0,1.0,3086584896.0,3086584896.0,,15.211,56748000000.0,3687000000.0,201000000.0,17901000000.0,18.385,16605000000.0
41,MRK,MRT,2011-03-31,2011-03-31,2011-03-31,2021-08-25,-3170000000.0,105865000000.0,106414150000.0,31024000000.0,74841000000.0,0.434,17.639,-1659000000.0,11695000000.0,11695000000.0,17239000000.0,1723000000.0,1.981,0.901,17846000000.0,2202000000.0,15644000000.0,17846000000.0,0.0,7525000000.0,0.0,0.046,1.52,2649000000.0,10174000000.0,0.22,10174000000.0,2649000000.0,2649000000.0,0.52,0.53,0.52,54384000000.0,54896125000.0,54384000000.0,108754493808.0,41.0,10.689,9518000000.0,3.087,1.0,28906000000.0,0.626,50113000000.0,0.0,46241000000.0,44861025000.0,6057000000.0,3418000000.0,1334000000.0,2084000000.0,49026000000.0,15662000000.0,33364000000.0,101772493808.0,3459000000.0,828000000.0,-1388000000.0,-1447000000.0,-4720000000.0,-7555000000.0,-244000000.0,166000000.0,11177000000.0,81000000.0,1605000000.0,1605000000.0,1605000000.0,0.0,118000000.0,0.035,24968000000.0,3938000000.0,2402000000.0,2.923,1.871,63.41,63.481,16833000000.0,0.0,33.01,2.205,2.205,7955000000.0,37400000000.0,46145000000.0,46145000000.0,11218000000.0,0.015,0.029,0.059,0.057,470000000.0,13067000000.0,1.0,3083080697.0,3083080697.0,,14.967,55752000000.0,3983000000.0,1044000000.0,19046000000.0,18.083,15362000000.0
42,MRK,MRT,2010-12-31,2010-12-31,2010-12-31,2021-08-25,-3216000000.0,105781000000.0,107846350000.0,29064000000.0,76717000000.0,0.426,17.649,-1678000000.0,10900000000.0,10900000000.0,18396000000.0,982000000.0,1.858,0.901,17882000000.0,2400000000.0,15482000000.0,17882000000.0,0.0,7381000000.0,0.0,0.042,1.52,1532000000.0,8913000000.0,0.194,8913000000.0,1532000000.0,1532000000.0,0.28,0.28,0.28,54376000000.0,55769650000.0,54376000000.0,119308445726.0,78.0,13.386,9144000000.0,2.968,1.0,27591000000.0,0.6,51834000000.0,0.0,45288000000.0,45342000000.0,5868000000.0,3476000000.0,1301000000.0,2175000000.0,48976000000.0,15641000000.0,33335000000.0,111034945726.0,1589000000.0,391000000.0,-1230000000.0,748000000.0,-4734000000.0,-5441000000.0,-3497000000.0,-2636000000.0,10822000000.0,-295000000.0,861000000.0,861000000.0,861000000.0,0.0,121000000.0,0.019,25221000000.0,2370000000.0,2308000000.0,5.429,2.042,128.96,128.714,17082000000.0,0.0,36.04,2.414,2.414,7344000000.0,37536000000.0,45987000000.0,45987000000.0,11111000000.0,0.008,0.015,0.034,0.033,509000000.0,13125000000.0,1.0,3080880847.0,3080880847.0,,14.927,53947000000.0,3651000000.0,671000000.0,19096000000.0,17.51,13423000000.0
43,MRK,MRT,2010-09-30,2010-09-30,2010-09-30,2021-08-25,-3490000000.0,107840100000.0,109479600000.0,27756000000.0,80084100000.0,0.402,18.087,-1575400000.0,9874400000.0,9874400000.0,18857000000.0,8004600000.0,1.602,0.896,18147900000.0,4116000000.0,14031900000.0,18147900000.0,0.0,6764700000.0,0.0,0.041,1.52,8699700000.0,15464400000.0,0.352,15464400000.0,8699700000.0,8699700000.0,3.09,3.06,3.09,55592800000.0,56940150000.0,55592800000.0,122455969447.0,14.0,7.919,7950100000.0,2.587,1.0,25129200000.0,0.571,55435200000.0,0.0,43355100000.0,45280250000.0,6263600000.0,2887900000.0,750400000.0,2137500000.0,49791800000.0,17323300000.0,32468500000.0,113138969447.0,-11942600000.0,-16348000000.0,-1101800000.0,-134500000.0,-4363200000.0,-5995100000.0,-15354500000.0,2177000000.0,9525500000.0,-118500000.0,7886400000.0,7886400000.0,7886400000.0,0.0,118200000.0,0.179,23921400000.0,1207800000.0,2242400000.0,0.492,2.035,14.346,11.913,17115800000.0,0.0,36.81,2.572,2.572,7297500000.0,39245400000.0,43986200000.0,43986200000.0,8523500000.0,0.072,0.139,0.192,0.198,533200000.0,13044000000.0,1.0,3073593302.0,3073593302.0,,14.311,52404900000.0,3570100000.0,813300000.0,20066300000.0,17.05,10432700000.0
44,MRK,MRT,2010-06-30,2010-06-30,2010-06-30,2021-08-25,-4658700000.0,106170500000.0,94704425000.0,26253600000.0,79916900000.0,0.411,17.712,-1540700000.0,8665600000.0,8665600000.0,16096300000.0,11087900000.0,1.703,0.878,17982600000.0,4147300000.0,13835300000.0,17982600000.0,0.0,5278400000.0,0.0,0.043,1.52,13277500000.0,18555900000.0,0.477,18555900000.0,13277500000.0,13277500000.0,4.6,4.56,4.6,55231700000.0,48768750000.0,55231700000.0,119912780973.0,9.0,6.462,5080700000.0,1.629,1.0,22814600000.0,0.586,55506900000.0,0.0,44560000000.0,40934825000.0,6244200000.0,3322600000.0,1277000000.0,2045600000.0,48504800000.0,15420600000.0,33084200000.0,109045280973.0,-3791300000.0,-12337000000.0,-877000000.0,-1621800000.0,-3986100000.0,-6742500000.0,-3536900000.0,6151500000.0,6621400000.0,-133300000.0,10968700000.0,10968700000.0,10968700000.0,0.0,119200000.0,0.282,21379300000.0,1435300000.0,2171500000.0,0.33,1.974,9.941,7.602,17334200000.0,0.0,34.97,2.802,2.802,6276100000.0,40081800000.0,38910900000.0,38910900000.0,7455500000.0,0.116,0.225,0.324,0.341,491900000.0,11577500000.0,1.0,3118252244.0,3118252244.0,,12.478,50663600000.0,3790700000.0,2308800000.0,20128300000.0,16.247,10833000000.0
45,MRK,MRT,2010-03-31,2010-03-31,2010-03-31,2021-08-25,-3571600000.0,111593800000.0,80513575000.0,28244900000.0,83348900000.0,0.416,18.579,-1568900000.0,8236000000.0,8236000000.0,12901200000.0,11896200000.0,1.716,0.885,19103500000.0,3822400000.0,15281100000.0,19103500000.0,0.0,3819700000.0,0.0,0.041,1.52,13999800000.0,17819500000.0,0.532,17819500000.0,13999800000.0,13999800000.0,5.1,5.06,5.1,57878100000.0,40041925000.0,57878100000.0,124499799661.0,9.0,6.987,2476500000.0,0.795,1.0,20563600000.0,0.614,57841100000.0,0.0,48164900000.0,38321125000.0,6825400000.0,3536300000.0,1541300000.0,1995000000.0,51250600000.0,16455300000.0,34795300000.0,116357099661.0,2219200000.0,-12974000000.0,380600000.0,3274800000.0,-3600500000.0,-304100000.0,-1382100000.0,8136900000.0,4045400000.0,-140000000.0,11773000000.0,11773000000.0,11773000000.0,0.0,123200000.0,0.352,18661500000.0,1902100000.0,2074900000.0,0.298,2.01,9.883,7.324,17985000000.0,0.0,37.35,3.477,3.477,7497700000.0,40511400000.0,33464800000.0,33464800000.0,6671800000.0,0.146,0.294,0.365,0.418,433700000.0,10132000000.0,1.0,3115317260.0,3115317260.0,,10.742,53752700000.0,4144500000.0,2226800000.0,20237200000.0,17.254,11789600000.0
46,MRK,MRT,2009-12-31,2009-12-31,2009-12-31,2021-08-25,-2767000000.0,112314000000.0,64250900000.0,28432000000.0,83882000000.0,0.427,28.0,-1461000000.0,9311000000.0,9311000000.0,9019000000.0,13022000000.0,1.818,0.861,17474000000.0,1379000000.0,16095000000.0,17474000000.0,0.0,2576000000.0,0.0,0.042,1.52,15167000000.0,17743000000.0,0.647,17743000000.0,15167000000.0,15167000000.0,5.67,5.65,5.67,59058000000.0,30463150000.0,59058000000.0,64323968212.0,4.0,3.625,1931000000.0,0.916,1.0,18409000000.0,0.671,59795000000.0,0.0,45041000000.0,34228625000.0,8048000000.0,725000000.0,293000000.0,432000000.0,50829000000.0,15641000000.0,35188000000.0,77069368212.0,4943000000.0,-12973000000.0,186000000.0,1781000000.0,-3215000000.0,-1638000000.0,3156000000.0,11871000000.0,3392000000.0,33000000.0,12899000000.0,12899000000.0,12899000000.0,0.0,123000000.0,0.47,16022000000.0,2387000000.0,2244000000.0,0.268,1.305,5.975,6.444,18279000000.0,0.0,36.54,2.81,2.81,6603000000.0,41405000000.0,27428000000.0,27428000000.0,5845000000.0,0.201,0.423,0.443,0.553,415000000.0,8543000000.0,1.0,2109178112.0,2109178112.0,,13.004,52519000000.0,4177000000.0,2268000000.0,20260000000.0,24.9,12791000000.0
47,MRK,MRT,2009-09-30,2009-09-30,2009-09-30,2021-08-25,-2674800000.0,48739400000.0,47971325000.0,29668800000.0,19070600000.0,0.487,10.862,-1287300000.0,21816900000.0,21816900000.0,5588500000.0,8173900000.0,3.697,1.021,9071500000.0,866800000.0,8204700000.0,9071500000.0,0.0,1800100000.0,0.0,0.048,1.52,10659900000.0,12460000000.0,0.533,12460000000.0,10659900000.0,10659900000.0,3.81,3.8,3.81,22907200000.0,20388225000.0,22907200000.0,64928685274.0,6.0,5.211,873300000.0,0.414,1.0,17778400000.0,0.761,1994900000.0,0.0,25973400000.0,31164625000.0,2096300000.0,904000000.0,439400000.0,464600000.0,23390100000.0,8025700000.0,15364400000.0,66703385274.0,16096600000.0,1970700000.0,-200300000.0,2105900000.0,-3220200000.0,-1544800000.0,15570700000.0,7391000000.0,2160600000.0,-89900000.0,8050000000.0,8050000000.0,8050000000.0,0.0,123900000.0,0.345,12457400000.0,5321000000.0,568400000.0,0.399,2.912,8.286,8.302,11613800000.0,0.0,31.63,2.855,2.855,3803900000.0,47693100000.0,23366900000.0,23366900000.0,5259800000.0,0.168,0.395,0.342,0.456,344300000.0,6949900000.0,1.0,2108864536.0,2108864536.0,,11.08,46744500000.0,1512300000.0,2609900000.0,7634500000.0,22.166,21643100000.0
48,MRK,MRT,2009-06-30,2009-06-30,2009-06-30,2021-08-25,-2549800000.0,49407100000.0,47922900000.0,29233900000.0,20173200000.0,0.485,9.638,-1265700000.0,12457600000.0,12457600000.0,5636100000.0,5842500000.0,2.541,1.312,10682900000.0,2501800000.0,8181100000.0,10682900000.0,0.0,1797600000.0,0.0,0.054,1.52,7025000000.0,8822600000.0,0.379,8822600000.0,7025000000.0,7025000000.0,2.7,2.7,2.7,20324400000.0,19554175000.0,20324400000.0,59679295222.0,8.0,6.764,2859000000.0,1.356,1.0,17625000000.0,0.758,2020100000.0,0.0,34105200000.0,33004625000.0,2155300000.0,4584800000.0,4474700000.0,110100000.0,26670300000.0,11507100000.0,15163200000.0,58958395222.0,5112200000.0,-2029300000.0,-1161200000.0,5548100000.0,-3233200000.0,932200000.0,281100000.0,1960100000.0,4124700000.0,-225800000.0,5718400000.0,5718400000.0,5718400000.0,0.0,124100000.0,0.246,13094400000.0,4530600000.0,526500000.0,0.563,2.901,10.31,10.356,11711300000.0,0.0,27.96,2.535,2.535,3663400000.0,45072800000.0,23261100000.0,23261100000.0,5176900000.0,0.119,0.292,0.213,0.302,346300000.0,6954700000.0,1.0,2108669357.0,2108669357.0,,11.031,47387000000.0,6482900000.0,1306600000.0,7254900000.0,22.472,17726800000.0
49,MRK,MRT,2009-03-31,2009-03-31,2009-03-31,2021-08-25,-2472800000.0,46543100000.0,47435500000.0,26184600000.0,20358500000.0,0.494,9.282,-1191700000.0,6017100000.0,6017100000.0,5678700000.0,6053400000.0,1.952,1.254,6738000000.0,2798900000.0,3939100000.0,6738000000.0,0.0,1683200000.0,0.0,0.057,1.52,7148200000.0,8831400000.0,0.377,8831400000.0,7148200000.0,7148200000.0,2.78,2.78,2.78,19563000000.0,19537075000.0,19563000000.0,58253405737.0,8.0,6.596,3564600000.0,1.691,1.0,17734300000.0,0.757,2053200000.0,0.0,31794900000.0,32847525000.0,2127800000.0,6643200000.0,6564500000.0,78700000.0,24541600000.0,13415900000.0,11125700000.0,56381305737.0,-272500000.0,-2029300000.0,-1324500000.0,2377400000.0,-3251700000.0,-2331300000.0,-2346700000.0,-7900000.0,4756300000.0,-350800000.0,5930400000.0,5930400000.0,5930400000.0,0.0,123000000.0,0.253,13133900000.0,4600400000.0,622500000.0,0.547,2.882,9.507,9.622,11826100000.0,0.0,26.75,2.408,2.408,3569700000.0,44320400000.0,23413000000.0,23413000000.0,4950900000.0,0.125,0.304,0.218,0.305,370300000.0,7155400000.0,1.0,2107712364.0,2107712364.0,,11.108,44489900000.0,7905500000.0,1217800000.0,7666800000.0,21.108,12768700000.0
50,MRK,MRT,2008-12-31,2008-12-31,2008-12-31,2021-08-25,-2553900000.0,47195700000.0,47560000000.0,19112600000.0,28083100000.0,0.501,8.873,-1298000000.0,4368300000.0,4368300000.0,5583000000.0,7932000000.0,1.335,1.388,6240400000.0,2297100000.0,3943300000.0,6240400000.0,0.0,1631000000.0,0.0,0.05,1.52,9807000000.0,11438000000.0,0.48,11438000000.0,9807000000.0,9807000000.0,3.65,3.63,3.65,18758300000.0,19526700000.0,18758300000.0,65484158626.0,7.0,5.725,5274000000.0,2.495,1.0,18267000000.0,0.766,1964100000.0,0.0,32785000000.0,33206950000.0,2091000000.0,7609400000.0,1118100000.0,6491300000.0,26028600000.0,14318700000.0,11709900000.0,64271258626.0,-968000000.0,0.0,-2623000000.0,468000000.0,-3279000000.0,-5523000000.0,-1834000000.0,-901000000.0,6572000000.0,-183000000.0,7808000000.0,7808000000.0,7808000000.0,0.0,124000000.0,0.327,13215000000.0,5052000000.0,617600000.0,0.416,3.426,8.231,8.329,11999600000.0,0.0,30.4,2.695,2.695,2907700000.0,43698800000.0,23850000000.0,23850000000.0,4805000000.0,0.164,0.4,0.295,0.411,348000000.0,7377000000.0,1.0,2114186139.0,2114186139.0,,11.281,45231600000.0,8627500000.0,1999000000.0,9193000000.0,21.394,4793900000.0
51,MRK,MRT,2008-09-30,2008-09-30,2008-09-30,2021-08-25,-1033600000.0,48545700000.0,47848750000.0,19418500000.0,29127200000.0,0.503,9.135,-1199000000.0,5720100000.0,5720100000.0,5657300000.0,4748100000.0,1.346,1.48,6933000000.0,2994200000.0,3938800000.0,6933000000.0,0.0,1656200000.0,0.0,0.048,1.52,4699900000.0,6356100000.0,0.264,6356100000.0,4699900000.0,4699900000.0,2.1,2.1,2.1,19571000000.0,19383300000.0,19571000000.0,65384979156.0,14.0,10.287,6709700000.0,3.132,1.0,18403400000.0,0.765,1996900000.0,0.0,33333400000.0,33592650000.0,2228200000.0,7332800000.0,1121200000.0,6211600000.0,28974700000.0,14428300000.0,14546400000.0,67616479156.0,511800000.0,1899300000.0,-2844800000.0,975500000.0,-3298800000.0,-5162200000.0,-2232000000.0,-1094300000.0,7908700000.0,-2700000.0,4532700000.0,4532700000.0,4532700000.0,0.0,215400000.0,0.188,17970500000.0,432900000.0,474700000.0,0.724,3.455,14.917,15.029,12103200000.0,0.0,31.56,2.81,2.81,3642600000.0,42857300000.0,24060700000.0,24060700000.0,4800500000.0,0.095,0.234,0.14,0.195,364900000.0,7234400000.0,1.0,2142473991.0,2142473991.0,,11.23,46548800000.0,6706400000.0,167200000.0,9047200000.0,21.727,4990200000.0
52,MRK,MRT,2008-06-30,2008-06-30,2008-06-30,2021-08-25,-935600000.0,47457500000.0,47137500000.0,17592900000.0,29864600000.0,0.513,9.437,-1170500000.0,7345200000.0,7345200000.0,5697100000.0,5149700000.0,1.81,1.343,5113700000.0,1181300000.0,3932400000.0,5113700000.0,0.0,1753700000.0,0.0,0.04,1.52,5353600000.0,7107300000.0,0.294,7107300000.0,5353600000.0,5353600000.0,2.29,2.29,2.29,20256000000.0,19671025000.0,20256000000.0,78999741225.0,15.0,11.115,8112100000.0,3.779,1.0,18493800000.0,0.764,2030600000.0,0.0,33476800000.0,33666850000.0,2190600000.0,9427200000.0,2642300000.0,6784900000.0,27201500000.0,9718600000.0,17482900000.0,80902641225.0,3875700000.0,1899300000.0,-1847300000.0,-1330300000.0,-3308200000.0,-6531300000.0,975800000.0,143200000.0,9282600000.0,148600000.0,4965500000.0,4965500000.0,4965500000.0,0.0,184200000.0,0.205,17752800000.0,741000000.0,530900000.0,0.664,3.994,16.293,16.459,12240400000.0,0.0,37.69,3.344,3.344,3647000000.0,42573200000.0,24190900000.0,24190900000.0,5069900000.0,0.105,0.252,0.159,0.221,350800000.0,7455500000.0,1.0,2146528024.0,2146528024.0,,11.27,45426900000.0,0.0,388100000.0,12053700000.0,21.163,7874300000.0
53,MRK,MRT,2008-03-31,2008-03-31,2008-03-31,2021-08-25,-764400000.0,47041100000.0,46318825000.0,17047000000.0,29994100000.0,0.524,9.016,-1151700000.0,6289400000.0,6289400000.0,5852900000.0,5026900000.0,1.74,1.41,4386500000.0,421500000.0,3965000000.0,4386500000.0,0.0,1878900000.0,0.0,0.04,1.52,5527300000.0,7406200000.0,0.305,7406200000.0,5527300000.0,5527300000.0,2.24,2.24,2.24,19521500000.0,19475100000.0,19521500000.0,82576045861.0,15.0,11.15,9704700000.0,4.482,1.0,18397600000.0,0.759,2108600000.0,0.0,33232600000.0,33916400000.0,2076500000.0,9783400000.0,2874300000.0,6909100000.0,27519600000.0,9797000000.0,17722600000.0,82172745861.0,4187500000.0,1897400000.0,-1629700000.0,-2231500000.0,-3311500000.0,-7233400000.0,374200000.0,32700000.0,10856400000.0,190300000.0,4873600000.0,4873600000.0,4873600000.0,0.0,153300000.0,0.201,17721100000.0,676500000.0,626900000.0,0.679,4.209,16.861,16.942,12290900000.0,0.0,37.95,3.388,3.388,3760800000.0,41622000000.0,24250500000.0,24250500000.0,4931100000.0,0.105,0.25,0.163,0.228,324200000.0,7609000000.0,1.0,2165289746.0,2165289746.0,,11.2,44932500000.0,0.0,653700000.0,12666500000.0,20.751,7250000000.0
54,MRK,MRT,2007-12-31,2007-12-31,2007-12-31,2021-08-25,-826100000.0,48350700000.0,45306675000.0,15045400000.0,33305300000.0,0.534,8.355,-1011000000.0,5336100000.0,5336100000.0,6140700000.0,3396800000.0,1.227,1.659,5739400000.0,1823600000.0,3915800000.0,5739400000.0,0.0,1988200000.0,0.0,0.026,1.52,3370700000.0,5358900000.0,0.221,5358900000.0,3370700000.0,3370700000.0,1.51,1.49,1.51,18184700000.0,19214550000.0,18184700000.0,127118736786.0,38.0,23.721,5988200000.0,2.751,1.0,18057000000.0,0.746,2168000000.0,0.0,34327800000.0,34904900000.0,1881000000.0,10053900000.0,2894700000.0,7159200000.0,30166000000.0,12258200000.0,17907800000.0,126480336786.0,-578600000.0,-1135900000.0,-531100000.0,-1183900000.0,-3307300000.0,-4866100000.0,-2810000000.0,727500000.0,6999200000.0,98300000.0,3275400000.0,3275400000.0,3275400000.0,0.0,121400000.0,0.135,17616600000.0,440400000.0,624500000.0,1.007,6.955,38.615,38.483,12346000000.0,0.0,58.11,5.227,5.227,3636200000.0,39140800000.0,24197700000.0,24197700000.0,4882800000.0,0.072,0.17,0.097,0.139,330200000.0,7556700000.0,1.0,2176567489.0,2176567489.0,,11.117,46182700000.0,1297400000.0,95300000.0,12029400000.0,21.218,2787200000.0
55,MRK,MRT,2007-09-30,2007-09-30,2007-09-30,2021-08-25,-1053600000.0,45700700000.0,44361450000.0,14163700000.0,31537000000.0,0.541,9.553,-1021800000.0,5208300000.0,5208300000.0,6264900000.0,5380100000.0,1.348,1.205,5846700000.0,1973100000.0,3873600000.0,5846700000.0,0.0,2032200000.0,0.0,0.029,1.52,7463100000.0,9495300000.0,0.396,9495300000.0,7463100000.0,7463100000.0,2.48,2.47,2.48,20721900000.0,19058300000.0,20721900000.0,114952242351.0,15.0,12.106,5405700000.0,2.492,1.0,17734100000.0,0.739,2202900000.0,0.0,33630200000.0,33921200000.0,1849500000.0,9684300000.0,2183200000.0,7501100000.0,24978800000.0,10506000000.0,14472800000.0,112118942351.0,-1013800000.0,-1540800000.0,-323400000.0,-164600000.0,-3306700000.0,-3891400000.0,-3656500000.0,179500000.0,6427500000.0,106600000.0,5380100000.0,5380100000.0,5380100000.0,0.0,0.0,0.224,13633600000.0,4100500000.0,392100000.0,0.613,5.411,20.84,20.843,12490700000.0,0.0,51.69,4.672,4.672,3501600000.0,41601800000.0,23999000000.0,23999000000.0,5224000000.0,0.121,0.282,0.22,0.311,317300000.0,8182900000.0,1.0,2169064468.0,2169064468.0,,11.064,43497800000.0,0.0,2083000000.0,9019800000.0,20.054,3657700000.0
56,MRK,MRT,2007-06-30,2007-06-30,2007-06-30,2021-08-25,-1112600000.0,44182800000.0,43866050000.0,12435700000.0,31747100000.0,0.532,8.985,-992600000.0,3469500000.0,3469500000.0,6291300000.0,4795200000.0,1.21,1.269,6302800000.0,2169200000.0,4133600000.0,6302800000.0,0.0,2106800000.0,0.0,0.031,1.52,6629300000.0,8736100000.0,0.374,8736100000.0,6629300000.0,6629300000.0,2.21,2.2,2.21,19472300000.0,18699150000.0,19472300000.0,112304313179.0,17.0,12.855,3890100000.0,1.795,1.0,17044000000.0,0.73,2260100000.0,0.0,34475000000.0,33167925000.0,1759500000.0,9677500000.0,2034500000.0,7643000000.0,24710500000.0,10281000000.0,14429500000.0,107930213179.0,-4743800000.0,-1540800000.0,-586900000.0,-170500000.0,-3311300000.0,-4130200000.0,-5554500000.0,-1780100000.0,4882700000.0,58200000.0,4795200000.0,4795200000.0,4795200000.0,0.0,0.0,0.205,13558000000.0,3486000000.0,454600000.0,0.688,5.543,22.508,22.534,12767400000.0,0.0,49.8,4.625,4.625,3607500000.0,40905100000.0,23335300000.0,23335300000.0,4728900000.0,0.109,0.256,0.2,0.284,308400000.0,8602100000.0,1.0,2167273357.0,2167273357.0,,10.767,41922700000.0,0.0,1834100000.0,8611500000.0,19.344,2154700000.0
57,MRK,MRT,2007-03-31,2007-03-31,2007-03-31,2021-08-25,-1092600000.0,42992500000.0,43690025000.0,11741700000.0,31250800000.0,0.526,8.53,-983300000.0,2101900000.0,2101900000.0,6184200000.0,4618100000.0,1.494,1.327,6476000000.0,930700000.0,5545300000.0,6476000000.0,0.0,2145400000.0,0.0,0.034,1.52,6505400000.0,8650800000.0,0.376,8650800000.0,6505400000.0,6505400000.0,2.13,2.12,2.13,18479300000.0,18655775000.0,18479300000.0,96614961310.0,15.0,11.168,3146200000.0,1.452,1.0,16811400000.0,0.731,2318700000.0,0.0,37186600000.0,31914375000.0,1726800000.0,9793400000.0,1954300000.0,7839100000.0,24513200000.0,7861300000.0,16651900000.0,95693561310.0,-8085300000.0,-1538900000.0,-885900000.0,-282200000.0,-3319400000.0,-4598800000.0,-7670000000.0,-4274600000.0,4129500000.0,54000000.0,4618100000.0,4618100000.0,4618100000.0,0.0,0.0,0.201,13287600000.0,3523800000.0,430300000.0,0.714,5.178,20.721,20.737,12939800000.0,0.0,44.17,4.161,4.161,4016200000.0,40054800000.0,22995600000.0,22995600000.0,4870900000.0,0.106,0.248,0.204,0.283,288200000.0,8252400000.0,1.0,2166483163.0,2166483163.0,,10.614,40673800000.0,0.0,1887300000.0,9115900000.0,18.774,3880400000.0
58,MRK,MRT,2006-12-31,2006-12-31,2006-12-31,2021-08-25,-1164300000.0,44569800000.0,43796400000.0,15230200000.0,29339600000.0,0.517,8.088,-980200000.0,5914700000.0,5914700000.0,6001100000.0,4433800000.0,1.197,1.538,6836100000.0,1285100000.0,5551000000.0,6836100000.0,0.0,2268400000.0,0.0,0.035,1.52,6221400000.0,8489800000.0,0.375,8489800000.0,6221400000.0,6221400000.0,2.04,2.03,2.04,17559700000.0,18747500000.0,17559700000.0,94418916368.0,15.0,11.121,5785000000.0,2.665,1.0,16634900000.0,0.735,2375500000.0,0.0,30393000000.0,29387125000.0,1769400000.0,10586500000.0,2798300000.0,7788200000.0,27010100000.0,12722700000.0,14287400000.0,94655716368.0,-3670600000.0,-404900000.0,-632400000.0,-1273900000.0,-3322600000.0,-5604200000.0,-4883700000.0,-3447500000.0,6765200000.0,52100000.0,4433800000.0,4433800000.0,4433800000.0,0.0,0.0,0.196,13090600000.0,3544300000.0,496600000.0,0.745,5.391,21.349,21.373,13194100000.0,0.0,43.6,4.182,4.182,3314800000.0,39095100000.0,22636000000.0,22636000000.0,4782900000.0,0.101,0.237,0.212,0.275,312500000.0,8165400000.0,1.0,2171002669.0,2171002669.0,,10.427,42194300000.0,0.0,1787600000.0,9791100000.0,19.435,2507500000.0
59,MRK,MRT,2006-09-30,2006-09-30,2006-09-30,2021-08-25,50100000.0,43719100000.0,43865400000.0,15224200000.0,28494900000.0,0.51,8.862,-1091300000.0,6222100000.0,6222100000.0,5810700000.0,5079600000.0,1.366,1.267,5985300000.0,1195800000.0,4789500000.0,5985300000.0,0.0,2231300000.0,0.0,0.036,1.52,6829400000.0,9060700000.0,0.405,9060700000.0,6829400000.0,6829400000.0,2.33,2.32,2.33,19285300000.0,18852000000.0,19285300000.0,89428179625.0,13.0,9.87,6162600000.0,2.832,1.0,16547100000.0,0.74,1717500000.0,0.0,30617100000.0,28916700000.0,1870700000.0,9308600000.0,2864900000.0,6443700000.0,24433800000.0,11147700000.0,13286100000.0,91179779625.0,3304100000.0,0.0,-639600000.0,-1334700000.0,-3327300000.0,-5533800000.0,1563800000.0,2657600000.0,7253900000.0,20200000.0,5079600000.0,5079600000.0,5079600000.0,0.0,0.0,0.227,12445800000.0,4101300000.0,362600000.0,0.652,4.728,17.95,17.983,13412800000.0,0.0,41.9,4.078,4.078,3081400000.0,39447600000.0,22357800000.0,22357800000.0,4171900000.0,0.116,0.269,0.236,0.305,260500000.0,7958700000.0,1.0,2176128392.0,2176128392.0,,10.274,42001600000.0,0.0,1749800000.0,9315200000.0,19.301,4076500000.0
60,MRK,MRT,2006-06-30,2006-06-30,2006-06-30,2021-08-25,19300000.0,43478700000.0,43893375000.0,15890100000.0,27588600000.0,0.509,8.842,-1201000000.0,8213300000.0,8213300000.0,5505400000.0,5559900000.0,1.513,1.253,6461700000.0,1703000000.0,4758700000.0,6461700000.0,0.0,2091100000.0,0.0,0.042,1.52,7597000000.0,9688100000.0,0.433,9688100000.0,7597000000.0,7597000000.0,2.55,2.54,2.55,19298800000.0,18475275000.0,19298800000.0,76036134782.0,10.0,7.848,6799400000.0,3.115,1.0,16858200000.0,0.754,1764000000.0,0.0,29460800000.0,29869425000.0,1640500000.0,7516600000.0,2251100000.0,5265500000.0,24179900000.0,10502300000.0,13677600000.0,79508734782.0,6295700000.0,0.0,-668700000.0,-643700000.0,-3332700000.0,-4997300000.0,3275300000.0,4479400000.0,8000400000.0,17300000.0,5559900000.0,5559900000.0,5559900000.0,0.0,0.0,0.249,11764000000.0,5094200000.0,363700000.0,0.596,4.12,14.3,14.286,13728100000.0,0.0,36.43,3.555,3.555,3084700000.0,39335400000.0,22363600000.0,22363600000.0,4169100000.0,0.127,0.301,0.254,0.34,208600000.0,7249500000.0,1.0,2182507131.0,2182507131.0,,10.247,41714700000.0,0.0,2037100000.0,9149500000.0,19.113,5387800000.0
61,MRK,MRT,2006-03-31,2006-03-31,2006-03-31,2021-08-25,47700000.0,43418000000.0,43775275000.0,18011900000.0,25406100000.0,0.504,8.617,-1257100000.0,10187200000.0,10187200000.0,5220800000.0,4781200000.0,1.594,1.304,6714600000.0,1952000000.0,4762600000.0,6714600000.0,0.0,1951700000.0,0.0,0.043,1.52,7413600000.0,9365300000.0,0.425,9365300000.0,7413600000.0,7413600000.0,2.19,2.18,2.19,18846200000.0,17996850000.0,18846200000.0,75561800934.0,10.0,8.068,6318800000.0,2.889,1.0,16838600000.0,0.763,1568800000.0,0.0,27077600000.0,31351000000.0,1664300000.0,5316700000.0,2214300000.0,3102400000.0,24571800000.0,11299000000.0,13272800000.0,77049500934.0,7797600000.0,0.0,-671000000.0,-502700000.0,-3338500000.0,-4700400000.0,4981000000.0,6241300000.0,7575900000.0,-58900000.0,4781200000.0,4781200000.0,4781200000.0,0.0,0.0,0.217,11566500000.0,5272100000.0,457400000.0,0.694,4.088,16.115,16.087,13979900000.0,0.0,35.23,3.493,3.493,3040700000.0,38666800000.0,22059400000.0,22059400000.0,3943400000.0,0.109,0.266,0.236,0.336,159600000.0,7265000000.0,1.0,2187042320.0,2187042320.0,,10.086,41849200000.0,0.0,2632400000.0,9177400000.0,19.135,6712900000.0
62,MRK,MRT,2005-12-31,2005-12-31,2005-12-31,2021-08-25,52300000.0,44845800000.0,43700050000.0,21049300000.0,23796500000.0,0.504,8.222,-1402700000.0,9585300000.0,9585300000.0,5149600000.0,4631300000.0,1.59,1.495,8097600000.0,2972000000.0,5125600000.0,8097600000.0,0.0,1708100000.0,0.0,0.048,1.52,7363900000.0,9072000000.0,0.412,9072000000.0,7363900000.0,7363900000.0,2.11,2.1,2.11,17977700000.0,17697550000.0,17977700000.0,73955977344.0,10.0,8.152,6205800000.0,2.838,1.0,16862300000.0,0.766,1604400000.0,0.0,28511300000.0,33425925000.0,1658100000.0,7160200000.0,6052300000.0,1107900000.0,26868100000.0,13242400000.0,13625700000.0,69556777344.0,6706500000.0,0.0,-878800000.0,1281300000.0,-3349800000.0,-3040400000.0,2267200000.0,3673000000.0,7608500000.0,-128800000.0,4631300000.0,4631300000.0,4631300000.0,0.0,0.0,0.21,11325700000.0,5536600000.0,471100000.0,0.72,3.869,15.019,15.076,14398200000.0,0.0,31.81,3.16,3.16,2927300000.0,37980000000.0,22011900000.0,22011900000.0,3848000000.0,0.106,0.262,0.22,0.335,48000000.0,7155500000.0,1.0,2186632422.0,2186632422.0,,10.067,43241400000.0,0.0,2732600000.0,9784400000.0,19.775,7806900000.0
63,MRK,MRT,2005-09-30,2005-09-30,2005-09-30,2021-08-25,50400000.0,43831000000.0,43131800000.0,20065300000.0,23765700000.0,0.511,8.097,-1512800000.0,2918000000.0,2918000000.0,4960300000.0,4629400000.0,1.65,1.465,7317200000.0,2192500000.0,5124700000.0,7317200000.0,0.0,1601600000.0,0.0,0.056,1.52,7252100000.0,8853700000.0,0.402,8853700000.0,7252100000.0,7252100000.0,2.11,2.11,2.11,17778400000.0,17525175000.0,17778400000.0,64991007852.0,9.0,7.341,6198700000.0,2.823,1.0,17067700000.0,0.775,1639600000.0,0.0,34428000000.0,34562525000.0,1749400000.0,12346800000.0,11110000000.0,1236800000.0,26052600000.0,12162600000.0,13890000000.0,59741807852.0,251100000.0,12700000.0,-695700000.0,787700000.0,-3359500000.0,-5079000000.0,-2344100000.0,-840700000.0,7711500000.0,-37300000.0,4629400000.0,4629400000.0,4629400000.0,0.0,0.0,0.21,11320200000.0,5747500000.0,475200000.0,0.72,3.36,12.905,12.896,14606200000.0,0.0,27.21,2.712,2.712,3647300000.0,37629200000.0,22028000000.0,22028000000.0,3844600000.0,0.107,0.264,0.21,0.329,59200000.0,7274600000.0,1.0,2195582795.0,2195582795.0,,10.033,42191400000.0,0.0,2622700000.0,9995900000.0,19.216,7902700000.0
64,MRK,MRT,2005-06-30,2005-06-30,2005-06-30,2021-08-25,5300000.0,43006300000.0,42892650000.0,19129300000.0,23877000000.0,0.516,7.891,-1626400000.0,1917600000.0,1917600000.0,5085700000.0,4534100000.0,1.709,1.474,7166800000.0,1494400000.0,5672400000.0,7166800000.0,0.0,1529300000.0,0.0,0.049,1.52,7066700000.0,8596000000.0,0.388,8596000000.0,7066700000.0,7066700000.0,2.06,2.06,2.06,17385100000.0,17408450000.0,17385100000.0,72737166578.0,10.0,8.462,6112500000.0,2.774,1.0,17064200000.0,0.77,1675000000.0,0.0,35387100000.0,34503725000.0,1811200000.0,12471500000.0,11113100000.0,1358400000.0,25621200000.0,11193400000.0,14427800000.0,67856366578.0,317800000.0,10100000.0,-688500000.0,585100000.0,-3345100000.0,-5154100000.0,-2255000000.0,-632800000.0,7738900000.0,-12000000.0,4534100000.0,4534100000.0,4534100000.0,0.0,0.0,0.205,11308600000.0,5755600000.0,409100000.0,0.738,3.903,14.966,14.951,14670300000.0,0.0,30.8,3.064,3.064,3506700000.0,37041600000.0,22149900000.0,22149900000.0,3821300000.0,0.106,0.26,0.205,0.319,47400000.0,7366100000.0,1.0,2203128785.0,2203128785.0,,10.054,41331300000.0,0.0,2532600000.0,9844600000.0,18.76,7935900000.0
65,MRK,MRT,2005-03-31,2005-03-31,2005-03-31,2021-08-25,-72900000.0,43117100000.0,42604725000.0,15760000000.0,27357100000.0,0.533,7.993,-1746500000.0,2389600000.0,2389600000.0,5088800000.0,5581600000.0,1.446,1.443,7270400000.0,1614800000.0,5655600000.0,7270400000.0,0.0,1482300000.0,0.0,0.047,1.51,7580600000.0,9062900000.0,0.399,9062900000.0,7580600000.0,7580600000.0,2.53,2.52,2.53,17649000000.0,17304025000.0,17649000000.0,75468556317.0,10.0,8.327,6578000000.0,2.979,1.0,17615300000.0,0.776,1717900000.0,0.0,35377300000.0,34487700000.0,1756600000.0,11860400000.0,7048800000.0,4811600000.0,25468100000.0,10902700000.0,14565400000.0,71474656317.0,627500000.0,0.0,-660200000.0,468900000.0,-3329400000.0,-5269900000.0,-2479900000.0,-727800000.0,8324500000.0,52800000.0,5581600000.0,5581600000.0,5581600000.0,0.0,0.0,0.246,11208700000.0,6406600000.0,570700000.0,0.597,4.05,12.805,12.794,14705600000.0,0.0,32.37,3.148,3.148,3798100000.0,37157300000.0,22704100000.0,22704100000.0,3860500000.0,0.131,0.323,0.22,0.334,35400000.0,7232800000.0,1.0,2208052404.0,2208052404.0,,10.282,41399200000.0,0.0,1999000000.0,9275300000.0,18.749,4857300000.0
66,MRK,MRT,2004-12-31,2004-12-31,2004-12-31,2021-08-25,-45900000.0,42572800000.0,42241750000.0,13475200000.0,29097600000.0,0.544,7.796,-1726100000.0,2878800000.0,2878800000.0,4965700000.0,5830100000.0,1.147,1.463,6872700000.0,2181200000.0,4691500000.0,6872700000.0,0.0,1450700000.0,0.0,0.047,1.5,8002800000.0,9453500000.0,0.412,9453500000.0,8002800000.0,8002800000.0,2.63,2.62,2.63,17288200000.0,16959575000.0,17288200000.0,75192869333.0,9.0,7.954,7073000000.0,3.19,1.0,18007100000.0,0.784,1764900000.0,0.0,33057700000.0,34333950000.0,1898700000.0,10938200000.0,4211100000.0,6727100000.0,25284600000.0,11744100000.0,13540500000.0,71273169333.0,1677800000.0,0.0,-734300000.0,115400000.0,-3310700000.0,-5591400000.0,-1638100000.0,94600000.0,8799100000.0,108200000.0,5830100000.0,5830100000.0,5830100000.0,0.0,0.0,0.254,11356500000.0,6650600000.0,421400000.0,0.57,4.123,12.225,12.221,14713700000.0,0.0,32.14,3.103,3.103,3627700000.0,36626300000.0,22972800000.0,22972800000.0,4010200000.0,0.138,0.344,0.233,0.348,25700000.0,7238700000.0,1.0,2217584609.0,2217584609.0,,10.359,40807900000.0,0.0,2172700000.0,9454400000.0,18.402,1731100000.0
67,MRK,MRT,2004-09-30,2004-09-30,2004-09-30,2021-08-25,-7700000.0,42874400000.0,41745425000.0,13860400000.0,29014000000.0,0.547,7.803,-1751200000.0,2666900000.0,2666900000.0,4903300000.0,6107500000.0,1.285,1.477,6586600000.0,2192400000.0,4394200000.0,6586600000.0,0.0,1371900000.0,0.0,0.045,1.49,8355600000.0,9727500000.0,0.426,9727500000.0,8355600000.0,8355600000.0,2.75,2.74,2.75,17311500000.0,16531625000.0,17311500000.0,78222487737.0,9.0,8.041,7787400000.0,3.51,1.0,17914400000.0,0.785,1811400000.0,0.0,34192800000.0,34735400000.0,2213200000.0,11546800000.0,4289900000.0,7256900000.0,25562900000.0,10789900000.0,14773000000.0,73217287737.0,493100000.0,-151000000.0,-944900000.0,-3036900000.0,-3294700000.0,-7531600000.0,-1326600000.0,633800000.0,9538600000.0,60700000.0,6107500000.0,6107500000.0,6107500000.0,0.0,0.0,0.268,10615800000.0,7298600000.0,544500000.0,0.542,4.229,11.988,12.0,14433100000.0,0.0,33.0,3.209,3.209,3908000000.0,36366400000.0,22817700000.0,22817700000.0,3807900000.0,0.146,0.369,0.241,0.366,0.0,6613300000.0,1.0,2218705689.0,2218705689.0,,10.284,41063000000.0,0.0,2248100000.0,9343000000.0,18.508,3070500000.0
68,MRK,MRT,2004-06-30,2004-06-30,2004-06-30,2021-08-25,-49600000.0,41854600000.0,41674075000.0,13288400000.0,28566200000.0,0.553,7.636,-1774900000.0,1599800000.0,1599800000.0,4622500000.0,6640200000.0,1.373,1.467,6605000000.0,1710800000.0,4894200000.0,6605000000.0,0.0,1347800000.0,0.0,0.031,1.48,9140700000.0,10488500000.0,0.455,10488500000.0,9140700000.0,9140700000.0,2.98,2.96,2.98,16967400000.0,16031925000.0,16967400000.0,110664898068.0,12.0,10.551,7851600000.0,3.533,1.0,18419100000.0,0.799,1855200000.0,0.0,35323000000.0,35304100000.0,2520800000.0,11782700000.0,4577300000.0,7205400000.0,24887200000.0,9681600000.0,15205600000.0,105550198068.0,-64900000.0,-148400000.0,-1317400000.0,-3517000000.0,-3279800000.0,-8367000000.0,-2370700000.0,-393800000.0,9626500000.0,50500000.0,6640200000.0,6640200000.0,6640200000.0,6700000.0,0.0,0.288,10183700000.0,8235400000.0,469900000.0,0.497,6.221,15.896,15.94,14299300000.0,0.0,47.5,4.581,4.581,3888600000.0,35883800000.0,23041600000.0,23041600000.0,3665100000.0,0.159,0.414,0.259,0.397,0.0,6324000000.0,1.0,2222109433.0,2222109433.0,,10.369,39999400000.0,0.0,2500500000.0,9315700000.0,18.001,3606800000.0
69,MRK,MRT,2004-03-31,2004-03-31,2004-03-31,2021-08-25,80400000.0,41665200000.0,43712450000.0,12961300000.0,28703900000.0,0.516,7.315,-1817600000.0,1762100000.0,1762100000.0,4447300000.0,6739100000.0,1.281,1.561,6876800000.0,1945100000.0,4931700000.0,6876800000.0,0.0,1336300000.0,0.0,0.033,1.47,9254200000.0,10590500000.0,0.47,10590500000.0,9254200000.0,9254200000.0,3.01,3.0,3.01,16271200000.0,16691875000.0,16271200000.0,103887988654.0,11.0,9.81,6968700000.0,3.133,1.0,18098000000.0,0.803,1903400000.0,0.0,34762300000.0,35755625000.0,2658600000.0,11122800000.0,3549800000.0,7573000000.0,25394000000.0,10114200000.0,15279800000.0,98292988654.0,-454800000.0,-138300000.0,-1578000000.0,-2966800000.0,-3264500000.0,-7952700000.0,-2528200000.0,-516300000.0,8786300000.0,126000000.0,6739100000.0,6739100000.0,6739100000.0,-75800000.0,0.0,0.299,9957800000.0,8140200000.0,519200000.0,0.488,6.041,14.585,14.681,14182200000.0,0.0,44.19,4.36,4.36,4199600000.0,34937600000.0,22545300000.0,22545300000.0,3465500000.0,0.154,0.404,0.259,0.41,0.0,6297700000.0,1.0,2224326514.0,2224326514.0,,10.136,39761800000.0,0.0,2515100000.0,9417200000.0,17.876,2847100000.0
70,MRK,MRT,2003-12-31,2003-12-31,2003-12-31,2021-08-25,65500000.0,40587500000.0,45534525000.0,11527200000.0,29060300000.0,0.494,7.001,-1915900000.0,1201000000.0,1201000000.0,4436900000.0,6830900000.0,1.205,1.606,6796000000.0,1700000000.0,5096000000.0,6796000000.0,0.0,1314200000.0,0.0,0.032,1.46,9292900000.0,10607100000.0,0.472,10607100000.0,9292900000.0,9292900000.0,3.05,3.03,3.05,15576400000.0,17343100000.0,15576400000.0,110293476877.0,12.0,10.398,6789800000.0,3.052,1.0,18049000000.0,0.803,1949400000.0,0.0,34663500000.0,35891400000.0,2554700000.0,10913200000.0,2972000000.0,7941200000.0,25011100000.0,9569600000.0,15441500000.0,102794876877.0,-1042000000.0,-1527800000.0,-1645900000.0,-1783100000.0,-3250400000.0,-6827900000.0,-4263400000.0,-763500000.0,8705700000.0,155700000.0,6830900000.0,6830900000.0,6830900000.0,-241300000.0,0.0,0.304,9674800000.0,8374200000.0,735200000.0,0.479,6.599,15.049,15.148,14169000000.0,0.0,46.2,4.572,4.572,4023600000.0,34142000000.0,22485900000.0,22485900000.0,3279900000.0,0.15,0.394,0.259,0.413,0.0,6200300000.0,1.0,2224997335.0,2224997335.0,,10.106,38638100000.0,0.0,2462000000.0,8969200000.0,17.365,1957600000.0
71,MRK,MRT,2003-09-30,2003-09-30,2003-09-30,2021-08-25,-145400000.0,42589000000.0,47277950000.0,14021200000.0,28567800000.0,0.485,6.84,-2029500000.0,2173800000.0,2173800000.0,4377400000.0,7325500000.0,1.197,1.781,9672400000.0,4273600000.0,5398800000.0,9672400000.0,0.0,1301200000.0,0.0,0.029,1.45,10184500000.0,11485700000.0,0.501,11485700000.0,10184500000.0,10184500000.0,3.26,3.24,3.26,15312700000.0,17999125000.0,15312700000.0,121828302795.0,12.0,10.607,6098200000.0,2.724,1.0,18539100000.0,0.809,1904400000.0,0.0,36467600000.0,35788225000.0,2441400000.0,12038300000.0,4118900000.0,7919400000.0,27276300000.0,11715600000.0,15560700000.0,113329802795.0,677200000.0,-1389500000.0,-1327800000.0,-81100000.0,-3232900000.0,-4705300000.0,-4572800000.0,-1149800000.0,8127700000.0,176600000.0,7325500000.0,7325500000.0,7325500000.0,-317100000.0,0.0,0.32,9318200000.0,9220900000.0,728800000.0,0.445,7.401,15.471,15.528,13924900000.0,0.0,50.62,4.945,4.945,4561800000.0,33583700000.0,22916500000.0,22916500000.0,3212400000.0,0.155,0.407,0.285,0.444,0.0,6105800000.0,1.0,2238834508.0,2238834508.0,,10.236,40684600000.0,0.0,2859000000.0,8838000000.0,18.172,2305600000.0
72,MRK,MRT,2003-06-30,2003-06-30,2003-06-30,2021-08-25,-171400000.0,50008100000.0,48465050000.0,16303000000.0,33705100000.0,0.466,8.744,-1914600000.0,1664700000.0,1664700000.0,4267200000.0,7351200000.0,1.186,1.55,10163200000.0,4769600000.0,5393600000.0,10163200000.0,0.0,1170900000.0,0.0,0.024,1.44,10213400000.0,11384300000.0,0.504,11384300000.0,10213400000.0,10213400000.0,3.27,3.25,3.27,19607200000.0,18554075000.0,19607200000.0,143366853982.0,14.0,12.593,6409000000.0,2.858,1.0,18313400000.0,0.811,7628100000.0,0.0,37129100000.0,35464900000.0,3630400000.0,11301000000.0,4050800000.0,7250200000.0,30400900000.0,13749400000.0,16651500000.0,135772953982.0,345800000.0,-1389500000.0,-1221500000.0,365800000.0,-3217300000.0,-4219700000.0,-4669700000.0,-1355500000.0,8323600000.0,144400000.0,7351200000.0,7351200000.0,7351200000.0,-440500000.0,0.0,0.326,9162600000.0,9150800000.0,2169600000.0,0.44,6.925,18.469,18.517,14569300000.0,0.0,60.55,6.013,6.013,5901600000.0,37398000000.0,22580600000.0,22580600000.0,3112800000.0,0.152,0.396,0.288,0.452,0.0,6049800000.0,1.0,2242327894.0,2242327894.0,,10.07,42380000000.0,0.0,2862200000.0,9913800000.0,18.9,2553600000.0
73,MRK,MRT,2003-03-31,2003-03-31,2003-03-31,2021-08-25,-109000000.0,48953500000.0,47453125000.0,15380900000.0,33572600000.0,0.629,8.41,-2087400000.0,2216900000.0,2216900000.0,11571300000.0,7234900000.0,1.135,1.593,9810800000.0,4434900000.0,5375900000.0,9810800000.0,0.0,1195200000.0,0.0,0.026,1.43,10162100000.0,11357300000.0,0.38,11357300000.0,10162100000.0,10162100000.0,3.21,3.19,3.21,18876100000.0,17846550000.0,18876100000.0,129259797266.0,13.0,11.381,6386000000.0,2.845,1.0,18293600000.0,0.613,7691800000.0,0.0,35305400000.0,34818100000.0,3522600000.0,10274000000.0,2920400000.0,7353600000.0,30077400000.0,13550200000.0,16527200000.0,122953997266.0,-726200000.0,-1389500000.0,-1579600000.0,-206900000.0,-3204200000.0,-5177400000.0,-4813000000.0,-1329800000.0,8473400000.0,141600000.0,7234900000.0,7234900000.0,7234900000.0,-358000000.0,0.0,0.242,8895300000.0,9398300000.0,2375300000.0,0.445,6.514,16.995,17.065,14356200000.0,0.0,54.78,4.117,4.117,5617700000.0,36337300000.0,29864900000.0,29864900000.0,2957600000.0,0.152,0.405,0.292,0.34,0.0,5937700000.0,1.0,2244505244.0,2244505244.0,,13.306,41261700000.0,0.0,2927200000.0,9792700000.0,18.383,1830700000.0
74,MRK,MRT,2002-12-31,2002-12-31,2002-12-31,2021-08-25,-98800000.0,47561200000.0,46583425000.0,14386400000.0,33174800000.0,0.46,8.105,-2128100000.0,2243000000.0,2243000000.0,4004900000.0,7149500000.0,1.163,1.613,8548800000.0,3669800000.0,4879000000.0,8548800000.0,0.0,1231200000.0,0.0,0.025,1.42,10006400000.0,11237600000.0,0.524,11237600000.0,10006400000.0,10006400000.0,3.17,3.14,3.17,18200500000.0,17239025000.0,18200500000.0,135336849559.0,14.0,12.043,6582500000.0,2.931,1.0,17440900000.0,0.813,7241000000.0,0.0,34250800000.0,34094550000.0,2964300000.0,9983300000.0,2728200000.0,7255100000.0,29360700000.0,12375200000.0,16985500000.0,127120949559.0,99000000.0,0.0,-1773000000.0,-394800000.0,-3191600000.0,-5531900000.0,-3768000000.0,-1636200000.0,8710600000.0,113200000.0,7149500000.0,7149500000.0,7149500000.0,-354700000.0,0.0,0.333,8329400000.0,9111500000.0,2413300000.0,0.448,6.984,17.78,17.858,14195600000.0,0.0,56.61,5.928,5.928,5423400000.0,35434900000.0,21445800000.0,21445800000.0,2677200000.0,0.153,0.415,0.293,0.467,0.0,5652200000.0,1.0,2245556431.0,2245556431.0,,9.55,40320200000.0,0.0,2856900000.0,9296300000.0,17.956,2011200000.0
75,MRK,MRT,2002-09-30,2002-09-30,2002-09-30,2021-08-25,185600000.0,47337400000.0,45698425000.0,14023600000.0,33313800000.0,0.36,7.794,-1873500000.0,1496600000.0,1496600000.0,-462800000.0,7120600000.0,1.073,1.7,9712500000.0,4842700000.0,4869800000.0,9712500000.0,0.0,964000000.0,0.0,0.039,1.76,9882100000.0,10846100000.0,0.659,10846100000.0,9882100000.0,9882100000.0,3.15,3.12,3.15,17532500000.0,16701425000.0,17532500000.0,111220948704.0,11.0,10.254,6469100000.0,2.876,1.0,16909100000.0,1.028,7305600000.0,0.0,35174300000.0,33458675000.0,3452100000.0,10858400000.0,2488500000.0,8369900000.0,29804900000.0,13073400000.0,16731500000.0,102828048704.0,-137000000.0,0.0,-1850000000.0,196500000.0,-3181400000.0,-5019500000.0,-4131800000.0,-2307800000.0,8342600000.0,-8900000.0,7120600000.0,7120600000.0,7120600000.0,-345300000.0,0.0,0.433,7936600000.0,8972500000.0,5167400000.0,0.559,5.865,14.441,14.511,13839600000.0,0.0,45.71,6.252,6.252,5524600000.0,34353500000.0,16446300000.0,16446300000.0,2554800000.0,0.156,0.426,0.295,0.601,0.0,5381800000.0,1.0,2249574463.0,2249574463.0,,7.311,40031800000.0,0.0,2761500000.0,9204800000.0,17.795,950200000.0
76,MRK,MRT,2002-06-30,2002-06-30,2002-06-30,2021-08-25,47200000.0,45960400000.0,44790475000.0,13304900000.0,32655500000.0,0.512,7.407,-2083300000.0,1318900000.0,1318900000.0,5646800000.0,7184800000.0,1.069,1.739,9711800000.0,4878000000.0,4833800000.0,9711800000.0,0.0,1136100000.0,0.0,0.035,1.75,10038200000.0,11174300000.0,0.487,11174300000.0,10038200000.0,10038200000.0,3.16,3.13,3.16,16777100000.0,16157475000.0,16777100000.0,121700810434.0,12.0,10.891,6535400000.0,2.885,1.0,17293000000.0,0.754,7367000000.0,0.0,34541900000.0,32454950000.0,3407300000.0,9746700000.0,1790600000.0,7956100000.0,29183300000.0,12444400000.0,16738900000.0,114708310434.0,-789500000.0,0.0,-2732800000.0,254400000.0,-3168000000.0,-5815500000.0,-3976400000.0,-1824100000.0,8618700000.0,63100000.0,7184800000.0,7184800000.0,7184800000.0,-228600000.0,0.0,0.313,7967700000.0,9325300000.0,5045000000.0,0.554,6.837,15.965,16.025,13610000000.0,0.0,50.64,5.0,5.0,5786800000.0,33278900000.0,22939800000.0,22939800000.0,2468200000.0,0.16,0.445,0.309,0.438,0.0,5499500000.0,1.0,2265172007.0,2265172007.0,,10.127,38593400000.0,0.0,2853400000.0,8669700000.0,17.038,860500000.0
77,MRK,MRT,2002-03-31,2002-03-31,2002-03-31,2021-08-25,-54900000.0,45474700000.0,43737500000.0,14024000000.0,31450700000.0,0.504,7.241,-2230800000.0,2943100000.0,2943100000.0,4559000000.0,7249500000.0,1.111,1.765,9935600000.0,5145500000.0,4790100000.0,9935600000.0,0.0,1134400000.0,0.0,0.027,1.54,10130700000.0,11265100000.0,0.512,11265100000.0,10130700000.0,10130700000.0,3.18,3.14,3.18,16446000000.0,15654775000.0,16446000000.0,137490918949.0,14.0,12.205,5909900000.0,2.602,1.0,17464200000.0,0.793,7428600000.0,0.0,32411200000.0,31293200000.0,3116400000.0,8638800000.0,1563000000.0,7075800000.0,29028700000.0,12627400000.0,16401300000.0,130769618949.0,784600000.0,0.0,-3060700000.0,2521200000.0,-3156000000.0,-3851700000.0,-3795800000.0,-1481300000.0,8140700000.0,-29200000.0,7249500000.0,7249500000.0,7249500000.0,-228600000.0,0.0,0.329,8098500000.0,9365700000.0,4908400000.0,0.484,7.951,18.038,18.107,13249700000.0,0.0,57.58,5.938,5.938,5565400000.0,32319700000.0,22023200000.0,22023200000.0,2439400000.0,0.166,0.463,0.324,0.46,0.0,5659100000.0,1.0,2271094459.0,2271094459.0,,9.697,38046100000.0,0.0,2881200000.0,8538700000.0,16.752,1396600000.0
78,MRK,MRT,2001-12-31,2001-12-31,2001-12-31,2021-08-25,10600000.0,44021200000.0,42425400000.0,12961600000.0,31059600000.0,0.5,7.056,-2401800000.0,2144000000.0,2144000000.0,3624800000.0,7281800000.0,1.123,1.743,8865300000.0,4066700000.0,4798600000.0,8865300000.0,0.0,1132500000.0,0.0,0.026,1.53,10176700000.0,11309200000.0,0.533,11309200000.0,10176700000.0,10176700000.0,3.18,3.14,3.18,16050100000.0,15257450000.0,16050100000.0,141573841708.0,14.0,12.518,5941500000.0,2.612,1.0,17574200000.0,0.829,7491000000.0,0.0,31707300000.0,30137550000.0,3579300000.0,8126100000.0,1142600000.0,6983500000.0,27971100000.0,11544200000.0,16426900000.0,133752941708.0,-392800000.0,0.0,-3590200000.0,1943500000.0,-3145000000.0,-5070900000.0,-3896600000.0,-1379400000.0,8343300000.0,-89200000.0,7281800000.0,7281800000.0,7281800000.0,-228600000.0,0.0,0.343,8157000000.0,9417200000.0,1895200000.0,0.481,8.333,18.368,18.491,13103400000.0,0.0,58.8,6.309,6.309,5215400000.0,31489600000.0,21199000000.0,21199000000.0,2456400000.0,0.172,0.477,0.338,0.48,0.0,5700600000.0,1.0,2274709893.0,2274709893.0,,9.319,36530200000.0,0.0,2894900000.0,8364100000.0,16.059,1417400000.0
79,MRK,MRT,2001-09-30,2001-09-30,2001-09-30,2021-08-25,117000000.0,43705600000.0,41458825000.0,13922900000.0,29782700000.0,1.125,6.708,-2818500000.0,1633600000.0,1633600000.0,27904700000.0,7185300000.0,1.088,1.846,9454500000.0,5219900000.0,4234600000.0,9454500000.0,0.0,1398900000.0,0.0,0.018,1.17,10255200000.0,11654100000.0,0.25,11654100000.0,10255200000.0,10255200000.0,3.13,3.08,3.13,15356700000.0,14953025000.0,15356700000.0,159789037267.0,16.0,13.711,5724200000.0,2.5,1.0,18720400000.0,0.402,7573800000.0,0.0,31159400000.0,29013175000.0,3385400000.0,8390200000.0,2215800000.0,6174400000.0,28348900000.0,12793300000.0,15555600000.0,152476637267.0,98500000.0,0.0,-3215200000.0,2810800000.0,-3127700000.0,-3870900000.0,-4533700000.0,-1530500000.0,8542700000.0,-39600000.0,7185300000.0,7185300000.0,7185300000.0,0.0,0.0,0.154,8845500000.0,9874900000.0,4708400000.0,0.374,9.929,21.221,21.278,12655300000.0,0.0,66.6,3.27,3.27,5532500000.0,30424500000.0,46625100000.0,46625100000.0,2402400000.0,0.173,0.481,0.353,0.22,0.0,6443100000.0,1.0,2289438998.0,2289438998.0,,20.365,36131800000.0,0.0,3069900000.0,8446200000.0,15.782,1129600000.0
80,MRK,MRT,2001-06-30,2001-06-30,2001-06-30,2021-08-25,5100000.0,41748500000.0,40034325000.0,13471100000.0,28277400000.0,1.131,6.44,-2964900000.0,2108400000.0,2108400000.0,26809300000.0,7073000000.0,1.125,1.827,9420800000.0,5764900000.0,3655900000.0,9420800000.0,0.0,1353200000.0,0.0,0.018,1.16,10113700000.0,11466900000.0,0.253,11466900000.0,10113700000.0,10113700000.0,3.08,3.02,3.08,14766300000.0,14493850000.0,14766300000.0,151788744629.0,15.0,13.237,4443600000.0,1.938,1.0,18463700000.0,0.408,7190200000.0,0.0,29894900000.0,27900000000.0,3153500000.0,7534900000.0,1851400000.0,5683500000.0,26982200000.0,11975800000.0,15006400000.0,146545944629.0,-697600000.0,0.0,-2284100000.0,2166200000.0,-3016900000.0,-3426600000.0,-4551700000.0,-1540300000.0,7408500000.0,-127800000.0,7073000000.0,7073000000.0,7073000000.0,0.0,0.0,0.156,8791800000.0,9671900000.0,4019600000.0,0.377,9.924,20.719,20.75,12370400000.0,0.0,63.91,3.237,3.237,5249800000.0,29275600000.0,45273000000.0,45273000000.0,2421900000.0,0.177,0.488,0.362,0.223,0.0,6369900000.0,1.0,2293004923.0,2293004923.0,,19.744,34558300000.0,0.0,3040700000.0,7807100000.0,15.071,1495300000.0
81,MRK,MRT,2001-03-31,2001-03-31,2001-03-31,2021-08-25,107000000.0,40226300000.0,38958025000.0,12851700000.0,27374600000.0,1.1,6.45,-2856300000.0,2158500000.0,2158500000.0,24656600000.0,6979300000.0,1.236,1.708,7401300000.0,3778200000.0,3623100000.0,7401300000.0,0.0,1308700000.0,0.0,0.017,1.31,9997500000.0,11306200000.0,0.264,11306200000.0,9997500000.0,9997500000.0,3.03,2.97,3.03,14856700000.0,13982025000.0,14856700000.0,179218980776.0,18.0,15.851,4920300000.0,2.136,1.0,18200400000.0,0.425,7283700000.0,0.0,27788600000.0,26742125000.0,2845600000.0,7159000000.0,1841600000.0,5317400000.0,25369600000.0,10396800000.0,14972800000.0,174835780776.0,-64200000.0,0.0,-1780500000.0,1641900000.0,-2905700000.0,-3316400000.0,-4407500000.0,-1504800000.0,7776600000.0,-116900000.0,6979300000.0,6979300000.0,6979300000.0,0.0,0.0,0.163,8624300000.0,9576100000.0,4162600000.0,0.432,11.768,25.051,25.05,11836000000.0,0.0,75.9,4.08,4.08,5009800000.0,28238100000.0,42857000000.0,42857000000.0,2367500000.0,0.179,0.499,0.374,0.233,0.0,6256800000.0,1.0,2303501723.0,2303501723.0,,18.605,32942600000.0,0.0,3018200000.0,8100600000.0,14.301,2454900000.0
82,MRK,MRT,2000-12-31,2000-12-31,2000-12-31,2021-08-25,30800000.0,40154900000.0,37846050000.0,13597900000.0,26557000000.0,1.067,6.432,-2727800000.0,2536800000.0,2536800000.0,22443500000.0,6821700000.0,1.366,1.707,6920000000.0,3319300000.0,3600700000.0,6920000000.0,0.0,1268400000.0,0.0,0.013,1.26,9824100000.0,11092500000.0,0.275,11092500000.0,9824100000.0,9824100000.0,2.96,2.9,2.96,14832400000.0,13293275000.0,14832400000.0,221000429226.0,22.0,19.923,4959500000.0,2.151,1.0,17919700000.0,0.444,7374200000.0,0.0,27209800000.0,25773600000.0,3021500000.0,6665600000.0,1717800000.0,4947800000.0,25322500000.0,9954100000.0,15368400000.0,215923429226.0,514900000.0,0.0,-2904700000.0,904500000.0,-2798000000.0,-3447400000.0,-3641300000.0,-969600000.0,7687300000.0,-83700000.0,6821700000.0,6821700000.0,6821700000.0,0.0,0.0,0.169,8511500000.0,9408200000.0,4605800000.0,0.426,14.558,31.652,31.632,11482100000.0,0.0,93.63,5.35,5.35,5262400000.0,27363900000.0,40363200000.0,40363200000.0,2343800000.0,0.18,0.513,0.381,0.243,0.0,6167700000.0,1.0,2306135098.0,2306135098.0,,17.503,32780700000.0,0.0,3002400000.0,7991000000.0,14.215,3643800000.0
83,MRK,MRT,2000-09-30,2000-09-30,2000-09-30,2021-08-25,14700000.0,38007600000.0,36716050000.0,11600400000.0,26407200000.0,1.031,5.877,-2731200000.0,1535100000.0,1535100000.0,20516900000.0,6630400000.0,1.301,1.811,6612100000.0,3174500000.0,3437600000.0,6612100000.0,0.0,1243900000.0,0.0,0.016,1.21,9524300000.0,10768200000.0,0.284,10768200000.0,9524300000.0,9524300000.0,2.87,2.8,2.87,13520000000.0,12895575000.0,13520000000.0,175669241553.0,18.0,16.314,3935800000.0,1.711,1.0,17342500000.0,0.458,7458400000.0,0.0,26706700000.0,24789375000.0,3099900000.0,6584200000.0,1300000000.0,5284200000.0,24487600000.0,8919500000.0,15568100000.0,171251841553.0,-568300000.0,0.0,-3917400000.0,1775300000.0,-2694300000.0,-3427000000.0,-3724600000.0,-1045900000.0,6667000000.0,-83700000.0,6630400000.0,6630400000.0,6630400000.0,0.0,0.0,0.175,8240300000.0,9102200000.0,4049000000.0,0.422,12.667,25.828,25.937,10922400000.0,0.0,74.44,4.523,4.523,4571300000.0,26384200000.0,37859400000.0,37859400000.0,2309200000.0,0.181,0.514,0.384,0.252,0.0,5982200000.0,1.0,2300535217.0,2300535217.0,,16.457,30549200000.0,0.0,2893900000.0,8029300000.0,13.279,2680900000.0
84,MRK,MRT,2000-06-30,2000-06-30,2000-06-30,2021-08-25,-6200000.0,37443300000.0,35861025000.0,11840700000.0,25602600000.0,0.99,5.531,-2669300000.0,2806000000.0,2806000000.0,18895400000.0,6334100000.0,1.309,1.944,7223400000.0,3784300000.0,3439100000.0,7223400000.0,0.0,1206400000.0,0.0,0.015,1.16,9117400000.0,10323800000.0,0.291,10323800000.0,9117400000.0,9117400000.0,2.72,2.66,2.72,12719000000.0,12729725000.0,12719000000.0,179780983338.0,20.0,17.414,3867800000.0,1.682,1.0,16592200000.0,0.468,7549100000.0,0.0,25263400000.0,23601575000.0,2927900000.0,6164900000.0,1105700000.0,5059200000.0,24724300000.0,9048200000.0,15676100000.0,176204683338.0,538100000.0,0.0,-4536100000.0,3394300000.0,-2663100000.0,-2370100000.0,-3651500000.0,-1023500000.0,6537100000.0,22600000.0,6334100000.0,6334100000.0,6334100000.0,0.0,0.0,0.178,8018200000.0,8574000000.0,3923700000.0,0.426,13.854,27.818,28.173,10406400000.0,0.0,76.63,4.965,4.965,3863200000.0,25330200000.0,35487600000.0,35487600000.0,2215400000.0,0.177,0.498,0.386,0.257,0.0,5802800000.0,1.0,2299421680.0,2299421680.0,,15.433,29894200000.0,0.0,2783300000.0,7899600000.0,13.001,2792500000.0
85,MRK,MRT,2000-03-31,2000-03-31,2000-03-31,2021-08-25,12900000.0,35778400000.0,34802725000.0,11084400000.0,24694000000.0,0.978,5.224,-2588800000.0,2222700000.0,2222700000.0,18213500000.0,6090500000.0,1.388,1.956,5799000000.0,2355600000.0,3443400000.0,5799000000.0,0.0,1179800000.0,0.0,0.018,1.14,8970700000.0,10150500000.0,0.298,10150500000.0,8970700000.0,8970700000.0,2.61,2.54,2.61,12101700000.0,12793700000.0,12101700000.0,147909768031.0,16.0,14.572,3658200000.0,1.579,1.0,15815200000.0,0.465,7451500000.0,0.0,23914500000.0,22404700000.0,2977500000.0,5854800000.0,1070000000.0,4784800000.0,23676700000.0,7988700000.0,15688000000.0,143928768031.0,430100000.0,0.0,-5040500000.0,1890400000.0,-2629300000.0,-4465000000.0,-1367900000.0,-500900000.0,6247000000.0,16000000.0,6090500000.0,6090500000.0,6090500000.0,0.0,0.0,0.179,7613000000.0,8202200000.0,3941900000.0,0.437,11.893,23.632,23.805,9946600000.0,0.0,62.13,4.23,4.23,3691700000.0,24275700000.0,34028700000.0,34028700000.0,2150100000.0,0.175,0.476,0.4,0.264,0.0,5462900000.0,1.0,2316574409.0,2316574409.0,,14.689,28326900000.0,0.0,2880200000.0,8266400000.0,12.228,3095700000.0
86,MRK,MRT,1999-12-31,1999-12-31,1999-12-31,2021-08-25,8100000.0,35634900000.0,33930400000.0,11259200000.0,24375700000.0,0.964,5.665,-2560500000.0,2021900000.0,2021900000.0,17534200000.0,5890500000.0,1.285,1.691,6002900000.0,2859000000.0,3143900000.0,6002900000.0,0.0,1144800000.0,0.0,0.017,1.12,8619500000.0,9764300000.0,0.298,9764300000.0,8619500000.0,8619500000.0,2.51,2.45,2.51,13241600000.0,13103925000.0,13241600000.0,159762432624.0,19.0,16.362,3570200000.0,1.527,1.0,15179800000.0,0.464,7584200000.0,0.0,23272900000.0,21512675000.0,2846900000.0,5942000000.0,1180500000.0,4761500000.0,22393300000.0,8758800000.0,13634500000.0,157051432624.0,-584300000.0,0.0,-3259200000.0,2132000000.0,-2589700000.0,-3869400000.0,-2817000000.0,-1902500000.0,6130700000.0,-28600000.0,5890500000.0,5890500000.0,5890500000.0,0.0,0.0,0.18,7268200000.0,7911600000.0,4158700000.0,0.446,11.86,26.662,26.769,9676700000.0,0.0,67.19,4.801,4.801,4089000000.0,23447900000.0,32714000000.0,32714000000.0,2068300000.0,0.174,0.45,0.401,0.263,0.0,5199900000.0,1.0,2337422721.0,2337422721.0,,13.996,28050700000.0,0.0,2729000000.0,8094200000.0,12.001,2500400000.0
87,MRK,MRT,1999-09-30,1999-09-30,1999-09-30,2021-08-25,9800000.0,34587500000.0,32985025000.0,11014900000.0,23572600000.0,0.948,5.481,-2415500000.0,2103400000.0,2103400000.0,16652600000.0,5718000000.0,1.436,1.69,4814400000.0,1600800000.0,3213600000.0,4814400000.0,0.0,1114600000.0,0.0,0.017,1.1,8364600000.0,9479200000.0,0.303,9479200000.0,8364600000.0,8364600000.0,2.43,2.37,2.43,12856600000.0,12993975000.0,12856600000.0,153570635908.0,18.0,16.201,3638700000.0,1.551,1.0,14628700000.0,0.468,7673100000.0,0.0,21955500000.0,20378500000.0,2746700000.0,6256300000.0,1676500000.0,4579800000.0,21730900000.0,7669900000.0,14061000000.0,152013335908.0,-325900000.0,0.0,-2970200000.0,1229200000.0,-2551400000.0,-4549500000.0,-1893700000.0,-1153500000.0,6054200000.0,63100000.0,5718000000.0,5718000000.0,5718000000.0,0.0,0.0,0.183,7014400000.0,7614300000.0,3765300000.0,0.453,11.824,26.585,26.671,9038000000.0,0.0,64.81,4.86,4.86,3498200000.0,22551600000.0,31281300000.0,31281300000.0,1981700000.0,0.173,0.44,0.41,0.267,0.0,4981600000.0,1.0,2345522850.0,2345522850.0,,13.337,26914400000.0,0.0,2646600000.0,8606400000.0,11.475,3345000000.0
88,MRK,MRT,1999-06-30,1999-06-30,1999-06-30,2021-08-25,-23600000.0,33210100000.0,32127400000.0,10427100000.0,22783000000.0,0.931,5.497,-2289900000.0,2267900000.0,2267900000.0,15830800000.0,5545400000.0,1.593,1.56,3825200000.0,612400000.0,3212800000.0,3825200000.0,0.0,1119600000.0,0.0,0.015,1.08,8845200000.0,9964800000.0,0.333,9964800000.0,8845200000.0,8845200000.0,2.35,2.29,2.35,12974900000.0,12920025000.0,12974900000.0,175862890820.0,20.0,17.648,3700000000.0,1.567,1.0,14093100000.0,0.471,7746900000.0,0.0,20475900000.0,19426425000.0,2566300000.0,5639900000.0,1273400000.0,4366500000.0,20235200000.0,6544600000.0,13690600000.0,173807390820.0,843000000.0,2586200000.0,-3887300000.0,942400000.0,-2452700000.0,-5627700000.0,442200000.0,-1980300000.0,5989900000.0,38600000.0,5545400000.0,5545400000.0,5545400000.0,0.0,0.0,0.185,7751700000.0,6341400000.0,3632700000.0,0.46,13.396,31.343,31.332,8525000000.0,0.0,73.63,5.808,5.808,3380100000.0,21690300000.0,29923900000.0,29923900000.0,1916100000.0,0.173,0.429,0.455,0.296,0.0,4796100000.0,1.0,2360551281.0,2360551281.0,,12.677,25463200000.0,0.0,3299800000.0,8428000000.0,10.787,3882500000.0
89,MRK,MRT,1999-03-31,1999-03-31,1999-03-31,2021-08-25,-20000000.0,32289100000.0,30698375000.0,9615200000.0,22673900000.0,0.924,5.646,-2134000000.0,1792600000.0,1792600000.0,14844000000.0,5383400000.0,1.656,1.42,3848100000.0,630500000.0,3217600000.0,3848100000.0,0.0,1062900000.0,0.0,0.013,1.035,8340700000.0,9403600000.0,0.331,9403600000.0,8340700000.0,8340700000.0,2.27,2.22,2.27,13342600000.0,13092200000.0,13342600000.0,190584936371.0,23.0,20.267,3637100000.0,1.539,1.0,13532100000.0,0.477,8193300000.0,0.0,20346400000.0,18382350000.0,2485800000.0,5668900000.0,1303700000.0,4365200000.0,18946500000.0,5804900000.0,13141600000.0,189346136371.0,196000000.0,2586200000.0,-3168100000.0,1336400000.0,-2353000000.0,-4314500000.0,-1283400000.0,-2178200000.0,5771100000.0,22800000.0,5383400000.0,5383400000.0,5383400000.0,0.0,0.0,0.19,7584400000.0,5947700000.0,3395400000.0,0.456,14.191,35.172,35.3,8121200000.0,0.0,80.13,6.673,6.673,3132500000.0,20848200000.0,28376100000.0,28376100000.0,1874400000.0,0.175,0.411,0.454,0.294,0.0,4670500000.0,1.0,2362986851.0,2362986851.0,,12.009,24095800000.0,0.0,2957300000.0,7338400000.0,10.197,3810300000.0
90,MRK,MRT,1998-12-31,1998-12-31,1998-12-31,2021-08-25,-21300000.0,31853400000.0,29226075000.0,10228500000.0,21624900000.0,0.92,5.374,-1973400000.0,2606200000.0,2606200000.0,13925400000.0,5248200000.0,1.685,1.488,3845000000.0,624200000.0,3220800000.0,3845000000.0,0.0,1015100000.0,0.0,0.013,0.99,8133100000.0,9148200000.0,0.34,9148200000.0,8133100000.0,8133100000.0,2.21,2.15,2.21,12801800000.0,13043125000.0,12801800000.0,176846354002.0,22.0,19.331,3354900000.0,1.408,1.0,12972800000.0,0.482,8287200000.0,0.0,18736200000.0,17222025000.0,2623900000.0,4357200000.0,749500000.0,3607700000.0,19051600000.0,6068800000.0,12982800000.0,175681754002.0,1481100000.0,2586200000.0,-3135400000.0,1581700000.0,-2253100000.0,-3920900000.0,-11400000.0,-1056500000.0,5328300000.0,85100000.0,5248200000.0,5248200000.0,5248200000.0,0.0,0.0,0.195,7372000000.0,5600800000.0,3682100000.0,0.448,13.723,33.475,33.371,7843800000.0,0.0,73.75,6.531,6.531,3374100000.0,20186700000.0,26898200000.0,26898200000.0,1821100000.0,0.18,0.402,0.472,0.302,0.0,4511400000.0,1.0,2382125478.0,2382125478.0,,11.292,23566200000.0,0.0,2884900000.0,7182100000.0,9.893,4159700000.0
91,MRK,MRT,1998-09-30,1998-09-30,1998-09-30,2021-08-25,30800000.0,31157000000.0,27696700000.0,10332900000.0,20824100000.0,0.924,5.274,-1756800000.0,2429300000.0,2429300000.0,13231800000.0,5089700000.0,1.783,1.48,3593900000.0,868000000.0,2725900000.0,3593900000.0,0.0,970800000.0,0.0,0.015,0.945,7848300000.0,8819100000.0,0.345,8819100000.0,7848300000.0,7848300000.0,2.135,2.08,2.135,12560800000.0,12991325000.0,12560800000.0,155812916346.0,20.0,17.668,4263600000.0,1.79,1.0,12367800000.0,0.483,8377600000.0,0.0,18147200000.0,16165650000.0,2366500000.0,4861800000.0,1585200000.0,3276600000.0,18596200000.0,5796800000.0,12799400000.0,154343016346.0,1147500000.0,2586200000.0,-3403800000.0,1286900000.0,-2155200000.0,-4339700000.0,-504500000.0,-1650900000.0,6020400000.0,-28700000.0,5089700000.0,5089700000.0,5089700000.0,0.0,0.0,0.199,7100400000.0,5267400000.0,3339400000.0,0.443,12.288,30.325,30.351,7324000000.0,0.0,64.8,6.029,6.029,3086200000.0,19423400000.0,25599600000.0,25599600000.0,1773800000.0,0.184,0.392,0.485,0.307,0.0,4287100000.0,1.0,2381836672.0,2381836672.0,,10.748,22779400000.0,0.0,2758600000.0,7381400000.0,9.564,4536100000.0
92,MRK,MRT,1998-06-30,1998-06-30,1998-06-30,2021-08-25,26500000.0,27494000000.0,,8897400000.0,18596600000.0,,5.716,-1647800000.0,1424900000.0,1424900000.0,12678700000.0,4919900000.0,1.483,1.012,2894800000.0,1550700000.0,1344100000.0,2894800000.0,0.0,1309800000.0,0.0,0.013,0.9,6827900000.0,8137700000.0,0.33,8137700000.0,6827900000.0,6827900000.0,2.06,2.005,2.06,13663600000.0,,13663600000.0,160831899291.0,24.0,19.764,4539600000.0,1.899,1.0,12010300000.0,0.486,6664200000.0,0.0,16299600000.0,,2328600000.0,4188900000.0,1368700000.0,2820200000.0,13830400000.0,6000100000.0,7830300000.0,159925699291.0,-162100000.0,910000000.0,-2184500000.0,646600000.0,-2124800000.0,-4790400000.0,-1480100000.0,-570100000.0,6187400000.0,-79000000.0,4919900000.0,4919900000.0,4919900000.0,0.0,0.0,0.199,5996400000.0,6013900000.0,3339500000.0,0.437,11.705,32.506,32.476,7026800000.0,0.0,66.9,6.478,6.478,2873700000.0,18696400000.0,24689000000.0,24689000000.0,1748100000.0,,,,0.277,0.0,4248300000.0,1.0,2390518674.0,2390518674.0,,10.328,20829800000.0,0.0,1908000000.0,5872900000.0,8.714,2897300000.0
93,MRK,MRT,1998-03-31,1998-03-31,1998-03-31,2021-08-25,29600000.0,26399900000.0,,8386700000.0,18013200000.0,,5.496,-1502600000.0,1596600000.0,1596600000.0,12239600000.0,4758200000.0,1.719,1.008,2502800000.0,658200000.0,1844600000.0,2502800000.0,0.0,1074200000.0,0.0,0.014,0.885,6634100000.0,7708300000.0,0.319,7708300000.0,6634100000.0,6634100000.0,1.99,1.93,1.99,13146300000.0,,13146300000.0,154449211229.0,23.0,20.037,4845800000.0,2.026,1.0,11888200000.0,0.493,6722500000.0,0.0,15705100000.0,,2078800000.0,4031800000.0,1212800000.0,2819000000.0,13253600000.0,4878500000.0,8375100000.0,153325311229.0,-140000000.0,910000000.0,-2243100000.0,776500000.0,-2094700000.0,-4647000000.0,-1829400000.0,-1084100000.0,6348400000.0,-12000000.0,4758200000.0,4758200000.0,4758200000.0,0.0,0.0,0.197,5937200000.0,5951000000.0,2979900000.0,0.445,11.663,32.223,32.211,6744400000.0,0.0,64.1,6.355,6.355,2574300000.0,17917600000.0,24127800000.0,24127800000.0,1703500000.0,,,,0.275,0.0,4233700000.0,1.0,2391970534.0,2391970534.0,,10.087,19677400000.0,0.0,1875900000.0,6007500000.0,8.226,3508200000.0
94,MRK,MRT,1997-12-31,1997-12-31,1997-12-31,2021-08-25,9000000.0,25735900000.0,25014500000.0,8213000000.0,17522900000.0,0.945,5.265,-1448800000.0,1125100000.0,1125100000.0,11790300000.0,4614100000.0,1.475,1.043,2249000000.0,902500000.0,1346500000.0,2249000000.0,0.0,837100000.0,0.0,0.016,0.87,6462300000.0,7299400000.0,0.309,7299400000.0,6462300000.0,6462300000.0,1.92,1.87,1.92,12594600000.0,12282550000.0,12594600000.0,,,,4867800000.0,2.035,1.0,11846600000.0,0.501,6780500000.0,0.0,14510700000.0,13823800000.0,2145100000.0,3717600000.0,1184200000.0,2533400000.0,13141300000.0,5568600000.0,7572700000.0,126774438302.0,-227300000.0,910000000.0,-2159500000.0,494400000.0,-2039900000.0,-4858900000.0,-1602700000.0,-911300000.0,6316600000.0,-82300000.0,4614100000.0,4614100000.0,4614100000.0,0.0,0.0,0.195,5982900000.0,5863700000.0,3268900000.0,0.453,10.066,27.475,27.604,6609400000.0,0.0,53.0,5.363,5.363,2876700000.0,17291500000.0,23636900000.0,23636900000.0,1683700000.0,0.184,0.376,0.467,0.273,0.0,4299200000.0,1.0,2391970534.0,2391970534.0,,9.882,18955400000.0,0.0,1848200000.0,5919700000.0,7.925,2644400000.0
95,MRK,MRT,1997-09-30,1997-09-30,1997-09-30,2021-08-25,,,,,,,,,,,,,,,,,,,,,,0.017,0.845,,,,,,,,,,,,,,,,,,1.0,,,,,,,,,,,,,,,,,,,,,,,,,,,,,,,,,,,,,,,,50.0,,,,,,,,,,,,,,1.0,,,,,,,,,,
96,MRK,MRT,1997-06-30,1997-06-30,1997-06-30,2021-08-25,,,,,,,,,,,,,,,,,,,,,,0.016,0.82,,,,,,,,,,,,,,,,,,1.0,,,,,,,,,,,,,,,,,,,,,,,,,,,,,,,,,,,,,,,,51.2,,,,,,,,,,,,,,1.0,,,,,,,,,,
97,MRK,MRT,1997-03-31,1997-03-31,1997-03-31,2021-08-25,,,,,,,,,,,,,,,,,,,,,,0.019,0.78,,,,,,,,,,,,,,,,,,1.0,,,,,,,,,,,,,,,,,,,,,,,,,,,,,,,,,,,,,,,,42.125,,,,,,,,,,,,,,1.0,,,,,,,,,,
98,MRK,MRT,1996-12-31,1996-12-31,1996-12-31,2021-08-25,0.0,24293100000.0,,7726600000.0,16566500000.0,,,-1196700000.0,1352400000.0,1352400000.0,9319200000.0,3881300000.0,1.6,1.029,1762000000.0,606100000.0,1155900000.0,1762000000.0,0.0,730900000.0,0.0,0.019,0.74,5540800000.0,6271700000.0,0.316,6271700000.0,5540800000.0,5540800000.0,1.6,1.56,1.6,11970500000.0,,11970500000.0,,,,4231000000.0,,1.0,10509500000.0,0.53,6736600000.0,0.0,13136900000.0,,2148800000.0,3328600000.0,829200000.0,2499400000.0,12322600000.0,4829200000.0,7493400000.0,,-495000000.0,0.0,-2051100000.0,-21300000.0,-1728900000.0,-3837300000.0,-1979300000.0,-639900000.0,5427700000.0,-106100000.0,3881300000.0,3881300000.0,3881300000.0,0.0,0.0,0.196,5328600000.0,5180900000.0,2937800000.0,0.463,,,24.881,5926700000.0,0.0,39.81,,,2655900000.0,14817700000.0,19828700000.0,19828700000.0,1487300000.0,,,,0.279,0.0,3841300000.0,1.0,,,,,17556500000.0,0.0,1659500000.0,4829900000.0,,2897400000.0
99,MRK,MRT,1995-12-31,1995-12-31,1995-12-31,2021-08-25,,,,,,,,-1005500000.0,,,7456300000.0,3335200000.0,,,,,,,,667200000.0,,0.02,0.64,4797200000.0,5464400000.0,0.328,5464400000.0,4797200000.0,4797200000.0,1.35,1.32,1.35,,,,,,,1938700000.0,,1.0,9224800000.0,0.553,,0.0,,,,,,,,,,,243400000.0,1321100000.0,-1306900000.0,481800000.0,-1539800000.0,-1401400000.0,-1322300000.0,-1342200000.0,2944200000.0,22900000.0,3335200000.0,3335200000.0,3335200000.0,0.0,0.0,0.2,4629200000.0,4595600000.0,,0.474,,,24.307,,0.0,32.815,,,,,16681100000.0,16681100000.0,1331400000.0,,,,0.288,0.0,3297800000.0,1.0,,,,,,,1462000000.0,,,
